{"host":"6to8m083wj0ro91z","time":1613652306,"event":{"mods":["BaseMod","Better Third Choice","BetterRewards","CatGirl Mod","ChefMod","Friendly Minions","Hubris","Mad Scientist","Marisa????????","Minty Spire (QoL Compilation)","Onozuka Komachi Mod","QueenMod","Robot Space Explorer","Shade Mod","Shapeshifter Mod","Spicy Shops","StSLib","The Blackbeard","The Death Knight","The Elementalist","The Forsaken","The Gatherer","The Marked","The Mystic","The Necromancer","The Runesmith","The Servant 0.9.4","The Showman","The Vixen","Yohane!"],"gold_per_floor":[118,138,13,33,52,52,80,80,80,93,104,104,104,136,136,239,239,254,269,269,269,279,332,332,358,406,436,448,460,504,516,528,648,660,690,725,737,749,791,863,912,964,976,988,1020,738,766,766,766,766,766,766,274,308,283,283],"floor_reached":55,"language":"ENG","playtime":2870,"items_purged":["Komachi:Strike","Komachi:Strike","Komachi:Strike","Komachi:Strike+1"],"score":899,"play_id":"5cfbf21b-764a-4bc0-802f-bb19dec1c26c","local_time":"20210218134506","is_ascension_mode":false,"campfire_choices":[{"data":"Komachi:ReaperScythe","floor":6.0,"key":"SMITH"},{"floor":8.0,"key":"REST"},{"data":"Komachi:FloatingSpirit","floor":13.0,"key":"SMITH"},{"data":"Komachi:RiverMist","floor":15.0,"key":"SMITH"},{"data":"Komachi:HellVision","floor":24,"key":"SMITH"},{"data":"Komachi:FearAura","floor":29,"key":"SMITH"},{"data":"Komachi:Bound","floor":32,"key":"SMITH"},{"floor":44,"key":"RECALL"},{"data":"Komachi:FearAura","floor":49,"key":"SMITH"},{"data":"Komachi:SinnerSpirit","floor":52,"key":"SMITH"}],"circlet_count":0,"master_deck":["Komachi:Defend+1","Komachi:Defend+1","Komachi:ReaperScythe+1","Komachi:EndlessWay+1","Komachi:RiverMist+1","Komachi:HumanSpirit","Komachi:FloatingSpirit+1","Komachi:ChildSpirit+1","Komachi:FearAura+1","Komachi:Fare+1","Komachi:HellVision+1","Komachi:HumanSpirit+1","Komachi:DestroyHope+1","Komachi:Remorse+1","Komachi:SinnerSpirit+1","Komachi:DeathVision","Komachi:FearAura+1","Komachi:FlowRiver+1","hubris:DuctTapeCard","Komachi:EaseRest+1"],"relics":["Komachi:Relic:FerryingBoat","Letter Opener","Molten Egg 2","Shuriken","FossilizedHelix","Mercury Hourglass","hubris:ScarierMask","FaceOfCleric","Eternal Feather","MawBank","Pantograph","hubris:Backtick","Membership Card","hubris:Towel","Ice Cream","Pear","hubris:PeanutButter","Kunai","Lantern","Sling","hubris:DuctTape","hubris:Metronome","hubris:SlimyHat","hubris:ToyBattleship"],"acts_visited":["Exordium","TheCity","TheBeyond","TheEnding"],"potions_floor_usage":[23,23,41,42,45,47,55,55,55,55,55,55],"damage_taken":[{"damage":11.0,"enemies":"Cultist","floor":1.0,"turns":4.0},{"damage":0.0,"enemies":"2 Louse","floor":2.0,"turns":3.0},{"damage":0.0,"enemies":"Jaw Worm","floor":4.0,"turns":2.0},{"damage":2.0,"enemies":"Looter","floor":5.0,"turns":3.0},{"damage":26.0,"enemies":"3 Sentries","floor":7.0,"turns":12.0},{"damage":0.0,"enemies":"3 Louse","floor":10.0,"turns":4.0},{"damage":2.0,"enemies":"Gremlin Gang","floor":11.0,"turns":7.0},{"damage":0.0,"enemies":"Lagavulin","floor":14.0,"turns":5.0},{"damage":0.0,"enemies":"Hexaghost","floor":16.0,"turns":9.0},{"damage":0,"enemies":"Spheric Guardian","floor":18,"turns":5},{"damage":0,"enemies":"Chosen","floor":19,"turns":4},{"damage":0,"enemies":"3 Cultists","floor":22,"turns":5},{"damage":31,"enemies":"Gremlin Leader","floor":23,"turns":8},{"damage":2,"enemies":"Centurion and Healer","floor":25,"turns":4},{"damage":22,"enemies":"Snake Plant","floor":27,"turns":5},{"damage":0,"enemies":"Slavers","floor":30,"turns":5},{"damage":56,"enemies":"hubris:MusketHawk","floor":33,"turns":10},{"damage":11,"enemies":"Orb Walker","floor":35,"turns":5},{"damage":13,"enemies":"3 Darklings","floor":36,"turns":4},{"damage":0,"enemies":"Jaw Worm Horde","floor":39,"turns":3},{"damage":4,"enemies":"2 Orb Walkers","floor":40,"turns":3},{"damage":0,"enemies":"4 Shapes","floor":41,"turns":4},{"damage":21,"enemies":"Reptomancer","floor":42,"turns":7},{"damage":0,"enemies":"Spire Growth","floor":45,"turns":5},{"damage":9,"enemies":"Jaw Worm Horde","floor":47,"turns":4},{"damage":52,"enemies":"Awakened One","floor":50,"turns":15},{"damage":0,"enemies":"Shield and Spear","floor":54,"turns":3},{"damage":124,"enemies":"The Heart","floor":55,"turns":9}],"seed_played":"-223411568801721814","potions_obtained":[{"floor":2.0,"key":"ColorlessPotion"},{"floor":7.0,"key":"Dexterity Potion"},{"floor":11.0,"key":"SmokeBomb"},{"floor":14.0,"key":"Block Potion"},{"floor":22,"key":"AttackPotion"},{"floor":23,"key":"LiquidMemories"},{"floor":30,"key":"GamblersBrew"},{"floor":35,"key":"Ancient Potion"},{"floor":39,"key":"DistilledChaos"},{"floor":42,"key":"PowerPotion"},{"floor":47,"key":"ColorlessPotion"}],"is_trial":false,"path_per_floor":["M","M","$","M","M","R","E","R","T","M","M","?","R","E","R","B",null,"M","M","$","?","M","E","R","M","T","M","$","R","E","?","R","B",null,"M","M","?","?","M","?","M","E","T","R","M","$","M","?","R","B",null,"R","$","E","B"],"character_chosen":"KOMACHI_CLASS","items_purchased":["Letter Opener","Molten Egg 2","Shuriken","Block Potion","Fruit Juice","Kunai","EntropicBrew","Lantern","Sling","hubris:DuctTape","Weak Potion","hubris:Metronome","hubris:SlimyHat"],"campfire_rested":1,"item_purchase_floors":[0,0,0,0,46,46,46,53,53,53,53,53,53],"current_hp_per_floor":[29,29,29,29,27,27,1,23,23,23,21,21,21,21,21,21,75,75,75,75,75,76,54,63,70,70,57,57,66,67,67,76,33,81,71,65,41,41,58,71,80,76,76,88,89,89,86,86,98,65,105,105,105,106,0,0],"gold":283,"neow_bonus":"","is_daily":false,"chose_seed":false,"campfire_upgraded":8,"win_rate":0.0,"timestamp":1613652306,"path_taken":["M","M","?","M","?","R","E","R","T","M","M","?","R","E","R","BOSS","M","M","$","?","M","E","R","M","T","?","$","R","E","?","R","BOSS","M","M","?","?","M","?","M","E","T","R","M","$","M","?","R","BOSS","R","$","E","BOSS"],"items_purchased_type":["Relic","Relic","Relic","Potion","Potion","Relic","Potion","Relic","Relic","Relic","Potion","Relic","Relic"],"build_version":"2020-12-22","purchased_purges":4,"victory":false,"max_hp_per_floor":[75,75,75,75,75,75,75,75,75,75,75,75,75,75,75,75,75,75,75,75,75,76,77,77,78,78,79,79,79,80,80,80,81,81,82,83,83,83,84,85,86,97,97,97,98,98,104,104,104,105,105,105,105,106,106,106],"card_choices":[{"not_picked":["Komachi:Drowning+1","Komachi:SinnerSpirit"],"picked":"Komachi:EndlessWay+1","floor":1.0},{"not_picked":["Komachi:EarthSpirit","Komachi:LonelySpirit","Komachi:WideSwing+1"],"picked":"SKIP","floor":2.0},{"not_picked":["Komachi:SinnerSpirit","Komachi:BoatSanzu+1"],"picked":"Komachi:RiverMist","floor":4.0},{"not_picked":["Komachi:VengefulSpirit+1","Komachi:EaseRest"],"picked":"Komachi:HumanSpirit","floor":5.0},{"not_picked":["Komachi:GreedySpirit","Komachi:LonelySpirit","Komachi:ChangeRoute"],"picked":"SKIP","floor":7.0},{"not_picked":["Komachi:GhostlyBarrier","Komachi:YesterdayMoney+1"],"picked":"Komachi:FloatingSpirit","floor":10.0},{"not_picked":["Komachi:HumanSpirit","Komachi:Shortcut","Komachi:UnseenSpirit"],"picked":"SKIP","floor":11.0},{"not_picked":["Komachi:Fare","Komachi:PremonitiveStrike+1","Komachi:SpiritualEnergy"],"picked":"SKIP","floor":14.0},{"not_picked":["Komachi:LifeSwap","Komachi:FinalJudgment+1"],"picked":"Komachi:ChildSpirit","floor":16.0},{"not_picked":["Komachi:EaseRest","Komachi:DoubleCut+1"],"picked":"Komachi:FearAura","floor":18},{"not_picked":["Komachi:BoatSanzu+1","Komachi:SpiritualEnergy","Komachi:CollectTip+1"],"picked":"SKIP","floor":19},{"not_picked":["Komachi:YesterdayMoney+1","Komachi:SpiritualEnergy+1"],"picked":"Komachi:Fare+1","floor":22},{"not_picked":["Komachi:DoubleCut+1","Komachi:UnseenSpirit+1"],"picked":"Komachi:HellVision","floor":23},{"not_picked":["Komachi:DoubleCut+1","Komachi:EtherealCut+1"],"picked":"Komachi:HumanSpirit","floor":25},{"not_picked":["Komachi:EtherealSwipe+1","Komachi:Offerings","Komachi:Exorcism+1"],"picked":"SKIP","floor":27},{"not_picked":["Komachi:EaseRest","Komachi:HumanSpirit+1","Komachi:RiverMist+1"],"picked":"SKIP","floor":30},{"not_picked":["Komachi:HiganRetour","Komachi:ChildSpirit"],"picked":"Komachi:DestroyHope","floor":33},{"not_picked":["Komachi:WideSwing+1","Komachi:EtherealCut+1"],"picked":"Komachi:Remorse+1","floor":35},{"not_picked":["Komachi:FloatingSpirit","Komachi:FellowTraveler+1","Komachi:Offerings"],"picked":"SKIP","floor":36},{"not_picked":["Komachi:WideSwing+1","Komachi:HungrySpirit+1"],"picked":"Komachi:SinnerSpirit","floor":39},{"not_picked":["Komachi:ChildSpirit","Komachi:LonelySpirit+1"],"picked":"Komachi:DeathVision","floor":41},{"not_picked":["Komachi:RiverMist","Komachi:Shortcut+1","Komachi:GhostlySlice+1"],"picked":"SKIP","floor":42},{"not_picked":["Komachi:TrueMeditation+1","Komachi:YesterdayMoney+1"],"picked":"Komachi:FearAura","floor":45},{"not_picked":["Komachi:SinnerSpirit","Komachi:EaseRest+1"],"picked":"Komachi:FlowRiver+1","floor":47},{"not_picked":["Komachi:Modesty","Komachi:HungrySpirit+1"],"picked":"Komachi:EaseRest+1","floor":54}],"player_experience":1159252,"relics_obtained":[{"floor":7.0,"key":"FossilizedHelix"},{"floor":14.0,"key":"Mercury Hourglass"},{"floor":23,"key":"Eternal Feather"},{"floor":26,"key":"MawBank"},{"floor":30,"key":"Pantograph"},{"floor":40,"key":"Ice Cream"},{"floor":42,"key":"Pear"},{"floor":43,"key":"hubris:PeanutButter"},{"floor":54,"key":"hubris:ToyBattleship"}],"event_choices":[{"damage_healed":0.0,"max_hp_gain":0.0,"max_hp_loss":0.0,"gold_gain":0.0,"event_name":"betterThird:BetterSerpent","player_choice":"Ignored","floor":12.0,"gold_loss":0.0,"damage_taken":104.0},{"damage_healed":0,"gold_gain":0,"player_choice":"Trade","damage_taken":0,"relics_obtained":["FaceOfCleric"],"max_hp_gain":0,"max_hp_loss":0,"event_name":"FaceTrader","floor":21,"gold_loss":0},{"damage_healed":0,"gold_gain":0,"player_choice":"Simplicity","damage_taken":0,"max_hp_gain":0,"max_hp_loss":5,"event_name":"betterThird:BetterWriting","floor":31,"gold_loss":0},{"damage_healed":0,"gold_gain":0,"player_choice":"Fight","damage_taken":0,"max_hp_gain":0,"max_hp_loss":0,"event_name":"Mysterious Sphere","floor":40,"gold_loss":0},{"cards_removed":["Komachi:Defend"],"damage_healed":0,"gold_gain":0,"player_choice":"Removed Skill","damage_taken":0,"max_hp_gain":0,"max_hp_loss":0,"event_name":"Falling","floor":48,"gold_loss":0}],"is_beta":false,"boss_relics":[{"not_picked":["hubris:BlackHole","theForsaken:PaleLantern"],"picked":"hubris:ScarierMask"},{"not_picked":["hubris:HollowSoul","Empty Cage"],"picked":"hubris:Backtick"}],"items_purged_floors":[0,0,3,46],"is_endless":false,"potions_floor_spawned":[2,7,11,14,22,23,30,35,39,42,47,54],"killed_by":"The Heart","ascension_level":0}}