{"host":"fogez99mhgto9ydu","time":1613626100,"event":{"mods":["AchievementEnabler","BaseMod","Colored Map","Colored Powertips","Minty Spire (QoL Compilation)","SuperFastMode"],"gold_per_floor":[118,118,43,218,218,233,233,256,256,295,295,333,83,102,102,223,223,238,90,103,117,117,157,175,175,200,219,239,13,30,30,30],"floor_reached":31,"language":"ENG","playtime":774,"items_purged":["Defend_B","Doubt"],"score":267,"play_id":"e0c181a3-ee83-439c-bae6-12eea70ecf69","local_time":"20210218062820","is_ascension_mode":false,"campfire_choices":[{"floor":7,"key":"RECALL"},{"data":"Static Discharge","floor":15,"key":"SMITH"}],"circlet_count":0,"master_deck":["Strike_B","Strike_B","Strike_B+1","Defend_B+1","Defend_B","Defend_B","Zap","Dualcast","Leap","Static Discharge+1","Beam Cell","Go for the Eyes","Ball Lightning","Lockon+1","All For One+1","Defragment","Go for the Eyes","Ball Lightning","Beam Cell","Normality","Gash","Melter","BootSequence+1"],"relics":["Cracked Core","NeowsBlessing","Bloody Idol","Gremlin Horn","Ancient Tea Set","Lee\u0027s Waffle","Cursed Key","Bottled Lightning","Whetstone","Toy Ornithopter"],"acts_visited":["Exordium","TheCity"],"potions_floor_usage":[12,12,24,28,30,30,31],"damage_taken":[{"damage":0,"enemies":"Jaw Worm","floor":1,"turns":1},{"damage":0,"enemies":"Small Slimes","floor":6,"turns":1},{"damage":0,"enemies":"2 Louse","floor":8,"turns":1},{"damage":32,"enemies":"Lagavulin","floor":10,"turns":7},{"damage":9,"enemies":"Gremlin Nob","floor":12,"turns":4},{"damage":11,"enemies":"Large Slime","floor":14,"turns":3},{"damage":30,"enemies":"The Guardian","floor":16,"turns":8},{"damage":9,"enemies":"3 Byrds","floor":18,"turns":2},{"damage":0,"enemies":"Spheric Guardian","floor":20,"turns":3},{"damage":32,"enemies":"Shelled Parasite and Fungi","floor":21,"turns":4},{"damage":18,"enemies":"Gremlin Leader","floor":23,"turns":5},{"damage":15,"enemies":"Snake Plant","floor":24,"turns":2},{"damage":11,"enemies":"Centurion and Healer","floor":27,"turns":5},{"damage":6,"enemies":"Chosen and Byrds","floor":28,"turns":4},{"damage":10,"enemies":"Snake Plant","floor":30,"turns":3},{"damage":23,"enemies":"Shelled Parasite and Fungi","floor":31,"turns":4}],"seed_played":"-7887015001069235656","potions_obtained":[{"floor":6,"key":"Weak Potion"},{"floor":8,"key":"FocusPotion"},{"floor":14,"key":"Dexterity Potion"},{"floor":20,"key":"GamblersBrew"},{"floor":23,"key":"Regen Potion"},{"floor":27,"key":"Explosive Potion"},{"floor":30,"key":"SpeedPotion"}],"is_trial":false,"path_per_floor":["M","?","$","?","?","M","R","M","T","E","?","E","$","M","R","B",null,"M","$","M","M","?","E","M","?","T","M","M","$","M","M"],"character_chosen":"DEFECT","items_purchased":["Lee\u0027s Waffle","Defragment","Go for the Eyes","Ball Lightning","Melter","Toy Ornithopter"],"campfire_rested":0,"item_purchase_floors":[13,19,19,19,29,29],"current_hp_per_floor":[75,60,60,60,42,42,42,42,42,10,10,1,82,71,71,41,82,73,73,73,41,41,23,13,13,18,12,11,11,16,0,0],"gold":30,"neow_bonus":"THREE_ENEMY_KILL","is_daily":false,"chose_seed":false,"campfire_upgraded":1,"win_rate":0.0,"timestamp":1613626100,"path_taken":["M","?","$","?","?","M","R","M","T","E","?","E","$","M","R","BOSS","M","$","M","M","?","E","M","?","T","M","?","$","M","M"],"items_purchased_type":["Relic","Card","Card","Card","Card","Relic"],"build_version":"2020-12-22","purchased_purges":2,"victory":false,"max_hp_per_floor":[75,75,75,75,75,75,75,75,75,75,75,75,82,82,82,82,82,82,82,82,82,82,82,82,82,82,82,82,82,82,82,82],"card_choices":[{"not_picked":["Sweeping Beam","Capacitor"],"picked":"Leap","floor":1},{"not_picked":["Hologram","Heatsinks"],"picked":"Static Discharge","floor":6},{"not_picked":["Sweeping Beam","Scrape"],"picked":"Beam Cell","floor":8},{"not_picked":["Streamline","Hello World"],"picked":"Go for the Eyes","floor":10},{"not_picked":["White Noise","Fusion"],"picked":"Ball Lightning","floor":12},{"not_picked":["Beam Cell","Rebound"],"picked":"Lockon","floor":14},{"not_picked":["Meteor Strike","Buffer"],"picked":"All For One","floor":16},{"not_picked":["Force Field","Cold Snap","Steam"],"picked":"SKIP","floor":18},{"not_picked":["Auto Shields","Stack","Coolheaded"],"picked":"SKIP","floor":20},{"not_picked":["Cold Snap","BootSequence"],"picked":"Beam Cell","floor":21},{"not_picked":["Chaos","Stack","Recycle"],"picked":"SKIP","floor":23},{"not_picked":["Reprogram","Rip and Tear","Barrage"],"picked":"SKIP","floor":24},{"not_picked":["Go for the Eyes","Multi-Cast"],"picked":"Gash","floor":27},{"not_picked":["Skim","Sweeping Beam","Doom and Gloom"],"picked":"SKIP","floor":28},{"not_picked":["Glacier","Beam Cell"],"picked":"BootSequence+1","floor":30}],"player_experience":436154,"relics_obtained":[{"floor":10,"key":"Gremlin Horn"},{"floor":12,"key":"Ancient Tea Set"},{"floor":23,"key":"Bottled Lightning"},{"floor":26,"key":"Whetstone"}],"event_choices":[{"damage_healed":0,"gold_gain":0,"player_choice":"Entered Light","damage_taken":15,"max_hp_gain":0,"max_hp_loss":0,"event_name":"Shining Light","floor":2,"gold_loss":0,"cards_upgraded":["Strike_B","Defend_B"]},{"damage_healed":0,"gold_gain":175,"player_choice":"AGREE","damage_taken":0,"max_hp_gain":0,"max_hp_loss":0,"event_name":"Liars Game","floor":4,"gold_loss":0,"cards_obtained":["Doubt"]},{"damage_healed":0,"gold_gain":0,"player_choice":"Take Damage","damage_taken":18,"relics_obtained":["Golden Idol"],"max_hp_gain":0,"max_hp_loss":0,"event_name":"Golden Idol","floor":5,"gold_loss":0},{"cards_removed":["Strike_B"],"damage_healed":0,"gold_gain":0,"player_choice":"Forget","damage_taken":0,"max_hp_gain":0,"max_hp_loss":0,"event_name":"Living Wall","floor":11,"gold_loss":0},{"damage_healed":0,"gold_gain":0,"player_choice":"Ignored","damage_taken":0,"max_hp_gain":0,"max_hp_loss":0,"event_name":"Ghosts","floor":22,"gold_loss":0},{"damage_healed":0,"gold_gain":0,"player_choice":"Gave Idol","damage_taken":0,"relics_obtained":["Bloody Idol"],"max_hp_gain":0,"max_hp_loss":0,"event_name":"Forgotten Altar","floor":25,"relics_lost":["Golden Idol"],"gold_loss":0}],"is_beta":false,"boss_relics":[{"not_picked":["Philosopher\u0027s Stone","Runic Dome"],"picked":"Cursed Key"}],"items_purged_floors":[3,13],"is_endless":false,"potions_floor_spawned":[6,8,14,20,23,27,30],"killed_by":"Shelled Parasite and Fungi","ascension_level":0}}