{"host":"yhhyog5h1q67ienp","time":1613610167,"event":{"mods":["AchievementEnabler","BaseMod","Block Reminder","Colored Map","Colored Powertips","Minty Spire (QoL Compilation)","Quick Restart","Relic Stats","StSLib","ojb\u0027s Better Paths Mod","ojb\u0027s Info Mod"],"gold_per_floor":[14,14,26,39,0,12,44,44,67,67,67,67,102,118,118,118,118],"floor_reached":16,"language":"ENG","playtime":1065,"items_purged":[],"score":220,"play_id":"7bb02bb6-e56a-4331-97fa-be1ec2ea0dcc","local_time":"20210217220247","is_ascension_mode":true,"campfire_choices":[{"data":"Glass Knife","floor":8,"key":"SMITH"},{"data":"Noxious Fumes","floor":10,"key":"SMITH"},{"floor":15,"key":"REST"}],"circlet_count":0,"master_deck":["AscendersBane","Strike_G","Strike_G","Strike_G","Defend_G","Defend_G","Defend_G","Defend_G","Defend_G","Survivor","Neutralize","Glass Knife+1","Flechettes","Dash","Cloak And Dagger","Bouncing Flask","Footwork","Noxious Fumes+1","Leg Sweep","Noxious Fumes"],"relics":["Ring of the Snake","Juzu Bracelet","Blood Vial","Art of War"],"acts_visited":["Exordium"],"potions_floor_usage":[14,16,16],"damage_taken":[{"damage":0,"enemies":"Small Slimes","floor":1,"turns":3},{"damage":0,"enemies":"Cultist","floor":3,"turns":3},{"damage":0,"enemies":"Jaw Worm","floor":4,"turns":3},{"damage":0,"enemies":"Exordium Thugs","floor":6,"turns":4},{"damage":9,"enemies":"3 Sentries","floor":7,"turns":13},{"damage":32,"enemies":"Gremlin Nob","floor":13,"turns":5},{"damage":13,"enemies":"Gremlin Gang","floor":14,"turns":4},{"damage":30,"enemies":"Slime Boss","floor":16,"turns":5}],"seed_played":"-83225365739372779","potions_obtained":[{"floor":6,"key":"SneckoOil"},{"floor":7,"key":"Swift Potion"},{"floor":13,"key":"CunningPotion"},{"floor":14,"key":"ColorlessPotion"}],"is_trial":false,"path_per_floor":["M","?","M","M","$","M","E","R","T","R","?","?","E","M","R","B"],"character_chosen":"THE_SILENT","items_purchased":["Bouncing Flask"],"campfire_rested":1,"item_purchase_floors":[5],"current_hp_per_floor":[59,59,59,59,59,59,50,50,50,50,43,48,18,7,28,0,0],"gold":118,"neow_bonus":"THREE_RARE_CARDS","is_daily":false,"chose_seed":false,"campfire_upgraded":2,"win_rate":0.0,"timestamp":1613610167,"path_taken":["M","?","M","M","?","?","E","R","T","R","?","?","E","M","R","BOSS"],"items_purchased_type":["Card"],"build_version":"2020-12-22","purchased_purges":0,"victory":false,"max_hp_per_floor":[66,66,66,66,66,66,66,66,66,66,66,71,71,71,71,71,71],"relic_stats":{"Blood Vial":6,"counters":[8,40],"Juzu Bracelet":0,"Art of War":[0],"obtain_stats":[{"Blood Vial":9,"Juzu Bracelet":7,"Art of War":13,"Ring of the Snake":0},{"Blood Vial":5,"Juzu Bracelet":5,"Art of War":6,"Ring of the Snake":0},{"Blood Vial":26,"Juzu Bracelet":26,"Art of War":31,"Ring of the Snake":0}],"Ring of the Snake":[16]},"card_choices":[{"not_picked":["Grand Finale","Burst"],"picked":"Glass Knife","floor":0},{"not_picked":["Outmaneuver","Slice"],"picked":"Flechettes","floor":1},{"not_picked":["Blade Dance","Dodge and Roll"],"picked":"Dash","floor":3},{"not_picked":["Quick Slash","PiercingWail"],"picked":"Cloak And Dagger","floor":4},{"not_picked":["Sucker Punch","Acrobatics"],"picked":"Footwork","floor":6},{"not_picked":["Blur","Prepared"],"picked":"Noxious Fumes","floor":7},{"not_picked":["Dagger Throw","Backflip"],"picked":"Leg Sweep","floor":13},{"not_picked":["Escape Plan","Prepared"],"picked":"Noxious Fumes","floor":14}],"player_experience":1488190,"relics_obtained":[{"floor":7,"key":"Juzu Bracelet"},{"floor":9,"key":"Blood Vial"},{"floor":13,"key":"Art of War"}],"event_choices":[{"cards_removed":["Strike_G"],"damage_healed":0,"gold_gain":0,"player_choice":"Purged","damage_taken":0,"max_hp_gain":0,"max_hp_loss":0,"event_name":"Purifier","floor":2,"gold_loss":0},{"cards_removed":["Strike_G"],"damage_healed":0,"gold_gain":0,"player_choice":"Card Removal","damage_taken":7,"max_hp_gain":0,"max_hp_loss":0,"event_name":"Golden Wing","floor":11,"gold_loss":0},{"damage_healed":0,"gold_gain":0,"player_choice":"Donut","damage_taken":0,"max_hp_gain":5,"max_hp_loss":0,"event_name":"Big Fish","floor":12,"gold_loss":0}],"is_beta":false,"boss_relics":[],"items_purged_floors":[],"is_endless":false,"potions_floor_spawned":[6,7,13,14],"killed_by":"Slime Boss","ascension_level":20}}