{"host":"e1li3exkvrfyv5jm","time":1613624744,"event":{"mods":["2.2 Compatiblity","A Magickal Journey","AchievementEnabler","Aspiration","BaseMod","Beaked The Cultist","Better Note","BetterRewards","CapriCore","Challenge The Spire","Colored Map","Colored Powertips","Downfall","Duelist Mod","GifTheSpireLib","Gremlin Mod","Hermit","Jorbs\u0027s Wanderer Trilogy","Koishi","Marisa????????","Melee Mod","Minty Spire (QoL Compilation)","Nova Terra(??·??)","Pikachu Mod","QueenMod","READ ME - Guardian Mod","READ ME - Snecko Mod","Rare Cards Sparkle","Relic Stats","Replay The Spire","Shop Mod","Somnambulant","Spikes Relics","StSLib","SuperFastMode","The Blackbeard","The Bladedancer","The Bug Knight","The Construct","The Cursed","The Death Knight","The Disciple","The Druid","The Elementalist","The Forsaken","The Gatherer","The Hayseed","The Hierophant","The Immortal","The Judge","The Jungle","The Necromancer","The Runesmith","The Saiyan","The Servant 0.9.4","The Showman","The Spell Scribe","The Vixen","TheFirefly","TheHeartMod","TheVacant","Warlord Emblem"],"gold_per_floor":[119,129,140,150,169,169,169],"floor_reached":6,"language":"ENG","playtime":718,"items_purged":[],"score":48,"play_id":"beba24c5-4065-46a0-9f33-f5dc9da3bff2","local_time":"20210218000544","is_ascension_mode":true,"campfire_choices":[],"circlet_count":0,"master_deck":["DeathKnight:Strike_DeathKnight","DeathKnight:Strike_DeathKnight","DeathKnight:Strike_DeathKnight","DeathKnight:Strike_DeathKnight","DeathKnight:Strike_DeathKnight","DeathKnight:Defend_DeathKnight","DeathKnight:Defend_DeathKnight","DeathKnight:Defend_DeathKnight","DeathKnight:Defend_DeathKnight","DeathKnight:Defend_DeathKnight","DeathKnight:RuneTap","DeathKnight:RuneStrike","DeathKnight:Contagion","DeathKnight:PathOfFrost","DeathKnight:IcyTouch","DeathKnight:Contagion","DeathKnight:BludPresence","DeathKnight:FoulBulwark","DeathKnight:GargoyleSkin"],"relics":["DeathKnight:BrokenRuneblade"],"acts_visited":["Exordium"],"potions_floor_usage":[4,4,5],"damage_taken":[{"damage":6,"enemies":"Jaw Worm","floor":1,"turns":5},{"damage":0,"enemies":"Small Slimes","floor":2,"turns":4},{"damage":1,"enemies":"Cultist","floor":3,"turns":5},{"damage":2,"enemies":"Blue Slaver","floor":4,"turns":2},{"damage":7,"enemies":"Looter","floor":5,"turns":3},{"damage":49,"enemies":"Gremlin Nob","floor":6,"turns":5}],"seed_played":"-5590845320125738184","potions_obtained":[{"floor":1,"key":"champ:CounterPotion"},{"floor":3,"key":"Adrenaline Potion"},{"floor":4,"key":"Adrenaline Potion"},{"floor":5,"key":"Explosive Potion"}],"is_trial":false,"path_per_floor":["M","M","M","M","M","E"],"character_chosen":"DEATH_KNIGHT","items_purchased":["DeathKnight:Contagion","DeathKnight:PathOfFrost"],"campfire_rested":0,"item_purchase_floors":[0,0],"current_hp_per_floor":[58,58,57,55,48,0,0],"gold":169,"neow_bonus":"","is_daily":false,"chose_seed":false,"campfire_upgraded":0,"win_rate":0.0,"timestamp":1613624744,"path_taken":["M","M","M","M","M","E"],"items_purchased_type":["Card","Card"],"build_version":"2020-12-22","purchased_purges":0,"victory":false,"max_hp_per_floor":[75,75,75,75,75,75,75],"relic_stats":{"counters":[311,1574],"obtain_stats":[{"Replay:Accelerometer":9,"Runesmith:Locket":6,"Whetstone":6,"DeathKnight:PreciousRibbon":54,"Boot":9,"Sling":20,"theHeart:CarvedVein":0,"Old Coin":27,"Blood Vial":7,"Replay:Wanted Poster":17,"Replay:Ringing Soul":39,"ZombieTooth":0,"Sundial":47,"MealTicket":9,"Replay:Bottled Flurry":29,"HandDrill":25,"Kunai":36,"Replay:Wax Seal":3,"GiantMaggot":9,"Counterbalance":0,"ReplayTheSpireMod:Ring of Addiction":12,"Eternal Feather":6,"Pen Nib":22,"DeathKnight:CorpseWagon":12,"Replay:Ancient Bell":34,"aspiration:FrozenJewel":43,"Bird Faced Urn":30,"DeathKnight:PutricidesVial":20,"Abe\u0027s Treasure":17,"Unceasing Top":42,"WizardHat":27,"aspiration:Lifesprig":11,"Lantern":34,"Regal Pillow":30,"Torii":40,"Blue Doll":7,"Painkiller Herb":17,"StoneCalendar":0,"Replay:Multitool":47,"Bag of Preparation":8,"Smiling Mask":6,"Ancient Tea Set":7,"Pet Ghost":26,"Replay:Rubber Ducky":0,"Shovel":9,"Matryoshka":36,"aspiration:AnachronicSnailShell":0,"WingedGreaves":32,"aspiration:FutureDiary":17,"Replay:Bottled Eggs":28,"InkBottle":46,"BicycleWheel":27,"aspiration:ChemicalBlood":6,"Potion Belt":24,"Lee\u0027s Waffle":29,"CherryCoatedStake":5,"Replay:Fungal Core":17,"Golden Idol":11,"Circlet":12,"PreservedInsect":43,"Omamori":12,"Replay:Arrowhead":7,"DeathKnight:ReforgedRuneblade":31,"Ornamental Fan":49,"theHeart:Burger":11,"SpikesRelics:DaevaFist":4,"Durian":0,"Runesmith:AutoHammer":8,"Ice Cream":0,"Divine Protection":19,"Tiny House":34,"Calipers":48,"Gremlin Horn":9,"Vajra":20,"elementalistmod:RedRibbon":12,"theDruid:CrownOfTheWilds":0,"HornCleat":15,"Philosopher\u0027s Stone":34,"Prayer Wheel":6,"VioletLotus":17,"Toxic Egg 2":12,"LugNut":26,"Girya":15,"DeathKnight:LanathelsBloodyNail":44,"Happy Flower":12,"ReplayTheSpireMod:CursedCoin":10,"Astrolabe":17,"Replay:Grab Bag":17,"Oddly Smooth Stone":40,"Ring of Chaos":37,"SaiyanHeart":0,"Letter Opener":0,"BlackRope":19,"War Paint":7,"Replay:Baseball":46,"aspiration:EmptySkull":54,"Shuriken":26,"Molten Egg 2":2,"Onion Ring":43,"CosmicIsotope":34,"ReplayTheSpireMod:TigerMarble":8,"Black Star":17,"theJungle:WildStrawberry":0,"CatCart":37,"Pocketwatch":0,"Meat on the Bone":46,"construct:BoolHorns":10,"ReplayFunnel":13,"theForsaken:ScaryMask":26,"SacredBark":12,"RetroEgg":41,"DeathKnight:Shadowmourne":17,"BrokenLever":13,"theForsaken:Lifeblossom":9,"theForsaken:Gavel":30,"theForsaken:PlagueMask":38,"PrismaticShard":12,"DeathKnight:AbominationHead":0,"Replay:Bandana":22,"Nunchaku":43,"Dream Catcher":10,"Chameleon Ring":12,"Mummified Hand":6,"Gambling Chip":25,"Pantograph":34,"WarlordEmblem:IceDragon":34,"elementalistmod:YellowCirclet":3,"Tiny Chest":0,"RollingBoulder":47,"Replay:Bottled Snecko":27,"BargainBundle":0,"HollowMod:LifeEnderRelic":23,"Replay:Towering Pillar of Hats":34,"Replay:WaspNest":14,"Orichalcum":0,"Odd Mushroom":10,"White Beast Statue":34,"DeathKnight:LightbringersTabard":12,"Calling Bell":34,"Peace Pipe":14,"Sandwich":17,"Strange Spoon":22,"CaptainsWheel":21,"Pondfish Scales":27,"SaiyanSoul":0,"Ring of Fury":37,"ChewingGum":17,"Bag of Marbles":44,"Snack Pack":8,"Membership Card":20,"FossilizedHelix":7},{"Replay:Accelerometer":185,"Runesmith:Locket":298,"Whetstone":198,"DeathKnight:PreciousRibbon":292,"Boot":90,"Sling":230,"theHeart:CarvedVein":141,"Old Coin":235,"Blood Vial":222,"Replay:Wanted Poster":256,"Replay:Ringing Soul":174,"ZombieTooth":246,"Sundial":137,"MealTicket":44,"Replay:Bottled Flurry":61,"HandDrill":191,"Kunai":239,"Replay:Wax Seal":143,"GiantMaggot":50,"Counterbalance":154,"ReplayTheSpireMod:Ring of Addiction":185,"Eternal Feather":44,"Pen Nib":121,"DeathKnight:CorpseWagon":254,"Replay:Ancient Bell":279,"aspiration:FrozenJewel":215,"Bird Faced Urn":209,"DeathKnight:PutricidesVial":153,"Abe\u0027s Treasure":160,"Unceasing Top":244,"WizardHat":276,"aspiration:Lifesprig":45,"Lantern":102,"Regal Pillow":126,"Torii":133,"Blue Doll":44,"Painkiller Herb":54,"StoneCalendar":84,"Replay:Multitool":70,"Bag of Preparation":147,"Smiling Mask":146,"Ancient Tea Set":157,"Pet Ghost":99,"Replay:Rubber Ducky":154,"Shovel":223,"Matryoshka":239,"aspiration:AnachronicSnailShell":219,"WingedGreaves":101,"aspiration:FutureDiary":203,"Replay:Bottled Eggs":262,"InkBottle":108,"BicycleWheel":208,"aspiration:ChemicalBlood":184,"Potion Belt":191,"Lee\u0027s Waffle":100,"CherryCoatedStake":49,"Replay:Fungal Core":271,"Golden Idol":91,"Circlet":185,"PreservedInsect":67,"Omamori":225,"Replay:Arrowhead":50,"DeathKnight:ReforgedRuneblade":237,"Ornamental Fan":245,"theHeart:Burger":148,"SpikesRelics:DaevaFist":49,"Durian":195,"Runesmith:AutoHammer":76,"Ice Cream":109,"Divine Protection":188,"Tiny House":170,"Calipers":290,"Gremlin Horn":76,"Vajra":56,"elementalistmod:RedRibbon":116,"theDruid:CrownOfTheWilds":0,"HornCleat":80,"Philosopher\u0027s Stone":210,"Prayer Wheel":267,"VioletLotus":81,"Toxic Egg 2":92,"LugNut":59,"Girya":53,"DeathKnight:LanathelsBloodyNail":216,"Happy Flower":200,"ReplayTheSpireMod:CursedCoin":299,"Astrolabe":228,"Replay:Grab Bag":271,"Oddly Smooth Stone":107,"Ring of Chaos":104,"SaiyanHeart":0,"Letter Opener":72,"BlackRope":257,"War Paint":76,"Replay:Baseball":69,"aspiration:EmptySkull":140,"Shuriken":234,"Molten Egg 2":155,"Onion Ring":175,"CosmicIsotope":63,"ReplayTheSpireMod:TigerMarble":222,"Black Star":271,"theJungle:WildStrawberry":154,"CatCart":240,"Pocketwatch":47,"Meat on the Bone":178,"construct:BoolHorns":51,"ReplayFunnel":80,"theForsaken:ScaryMask":261,"SacredBark":185,"RetroEgg":214,"DeathKnight:Shadowmourne":271,"BrokenLever":201,"theForsaken:Lifeblossom":267,"theForsaken:Gavel":61,"theForsaken:PlagueMask":213,"PrismaticShard":300,"DeathKnight:AbominationHead":263,"Replay:Bandana":98,"Nunchaku":244,"Dream Catcher":299,"Chameleon Ring":79,"Mummified Hand":251,"Gambling Chip":166,"Pantograph":279,"WarlordEmblem:IceDragon":128,"elementalistmod:YellowCirclet":264,"Tiny Chest":181,"RollingBoulder":245,"Replay:Bottled Snecko":123,"BargainBundle":141,"HollowMod:LifeEnderRelic":58,"Replay:Towering Pillar of Hats":102,"Replay:WaspNest":159,"Orichalcum":109,"Odd Mushroom":200,"White Beast Statue":102,"DeathKnight:LightbringersTabard":268,"Calling Bell":102,"Peace Pipe":117,"Sandwich":151,"Strange Spoon":98,"CaptainsWheel":56,"Pondfish Scales":100,"SaiyanSoul":0,"Ring of Fury":104,"ChewingGum":118,"Bag of Marbles":134,"Snack Pack":199,"Membership Card":153,"FossilizedHelix":89},{"Replay:Accelerometer":1029,"Runesmith:Locket":1519,"Whetstone":1083,"DeathKnight:PreciousRibbon":1498,"Boot":487,"Sling":1232,"theHeart:CarvedVein":827,"Old Coin":1255,"Blood Vial":1192,"Replay:Wanted Poster":1350,"Replay:Ringing Soul":974,"ZombieTooth":1305,"Sundial":804,"MealTicket":241,"Replay:Bottled Flurry":329,"HandDrill":1055,"Kunai":1273,"Replay:Wax Seal":833,"GiantMaggot":271,"Counterbalance":888,"ReplayTheSpireMod:Ring of Addiction":1029,"Eternal Feather":241,"Pen Nib":702,"DeathKnight:CorpseWagon":1337,"Replay:Ancient Bell":1444,"aspiration:FrozenJewel":1161,"Bird Faced Urn":1130,"DeathKnight:PutricidesVial":883,"Abe\u0027s Treasure":915,"Unceasing Top":1296,"WizardHat":1429,"aspiration:Lifesprig":246,"Lantern":589,"Regal Pillow":730,"Torii":776,"Blue Doll":241,"Painkiller Herb":296,"StoneCalendar":453,"Replay:Multitool":377,"Bag of Preparation":852,"Smiling Mask":845,"Ancient Tea Set":900,"Pet Ghost":564,"Replay:Rubber Ducky":888,"Shovel":1199,"Matryoshka":1273,"aspiration:AnachronicSnailShell":1183,"WingedGreaves":579,"aspiration:FutureDiary":1104,"Replay:Bottled Eggs":1371,"InkBottle":634,"BicycleWheel":1125,"aspiration:ChemicalBlood":1026,"Potion Belt":1055,"Lee\u0027s Waffle":571,"CherryCoatedStake":264,"Replay:Fungal Core":1408,"Golden Idol":493,"Circlet":1029,"PreservedInsect":363,"Omamori":1208,"Replay:Arrowhead":271,"DeathKnight:ReforgedRuneblade":1263,"Ornamental Fan":1298,"theHeart:Burger":860,"SpikesRelics:DaevaFist":264,"Durian":1069,"Runesmith:AutoHammer":411,"Ice Cream":640,"Divine Protection":1045,"Tiny House":958,"Calipers":1487,"Gremlin Horn":411,"Vajra":305,"elementalistmod:RedRibbon":668,"theDruid:CrownOfTheWilds":0,"HornCleat":425,"Philosopher\u0027s Stone":1137,"Prayer Wheel":1391,"VioletLotus":436,"Toxic Egg 2":503,"LugNut":318,"Girya":285,"DeathKnight:LanathelsBloodyNail":1166,"Happy Flower":1093,"ReplayTheSpireMod:CursedCoin":1523,"Astrolabe":1227,"Replay:Grab Bag":1408,"Oddly Smooth Stone":624,"Ring of Chaos":602,"SaiyanHeart":0,"Letter Opener":396,"BlackRope":1352,"War Paint":411,"Replay:Baseball":372,"aspiration:EmptySkull":824,"Shuriken":1251,"Molten Egg 2":893,"Onion Ring":983,"CosmicIsotope":338,"ReplayTheSpireMod:TigerMarble":1192,"Black Star":1408,"theJungle:WildStrawberry":888,"CatCart":1279,"Pocketwatch":257,"Meat on the Bone":1004,"construct:BoolHorns":279,"ReplayFunnel":425,"theForsaken:ScaryMask":1368,"SacredBark":1029,"RetroEgg":1156,"DeathKnight:Shadowmourne":1408,"BrokenLever":1096,"theForsaken:Lifeblossom":1391,"theForsaken:Gavel":329,"theForsaken:PlagueMask":1149,"PrismaticShard":1526,"DeathKnight:AbominationHead":1375,"Replay:Bandana":556,"Nunchaku":1296,"Dream Catcher":1523,"Chameleon Ring":421,"Mummified Hand":1327,"Gambling Chip":939,"Pantograph":1444,"WarlordEmblem:IceDragon":746,"elementalistmod:YellowCirclet":1379,"Tiny Chest":1017,"RollingBoulder":1298,"Replay:Bottled Snecko":717,"BargainBundle":827,"HollowMod:LifeEnderRelic":313,"Replay:Towering Pillar of Hats":589,"Replay:WaspNest":907,"Orichalcum":640,"Odd Mushroom":1093,"White Beast Statue":589,"DeathKnight:LightbringersTabard":1396,"Calling Bell":589,"Peace Pipe":675,"Sandwich":877,"Strange Spoon":556,"CaptainsWheel":305,"Pondfish Scales":571,"SaiyanSoul":0,"Ring of Fury":602,"ChewingGum":686,"Bag of Marbles":784,"Snack Pack":1089,"Membership Card":883,"FossilizedHelix":481}]},"card_choices":[{"not_picked":["DeathKnight:Culling","DeathKnight:BoneSpear"],"picked":"DeathKnight:IcyTouch","floor":1},{"not_picked":["DeathKnight:Marrowrend","DeathKnight:PillarOfFrost"],"picked":"DeathKnight:Contagion","floor":2},{"not_picked":["DeathKnight:IceboundArmor","DeathKnight:BloodPact"],"picked":"DeathKnight:BludPresence","floor":3},{"not_picked":["DeathKnight:RunicCorruption","DeathKnight:BoneSpear"],"picked":"DeathKnight:FoulBulwark","floor":4},{"not_picked":["DeathKnight:BloodEchoes","DeathKnight:RunicCorruption"],"picked":"DeathKnight:GargoyleSkin","floor":5}],"player_experience":371930,"relics_obtained":[],"event_choices":[],"is_beta":false,"boss_relics":[],"items_purged_floors":[],"is_endless":false,"potions_floor_spawned":[1,3,4,5],"killed_by":"Gremlin Nob","ascension_level":4}}