{"host":"ttx8tv95o5vka1nm","time":1613615450,"event":{"mods":["AchievementEnabler","BaseMod","Better Altar","Better Sensory Stone","Better Skull","Better Vampires","BetterRewards","Colored Map","Defuse TimeMaze Blight","Energized Spire","Evolution","Hubris","Infinite Spire","Minty Spire (QoL Compilation)","Relic Filter Mod","Relic Sorter","Reliquary","Replay The Spire","Shade Mod","Shop Mod","Spicy Shops","StSLib","The Blue Laboratory","Wandering Minibosses"],"gold_per_floor":[114,189,209,26,39,65,76,94,94,110,139,158,158,171,171,272,272,288,299,398,431,431,465,476,476,476,476,492,102,140,155,155,258,258,274,292,292,317,338,338,357,373,373,373,373,392,414,374,374,391,391,499,499,501,676,243,248,250,277,277,285,309,311,339,339,350,356,356,470,470,480,484,484,484,484,509,526,536,585,585,614,614,389,383,383,487,487,508,547,555,557,779,792,782,793,793,788,788,794,777,776,776,874,874,882,948,962,969,834,833,837,855,855,855,906,906,911,920,920,1044,1044,1056,1056,1065,1073,1077,1115,879,879,879,879,879,878,887,883,986,1082,1109,1109],"floor_reached":138,"language":"ENG","playtime":9177,"items_purged":["Shade:ClawBack","Shade:ClawBack","Shade:ClawBack","Shade:GraveStillness","Shade:GraveStillness","Normality","Shade:GoDigging+1","infinitespire:NeuralNetwork+1","infinitespire:Oblivion+1"],"score":3137,"play_id":"3db1a838-4201-48d6-ad1c-d99a5ee87d62","local_time":"20210218123050","is_ascension_mode":false,"campfire_choices":[{"data":"Shade:AuraOfUnlife","floor":13.0,"key":"SMITH"},{"data":"Shade:FreshBones","floor":27.0,"key":"SMITH"},{"data":"Shade:OpenGraves","floor":32.0,"key":"SMITH"},{"data":"Shade:LichForm","floor":40.0,"key":"SMITH"},{"data":"Shade:Putrefaction","floor":49.0,"key":"SMITH"},{"data":"Shade:Coordination","floor":51.0,"key":"SMITH"},{"data":"Shade:Carnophage","floor":60.0,"key":"SMITH"},{"data":"Shade:UnbarTheGrave","floor":68.0,"key":"SMITH"},{"data":"Shade:FleshToFlesh","floor":80,"key":"SMITH"},{"data":"Shade:AnimateDead","floor":82,"key":"SMITH"},{"data":"Shade:Brains","floor":85,"key":"SMITH"},{"data":"Shade:GreaterAnimation","floor":98,"key":"SMITH"},{"data":"Shade:WallOfFlesh","floor":102,"key":"SMITH"},{"data":"Shade:OfferingToTheBeyond","floor":114,"key":"SMITH"},{"floor":129,"key":"RECALL"}],"circlet_count":0,"master_deck":["Shade:AnimateDead+1","Shade:Brains+1","Shade:FreshBones+1","Shade:WallOfFlesh+1","Shade:AuraOfUnlife+1","Shade:Coordination+1","Shade:FleshToFlesh+1","Shade:UnbarTheGrave+1","Shade:Carnophage+1","Shade:Putrefaction+1","Shade:CommandSoldier+1","Shade:LichForm+1","Shade:Brains+1","Shade:UnbarTheGrave+1","Shade:SkeletonArmy+1","Shade:SkeletonArmy+1","Shade:FreshBones+1","infinitespire:TheBestDefense+1","Shade:CloudOfShrapnel+1","Shade:GreaterAnimation+1","AbeCurse","Shade:AblativeArmor+1","Shade:LyeBath+1","infinitespire:SealOfDarkness+","Shade:FleshLikeOak+1","Shade:RavenousHorde+1","Shade:Asphyxiate+1"],"relics":["Shade:YorickPolishedSkull","reliquary:GummyVitamins","EVO:Axolotl","Membership Card","infinitespire:FocusingShard","reliquary:IridiumChain","Oddly Smooth Stone","Busted Crown","Red Mask","hubris:Towel","Replay:Bottled Snecko","Bronze Scales","Replay:Bandana","MerchantsRug","Toxic Egg 2","Meat on the Bone","hubris:ScarierMask","reliquary:TuningFork","Darkstone Periapt","infinitespire:Golems Mask","infinitespire:Midas Blood","reliquary:Stiletto","Replay:Wax Seal","energizedSpire:RedRose","Thread and Needle","Ancient Tea Set","reliquary:BallBearing","Golden Idol","reliquary:RosewoodLute","reliquary:ExpiredCoupon","Replay:Ringing Soul","Quantum Egg","infinitespire:Satchel","Molten Egg 2","reliquary:HotPoker","Pantograph","hubris:Backtick","Mummified Hand","Unceasing Top","Gremlin Horn","Garlic","hubris:TenFootPole","Art of War","Abe\u0027s Treasure","reliquary:RedCape","reliquary:Vitrine","OrangePellets","Medical Kit","reliquary:PartyBalloon","infinitespire:PuzzleCube","Bottled Lightning","Bag of Preparation","CeramicFish","Boot","infinitespire:EmpoweringShard","reliquary:BoilingFlask","Frozen Eye","Frozen Egg 2","hubris:CrystalStatue","Ginger","Astrolabe"],"acts_visited":["Exordium","TheCity","TheBeyond","Exordium","TheCity","TheBeyond","Exordium","TheCity","TheBeyond"],"potions_floor_usage":[],"damage_taken":[{"damage":0.0,"enemies":"2 Louse","floor":1.0,"turns":3.0},{"damage":0.0,"enemies":"Cultist","floor":3.0,"turns":3.0},{"damage":0.0,"enemies":"Small Slimes","floor":5.0,"turns":3.0},{"damage":0.0,"enemies":"Gremlin Nob","floor":6.0,"turns":3.0},{"damage":0.0,"enemies":"2 Fungi Beasts","floor":7.0,"turns":3.0},{"damage":7.0,"enemies":"Lots of Slimes","floor":8.0,"turns":3.0},{"damage":2.0,"enemies":"Exordium Wildlife","floor":10.0,"turns":4.0},{"damage":11.0,"enemies":"Replay:BlueRogue","floor":11.0,"turns":7.0},{"damage":0.0,"enemies":"Looter","floor":12.0,"turns":3.0},{"damage":0.0,"enemies":"2 Fungi Beasts","floor":14.0,"turns":3.0},{"damage":0.0,"enemies":"Slime Boss","floor":16.0,"turns":9.0},{"damage":0.0,"enemies":"Spheric Guardian","floor":18.0,"turns":5.0},{"damage":0.0,"enemies":"3 Byrds","floor":19.0,"turns":4.0},{"damage":0.0,"enemies":"Masked Bandits","floor":21.0,"turns":4.0},{"damage":7.0,"enemies":"Nightmare","floor":23.0,"turns":8.0},{"damage":0.0,"enemies":"Centurion and Healer","floor":24.0,"turns":5.0},{"damage":0.0,"enemies":"Cultist and Chosen","floor":28.0,"turns":5.0},{"damage":32.0,"enemies":"Slavers","floor":30.0,"turns":4.0},{"damage":0.0,"enemies":"Snecko","floor":31.0,"turns":5.0},{"damage":1.0,"enemies":"Champ","floor":33.0,"turns":11.0},{"damage":0.0,"enemies":"3 Darklings","floor":35.0,"turns":4.0},{"damage":0.0,"enemies":"3 Shapes","floor":36.0,"turns":3.0},{"damage":38.0,"enemies":"Spire Growth","floor":38.0,"turns":5.0},{"damage":0.0,"enemies":"4 Shapes","floor":39.0,"turns":4.0},{"damage":0.0,"enemies":"3 Darklings","floor":41.0,"turns":3.0},{"damage":0.0,"enemies":"Jaw Worm Horde","floor":42.0,"turns":3.0},{"damage":1.0,"enemies":"Spire Growth","floor":46.0,"turns":5.0},{"damage":0.0,"enemies":"3 Darklings","floor":47.0,"turns":2.0},{"damage":0.0,"enemies":"Jaw Worm Horde","floor":50.0,"turns":2.0},{"damage":4.0,"enemies":"Replay:Hell Engine","floor":52.0,"turns":7.0},{"damage":0.0,"enemies":"Jaw Worm","floor":54.0,"turns":2.0},{"damage":0.0,"enemies":"infinitespire:Voidling","floor":57.0,"turns":2.0},{"damage":6.0,"enemies":"Lagavulin","floor":59.0,"turns":3.0},{"damage":0.0,"enemies":"Small Slimes","floor":61.0,"turns":2.0},{"damage":0.0,"enemies":"Blue Slaver","floor":63.0,"turns":3.0},{"damage":0.0,"enemies":"3 Sentries","floor":64.0,"turns":3.0},{"damage":0.0,"enemies":"3 Louse","floor":66.0,"turns":2.0},{"damage":0.0,"enemies":"Large Slime","floor":67.0,"turns":2.0},{"damage":0.0,"enemies":"Slime Boss","floor":69.0,"turns":4.0},{"damage":0,"enemies":"Shell Parasite","floor":71,"turns":2},{"damage":2,"enemies":"3 Byrds","floor":72,"turns":2},{"damage":0,"enemies":"Shelled Parasite and Fungi","floor":75,"turns":3},{"damage":0,"enemies":"Slavers","floor":76,"turns":2},{"damage":0,"enemies":"3 Cultists","floor":77,"turns":3},{"damage":0,"enemies":"Centurion and Healer","floor":78,"turns":3},{"damage":0,"enemies":"Gremlin Leader","floor":81,"turns":3},{"damage":0,"enemies":"Snecko","floor":84,"turns":4},{"damage":2,"enemies":"Collector","floor":86,"turns":5},{"damage":2,"enemies":"3 Shapes","floor":88,"turns":1},{"damage":0,"enemies":"Mind Bloom Boss Battle","floor":89,"turns":4},{"damage":0,"enemies":"Orb Walker","floor":90,"turns":3},{"damage":0,"enemies":"R_Hoarder","floor":93,"turns":4},{"damage":0,"enemies":"Writhing Mass","floor":94,"turns":3},{"damage":0,"enemies":"Reptomancer","floor":95,"turns":3},{"damage":0,"enemies":"Nightmare","floor":97,"turns":4},{"damage":0,"enemies":"Sphere and 2 Shapes","floor":99,"turns":2},{"damage":0,"enemies":"Maw","floor":100,"turns":4},{"damage":0,"enemies":"Nemesis","floor":101,"turns":5},{"damage":0,"enemies":"infinitespire:MassOfShapes","floor":103,"turns":5},{"damage":0,"enemies":"Cultist","floor":105,"turns":2},{"damage":0,"enemies":"2 Louse","floor":107,"turns":1},{"damage":0,"enemies":"Small Slimes","floor":108,"turns":2},{"damage":0,"enemies":"Lagavulin","floor":110,"turns":2},{"damage":0,"enemies":"Gremlin Gang","floor":111,"turns":2},{"damage":0,"enemies":"2 Fungi Beasts","floor":112,"turns":2},{"damage":0,"enemies":"Lagavulin Event","floor":115,"turns":2},{"damage":0,"enemies":"Large Slime","floor":117,"turns":2},{"damage":0,"enemies":"Red Slaver","floor":118,"turns":2},{"damage":9,"enemies":"Hexaghost","floor":120,"turns":5},{"damage":0,"enemies":"Spheric Guardian","floor":122,"turns":2},{"damage":0,"enemies":"2 Thieves","floor":125,"turns":1},{"damage":0,"enemies":"3 Cultists","floor":126,"turns":2},{"damage":0,"enemies":"Nightmare","floor":127,"turns":1},{"damage":0,"enemies":"Snecko","floor":133,"turns":2},{"damage":0,"enemies":"Snake Plant","floor":135,"turns":2},{"damage":1,"enemies":"Collector","floor":137,"turns":4}],"seed_played":"-254402748075890271","potions_obtained":[{"floor":3.0,"key":"PowerPotion"},{"floor":5.0,"key":"blueLaboratory:FruitPunch"},{"floor":10.0,"key":"SteroidPotion"},{"floor":12.0,"key":"DistilledChaos"},{"floor":21.0,"key":"blueLaboratory:Moonshine"},{"floor":23.0,"key":"Flashbang"},{"floor":24.0,"key":"Ancient Potion"},{"floor":29.0,"key":"blueLaboratory:EmptyBottle"},{"floor":29.0,"key":"LiquidMemories"},{"floor":29.0,"key":"Explosive Potion"},{"floor":30.0,"key":"SkillPotion"},{"floor":33.0,"key":"FearPotion"},{"floor":39.0,"key":"SpeedPotion"},{"floor":42.0,"key":"blueLaboratory:PyrophylliteBrew"},{"floor":52.0,"key":"BlessingOfTheForge"},{"floor":54.0,"key":"Weak Potion"},{"floor":66.0,"key":"Swift Potion"},{"floor":69.0,"key":"Dexterity Potion"},{"floor":78,"key":"blueLaboratory:ExaltedPotion"},{"floor":81,"key":"PowerPotion"},{"floor":84,"key":"blueLaboratory:FrostheartPotion"},{"floor":90,"key":"LiquidBronze"},{"floor":93,"key":"blueLaboratory:BottleOfVodka"},{"floor":99,"key":"LiquidBronze"},{"floor":112,"key":"EssenceOfSteel"},{"floor":115,"key":"Adrenaline Potion"},{"floor":117,"key":"blueLaboratory:FrostheartPotion"},{"floor":122,"key":"blueLaboratory:SavagePotion"},{"floor":137,"key":"Block Potion"}],"is_trial":false,"path_per_floor":["M","?","M","$","M","E","M","M","T","M","E","M","R","M","R_BF","B",null,"M","M","?","?","?","NM","M","?","T","R","M","$","E","M","R","B",null,"M","M","AVR","M","M","R","M","M","T","PTL","PTL","M","M","$","R","M","R","B",null,"M","?","$","M","?","E","R","M","T","M","E","?","M","M","R","B",null,"M","M","AVR","?","M","E","M","M","T","R","E","R","$","M","R","B",null,"M","?","M","?","?","E","M","E","T","NM","R","M","M","E","R","B",null,"M","?","M","M","$","E","M","M","T","R","?","AVR","M","M","R_BF","B",null,"M","?","?","M","M","NM","$","R","T","?","?","M","AVR","M","R_BF","B",null],"character_chosen":"SHADE","items_purchased":["Membership Card","Shade:AuraOfUnlife","Shade:Putrefaction","MerchantsRug","Toxic Egg 2","Omamori","Shade:CommandSoldier+1","Cauldron","Meat on the Bone","Orrery","reliquary:Stiletto","Replay:Wax Seal","Shade:SkeletonArmy+1","DollysMirror","Thread and Needle","Ancient Tea Set","reliquary:BallBearing","Shade:CloudOfShrapnel+1","reliquary:HotPoker","Pantograph","OrangePellets","Medical Kit","reliquary:PartyBalloon","infinitespire:EmpoweringShard","reliquary:BoilingFlask","Frozen Eye","Frozen Egg 2"],"campfire_rested":0,"item_purchase_floors":[4,4,29,29,29,29,29,29,29,48,48,48,56,56,56,56,56,83,83,83,109,109,109,128,128,128,128],"current_hp_per_floor":[66,60,60,60,60,62,62,55,55,53,42,42,42,42,62,62,68,68,68,68,68,68,61,61,66,66,66,66,66,46,46,46,45,68,68,68,68,42,42,42,42,42,42,42,42,41,41,41,41,41,41,37,68,68,68,68,68,51,45,45,45,45,45,45,45,45,48,48,51,74,74,72,75,77,77,77,77,77,77,77,77,77,80,80,80,81,83,81,83,83,66,66,66,66,66,66,66,66,66,66,66,66,89,98,98,86,86,86,95,95,95,98,98,98,98,101,101,101,101,104,113,113,113,116,116,116,116,116,116,116,119,119,119,122,122,122,121,125,125],"gold":1109,"neow_bonus":"THREE_CARDS","is_daily":false,"chose_seed":false,"campfire_upgraded":14,"win_rate":0.0,"timestamp":1613615450,"path_taken":["M","?","M","$","M","E","M","M","T","M","E","M","R","?","R_BF","BOSS","M","M","?","?","?","NM","M","?","T","R","M","$","E","M","R","BOSS","M","?","AVR","M","M","R","M","?","T","PTL","PTL","M","M","$","R","M","R","BOSS","M","?","$","M","?","E","R","M","T","M","E","?","M","M","R","BOSS","M","M","AVR","?","?","E","M","M","T","R","E","R","$","M","R","BOSS","M","?","M","?","?","E","M","E","T","NM","R","M","M","E","R","BOSS","M","?","?","M","$","E","M","M","T","R","?","AVR","M","M","R_BF","BOSS","M","?","?","?","M","NM","$","R","T","?","?","M","AVR","M","R_BF","BOSS"],"items_purchased_type":["Relic","Card","Card","Relic","Relic","Relic","Card","Relic","Relic","Relic","Relic","Relic","Card","Relic","Relic","Relic","Relic","Card","Relic","Relic","Relic","Relic","Relic","Relic","Relic","Relic","Relic"],"build_version":"2020-12-22","purchased_purges":9,"victory":false,"max_hp_per_floor":[66,66,66,66,66,68,68,68,68,68,68,68,68,68,68,68,68,68,68,68,68,68,68,68,68,68,68,68,68,68,68,68,68,68,68,68,68,68,68,68,68,68,68,68,68,68,68,68,68,68,68,68,68,68,68,68,68,68,68,68,68,68,68,68,68,68,71,71,74,74,74,74,77,77,77,77,77,77,77,77,77,77,80,80,80,83,83,83,83,83,86,86,86,86,86,86,86,86,86,86,86,86,89,98,98,98,98,98,107,107,107,110,110,110,110,113,113,113,113,113,113,113,113,116,116,116,116,116,116,116,119,119,119,122,122,122,122,125,125],"card_choices":[{"not_picked":["Shade:ExtraLimbs","Shade:SpectralStrikes"],"picked":"Shade:Brains","floor":0.0},{"not_picked":["Shade:Haruspicy","Shade:Brains"],"picked":"Shade:FreshBones","floor":1.0},{"not_picked":["Shade:GraveStillness","Shade:FingerOfDeath"],"picked":"Shade:WallOfFlesh","floor":3.0},{"not_picked":["Shade:SoulToxin","Shade:Consume","Shade:AncientSpear"],"picked":"SKIP","floor":5.0},{"not_picked":["Shade:FuneraryJewels","Shade:OneIsEnough"],"picked":"Shade:Coordination","floor":6.0},{"not_picked":["Shade:RitualOffering","Shade:GreyBargain"],"picked":"Shade:CoffinDance","floor":7.0},{"not_picked":["Shade:FingerOfDeath","Shade:PotionOfRestlessness"],"picked":"Shade:OpenGraves","floor":8.0},{"not_picked":["Shade:FingerOfDeath","Shade:CommandSoldier","Shade:Brains"],"picked":"SKIP","floor":10.0},{"not_picked":["Shade:GraveStillness","Shade:Trample","Shade:FuneraryArmor"],"picked":"SKIP","floor":11.0},{"not_picked":["Shade:Asphyxiate","Shade:WallOfFlesh","Shade:Brains"],"picked":"SKIP","floor":12.0},{"not_picked":["Shade:CommandSoldier","Shade:Consume"],"picked":"Shade:FleshToFlesh","floor":14.0},{"not_picked":["Shade:OfferingToTheBeyond","Shade:GreaterAnimation"],"picked":"Shade:UnbarTheGrave","floor":16.0},{"not_picked":[],"picked":"Shade:Carnophage","floor":18.0},{"not_picked":["Shade:Asphyxiate"],"picked":"SKIP","floor":19.0},{"not_picked":[],"picked":"Shade:Bonestorm","floor":21.0},{"not_picked":["Shade:ExtraLimbs+1"],"picked":"SKIP","floor":23.0},{"not_picked":["Shade:FuneraryArmor"],"picked":"SKIP","floor":24.0},{"not_picked":["Shade:FingerOfDeath"],"picked":"SKIP","floor":28.0},{"not_picked":["Shade:AuraOfUnlife"],"picked":"SKIP","floor":30.0},{"not_picked":["Shade:BoneShards"],"picked":"SKIP","floor":31.0},{"not_picked":[],"picked":"Shade:LichForm","floor":33.0},{"not_picked":[],"picked":"Shade:SensePrey+1","floor":35.0},{"not_picked":["Shade:CommandSoldier+1"],"picked":"SKIP","floor":36.0},{"not_picked":[],"picked":"Shade:SensePrey+1","floor":38.0},{"not_picked":["Shade:CoffinDance+1"],"picked":"SKIP","floor":39.0},{"not_picked":["Shade:SkeletonHug"],"picked":"SKIP","floor":41.0},{"not_picked":["Shade:OpenGraves+1"],"picked":"SKIP","floor":42.0},{"not_picked":[],"picked":"Shade:SanguineRitual+1","floor":46.0},{"not_picked":["Shade:SensePrey+1"],"picked":"SKIP","floor":47.0},{"not_picked":[],"picked":"Shade:Brains+1","floor":48.0},{"not_picked":[],"picked":"Shade:UnbarTheGrave+1","floor":48.0},{"not_picked":["Shade:ClawBack+1"],"picked":"SKIP","floor":50.0},{"not_picked":["Shade:AncientSpear"],"picked":"SKIP","floor":54.0},{"not_picked":["Shade:Brains+1"],"picked":"SKIP","floor":57.0},{"not_picked":["Shade:CoffinDance"],"picked":"SKIP","floor":59.0},{"not_picked":["Shade:ClawBack"],"picked":"SKIP","floor":61.0},{"not_picked":[],"picked":"Shade:GoDigging+1","floor":63.0},{"not_picked":["Shade:SkeletonHug"],"picked":"SKIP","floor":64.0},{"not_picked":["Shade:SoulPierce"],"picked":"SKIP","floor":66.0},{"not_picked":[],"picked":"Shade:FreshBones+1","floor":67.0},{"not_picked":["infinitespire:SevenWalls","ReplayTheSpireMod:Haul"],"picked":"infinitespire:NeuralNetwork","floor":69.0},{"not_picked":["Shade:ClawBack"],"picked":"SKIP","floor":71},{"not_picked":["Shade:Brains+1"],"picked":"SKIP","floor":72},{"not_picked":["Shade:SanguineRitual+1"],"picked":"SKIP","floor":75},{"not_picked":["Shade:AncientSpear"],"picked":"SKIP","floor":76},{"not_picked":["Shade:SkeletonHug"],"picked":"SKIP","floor":77},{"not_picked":["Shade:WallOfFlesh+1"],"picked":"SKIP","floor":78},{"not_picked":["Shade:Premonition+1"],"picked":"SKIP","floor":81},{"not_picked":["Shade:BoneShards+1"],"picked":"SKIP","floor":84},{"not_picked":[],"picked":"Shade:GreaterAnimation","floor":86},{"not_picked":["Shade:FreshBones+1"],"picked":"SKIP","floor":88},{"not_picked":["Shade:TouchOfTheGrave"],"picked":"SKIP","floor":90},{"not_picked":["infinitespire:NeuralNetwork","ReplayTheSpireMod:Echoes of Time"],"picked":"infinitespire:Oblivion","floor":91},{"not_picked":["Shade:ExtraLimbs+1"],"picked":"SKIP","floor":93},{"not_picked":["Shade:BoneShards+1"],"picked":"SKIP","floor":94},{"not_picked":["Shade:Excise+1"],"picked":"SKIP","floor":95},{"not_picked":["Shade:FingerOfDeath+1"],"picked":"SKIP","floor":97},{"not_picked":["Shade:PotionOfRestlessness+1"],"picked":"SKIP","floor":99},{"not_picked":["Shade:SelfBurial+1"],"picked":"SKIP","floor":100},{"not_picked":["Shade:Trample+1"],"picked":"SKIP","floor":101},{"not_picked":[],"picked":"Shade:OfferingToTheBeyond","floor":103},{"not_picked":["Shade:CommandSoldier+1"],"picked":"SKIP","floor":105},{"not_picked":["Shade:FleshToFlesh+1"],"picked":"SKIP","floor":107},{"not_picked":["Shade:SoulToxin+1"],"picked":"SKIP","floor":108},{"not_picked":["Shade:Brains+1"],"picked":"SKIP","floor":110},{"not_picked":["Shade:GreyBargain+1"],"picked":"SKIP","floor":111},{"not_picked":[],"picked":"Shade:AblativeArmor+1","floor":112},{"not_picked":["Shade:Bonestorm+1"],"picked":"SKIP","floor":117},{"not_picked":["Shade:AncientSpear+1"],"picked":"SKIP","floor":118},{"not_picked":["Shade:Frenzy+1"],"picked":"SKIP","floor":122},{"not_picked":["Shade:FleshToFlesh+1"],"picked":"SKIP","floor":125},{"not_picked":["Shade:GreyBargain+1"],"picked":"SKIP","floor":126},{"not_picked":["Shade:FleshToFlesh+1"],"picked":"SKIP","floor":127},{"not_picked":["Shade:WallOfFlesh+1"],"picked":"SKIP","floor":133},{"not_picked":["Shade:TouchOfTheGrave+1"],"picked":"SKIP","floor":135}],"player_experience":770162,"relics_obtained":[{"floor":6.0,"key":"Matryoshka"},{"floor":9.0,"key":"infinitespire:FocusingShard"},{"floor":9.0,"key":"reliquary:IridiumChain"},{"floor":11.0,"key":"Oddly Smooth Stone"},{"floor":21.0,"key":"Red Mask"},{"floor":23.0,"key":"Replay:Bottled Snecko"},{"floor":26.0,"key":"Bronze Scales"},{"floor":26.0,"key":"Replay:Bandana"},{"floor":30.0,"key":"Replay:Bottled Steam"},{"floor":37.0,"key":"reliquary:TuningFork"},{"floor":37.0,"key":"Darkstone Periapt"},{"floor":37.0,"key":"infinitespire:Golems Mask"},{"floor":43.0,"key":"infinitespire:Midas Blood"},{"floor":59.0,"key":"reliquary:RosewoodLute"},{"floor":62.0,"key":"reliquary:ExpiredCoupon"},{"floor":64.0,"key":"Replay:Ringing Soul"},{"floor":76,"key":"reliquary:Buckler"},{"floor":79,"key":"infinitespire:Satchel"},{"floor":81,"key":"Molten Egg 2"},{"floor":89,"key":"Unceasing Top"},{"floor":93,"key":"reliquary:GummyVitamins"},{"floor":95,"key":"Gremlin Horn"},{"floor":96,"key":"Garlic"},{"floor":97,"key":"hubris:TenFootPole"},{"floor":101,"key":"Art of War"},{"floor":106,"key":"reliquary:Vitrine"},{"floor":110,"key":"infinitespire:PuzzleCube"},{"floor":113,"key":"Bottled Lightning"},{"floor":127,"key":"Boot"},{"floor":130,"key":"hubris:CrystalStatue"}],"event_choices":[{"damage_healed":0.0,"max_hp_gain":0.0,"max_hp_loss":0.0,"gold_gain":75.0,"event_name":"FaceTrader","player_choice":"Touch","floor":2.0,"gold_loss":0.0,"damage_taken":6.0},{"damage_healed":0.0,"max_hp_gain":0.0,"max_hp_loss":0.0,"gold_gain":99.0,"event_name":"Nest","player_choice":"Stole From Cult","floor":20.0,"gold_loss":0.0,"damage_taken":0.0},{"damage_healed":0.0,"max_hp_gain":0.0,"max_hp_loss":0.0,"gold_gain":0.0,"event_name":"Masked Bandits","player_choice":"Fought Bandits","floor":21.0,"gold_loss":0.0,"damage_taken":0.0},{"cards_removed":["Shade:ClawBack"],"damage_healed":5.0,"max_hp_gain":0.0,"max_hp_loss":0.0,"gold_gain":0.0,"event_name":"Bonfire Elementals","player_choice":"Offered Common","floor":25.0,"gold_loss":0.0,"damage_taken":0.0},{"cards_removed":["Shade:ClawBack"],"damage_healed":5.0,"max_hp_gain":0.0,"max_hp_loss":0.0,"gold_gain":0.0,"event_name":"Bonfire Elementals","player_choice":"Offered Special","floor":25.0,"gold_loss":0.0,"damage_taken":0.0},{"damage_healed":0.0,"max_hp_gain":0.0,"max_hp_loss":0.0,"gold_gain":175.0,"event_name":"Liars Game","player_choice":"AGREE","floor":55.0,"gold_loss":0.0,"damage_taken":0.0,"cards_obtained":["Doubt"]},{"damage_healed":0.0,"max_hp_gain":0.0,"max_hp_loss":0.0,"gold_gain":0.0,"event_name":"Golden Idol","player_choice":"Take Damage","floor":58.0,"gold_loss":0.0,"damage_taken":17.0,"relics_obtained":["Golden Idol"]},{"cards_removed":["Shade:CarefulCut"],"damage_healed":0.0,"max_hp_gain":0.0,"max_hp_loss":0.0,"gold_gain":0.0,"event_name":"Living Wall","player_choice":"Forget","floor":65.0,"gold_loss":0.0,"damage_taken":0.0},{"cards_removed":["Shade:GraveStillness"],"damage_healed":5,"gold_gain":0,"player_choice":"Offered Common","damage_taken":0,"max_hp_gain":0,"max_hp_loss":0,"event_name":"Bonfire Elementals","floor":74,"gold_loss":0},{"cards_removed":["Shade:GraveStillness"],"damage_healed":5,"gold_gain":0,"player_choice":"Offered Special","damage_taken":0,"max_hp_gain":0,"max_hp_loss":0,"event_name":"Bonfire Elementals","floor":74,"gold_loss":0},{"damage_healed":0,"gold_gain":0,"player_choice":"Fight","damage_taken":0,"max_hp_gain":0,"max_hp_loss":0,"event_name":"MindBloom","floor":89,"gold_loss":0},{"damage_healed":0,"gold_gain":222,"player_choice":"Wore Mask","damage_taken":0,"max_hp_gain":0,"max_hp_loss":0,"event_name":"Tomb of Lord Red Mask","floor":92,"gold_loss":0},{"damage_healed":0,"gold_gain":0,"player_choice":"Searched \u00272\u0027 times","damage_taken":0,"relics_obtained":["Bag of Preparation"],"max_hp_gain":0,"max_hp_loss":0,"event_name":"Dead Adventurer","floor":115,"gold_loss":0},{"damage_healed":0,"gold_gain":0,"player_choice":"Ignored","damage_taken":0,"max_hp_gain":0,"max_hp_loss":0,"event_name":"Ghosts","floor":123,"gold_loss":0},{"damage_healed":0,"gold_gain":0,"cards_transformed":["Shade:Bonestorm"],"player_choice":"Transformed","damage_taken":0,"max_hp_gain":0,"max_hp_loss":0,"event_name":"Transmorgrifier","floor":124,"gold_loss":0,"cards_obtained":["Shade:LyeBath"]}],"is_beta":false,"boss_relics":[{"not_picked":["Replay:Ancient Bell","Runic Dome"],"picked":"Busted Crown"},{"not_picked":["ReplayTheSpireMod:SealedPack","Cursed Key"],"picked":"hubris:ScarierMask"},{"not_picked":["hubris:Stopwatch","Coffee Dripper"],"picked":"energizedSpire:RedRose"},{"not_picked":["hubris:BlackHole","Snecko Eye"],"picked":"Shade:YorickPolishedSkull"},{"not_picked":["Astrolabe","Tiny House"],"picked":"hubris:Backtick"},{"not_picked":["ChewingGum","SacredBark"],"picked":"Replay:Grab Bag"},{"not_picked":["reliquary:Ember","Velvet Choker"],"picked":"Abe\u0027s Treasure"},{"not_picked":["energizedSpire:EnergizedDie","infinitespire:Cupcake"],"picked":"reliquary:RedCape"},{"not_picked":["Calling Bell","Ring of Chaos"],"picked":"Empty Cage"},{"not_picked":["ReplayTheSpireMod:SealedPack","hubris:GrandSneckoEye"],"picked":"Snecko Eye"},{"not_picked":["Calling Bell","ReplayTheSpireMod:DimensionalGlitch"],"picked":"Astrolabe"}],"items_purged_floors":[29,48,56,73,83,109,109,116,128],"is_endless":true,"potions_floor_spawned":[3,5,10,12,21,23,24,30,33,39,42,47,52,54,66,69,78,81,84,90,93,99,101,103,105,112,115,117,122,126,127,137],"ascension_level":0}}