{"host":"bx8e8mpro7fea2qq","time":1613632545,"event":{"mods":["BaseMod","Better Third Choice","Colored Map","Hermit","Marisa????????","Minty Spire (QoL Compilation)","Rare Cards Sparkle","Reliquary","StSLib","The Bug Knight","The Cursed","The Servant 0.9.4"],"gold_per_floor":[116,116,191,207,207,238,258,274,274,294,306,306,306,6,6,105,105,121,121,37,37,55,86,104,104,152,162,82,82,100,112,112,112,112],"floor_reached":33,"language":"ENG","playtime":2272,"items_purged":[],"score":319,"play_id":"01738bfc-8102-40fd-ae17-290cb69fd83b","local_time":"20210218011545","is_ascension_mode":false,"campfire_choices":[{"floor":13,"key":"REST"},{"floor":15,"key":"REST"},{"floor":25,"key":"REST"},{"floor":29,"key":"REST"},{"floor":32,"key":"REST"}],"circlet_count":0,"master_deck":["Strike_MRS","Strike_MRS","Strike_MRS","Strike_MRS+1","Defend_MRS","Defend_MRS","Defend_MRS","MasterSpark+1","UpSweep","SprinkleStarSeal","DC","PropBag","PowerUp+1","SuperPerseids","PowerUp+1","MilkyWay+1","JA","WitchLeyline","Flash of Steel","PropBag","MagicAbsorber","AsteroidBelt","GrandCross","DC","PowerUp","MilkyWay+1","PowerUp+1","ShootingEcho","WitchLeyline"],"relics":["MiniHakkero","NeowsBlessing","MagicBroom","reliquary:PurpleTingedLeaf","Sling","War Paint","Fusion Hammer","reliquary:FeatherDuster","Dream Catcher","Meat on the Bone","Mercury Hourglass"],"acts_visited":["Exordium","TheCity"],"potions_floor_usage":[16,33,33],"damage_taken":[{"damage":0,"enemies":"Small Slimes","floor":1,"turns":1},{"damage":0,"enemies":"2 Louse","floor":4,"turns":1},{"damage":0,"enemies":"HollowMod:MossKnight","floor":6,"turns":1},{"damage":0,"enemies":"Cultist","floor":7,"turns":2},{"damage":11,"enemies":"Gremlin Gang","floor":8,"turns":5},{"damage":14,"enemies":"Large Slime","floor":10,"turns":6},{"damage":10,"enemies":"Looter","floor":11,"turns":2},{"damage":12,"enemies":"Slime Boss","floor":16,"turns":9},{"damage":0,"enemies":"Chosen","floor":18,"turns":3},{"damage":8,"enemies":"Shell Parasite","floor":22,"turns":3},{"damage":32,"enemies":"Slavers","floor":23,"turns":3},{"damage":12,"enemies":"Centurion and Healer","floor":24,"turns":4},{"damage":29,"enemies":"Snecko","floor":27,"turns":6},{"damage":11,"enemies":"Shelled Parasite and Fungi","floor":30,"turns":4},{"damage":3,"enemies":"Cultist and Chosen","floor":31,"turns":4},{"damage":55,"enemies":"Automaton","floor":33,"turns":6}],"seed_played":"-7619098789371167975","potions_obtained":[{"floor":1,"key":"SmokeBomb"},{"floor":11,"key":"BottledSpark"},{"floor":22,"key":"Ancient Potion"},{"floor":30,"key":"LiquidMemories"}],"is_trial":false,"path_per_floor":["M","?","?","M","?","E","M","M","T","M","M","?","R","$","R","B",null,"M","?","$","?","M","E","M","R","T","M","$","R","M","M","R","B"],"character_chosen":"MARISA","items_purchased":["Sling","War Paint","Flash of Steel","DC","PowerUp"],"campfire_rested":5,"item_purchase_floors":[14,14,20,28,28],"current_hp_per_floor":[75,68,57,57,57,57,57,46,46,33,24,9,31,31,53,44,75,75,75,75,68,61,31,20,42,42,13,13,35,25,23,45,0,0],"gold":112,"neow_bonus":"THREE_ENEMY_KILL","is_daily":false,"chose_seed":false,"campfire_upgraded":0,"win_rate":0.0,"timestamp":1613632545,"path_taken":["M","?","?","M","?","E","M","?","T","?","M","?","R","$","R","BOSS","M","?","?","?","?","E","M","R","T","M","$","R","M","M","R","BOSS"],"items_purchased_type":["Relic","Relic","Card","Card","Card"],"build_version":"2020-12-22","purchased_purges":0,"victory":false,"max_hp_per_floor":[75,75,75,75,75,75,75,75,75,75,75,75,75,75,75,75,75,75,75,75,75,75,75,75,75,75,75,75,75,75,75,75,75,75],"card_choices":[{"not_picked":["Robbery","GravityBeat"],"picked":"SprinkleStarSeal","floor":1},{"not_picked":["DoubleSpark","IllusionStar"],"picked":"DC","floor":4},{"not_picked":["SporeBomb","PowerUp"],"picked":"PropBag","floor":6},{"not_picked":["IllusionStar","DeepEcoloBomb"],"picked":"PowerUp","floor":7},{"not_picked":["DarkSpark","WitchLeyline"],"picked":"SuperPerseids","floor":8},{"not_picked":["BigCrunch","MeteoricShower"],"picked":"PowerUp","floor":10},{"not_picked":["WitchOfGreed","DragonMeteor"],"picked":"MilkyWay","floor":11},{"not_picked":["BigCrunch","MillisecondPulsars"],"picked":"JA","floor":16},{"not_picked":["MagicChant+1","StarlightTyphoon"],"picked":"WitchLeyline","floor":18},{"not_picked":["SporeBomb","PowerUp"],"picked":"PropBag","floor":22},{"not_picked":["AbsoluteMagnitude","EventHorizon+1"],"picked":"MagicAbsorber","floor":23},{"not_picked":["GasGiant+1","GravityBeat"],"picked":"AsteroidBelt","floor":24},{"not_picked":["IllusionStar","ShootingEcho"],"picked":"GrandCross","floor":27},{"not_picked":["PowerUp","OpenUniverse"],"picked":"MilkyWay+1","floor":29},{"not_picked":["StarlightTyphoon","BlazeAway"],"picked":"PowerUp+1","floor":30},{"not_picked":["OpenUniverse","SuperPerseids"],"picked":"ShootingEcho","floor":31},{"not_picked":["MagicAbsorber","GrandCross"],"picked":"WitchLeyline","floor":32}],"player_experience":36335,"relics_obtained":[{"floor":6,"key":"MagicBroom"},{"floor":9,"key":"reliquary:PurpleTingedLeaf"},{"floor":23,"key":"reliquary:FeatherDuster"},{"floor":26,"key":"Dream Catcher"}],"event_choices":[{"cards_removed":["Defend_MRS"],"damage_healed":0,"gold_gain":0,"player_choice":"Card Removal","damage_taken":7,"max_hp_gain":0,"max_hp_loss":0,"event_name":"Golden Wing","floor":2,"gold_loss":0},{"damage_healed":0,"gold_gain":75,"player_choice":"Gold","damage_taken":11,"max_hp_gain":0,"max_hp_loss":0,"event_name":"betterThird:BetterGoop","floor":3,"gold_loss":0},{"damage_healed":0,"gold_gain":0,"player_choice":"Forge","damage_taken":0,"max_hp_gain":0,"max_hp_loss":0,"event_name":"Accursed Blacksmith","floor":5,"gold_loss":0,"cards_upgraded":["MasterSpark"]},{"damage_healed":24,"gold_gain":0,"player_choice":"Upgrade","damage_taken":15,"max_hp_gain":0,"max_hp_loss":75,"event_name":"betterThird:BetterShining","floor":12,"gold_loss":0,"cards_upgraded":["Strike_MRS","PowerUp"]},{"damage_healed":0,"gold_gain":0,"player_choice":"Ignored","damage_taken":0,"max_hp_gain":0,"max_hp_loss":0,"event_name":"Ghosts","floor":19,"gold_loss":0},{"damage_healed":0,"gold_gain":0,"player_choice":"Damaged","damage_taken":7,"max_hp_gain":0,"max_hp_loss":0,"event_name":"Wheel of Change","floor":21,"gold_loss":0}],"is_beta":false,"boss_relics":[{"not_picked":["reliquary:KinkedSpring","SlaversCollar"],"picked":"Fusion Hammer"}],"items_purged_floors":[],"is_endless":false,"potions_floor_spawned":[1,11,22,30],"killed_by":"Automaton","ascension_level":0}}