{"host":"kh6fvhxn285ncg0o","time":1613611299,"event":{"mods":["Act Like it!","BaseMod","Colored Map","Friendly Minions","Keyboard Shortcuts","Minty Spire (QoL Compilation)","Quick Restart","Relic Stats","StSLib","SuperFastMode","UnlockEverythingMod"],"gold_per_floor":[159,219,294,42,76,76,157,202,202,202,266,266,319,319,319,418,418,461,461,115,115,201,201,270,270,293,305,381,84,128,191,191,191,191],"floor_reached":33,"language":"KOR","playtime":1105,"items_purged":["Strike_R","Strike_R"],"score":629,"play_id":"021e0353-4141-4b23-b178-05ae9e79b6c8","local_time":"20210218102139","is_ascension_mode":true,"campfire_choices":[{"data":"HandOfGreed","floor":6.0,"key":"SMITH"},{"data":"Body Slam","floor":12.0,"key":"SMITH"},{"floor":15.0,"key":"DIG"},{"data":"Deep Breath","floor":25,"key":"SMITH"},{"floor":27,"key":"DIG"},{"data":"Rage","floor":32,"key":"SMITH"}],"circlet_count":0,"master_deck":["AscendersBane","Defend_R","Defend_R","Defend_R","Defend_R","Bash","HandOfGreed+1","Shrug It Off","Headbutt","Flash of Steel","Sword Boomerang","Body Slam+1","Evolve","Offering","Deep Breath+1","Intimidate","Rage+1","Evolve","Battle Trance"],"relics":["Black Blood","Red Skull","HornCleat","Shovel","Gambling Chip","Frozen Eye","MawBank","TungstenRod","Lantern"],"acts_visited":["Exordium","TheCity"],"potions_floor_usage":[23,33,33],"damage_taken":[{"damage":22.0,"enemies":"Small Slimes","floor":1.0,"turns":5.0},{"damage":11.0,"enemies":"2 Louse","floor":2.0,"turns":4.0},{"damage":0.0,"enemies":"Cultist","floor":5.0,"turns":3.0},{"damage":22.0,"enemies":"3 Sentries","floor":7.0,"turns":6.0},{"damage":6.0,"enemies":"Looter","floor":8.0,"turns":2.0},{"damage":0.0,"enemies":"Exordium Wildlife","floor":11.0,"turns":4.0},{"damage":0.0,"enemies":"Gremlin Nob","floor":13.0,"turns":3.0},{"damage":29.0,"enemies":"The Guardian","floor":16.0,"turns":9.0},{"damage":6,"enemies":"Spheric Guardian","floor":18,"turns":3},{"damage":14,"enemies":"3 Byrds","floor":22,"turns":7},{"damage":0,"enemies":"Gremlin Leader","floor":23,"turns":2},{"damage":31,"enemies":"Centurion and Healer","floor":24,"turns":12},{"damage":37,"enemies":"Sentry and Sphere","floor":28,"turns":7},{"damage":11,"enemies":"Snake Plant","floor":30,"turns":3},{"damage":10,"enemies":"Cultist and Chosen","floor":31,"turns":5},{"damage":47,"enemies":"Champ","floor":33,"turns":10}],"seed_played":"6567229434907963051","potions_obtained":[{"floor":1.0,"key":"Dexterity Potion"},{"floor":8.0,"key":"AttackPotion"},{"floor":11.0,"key":"PowerPotion"},{"floor":16.0,"key":"EssenceOfSteel"},{"floor":18,"key":"SmokeBomb"},{"floor":30,"key":"AttackPotion"}],"is_trial":false,"path_per_floor":["M","M","?","$","M","R","E","M","T","?","M","R","E","?","R","B",null,"M","?","$","?","M","E","M","R","T","R","M","$","M","M","R","B"],"character_chosen":"IRONCLAD","items_purchased":["Red Skull","Flash of Steel","Deep Breath","Frozen Eye","Evolve","Lantern"],"campfire_rested":0,"item_purchase_floors":[4,4,20,20,29,29],"current_hp_per_floor":[52,47,36,36,42,42,26,26,26,26,32,32,38,31,31,8,53,59,59,59,59,57,68,49,49,49,49,24,24,25,27,27,0,0],"gold":191,"neow_bonus":"RANDOM_COLORLESS_2","is_daily":false,"chose_seed":false,"campfire_upgraded":4,"win_rate":0.0,"timestamp":1613611299,"path_taken":["M","M","?","$","M","R","E","M","T","?","M","R","E","?","R","BOSS","M","?","$","?","M","E","?","R","T","R","M","$","M","M","R","BOSS"],"items_purchased_type":["Relic","Card","Card","Relic","Card","Relic"],"build_version":"2020-12-22","purchased_purges":2,"victory":false,"max_hp_per_floor":[68,68,68,68,68,68,68,68,68,68,68,68,68,68,68,68,68,68,68,68,68,68,68,68,68,68,68,68,68,68,68,68,68,68],"relic_stats":{"Shovel":2,"counters":[16,85],"Gambling Chip":[24],"Black Blood":131,"MawBank":36,"obtain_stats":[{"Frozen Eye":20,"Lantern":29,"HornCleat":7,"Shovel":13,"Gambling Chip":15,"Black Blood":17,"MawBank":26,"Burning Blood":0,"Red Skull":4,"TungstenRod":27},{"Frozen Eye":9,"Lantern":13,"HornCleat":4,"Shovel":7,"Gambling Chip":7,"Black Blood":8,"MawBank":12,"Burning Blood":0,"Red Skull":2,"TungstenRod":12},{"Frozen Eye":39,"Lantern":67,"HornCleat":18,"Shovel":27,"Gambling Chip":27,"Black Blood":36,"MawBank":60,"Burning Blood":0,"Red Skull":9,"TungstenRod":60}],"TungstenRod":14},"card_choices":[{"not_picked":["Magnetism","Secret Weapon"],"picked":"HandOfGreed","floor":0.0},{"not_picked":["Perfected Strike","Headbutt"],"picked":"Shrug It Off","floor":1.0},{"not_picked":["Hemokinesis","Reckless Charge"],"picked":"Headbutt","floor":2.0},{"not_picked":["Spot Weakness","Thunderclap"],"picked":"Sword Boomerang","floor":5.0},{"not_picked":["Headbutt","Havoc"],"picked":"Body Slam","floor":7.0},{"not_picked":["Anger","Twin Strike","Heavy Blade"],"picked":"SKIP","floor":8.0},{"not_picked":["Twin Strike","Inflame","Headbutt"],"picked":"SKIP","floor":11.0},{"not_picked":["Headbutt","Wild Strike"],"picked":"Evolve","floor":13.0},{"not_picked":["Double Tap","Impervious"],"picked":"Offering","floor":16.0},{"not_picked":["Flex","Perfected Strike","Wild Strike"],"picked":"SKIP","floor":22},{"not_picked":["Combust","Flex","Anger+1"],"picked":"SKIP","floor":24},{"not_picked":["Infernal Blade","Armaments"],"picked":"Rage","floor":28},{"not_picked":["Berserk","True Grit"],"picked":"Battle Trance","floor":30},{"not_picked":["Sword Boomerang","Flex","Thunderclap"],"picked":"SKIP","floor":31}],"player_experience":1439877,"relics_obtained":[{"floor":7.0,"key":"HornCleat"},{"floor":13.0,"key":"Shovel"},{"floor":15.0,"key":"Gambling Chip"},{"floor":26,"key":"MawBank"},{"floor":27,"key":"TungstenRod"}],"event_choices":[{"damage_healed":0.0,"max_hp_gain":0.0,"max_hp_loss":0.0,"gold_gain":75.0,"event_name":"World of Goop","player_choice":"Gather Gold","floor":3.0,"gold_loss":0.0,"damage_taken":11.0},{"cards_removed":["Strike_R"],"damage_healed":0.0,"max_hp_gain":0.0,"max_hp_loss":0.0,"gold_gain":0.0,"event_name":"Living Wall","player_choice":"Forget","floor":10.0,"gold_loss":0.0,"damage_taken":0.0},{"cards_removed":["Strike_R"],"damage_healed":0.0,"max_hp_gain":0.0,"max_hp_loss":0.0,"gold_gain":0.0,"event_name":"Golden Wing","player_choice":"Card Removal","floor":14.0,"gold_loss":0.0,"damage_taken":7.0},{"damage_healed":0,"gold_gain":0,"player_choice":"Ignored","damage_taken":0,"max_hp_gain":0,"max_hp_loss":0,"event_name":"The Mausoleum","floor":19,"gold_loss":0},{"damage_healed":0,"gold_gain":0,"cards_transformed":["Strike_R"],"player_choice":"Transformed","damage_taken":0,"max_hp_gain":0,"max_hp_loss":0,"event_name":"Transmorgrifier","floor":21,"gold_loss":0,"cards_obtained":["Intimidate"]}],"is_beta":false,"boss_relics":[{"not_picked":["Tiny House","Snecko Eye"],"picked":"Black Blood"}],"items_purged_floors":[20,29],"is_endless":false,"potions_floor_spawned":[1,8,11,16,18,30],"killed_by":"Champ","ascension_level":20}}