{"host":"nlbr7nnijupf3yfg","time":1613622571,"event":{"mods":["AchievementEnabler","BaseMod","BetterRewards","Card Forge","Colored Powertips","DeckTracker","Downfall","Hubris","Infinite Spire","Minty Spire (QoL Compilation)","Quick Restart","Relic Stats","Replay The Spire","Shop Mod","StSLib","SuperFastMode"],"gold_per_floor":[119,119,141,167,167,167,206,229,254,274,349,276,276,306,306,318,318],"floor_reached":16,"language":"ENG","playtime":220,"items_purged":[],"score":107,"play_id":"10ab89aa-3363-400f-a6f9-0a977b19765e","local_time":"20210217232931","is_ascension_mode":true,"campfire_choices":[{"floor":6,"key":"REST"},{"floor":15,"key":"REST"}],"circlet_count":0,"master_deck":["Strike_B","Strike_B","Strike_B","Strike_B+1","Defend_B","Defend_B","Defend_B+1","Defend_B","Zap","Dualcast","Ball Lightning","Rip and Tear","Time Bomb","Stack","BasicCrystalCard","Capacitor","hubris:Ukulele"],"relics":["Cracked Core","Hammer of Thor","Seething Fire","Anvil of the Gods","Replay:Bandana","Lantern","Pear","hexamod:BolsterEngine","hubris:Towel"],"acts_visited":["Exordium"],"potions_floor_usage":[16,16,16],"damage_taken":[{"damage":10,"enemies":"Jaw Worm","floor":1,"turns":4},{"damage":5,"enemies":"Small Slimes","floor":3,"turns":3},{"damage":0,"enemies":"2 Louse","floor":4,"turns":2},{"damage":20,"enemies":"Gremlin Nob","floor":7,"turns":4},{"damage":22,"enemies":"Exordium Thugs","floor":8,"turns":5},{"damage":2,"enemies":"Blue Slaver","floor":10,"turns":3},{"damage":5,"enemies":"Looter","floor":14,"turns":2},{"damage":52,"enemies":"Slime Boss","floor":16,"turns":6}],"seed_played":"6420987166479323451","potions_obtained":[{"floor":3,"key":"Dexterity Potion"},{"floor":7,"key":"Swift Potion"},{"floor":10,"key":"Strength Potion"}],"is_trial":false,"path_per_floor":["M","?","M","M","?","R","E","M","T","M","?","$","?","M","R","B"],"character_chosen":"DEFECT","items_purchased":["Capacitor"],"campfire_rested":2,"item_purchase_floors":[12],"current_hp_per_floor":[65,65,60,60,45,67,57,35,35,33,22,22,22,17,42,0,0],"gold":318,"neow_bonus":"RANDOM_COMMON_RELIC","is_daily":false,"chose_seed":false,"campfire_upgraded":0,"win_rate":0.0,"timestamp":1613622571,"path_taken":["M","?","M","M","?","R","E","M","T","M","?","$","?","M","R","BOSS"],"items_purchased_type":["Card"],"build_version":"2020-12-22","purchased_purges":0,"victory":false,"max_hp_per_floor":[75,75,75,75,75,75,85,85,85,85,85,85,85,85,85,85,85],"relic_stats":{"counters":[8,29],"obtain_stats":[{"Replay:Bandana":0,"Lantern":2,"Pear":7,"Anvil of the Gods":0,"Hammer of Thor":0,"Seething Fire":0,"hexamod:BolsterEngine":9,"hubris:Towel":13,"Cracked Core":0},{"Replay:Bandana":0,"Lantern":1,"Pear":4,"Anvil of the Gods":0,"Hammer of Thor":0,"Seething Fire":0,"hexamod:BolsterEngine":5,"hubris:Towel":6,"Cracked Core":0},{"Replay:Bandana":0,"Lantern":4,"Pear":13,"Anvil of the Gods":0,"Hammer of Thor":0,"Seething Fire":0,"hexamod:BolsterEngine":18,"hubris:Towel":21,"Cracked Core":0}]},"card_choices":[{"not_picked":["Coolheaded","Steam"],"picked":"Ball Lightning","floor":1},{"not_picked":["Beam Cell","Barrage"],"picked":"Rip and Tear","floor":3},{"not_picked":["hubris:PowerSurge","Panic Button"],"picked":"Time Bomb","floor":4},{"not_picked":["Gash","Meteor Strike"],"picked":"Stack","floor":7},{"not_picked":["Undo","Steam","Beam Cell"],"picked":"SKIP","floor":8},{"not_picked":["ReplayTheSpireMod:Calculation Training","ReplayTheSpireMod:GoodbyeWorld"],"picked":"BasicCrystalCard","floor":10},{"not_picked":["Time Bomb","Compile Driver"],"picked":"hubris:Ukulele","floor":14}],"player_experience":107430,"relics_obtained":[{"floor":2,"key":"Lantern"},{"floor":7,"key":"Pear"},{"floor":9,"key":"hexamod:BolsterEngine"}],"event_choices":[{"damage_healed":0,"gold_gain":0,"player_choice":"Entered Light","damage_taken":15,"max_hp_gain":0,"max_hp_loss":0,"event_name":"Shining Light","floor":5,"gold_loss":0,"cards_upgraded":["Defend_B","Strike_B"]},{"damage_healed":0,"gold_gain":75,"player_choice":"Gather Gold","damage_taken":11,"max_hp_gain":0,"max_hp_loss":0,"event_name":"World of Goop","floor":11,"gold_loss":0}],"is_beta":false,"boss_relics":[],"items_purged_floors":[],"is_endless":false,"potions_floor_spawned":[3,7,10],"killed_by":"Slime Boss","ascension_level":1}}