{"host":"d73an99q9oevilk5","time":1613633185,"event":{"mods":["2.2 Compatiblity","AchievementEnabler","Act Like it!","Aspiration","BaseMod","Beaked The Cultist","Better Third Choice","BetterRewards","Colored Map","Colored Powertips","Conspire","Downfall","GifTheSpireLib","Halation","Hubris","Infinite Spire","Marisa????????","Mimic Mod","Minty Spire (QoL Compilation)","MostiFishMod","Quick Restart","Relic Sorter","Reliquary","Replay The Spire","Shop Mod","Spikes Relics","StSLib","Stuff the Spire","The Cursed","The Jungle","The Necromancer","The Saiyan","Waifu the Spire","egg","slay the spire mod where everything is the same but ironclad has a cowboy hat"],"gold_per_floor":[99,110,120,135,151,151,151,61,87,72,104,121,121,121,121],"floor_reached":14,"language":"ENG","playtime":433,"items_purged":["Amnesia"],"score":100,"play_id":"a6a3f334-d272-471f-9976-36ff6d54d4c7","local_time":"20210218002625","is_ascension_mode":false,"campfire_choices":[{"data":"beaked:Ceremony","floor":1.0,"key":"SMITH"},{"data":"beaked:Foresight","floor":13.0,"key":"SMITH"}],"circlet_count":0,"master_deck":["beaked:Strike_Y","beaked:Strike_Y","beaked:Strike_Y","beaked:Strike_Y","beaked:Strike_Y","beaked:Strike_Y","beaked:Defend_Y","beaked:Defend_Y","beaked:Defend_Y","beaked:Defend_Y","beaked:Ceremony","beaked:Ceremony","beaked:Ceremony+1","beaked:Foresight+1","beaked:Brace","beaked:WarriorEssence","Pain","beaked:Poke","beaked:WarriorSpirit","beaked:CursingBlood","beaked:Hexing"],"relics":["beaked:MendingPlumage","DaveBox","BionicSphere","WarpedTongs","reliquary:QuartzCube","hubris:DisguiseKit","halation:Toothbrush"],"acts_visited":["Exordium"],"potions_floor_usage":[],"damage_taken":[{"damage":24.0,"enemies":"infinitespire:Voidling","floor":2.0,"turns":5.0},{"damage":7.0,"enemies":"conspire:RoseBush","floor":3.0,"turns":4.0},{"damage":13.0,"enemies":"Jaw Worm","floor":4.0,"turns":5.0},{"damage":21.0,"enemies":"Blue Slaver","floor":5.0,"turns":5.0},{"damage":12.0,"enemies":"downfall:FleeingMerchant","floor":8.0,"turns":4.0},{"damage":37.0,"enemies":"Gremlin Nob","floor":9.0,"turns":5.0},{"damage":17.0,"enemies":"downfall:FleeingMerchant","floor":10.0,"turns":4.0},{"damage":15.0,"enemies":"Replay:BlueRogue","floor":11.0,"turns":5.0},{"damage":7.0,"enemies":"2 Fungi Beasts","floor":12.0,"turns":6.0},{"damage":46,"enemies":"Gremlin Nob","floor":14,"turns":5}],"seed_played":"6525594101477108618","potions_obtained":[{"floor":2.0,"key":"Fire Potion"},{"floor":4.0,"key":"Milkshake"},{"floor":5.0,"key":"PowerPotion"}],"is_trial":false,"path_per_floor":["R","M","M","M","M","?","T","$","E","$","E","M","R","E"],"character_chosen":"BEAKED_THE_CULTIST","items_purchased":[],"campfire_rested":0,"item_purchase_floors":[],"current_hp_per_floor":[60,48,50,48,44,44,44,41,19,14,14,23,23,0,0],"gold":121,"neow_bonus":"TWENTY_PERCENT_HP_BONUS","is_daily":false,"chose_seed":false,"campfire_upgraded":2,"win_rate":0.0,"timestamp":1613633185,"path_taken":["R","M","M","?","M","?","T","$","E","?","E","M","R","E"],"items_purchased_type":[],"build_version":"2020-12-22","purchased_purges":1,"victory":false,"max_hp_per_floor":[60,60,60,60,60,60,60,60,60,60,60,60,60,60,60],"card_choices":[{"not_picked":["beaked:MimicHuntress","beaked:BloodForTheGods"],"picked":"beaked:Foresight","floor":2.0},{"not_picked":["beaked:Tweet","beaked:Recite"],"picked":"beaked:Brace","floor":3.0},{"not_picked":["beaked:Daydream","beaked:FeelMyPain"],"picked":"beaked:WarriorEssence","floor":4.0},{"not_picked":["beaked:SacrificialDive","beaked:VigorBurst","beaked:HuntressEssence"],"picked":"SKIP","floor":5.0},{"not_picked":["beaked:DigDeeper","beaked:Overpower"],"picked":"beaked:Poke","floor":8.0},{"not_picked":["beaked:Mantra","beaked:Insight","beaked:Flinch"],"picked":"SKIP","floor":9.0},{"not_picked":["beaked:RitualOfBody","beaked:Poke","MostiFishMod:NewArrival"],"picked":"beaked:WarriorSpirit","floor":10.0},{"not_picked":["beaked:DigDeeper","beaked:Insight","StuffTheSpire:Slingshot"],"picked":"beaked:CursingBlood","floor":11.0},{"not_picked":["beaked:DesperateSwing","beaked:BloodForTheGods","Seeing Red"],"picked":"beaked:Hexing","floor":12.0}],"player_experience":1936027,"relics_obtained":[{"floor":7.0,"key":"reliquary:QuartzCube"},{"floor":9.0,"key":"hubris:DisguiseKit"},{"floor":11.0,"key":"halation:Toothbrush"}],"event_choices":[{"damage_healed":0.0,"max_hp_gain":0.0,"max_hp_loss":0.0,"gold_gain":0.0,"event_name":"Accursed Blacksmith","player_choice":"Rummage","floor":6.0,"gold_loss":0.0,"damage_taken":0.0,"relics_obtained":["WarpedTongs"],"cards_obtained":["Pain"]}],"is_beta":false,"boss_relics":[],"items_purged_floors":[8],"is_endless":false,"potions_floor_spawned":[2,4,5],"killed_by":"Gremlin Nob","ascension_level":0}}