{"host":"yml0ux6c8lqydjlc","time":1613621941,"event":{"mods":["Aspiration","BaseMod","Conspire","Downfall","Hermit","Jedi Mod","Minty Spire (QoL Compilation)","Robot Space Explorer","StSLib"],"gold_per_floor":[116,2,21,38,57,57,87,102,102,102,112,12,80,92,92,189,189,208,16,16,36,36,36,51,51,51,51,83,83,97,114,114,114,114],"floor_reached":33,"language":"ENG","playtime":2077,"items_purged":["Strike_R","Strike_R"],"score":269,"play_id":"649c80a0-2a5b-4fde-92ea-0ff6264d29c0","local_time":"20210217231901","is_ascension_mode":false,"campfire_choices":[{"data":"Iron Wave","floor":6,"key":"SMITH"},{"data":"Sever Soul","floor":10,"key":"SMITH"},{"data":"Armaments","floor":15,"key":"SMITH"},{"data":"Clash","floor":23,"key":"SMITH"},{"data":"Shrug It Off","floor":25,"key":"SMITH"},{"data":"Defend_R","floor":29,"key":"PURGE"},{"data":"Bash","floor":32,"key":"SMITH"}],"circlet_count":0,"master_deck":["Strike_R","Strike_R","Strike_R","Defend_R","Defend_R","Defend_R","Bash+1","Warcry","Sever Soul+1","Iron Wave+1","Thunderclap","Clash+1","Shockwave","Dropkick","Flex","Armaments+1","Pommel Strike","Uppercut","Shrug It Off","Shrug It Off+1","Clash+1","Seeing Red","Thunderclap"],"relics":["Black Blood","Meat on the Bone","jedi:bottledfury","Bronze Scales","aspiration:RitualStick","Bottled Lightning","Peace Pipe"],"acts_visited":["Exordium","TheCity"],"potions_floor_usage":[7,7,16,24,28,33,33],"damage_taken":[{"damage":8,"enemies":"2 Louse","floor":1,"turns":3},{"damage":0,"enemies":"conspire:RoseBush","floor":3,"turns":3},{"damage":2,"enemies":"Cultist","floor":4,"turns":5},{"damage":20,"enemies":"Red Slaver","floor":5,"turns":4},{"damage":8,"enemies":"Gremlin Nob","floor":7,"turns":3},{"damage":0,"enemies":"Large Slime","floor":8,"turns":4},{"damage":0,"enemies":"2 Fungi Beasts","floor":11,"turns":1},{"damage":0,"enemies":"Blue Slaver","floor":14,"turns":3},{"damage":57,"enemies":"Hexaghost","floor":16,"turns":15},{"damage":28,"enemies":"Spheric Guardian","floor":18,"turns":6},{"damage":12,"enemies":"conspire:FuzzyDice","floor":21,"turns":4},{"damage":18,"enemies":"Centurion and Healer","floor":24,"turns":7},{"damage":21,"enemies":"Book of Stabbing","floor":28,"turns":5},{"damage":23,"enemies":"conspire:HollyBat","floor":30,"turns":5},{"damage":1,"enemies":"Cultist and Chosen","floor":31,"turns":3},{"damage":72,"enemies":"conspire:MysteriousRune","floor":33,"turns":12}],"seed_played":"6050617361849972417","potions_obtained":[{"floor":1,"key":"champ:CounterPotion"},{"floor":5,"key":"AttackPotion"},{"floor":8,"key":"DuplicationPotion"},{"floor":11,"key":"Dexterity Potion"},{"floor":16,"key":"Block Potion"},{"floor":21,"key":"Regen Potion"},{"floor":30,"key":"Energy Potion"}],"is_trial":false,"path_per_floor":["M","$","M","M","M","R","E","M","T","R","M","$","?","M","R","B",null,"M","$","?","M","?","R","M","R","T","?","E","R","M","M","R","B"],"character_chosen":"IRONCLAD","items_purchased":["Sever Soul","Bronze Scales","Uppercut"],"campfire_rested":0,"item_purchase_floors":[2,19,19],"current_hp_per_floor":[86,86,88,88,74,74,72,78,78,78,84,84,84,88,88,49,88,72,72,54,66,66,66,69,69,69,69,60,60,61,72,72,0,0],"gold":114,"neow_bonus":"TEN_PERCENT_HP_BONUS","is_daily":false,"chose_seed":false,"campfire_upgraded":6,"win_rate":0.0,"timestamp":1613621941,"path_taken":["M","$","M","M","M","R","E","M","T","R","M","$","?","M","R","BOSS","M","$","?","M","?","R","M","R","T","?","E","R","M","M","R","BOSS"],"items_purchased_type":["Card","Relic","Card"],"build_version":"2020-12-22","purchased_purges":2,"victory":false,"max_hp_per_floor":[88,88,88,88,88,88,88,88,88,88,88,88,88,88,88,88,88,88,88,88,88,88,88,88,88,88,88,88,88,88,88,88,88,88],"card_choices":[{"not_picked":["Infernal Blade","Anger"],"picked":"Warcry","floor":1},{"not_picked":["Intimidate","jedi:fear"],"picked":"Iron Wave","floor":3},{"not_picked":["Anger","Perfected Strike"],"picked":"Thunderclap","floor":4},{"not_picked":["Sword Boomerang","Rampage"],"picked":"Clash","floor":5},{"not_picked":["Metallicize","Wild Strike"],"picked":"Shockwave","floor":7},{"not_picked":["Second Wind","Iron Wave"],"picked":"Dropkick","floor":8},{"not_picked":["Uppercut","Warcry"],"picked":"Flex","floor":11},{"not_picked":["Cleave","Whirlwind"],"picked":"Armaments","floor":14},{"not_picked":["Perfected Strike+1","Combust+1"],"picked":"Pommel Strike","floor":18},{"not_picked":["Armaments","True Grit"],"picked":"Shrug It Off","floor":21},{"not_picked":["Ghostly Armor","Shockwave"],"picked":"Shrug It Off","floor":24},{"not_picked":["Anger","Fiend Fire","Flex+1"],"picked":"SKIP","floor":28},{"not_picked":["Metallicize","Thunderclap"],"picked":"Seeing Red","floor":30},{"not_picked":["Spot Weakness","Anger"],"picked":"Thunderclap","floor":31}],"player_experience":116900,"relics_obtained":[{"floor":7,"key":"Meat on the Bone"},{"floor":9,"key":"jedi:bottledfury"},{"floor":26,"key":"Bottled Lightning"},{"floor":28,"key":"Peace Pipe"}],"event_choices":[{"damage_healed":0,"gold_gain":68,"player_choice":"Gained Gold","damage_taken":0,"max_hp_gain":0,"max_hp_loss":0,"event_name":"Golden Wing","floor":13,"gold_loss":0},{"damage_healed":0,"gold_gain":0,"player_choice":"Ignored","damage_taken":0,"max_hp_gain":0,"max_hp_loss":0,"event_name":"Vampires","floor":22,"gold_loss":0},{"damage_healed":0,"gold_gain":0,"player_choice":"Copied","damage_taken":0,"max_hp_gain":0,"max_hp_loss":0,"event_name":"Duplicator","floor":27,"gold_loss":0,"cards_obtained":["Clash"]}],"is_beta":false,"boss_relics":[{"not_picked":["conspire:RunicOctahedron","conspire:SeveredTorchhead"],"picked":"Black Blood"}],"items_purged_floors":[2,12],"is_endless":false,"potions_floor_spawned":[1,5,8,11,16,21,30],"killed_by":"conspire:MysteriousRune","ascension_level":0}}