{"host":"ufl0k2so27eic2iy","time":1613657325,"event":{"mods":["100% Spire Juice","BaseMod","ChefMod","Curses Come First","Downfall","Minty Spire (QoL Compilation)","Replay The Spire","StSLib","The Animator","The Cursed","The Marked"],"gold_per_floor":[109,109,126,140,157,157,188,188,212,212,243,100,80,99,99,196,196,166,178,178,190,8,40,74,103,103,22,22,22,22,36,36,140,140,153,165,183,194,204,204,232,250,250,250,250,250,250,250,250,250,250,250,48,82,82,82],"floor_reached":55,"language":"ENG","playtime":4023,"items_purged":["chefmod:Strike","chefmod:Strike"],"score":695,"play_id":"fce136cd-1383-40e5-8198-7e5d9593e3e8","local_time":"20210218140845","is_ascension_mode":false,"campfire_choices":[{"data":"chefmod:FiveAlarmChili","floor":8.0,"key":"SMITH"},{"data":"chefmod:KnifeFlurry","floor":10.0,"key":"SMITH"},{"data":"chefmod:FreezeSolid","floor":15.0,"key":"SMITH"},{"floor":29.0,"key":"REST"},{"floor":40.0,"key":"REST"},{"floor":44,"key":"RECALL"},{"floor":47,"key":"REST"},{"data":"chefmod:Tenderizer","floor":49,"key":"SMITH"},{"data":"chefmod:OrderUp","floor":52,"key":"SMITH"}],"circlet_count":0,"master_deck":["chefmod:QuickThaw","chefmod:Defend","chefmod:Defend","chefmod:TodaysSpecial","chefmod:FiveAlarmChili+1","chefmod:IcePick","chefmod:Tenderizer+1","chefmod:FryPan","chefmod:Granita","chefmod:FreezeSolid+1","chefmod:OrderUp+1","chefmod:Ratatouille+1","chefmod:Bruschetta","chefmod:FreezeSolid+1","chefmod:ZaruSoba","chefmod:Gelato+1","chefmod:BleedOut","chefmod:Chop+1","chefmod:LiquidNitrogen+1","chefmod:BaoBuns+1","chefmod:FarmersMarket+1","chefmod:TwoForOne+1","chefmod:FreezerBurn"],"relics":["chefmod:TrustyPot","Juzu Bracelet","bronze:BronzeIdol","Centennial Puzzle","Sozu","MutagenicStrength","Akabeko","Red Mask","Lizard Tail","Empty Cage","Anchor","Chameleon Ring","Ornamental Fan","Kunai"],"acts_visited":["Exordium","TheCity","TheBeyond","TheEnding"],"potions_floor_usage":[],"damage_taken":[{"damage":0.0,"enemies":"Jaw Worm","floor":1.0,"turns":4.0},{"damage":0.0,"enemies":"Cultist","floor":3.0,"turns":4.0},{"damage":0.0,"enemies":"Small Slimes","floor":4.0,"turns":3.0},{"damage":1.0,"enemies":"Red Slaver","floor":5.0,"turns":3.0},{"damage":26.0,"enemies":"3 Sentries","floor":7.0,"turns":7.0},{"damage":15.0,"enemies":"Gremlin Nob","floor":11.0,"turns":4.0},{"damage":0.0,"enemies":"Gremlin Gang","floor":14.0,"turns":6.0},{"damage":29.0,"enemies":"Fading Forest","floor":16.0,"turns":11.0},{"damage":8.0,"enemies":"2 Thieves","floor":18.0,"turns":5.0},{"damage":9.0,"enemies":"Shell Parasite","floor":19.0,"turns":4.0},{"damage":1.0,"enemies":"Centurion and Healer","floor":21.0,"turns":9.0},{"damage":17.0,"enemies":"Gremlin Leader","floor":23.0,"turns":8.0},{"damage":9.0,"enemies":"Masked Bandits","floor":24.0,"turns":6.0},{"damage":21.0,"enemies":"Book of Stabbing","floor":25.0,"turns":8.0},{"damage":4.0,"enemies":"Cultist and Chosen","floor":31.0,"turns":8.0},{"damage":14.0,"enemies":"Collector","floor":33.0,"turns":18.0},{"damage":57.0,"enemies":"3 Darklings","floor":35.0,"turns":11.0},{"damage":3.0,"enemies":"3 Shapes","floor":36.0,"turns":5.0},{"damage":6.0,"enemies":"Transient","floor":37.0,"turns":5.0},{"damage":0.0,"enemies":"Maw","floor":38.0,"turns":8.0},{"damage":3.0,"enemies":"Spire Growth","floor":39.0,"turns":6.0},{"damage":6,"enemies":"R_Hoarder","floor":41,"turns":10},{"damage":18,"enemies":"Jaw Worm Horde","floor":42,"turns":8},{"damage":77,"enemies":"Awakened One","floor":50,"turns":23},{"damage":38,"enemies":"Shield and Spear","floor":54,"turns":10},{"damage":51,"enemies":"The Heart","floor":55,"turns":15}],"seed_played":"-3156075239777495824","potions_obtained":[{"floor":3.0,"key":"DistilledChaos"},{"floor":4.0,"key":"chefmod:PotionOfPlenty"},{"floor":5.0,"key":"EssenceOfSteel"},{"floor":11.0,"key":"DistilledChaos"},{"floor":13.0,"key":"Adrenaline Potion"},{"floor":16.0,"key":"CultistPotion"}],"is_trial":false,"path_per_floor":["M","?","M","M","M","?","E","R","T","R","E","$","?","M","R","B",null,"M","M","?","M","$","E","?","E","T","$","?","R","$","M","R","B",null,"M","M","M","M","M","R","E","M","T","R","?","T","R","$","R","B",null,"R","$","E","B"],"character_chosen":"THE_CHEF","items_purchased":["chefmod:FreezeSolid","chefmod:FreezeSolid","chefmod:BleedOut","chefmod:TwoForOne+1","chefmod:FreezerBurn"],"campfire_rested":3,"item_purchase_floors":[12,22,27,53,53],"current_hp_per_floor":[83,83,83,83,82,82,56,56,56,56,41,41,41,41,41,12,83,75,66,66,65,65,48,39,18,18,18,18,42,42,38,62,48,83,26,23,17,17,14,38,32,14,14,14,14,14,38,38,38,9,83,83,83,45,0,0],"gold":82,"neow_bonus":"TEN_PERCENT_HP_BONUS","is_daily":false,"chose_seed":false,"campfire_upgraded":5,"win_rate":0.0,"timestamp":1613657325,"path_taken":["M","?","M","M","?","?","E","R","T","R","E","$","?","M","R","BOSS","M","M","?","M","$","E","?","E","T","$","?","R","?","M","R","BOSS","M","M","M","M","M","R","E","M","T","R","?","?","R","?","R","BOSS","R","$","E","BOSS"],"items_purchased_type":["Card","Card","Card","Card","Card"],"build_version":"2020-12-22","purchased_purges":2,"victory":false,"max_hp_per_floor":[83,83,83,83,83,83,83,83,83,83,83,83,83,83,83,83,83,83,83,83,83,83,83,83,83,83,83,83,83,83,83,83,83,83,83,83,83,83,83,83,83,83,83,83,83,83,83,83,83,83,83,83,83,83,83,83],"card_choices":[{"not_picked":["chefmod:Puree","chefmod:FryPan"],"picked":"chefmod:KnifeFlurry","floor":1.0},{"not_picked":["chefmod:CayenneCloud","chefmod:FryPan"],"picked":"chefmod:FiveAlarmChili","floor":3.0},{"not_picked":["chefmod:DimSum","chefmod:Puree"],"picked":"chefmod:IcePick","floor":4.0},{"not_picked":["chefmod:Sorbet","chefmod:SaveForLater"],"picked":"chefmod:Tenderizer","floor":5.0},{"not_picked":["chefmod:GroceryDelivery","chefmod:MonsterBait"],"picked":"chefmod:Granita","floor":7.0},{"not_picked":["chefmod:IcePick","chefmod:Chop","chefmod:Gelato"],"picked":"SKIP","floor":11.0},{"not_picked":["chefmod:IcePick","chefmod:Chop","chefmod:Gelato"],"picked":"SKIP","floor":11.0},{"not_picked":["chefmod:IcePick","chefmod:HotSoup","chefmod:DinoKale"],"picked":"SKIP","floor":14.0},{"not_picked":["chefmod:Mince","chefmod:RisingDough"],"picked":"chefmod:OrderUp","floor":16.0},{"not_picked":["chefmod:DinoKale","chefmod:Defrost"],"picked":"chefmod:Ratatouille+1","floor":18.0},{"not_picked":["chefmod:IceCreamCone+1","chefmod:DoubleChop","chefmod:SliceAndDice+1"],"picked":"SKIP","floor":19.0},{"not_picked":["chefmod:Granita","chefmod:DinoKale"],"picked":"chefmod:Bruschetta","floor":21.0},{"not_picked":["chefmod:SpaghettiCarbonara","chefmod:KnifeFlurry","chefmod:FireUp"],"picked":"SKIP","floor":23.0},{"not_picked":["chefmod:Cleavers","chefmod:Ratatouille"],"picked":"chefmod:ZaruSoba","floor":24.0},{"not_picked":["chefmod:DimSum","chefmod:CandyBowl"],"picked":"chefmod:Gelato+1","floor":25.0},{"not_picked":["chefmod:HotSoup+1","chefmod:Omelette"],"picked":"chefmod:Chop+1","floor":31.0},{"not_picked":["chefmod:AlooGobi","chefmod:BaoBuns"],"picked":"chefmod:LiquidNitrogen+1","floor":35.0},{"not_picked":["chefmod:Chop+1","chefmod:Sorbet+1"],"picked":"chefmod:BaoBuns+1","floor":36.0},{"not_picked":["chefmod:FireUp","chefmod:Julienne","chefmod:Fillet+1"],"picked":"SKIP","floor":37.0},{"not_picked":["chefmod:Julienne+1","chefmod:IceCreamCone","chefmod:Gelato+1"],"picked":"SKIP","floor":38.0},{"not_picked":["chefmod:Omelette","chefmod:ZaruSoba","chefmod:Sorbet+1"],"picked":"SKIP","floor":39.0},{"not_picked":["chefmod:Gelato+1","chefmod:FireUp","chefmod:Granita"],"picked":"SKIP","floor":41},{"not_picked":["chefmod:Ratatouille","chefmod:Omelette+1"],"picked":"chefmod:FarmersMarket+1","floor":42},{"not_picked":["chefmod:BaoBuns","chefmod:CayenneCloud+1","chefmod:LiquidNitrogen"],"picked":"SKIP","floor":54}],"player_experience":2841020,"relics_obtained":[{"floor":7.0,"key":"Juzu Bracelet"},{"floor":9.0,"key":"bronze:BronzeIdol"},{"floor":11.0,"key":"Centennial Puzzle"},{"floor":23.0,"key":"Akabeko"},{"floor":24.0,"key":"Red Mask"},{"floor":25.0,"key":"Lizard Tail"},{"floor":41,"key":"Anchor"},{"floor":43,"key":"Chameleon Ring"},{"floor":46,"key":"Ornamental Fan"},{"floor":54,"key":"Kunai"}],"event_choices":[{"cards_removed":["chefmod:Strike"],"damage_healed":0.0,"max_hp_gain":0.0,"max_hp_loss":0.0,"gold_gain":0.0,"event_name":"Bonfire Elementals","player_choice":"Offered Basic","floor":2.0,"gold_loss":0.0,"damage_taken":0.0},{"damage_healed":0.0,"max_hp_gain":0.0,"max_hp_loss":0.0,"gold_gain":0.0,"cards_transformed":["chefmod:Strike"],"event_name":"Transmorgrifier","player_choice":"Transformed","floor":6.0,"gold_loss":0.0,"damage_taken":0.0,"cards_obtained":["chefmod:FryPan"]},{"damage_healed":0.0,"max_hp_gain":0.0,"max_hp_loss":0.0,"gold_gain":0.0,"event_name":"The Woman in Blue","player_choice":"Bought 1 Potion","floor":13.0,"gold_loss":0.0,"damage_taken":0.0},{"damage_healed":0.0,"max_hp_gain":0.0,"max_hp_loss":0.0,"gold_gain":0.0,"event_name":"Drug Dealer","player_choice":"Inject Mutagens","floor":20.0,"gold_loss":0.0,"damage_taken":0.0,"relics_obtained":["MutagenicStrength"]},{"damage_healed":0.0,"max_hp_gain":0.0,"max_hp_loss":0.0,"gold_gain":0.0,"event_name":"Masked Bandits","player_choice":"Fought Bandits","floor":24.0,"gold_loss":0.0,"damage_taken":0.0},{"cards_removed":["chefmod:KnifeFlurry"],"damage_healed":0,"gold_gain":0,"player_choice":"Removed Attack","damage_taken":0,"max_hp_gain":0,"max_hp_loss":0,"event_name":"Falling","floor":45,"gold_loss":0}],"is_beta":false,"boss_relics":[{"not_picked":["Tiny House","ChewingGum"],"picked":"Sozu"},{"not_picked":["Pandora\u0027s Box","Coffee Dripper"],"picked":"Empty Cage"}],"items_purged_floors":[12,22],"is_endless":false,"potions_floor_spawned":[3,4,5,11,16,19,23,24,25,37,38,42,54],"killed_by":"The Heart","ascension_level":0}}