{"host":"u6f15rvcj4nca0wu","time":1613688022,"event":{"mods":["BaseMod","Bestiary","Colored Map","Highlight Path","Minty Spire (Améliorations d\u0027érgonomie)","Relic Stats"],"gold_per_floor":[115,128,1,21,37,37,50,50,130,130,130,130,95,112,112,215,215,232,232,251,268,284,284,302,302,326,326,346,361,391,391,391,488,488,501,516,534,257,277,305,321,321,370,116,133,148,148,163,163,163],"floor_reached":51,"language":"FRA","playtime":14193,"items_purged":["Strike_P"],"score":647,"play_id":"80b206ab-dda3-44e9-80eb-ff4d688554c2","local_time":"20210218234022","is_ascension_mode":false,"campfire_choices":[{"data":"BowlingBash","floor":6.0,"key":"SMITH"},{"data":"Eruption","floor":8.0,"key":"SMITH"},{"data":"Worship","floor":10.0,"key":"SMITH"},{"data":"JustLucky","floor":12.0,"key":"SMITH"},{"data":"CrushJoints","floor":15.0,"key":"SMITH"},{"data":"EmptyFist","floor":23.0,"key":"SMITH"},{"floor":25.0,"key":"REST"},{"data":"LessonLearned","floor":27.0,"key":"SMITH"},{"floor":32.0,"key":"REST"},{"floor":42.0,"key":"REST"},{"floor":47.0,"key":"REST"},{"floor":49.0,"key":"REST"}],"circlet_count":0,"master_deck":["Strike_P+1","Strike_P+1","Defend_P+1","Defend_P+1","Defend_P+1","Eruption+1","Vigilance+1","EmptyBody+1","BowlingBash+1","DeceiveReality","JustLucky+1","Worship+1","CrushJoints+1","LessonLearned+1","EmptyFist+1","FollowUp+1","ThirdEye+1","CrushJoints+1","BowlingBash","Devotion","PathToVictory","Consecrate","FlyingSleeves","DevaForm","BattleHymn+1","Conclude+1","Perseverance+1","EmptyBody","BowlingBash+1","Prostrate+1","Sanctity+1","ClearTheMind+1","JustLucky","ForeignInfluence"],"relics":["PureWater","NeowsBlessing","Meat on the Bone","Snecko Eye","Omamori","WingedGreaves","Calling Bell","Ancient Tea Set","Mercury Hourglass","Ginger","Sling","Orichalcum","Regal Pillow","TheAbacus"],"acts_visited":["Exordium","TheCity","TheBeyond"],"potions_floor_usage":[50,50,50],"damage_taken":[{"damage":0.0,"enemies":"Jaw Worm","floor":1.0,"turns":1.0},{"damage":0.0,"enemies":"Small Slimes","floor":2.0,"turns":1.0},{"damage":0.0,"enemies":"Cultist","floor":4.0,"turns":1.0},{"damage":3.0,"enemies":"Large Slime","floor":5.0,"turns":5.0},{"damage":0.0,"enemies":"Gremlin Gang","floor":7.0,"turns":5.0},{"damage":0.0,"enemies":"Exordium Thugs","floor":14.0,"turns":3.0},{"damage":24.0,"enemies":"Hexaghost","floor":16.0,"turns":7.0},{"damage":0.0,"enemies":"2 Thieves","floor":18.0,"turns":3.0},{"damage":20.0,"enemies":"Chosen","floor":20.0,"turns":6.0},{"damage":4.0,"enemies":"Snake Plant","floor":21.0,"turns":3.0},{"damage":0.0,"enemies":"Centurion and Healer","floor":22.0,"turns":5.0},{"damage":12.0,"enemies":"Cultist and Chosen","floor":24.0,"turns":6.0},{"damage":7.0,"enemies":"Shelled Parasite and Fungi","floor":28.0,"turns":5.0},{"damage":13.0,"enemies":"Snake Plant","floor":29.0,"turns":5.0},{"damage":38.0,"enemies":"Slavers","floor":30.0,"turns":6.0},{"damage":24.0,"enemies":"Collector","floor":33.0,"turns":5.0},{"damage":2.0,"enemies":"Orb Walker","floor":35.0,"turns":2.0},{"damage":22.0,"enemies":"3 Darklings","floor":36.0,"turns":5.0},{"damage":0.0,"enemies":"Transient","floor":37.0,"turns":5.0},{"damage":2.0,"enemies":"Jaw Worm Horde","floor":39.0,"turns":4.0},{"damage":1.0,"enemies":"Giant Head","floor":40.0,"turns":5.0},{"damage":16.0,"enemies":"Writhing Mass","floor":41.0,"turns":5.0},{"damage":20.0,"enemies":"3 Darklings","floor":45.0,"turns":3.0},{"damage":33.0,"enemies":"Maw","floor":46.0,"turns":7.0},{"damage":5.0,"enemies":"Sphere and 2 Shapes","floor":48.0,"turns":4.0},{"damage":81,"enemies":"Awakened One","floor":50,"turns":9}],"seed_played":"-471817106475219671","potions_obtained":[{"floor":4.0,"key":"EntropicBrew"},{"floor":5.0,"key":"EntropicBrew"},{"floor":14.0,"key":"PowerPotion"},{"floor":16.0,"key":"SkillPotion"},{"floor":21.0,"key":"SkillPotion"},{"floor":28.0,"key":"FearPotion"},{"floor":29.0,"key":"BottledMiracle"},{"floor":30.0,"key":"Fire Potion"},{"floor":36.0,"key":"EntropicBrew"},{"floor":48.0,"key":"BlessingOfTheForge"}],"is_trial":false,"path_per_floor":["M","M","$","M","M","R","M","R","T","R","?","R","?","M","R","B",null,"M","?","M","M","M","R","M","R","T","R","M","M","E","?","R","B",null,"M","M","M","$","M","E","M","R","T","$","M","M","R","M","R","B",null],"character_chosen":"WATCHER","items_purchased":["Explosive Potion","Energy Potion","Sling","EmptyBody","BowlingBash","FairyPotion","TheAbacus"],"campfire_rested":5,"item_purchase_floors":[3,38,38,38,38,44,44],"current_hp_per_floor":[72,72,72,72,69,69,69,69,69,69,55,55,72,72,72,48,72,72,72,52,48,48,48,48,69,69,69,62,49,23,23,44,32,72,70,48,48,48,46,45,41,62,62,62,42,21,57,52,72,33],"gold":163,"neow_bonus":"THREE_ENEMY_KILL","is_daily":false,"chose_seed":false,"campfire_upgraded":7,"win_rate":0.0,"timestamp":1613688022,"path_taken":["M","M","$","M","M","R","M","R","T","R","?","R","?","M","R","BOSS","M","?","M","M","M","R","M","R","T","R","M","?","E","?","R","BOSS","M","M","M","$","M","E","M","R","T","$","?","M","R","M","R","BOSS"],"items_purchased_type":["Potion","Potion","Relic","Card","Card","Potion","Relic"],"build_version":"2020-12-13","purchased_purges":1,"victory":true,"max_hp_per_floor":[72,72,72,72,72,72,72,72,72,72,72,72,72,72,72,72,72,72,72,72,72,72,72,72,72,72,72,72,72,72,72,72,72,72,72,72,72,72,72,72,72,72,72,72,72,72,72,72,72,72],"relic_stats":{"Regal Pillow":15,"TheAbacus":[18],"counters":[26,115],"Snecko Eye":[168,145,165,131],"Ginger":[9],"Orichalcum":[24],"obtain_stats":[{"Regal Pillow":43,"NeowsBlessing":0,"Omamori":26,"Ginger":34,"Orichalcum":40,"Ancient Tea Set":34,"Sling":38,"Mercury Hourglass":34,"Calling Bell":34,"TheAbacus":44,"Snecko Eye":17,"WingedGreaves":30,"PureWater":0,"Meat on the Bone":9},{"Regal Pillow":22,"NeowsBlessing":0,"Omamori":12,"Ginger":16,"Orichalcum":21,"Ancient Tea Set":16,"Sling":19,"Mercury Hourglass":16,"Calling Bell":16,"TheAbacus":22,"Snecko Eye":7,"WingedGreaves":15,"PureWater":0,"Meat on the Bone":5},{"Regal Pillow":92,"NeowsBlessing":0,"Omamori":46,"Ginger":67,"Orichalcum":87,"Ancient Tea Set":67,"Sling":79,"Mercury Hourglass":67,"Calling Bell":67,"TheAbacus":92,"Snecko Eye":23,"WingedGreaves":62,"PureWater":0,"Meat on the Bone":13}],"Meat on the Bone":72,"Mercury Hourglass":[168]},"card_choices":[{"not_picked":["CrushJoints","FlyingSleeves"],"picked":"EmptyBody","floor":1.0},{"not_picked":["MentalFortress","SandsOfTime"],"picked":"BowlingBash","floor":2.0},{"not_picked":["SignatureMove","CrushJoints"],"picked":"DeceiveReality","floor":4.0},{"not_picked":["EmptyBody","Perseverance"],"picked":"JustLucky","floor":5.0},{"not_picked":["PathToVictory","JustLucky"],"picked":"Worship","floor":7.0},{"not_picked":["CutThroughFate","Tantrum"],"picked":"CrushJoints","floor":14.0},{"not_picked":["Wish","Alpha"],"picked":"LessonLearned","floor":16.0},{"not_picked":["FollowUp","PathToVictory"],"picked":"EmptyFist","floor":18.0},{"not_picked":["WindmillStrike","Prostrate"],"picked":"FollowUp+1","floor":20.0},{"not_picked":["Crescendo+1","PathToVictory+1"],"picked":"ThirdEye+1","floor":21.0},{"not_picked":["CutThroughFate","SandsOfTime"],"picked":"CrushJoints+1","floor":22.0},{"not_picked":["Protect","MentalFortress"],"picked":"BowlingBash","floor":24.0},{"not_picked":["FlyingSleeves","FollowUp"],"picked":"Devotion","floor":28.0},{"not_picked":["FlyingSleeves","Wallop"],"picked":"PathToVictory","floor":29.0},{"not_picked":["Adaptation","BowlingBash"],"picked":"Consecrate","floor":30.0},{"not_picked":["LessonLearned","Establishment"],"picked":"DevaForm","floor":33.0},{"not_picked":["Perseverance+1","Adaptation+1"],"picked":"BattleHymn+1","floor":35.0},{"not_picked":["ThirdEye","JustLucky"],"picked":"Conclude+1","floor":36.0},{"not_picked":["Conclude","EmptyFist"],"picked":"Perseverance+1","floor":37.0},{"not_picked":["CrushJoints","Halt+1"],"picked":"Prostrate","floor":39.0},{"not_picked":["CrushJoints+1","EmptyBody"],"picked":"Sanctity+1","floor":40.0},{"not_picked":["FlyingSleeves","BattleHymn+1"],"picked":"ClearTheMind+1","floor":41.0},{"not_picked":["Conclude+1","LessonLearned","WreathOfFlame+1"],"picked":"SKIP","floor":45.0},{"not_picked":["Conclude+1","LessonLearned","WreathOfFlame+1"],"picked":"SKIP","floor":45.0},{"not_picked":["ThirdEye","Consecrate"],"picked":"JustLucky","floor":46.0},{"not_picked":["FollowUp","EmptyBody+1"],"picked":"ForeignInfluence","floor":48.0}],"player_experience":248356,"relics_obtained":[{"floor":9.0,"key":"Meat on the Bone"},{"floor":26.0,"key":"Omamori"},{"floor":30.0,"key":"WingedGreaves"},{"floor":34.0,"key":"Ancient Tea Set"},{"floor":34.0,"key":"Mercury Hourglass"},{"floor":34.0,"key":"Ginger"},{"floor":40.0,"key":"Orichalcum"},{"floor":43.0,"key":"Regal Pillow"}],"event_choices":[{"damage_healed":0.0,"max_hp_gain":0.0,"max_hp_loss":0.0,"gold_gain":0.0,"event_name":"Shining Light","player_choice":"Entered Light","floor":11.0,"gold_loss":0.0,"damage_taken":14.0,"cards_upgraded":["Strike_P","Vigilance"]},{"damage_healed":18.0,"max_hp_gain":0.0,"max_hp_loss":0.0,"gold_gain":0.0,"event_name":"The Cleric","player_choice":"Healed","floor":13.0,"gold_loss":35.0,"damage_taken":0.0},{"cards_removed":["Strike_P"],"damage_healed":0.0,"max_hp_gain":0.0,"max_hp_loss":0.0,"gold_gain":0.0,"event_name":"Bonfire Elementals","player_choice":"Offered Basic","floor":19.0,"gold_loss":0.0,"damage_taken":0.0},{"damage_healed":0.0,"max_hp_gain":0.0,"max_hp_loss":0.0,"gold_gain":0.0,"cards_transformed":["Defend_P"],"event_name":"Transmorgrifier","player_choice":"Transformed","floor":31.0,"gold_loss":0.0,"damage_taken":0.0,"cards_obtained":["FlyingSleeves"]}],"is_beta":false,"boss_relics":[{"not_picked":["Velvet Choker","Sozu"],"picked":"Snecko Eye"},{"not_picked":["Runic Dome","SacredBark"],"picked":"Calling Bell"}],"items_purged_floors":[3],"is_endless":false,"potions_floor_spawned":[4,5,14,16,21,28,29,30,36,39,48],"ascension_level":0}}