{"host":"sc0o2qwpf9j16a4i","time":1613657014,"event":{"mods":["AchievementEnabler","BaseMod","BetterRewards","Block Reminder","Colored Map","Colored Powertips","Custom Start","Highlight Path","Minty Spire (QoL Compilation)","Relic Stats"],"gold_per_floor":[113,125,125,135,135,169,169,203,226,236,254,254,270,293,293,370,370,388,388,399,399,399,399,424,444,444,444,444],"floor_reached":27,"language":"ENG","playtime":843,"items_purged":[],"score":536,"play_id":"6346c573-b3ed-4a4b-8272-f4607572c6a2","local_time":"20210218160334","is_ascension_mode":true,"campfire_choices":[{"data":"Uppercut","floor":7,"key":"SMITH"},{"floor":12,"key":"REST"},{"floor":15,"key":"REST"},{"data":"Burning Pact","floor":23,"key":"SMITH"}],"circlet_count":0,"master_deck":["AscendersBane","Bash","Body Slam","Pommel Strike","Clash+1","Metallicize","Brutality","Power Through","Rupture+1","Uppercut+1","Second Wind","Uppercut","Burning Pact+1","Flame Barrier","Battle Trance","Sentinel","Disarm","Combust","Heavy Blade","Feed","Uppercut+1","Evolve","Pain","Shockwave","Burning Pact"],"relics":["Pandora\u0027s Box","Dream Catcher","Bag of Marbles","Pen Nib","Smiling Mask","Philosopher\u0027s Stone","StrikeDummy","WarpedTongs","HornCleat","Red Skull"],"acts_visited":["Exordium","TheCity"],"potions_floor_usage":[6,8,16,18,20,25],"damage_taken":[{"damage":12,"enemies":"Small Slimes","floor":1,"turns":3},{"damage":0,"enemies":"2 Louse","floor":2,"turns":2},{"damage":6,"enemies":"Cultist","floor":4,"turns":4},{"damage":27,"enemies":"3 Sentries","floor":6,"turns":7},{"damage":37,"enemies":"Gremlin Nob","floor":8,"turns":5},{"damage":4,"enemies":"Exordium Wildlife","floor":10,"turns":5},{"damage":2,"enemies":"Red Slaver","floor":11,"turns":4},{"damage":0,"enemies":"Looter","floor":13,"turns":2},{"damage":26,"enemies":"The Guardian","floor":16,"turns":6},{"damage":9,"enemies":"Shell Parasite","floor":18,"turns":3},{"damage":2,"enemies":"Spheric Guardian","floor":20,"turns":4},{"damage":49,"enemies":"Book of Stabbing","floor":24,"turns":4},{"damage":11,"enemies":"3 Cultists","floor":25,"turns":4},{"damage":19,"enemies":"Gremlin Leader","floor":27,"turns":3}],"seed_played":"3017049718682578369","potions_obtained":[{"floor":1,"key":"FearPotion"},{"floor":4,"key":"ColorlessPotion"},{"floor":8,"key":"Explosive Potion"},{"floor":10,"key":"ColorlessPotion"},{"floor":16,"key":"Swift Potion"},{"floor":18,"key":"Regen Potion"},{"floor":25,"key":"SpeedPotion"}],"is_trial":false,"path_per_floor":["M","M","?","M","?","E","R","E","T","M","M","R","M","T","R","B",null,"M","T","M","?","?","R","E","M","T","E"],"character_chosen":"IRONCLAD","items_purchased":[],"campfire_rested":2,"item_purchase_floors":[],"current_hp_per_floor":[56,56,33,27,75,48,48,11,11,7,5,27,27,27,49,23,62,53,53,66,66,66,66,20,13,13,0,0],"gold":444,"neow_bonus":"BOSS_RELIC","is_daily":false,"chose_seed":false,"campfire_upgraded":2,"win_rate":0.0,"timestamp":1613657014,"path_taken":["M","M","?","M","?","E","R","E","T","M","M","R","?","?","R","BOSS","M","?","M","?","?","R","E","?","T","E"],"items_purchased_type":[],"build_version":"2020-12-22","purchased_purges":0,"victory":false,"max_hp_per_floor":[75,75,75,75,75,75,75,75,75,75,75,75,75,75,75,75,75,75,75,78,78,78,78,81,85,85,85,85],"relic_stats":{"Dream Catcher":2,"counters":[14,56],"Pandora\u0027s Box":["Body Slam","Pommel Strike","Clash","Entrench","Metallicize","Brutality","Power Through","Rupture","Uppercut"],"Pen Nib":[4],"Smiling Mask":0,"obtain_stats":[{"Dream Catcher":6,"HornCleat":24,"Pandora\u0027s Box":0,"Philosopher\u0027s Stone":17,"Pen Nib":9,"Bag of Marbles":8,"Smiling Mask":14,"StrikeDummy":19,"Burning Blood":0,"Red Skull":26,"WarpedTongs":22},{"Dream Catcher":4,"HornCleat":12,"Pandora\u0027s Box":0,"Philosopher\u0027s Stone":9,"Pen Nib":5,"Bag of Marbles":5,"Smiling Mask":8,"StrikeDummy":10,"Burning Blood":0,"Red Skull":13,"WarpedTongs":11},{"Dream Catcher":16,"HornCleat":49,"Pandora\u0027s Box":0,"Philosopher\u0027s Stone":38,"Pen Nib":21,"Bag of Marbles":21,"Smiling Mask":32,"StrikeDummy":41,"Burning Blood":0,"Red Skull":53,"WarpedTongs":45}],"WarpedTongs":[11]},"card_choices":[{"not_picked":["Flex","Anger"],"picked":"Second Wind","floor":1},{"not_picked":["Second Wind","Wild Strike"],"picked":"Uppercut","floor":2},{"not_picked":["Warcry","Dropkick","Body Slam"],"picked":"SKIP","floor":4},{"not_picked":["Demon Form","Twin Strike"],"picked":"Burning Pact","floor":6},{"not_picked":["Reckless Charge","Clash"],"picked":"Flame Barrier","floor":8},{"not_picked":["Sword Boomerang","Headbutt"],"picked":"Battle Trance","floor":10},{"not_picked":["Thunderclap","Sword Boomerang"],"picked":"Sentinel","floor":11},{"not_picked":["Flex","Juggernaut"],"picked":"Disarm","floor":12},{"not_picked":["Pommel Strike","Rage"],"picked":"Combust","floor":13},{"not_picked":["Clothesline","True Grit"],"picked":"Heavy Blade","floor":15},{"not_picked":["Offering","Fiend Fire"],"picked":"Feed","floor":16},{"not_picked":["Rampage","Clothesline+1","Cleave"],"picked":"SKIP","floor":18},{"not_picked":["Havoc","Twin Strike"],"picked":"Uppercut+1","floor":20},{"not_picked":["Sword Boomerang","Pommel Strike"],"picked":"Shockwave","floor":24},{"not_picked":["Body Slam","Anger"],"picked":"Burning Pact","floor":25}],"player_experience":1459734,"relics_obtained":[{"floor":6,"key":"Dream Catcher"},{"floor":8,"key":"Bag of Marbles"},{"floor":9,"key":"Pen Nib"},{"floor":14,"key":"Smiling Mask"},{"floor":19,"key":"StrikeDummy"},{"floor":24,"key":"HornCleat"},{"floor":26,"key":"Red Skull"}],"event_choices":[{"damage_healed":0,"gold_gain":0,"player_choice":"Entered Light","damage_taken":23,"max_hp_gain":0,"max_hp_loss":0,"event_name":"Shining Light","floor":3,"gold_loss":0,"cards_upgraded":["Clash","Rupture"]},{"cards_removed":["Entrench"],"damage_healed":48,"gold_gain":0,"player_choice":"Offered Uncommon","damage_taken":0,"max_hp_gain":0,"max_hp_loss":0,"event_name":"Bonfire Elementals","floor":5,"gold_loss":0},{"damage_healed":0,"gold_gain":0,"player_choice":"Read","damage_taken":0,"max_hp_gain":0,"max_hp_loss":0,"event_name":"The Library","floor":21,"gold_loss":0,"cards_obtained":["Evolve"]},{"damage_healed":0,"gold_gain":0,"player_choice":"Rummage","damage_taken":0,"relics_obtained":["WarpedTongs"],"max_hp_gain":0,"max_hp_loss":0,"event_name":"Accursed Blacksmith","floor":22,"gold_loss":0,"cards_obtained":["Pain"]}],"is_beta":false,"boss_relics":[{"not_picked":["Runic Dome","Velvet Choker"],"picked":"Philosopher\u0027s Stone"}],"items_purged_floors":[],"is_endless":false,"potions_floor_spawned":[1,4,8,10,11,16,18,25],"killed_by":"Gremlin Leader","ascension_level":20}}