{"host":"a7js9z8d6aod1ovy","time":1613634572,"event":{"mods":["AchievementEnabler","BaseMod","Googly Eyes","GungeonMod","Hermit","Minty Spire (QoL Compilation)","Rare Cards Sparkle","StSLib","SuperFastMode","The Poker Player"],"gold_per_floor":[115,126,126,201,211,211,229,229,253,253,253],"floor_reached":10,"language":"KOR","playtime":259,"items_purged":[],"score":58,"play_id":"e1ea1641-1f01-45b3-9a71-54d7cd0db0c5","local_time":"20210218164932","is_ascension_mode":false,"campfire_choices":[{"data":"hermit:FlashPowder","floor":6,"key":"SMITH"},{"data":"hermit:EternalForm","floor":8,"key":"SMITH"}],"circlet_count":0,"master_deck":["hermit:Strike_Hermit","hermit:Strike_Hermit","hermit:Strike_Hermit","hermit:Strike_Hermit","hermit:Defend_Hermit","hermit:Defend_Hermit","hermit:Defend_Hermit","hermit:Defend_Hermit","hermit:Snapshot","hermit:Covet","hermit:FlashPowder+1","hermit:Gestalt","hermit:Quickdraw","hermit:EternalForm+1"],"relics":["hermit:Momento","NeowsBlessing","Potion Belt"],"acts_visited":["Exordium"],"potions_floor_usage":[10],"damage_taken":[{"damage":0,"enemies":"Cultist","floor":1,"turns":1},{"damage":0,"enemies":"Jaw Worm","floor":2,"turns":1},{"damage":0,"enemies":"2 Louse","floor":5,"turns":1},{"damage":2,"enemies":"Exordium Thugs","floor":7,"turns":5},{"damage":70,"enemies":"Gremlin Nob","floor":10,"turns":5}],"seed_played":"-5625391862523545564","potions_obtained":[{"floor":1,"key":"Strength Potion"},{"floor":5,"key":"SteroidPotion"}],"is_trial":false,"path_per_floor":["M","M","?","?","M","R","M","R","T","E"],"character_chosen":"HERMIT","items_purchased":[],"campfire_rested":0,"item_purchase_floors":[],"current_hp_per_floor":[75,75,80,72,72,72,70,70,70,0,0],"gold":253,"neow_bonus":"THREE_ENEMY_KILL","is_daily":false,"chose_seed":false,"campfire_upgraded":2,"win_rate":0.0,"timestamp":1613634572,"path_taken":["M","M","?","?","?","R","M","R","T","E"],"items_purchased_type":[],"build_version":"2020-12-22","purchased_purges":0,"victory":false,"max_hp_per_floor":[75,75,80,80,80,80,80,80,80,80,80],"card_choices":[{"not_picked":["hermit:Enervate","hermit:TrackingShot"],"picked":"hermit:FlashPowder","floor":1},{"not_picked":["hermit:Feint","hermit:EyeOfTheStorm"],"picked":"hermit:Gestalt","floor":2},{"not_picked":["hermit:Ricochet","hermit:Dive"],"picked":"hermit:Quickdraw","floor":5},{"not_picked":["hermit:Roulette","hermit:CursedWeapon"],"picked":"hermit:EternalForm","floor":7}],"player_experience":33098,"relics_obtained":[{"floor":9,"key":"Potion Belt"}],"event_choices":[{"damage_healed":0,"gold_gain":0,"player_choice":"Donut","damage_taken":0,"max_hp_gain":5,"max_hp_loss":0,"event_name":"Big Fish","floor":3,"gold_loss":0},{"damage_healed":0,"gold_gain":75,"player_choice":"Touch","damage_taken":8,"max_hp_gain":0,"max_hp_loss":0,"event_name":"FaceTrader","floor":4,"gold_loss":0}],"is_beta":false,"boss_relics":[],"items_purged_floors":[],"is_endless":false,"potions_floor_spawned":[1,5],"killed_by":"Gremlin Nob","ascension_level":0}}