{"host":"qjv9b7mze4c73keh","time":1613653926,"event":{"mods":["BaseMod","Colored Map","Colored Powertips","DeckTracker","Highlight Path","Minty Spire (QoL Compilation)","Rare Cards Sparkle","Synergy Search","Unceasing Turn Reminder"],"gold_per_floor":[216,73,86,98,98,98,113,163,186,215,215,215,229,63,63,166,166,183,40,40,40,54,54,69,69,146,146,159,187,36,36,36,136,136,150,25,42,52,52,63,80,80,159,159,210,210,210,225,225,225],"floor_reached":51,"language":"RUS","playtime":8920,"items_purged":["Strike_G","Strike_G+1","Defend_G+1"],"score":640,"play_id":"79f5c055-686a-4b88-9b50-08dc00154775","local_time":"20210218181206","is_ascension_mode":false,"campfire_choices":[{"floor":6.0,"key":"REST"},{"floor":11.0,"key":"REST"},{"data":"Crippling Poison","floor":15.0,"key":"SMITH"},{"floor":23.0,"key":"REST"},{"floor":32.0,"key":"REST"},{"floor":42,"key":"REST"},{"floor":44,"key":"REST"},{"floor":46,"key":"REST"},{"floor":49,"key":"REST"}],"circlet_count":0,"master_deck":["Strike_G+1","Strike_G+1","Defend_G+1","Defend_G+1","Defend_G+1","Defend_G+1","Survivor","Neutralize","Slice","Deadly Poison","Backflip","Bouncing Flask","Bouncing Flask","Noxious Fumes","Poisoned Stab","Crippling Poison+1","Burst","Backflip","Catalyst","Bane","Neutralize","Poisoned Stab","Bullet Time","Deflect+1","Backflip+1","Bullet Time","CurseOfTheBell","Dark Shackles","Catalyst","Flying Knee+1","Tactician"],"relics":["Ring of the Snake","OrangePellets","Bronze Scales","Juzu Bracelet","Orichalcum","Velvet Choker","Nilry\u0027s Codex","Sundial","Nloth\u0027s Gift","Calling Bell","Nunchaku","Eternal Feather","Mango","Calipers"],"acts_visited":["Exordium","TheCity","TheBeyond"],"potions_floor_usage":[37,48],"damage_taken":[{"damage":2.0,"enemies":"Cultist","floor":1.0,"turns":5.0},{"damage":9.0,"enemies":"Jaw Worm","floor":3.0,"turns":5.0},{"damage":0.0,"enemies":"2 Louse","floor":4.0,"turns":2.0},{"damage":7.0,"enemies":"Blue Slaver","floor":7.0,"turns":5.0},{"damage":11.0,"enemies":"Lagavulin","floor":10.0,"turns":7.0},{"damage":1.0,"enemies":"Exordium Wildlife","floor":13.0,"turns":4.0},{"damage":7.0,"enemies":"The Guardian","floor":16.0,"turns":6.0},{"damage":2.0,"enemies":"Chosen","floor":18.0,"turns":4.0},{"damage":16.0,"enemies":"2 Thieves","floor":22.0,"turns":4.0},{"damage":12.0,"enemies":"Snake Plant","floor":24.0,"turns":3.0},{"damage":0.0,"enemies":"Chosen and Byrds","floor":28.0,"turns":4.0},{"damage":18.0,"enemies":"Book of Stabbing","floor":29.0,"turns":5.0},{"damage":30.0,"enemies":"Automaton","floor":33.0,"turns":8.0},{"damage":21.0,"enemies":"3 Shapes","floor":35.0,"turns":4.0},{"damage":7,"enemies":"Orb Walker","floor":37,"turns":3},{"damage":9,"enemies":"Maw","floor":38,"turns":5},{"damage":7,"enemies":"Transient","floor":40,"turns":5},{"damage":28,"enemies":"Spire Growth","floor":41,"turns":5},{"damage":64,"enemies":"2 Orb Walkers","floor":45,"turns":5},{"damage":17,"enemies":"4 Shapes","floor":48,"turns":9},{"damage":82,"enemies":"Donu and Deca","floor":50,"turns":10}],"seed_played":"-2437585497315878660","potions_obtained":[{"floor":1.0,"key":"SteroidPotion"},{"floor":4.0,"key":"BlessingOfTheForge"},{"floor":7.0,"key":"Dexterity Potion"},{"floor":16.0,"key":"Strength Potion"},{"floor":33.0,"key":"AttackPotion"},{"floor":35,"key":"LiquidBronze"},{"floor":45,"key":"GamblersBrew"}],"is_trial":false,"path_per_floor":["M","$","M","M","?","R","M","T","T","E","R","?","M","$","R","B",null,"M","$","?","?","M","R","M","?","T","?","M","E","$","?","R","B",null,"M","$","M","M","?","M","M","R","T","R","?","R","?","M","R","B",null],"character_chosen":"THE_SILENT","items_purchased":["OrangePellets","Noxious Fumes","Poisoned Stab","Crippling Poison","Catalyst","Backflip+1"],"campfire_rested":8,"item_purchase_floors":[2,14,14,14,19,30],"current_hp_per_floor":[68,68,59,59,52,70,63,63,63,52,70,70,69,69,69,62,70,68,68,68,68,52,70,58,58,58,42,42,24,24,24,45,15,84,63,63,56,47,47,40,12,52,52,84,20,63,63,46,84,2],"gold":225,"neow_bonus":"HUNDRED_GOLD","is_daily":false,"chose_seed":false,"campfire_upgraded":1,"win_rate":0.0,"timestamp":1613653926,"path_taken":["M","$","M","M","?","R","M","?","T","E","R","?","M","?","R","BOSS","M","$","?","?","M","R","M","?","T","?","M","E","$","?","R","BOSS","M","$","M","M","?","M","M","R","T","R","?","R","?","M","R","BOSS"],"items_purchased_type":["Relic","Card","Card","Card","Card","Card"],"build_version":"2020-12-22","purchased_purges":3,"victory":true,"max_hp_per_floor":[70,70,70,70,70,70,70,70,70,70,70,70,70,70,70,70,70,70,70,70,70,70,70,70,70,70,70,70,70,70,70,70,70,84,84,84,84,84,84,84,84,84,84,84,84,84,84,84,84,84],"card_choices":[{"not_picked":["Predator","Dagger Spray","PiercingWail"],"picked":"SKIP","floor":1.0},{"not_picked":["Blade Dance","Dodge and Roll"],"picked":"Slice","floor":3.0},{"not_picked":["Accuracy","Endless Agony"],"picked":"Deadly Poison","floor":4.0},{"not_picked":["Slice","Blur"],"picked":"Backflip","floor":7.0},{"not_picked":["Eviscerate","Bane"],"picked":"Bouncing Flask","floor":10.0},{"not_picked":["Underhanded Strike","Sucker Punch"],"picked":"Bouncing Flask","floor":13.0},{"not_picked":["Unload","Tools of the Trade"],"picked":"Burst","floor":16.0},{"not_picked":["PiercingWail","Slice"],"picked":"Backflip","floor":18.0},{"not_picked":["Acrobatics","Sucker Punch+1","Prepared+1"],"picked":"SKIP","floor":22.0},{"not_picked":["Acrobatics+1","Blade Dance+1"],"picked":"Bullet Time","floor":24.0},{"not_picked":["Quick Slash","Dash"],"picked":"Deflect+1","floor":28.0},{"not_picked":["Skewer","Underhanded Strike","Poisoned Stab"],"picked":"SKIP","floor":29.0},{"not_picked":["Envenom","A Thousand Cuts"],"picked":"Bullet Time","floor":33.0},{"not_picked":["Blur+1","Dagger Spray+1","Calculated Gamble"],"picked":"SKIP","floor":35},{"not_picked":["All Out Attack","Prepared","Flying Knee"],"picked":"SKIP","floor":37},{"not_picked":["Underhanded Strike","Deflect","Flying Knee"],"picked":"SKIP","floor":38},{"not_picked":["Madness","Discovery"],"picked":"Dark Shackles","floor":39},{"not_picked":["Expertise+1","Bouncing Flask"],"picked":"Catalyst","floor":40},{"not_picked":["Cloak And Dagger+1","Masterful Stab+1","Finisher+1"],"picked":"SKIP","floor":41},{"not_picked":["Heel Hook+1","Finisher"],"picked":"Flying Knee+1","floor":45},{"not_picked":["All Out Attack","Choke+1"],"picked":"Tactician","floor":48}],"player_experience":120961,"relics_obtained":[{"floor":8.0,"key":"Bronze Scales"},{"floor":9.0,"key":"Juzu Bracelet"},{"floor":10.0,"key":"Orichalcum"},{"floor":26.0,"key":"Toxic Egg 2"},{"floor":27.0,"key":"Nilry\u0027s Codex"},{"floor":29.0,"key":"Sundial"},{"floor":34.0,"key":"Nunchaku"},{"floor":34.0,"key":"Eternal Feather"},{"floor":34.0,"key":"Mango"},{"floor":45,"key":"Calipers"}],"event_choices":[{"cards_removed":["Strike_G"],"damage_healed":0.0,"max_hp_gain":0.0,"max_hp_loss":0.0,"gold_gain":0.0,"event_name":"Golden Wing","player_choice":"Card Removal","floor":5.0,"gold_loss":0.0,"damage_taken":7.0},{"damage_healed":0.0,"max_hp_gain":0.0,"max_hp_loss":0.0,"gold_gain":0.0,"event_name":"Scrap Ooze","player_choice":"Fled","floor":12.0,"gold_loss":0.0,"damage_taken":0.0},{"damage_healed":0.0,"max_hp_gain":0.0,"max_hp_loss":0.0,"gold_gain":0.0,"event_name":"Match and Keep!","player_choice":"2 cards matched","floor":20.0,"gold_loss":0.0,"damage_taken":0.0,"cards_obtained":["Bane","Neutralize"]},{"damage_healed":0.0,"max_hp_gain":0.0,"max_hp_loss":0.0,"gold_gain":0.0,"event_name":"The Library","player_choice":"Read","floor":21.0,"gold_loss":0.0,"damage_taken":0.0,"cards_obtained":["Poisoned Stab"]},{"damage_healed":0.0,"max_hp_gain":0.0,"max_hp_loss":0.0,"gold_gain":0.0,"event_name":"Back to Basics","player_choice":"Simplicity","floor":25.0,"gold_loss":0.0,"damage_taken":0.0,"cards_upgraded":["Strike_G","Strike_G","Strike_G","Defend_G","Defend_G","Defend_G","Defend_G","Defend_G"]},{"damage_healed":0.0,"max_hp_gain":0.0,"max_hp_loss":0.0,"gold_gain":0.0,"event_name":"Cursed Tome","player_choice":"Obtained Book","floor":27.0,"gold_loss":0.0,"damage_taken":16.0},{"damage_healed":0.0,"max_hp_gain":0.0,"max_hp_loss":0.0,"gold_gain":0.0,"event_name":"N\u0027loth","player_choice":"Traded Relic","floor":31.0,"relics_lost":["Toxic Egg 2"],"gold_loss":0.0,"damage_taken":0.0,"relics_obtained":["Nloth\u0027s Gift"]},{"damage_healed":0,"gold_gain":0,"player_choice":"Memory 1","damage_taken":0,"max_hp_gain":0,"max_hp_loss":0,"event_name":"SensoryStone","floor":39,"gold_loss":0},{"damage_healed":0,"gold_gain":0,"player_choice":"Fight","damage_taken":0,"max_hp_gain":0,"max_hp_loss":0,"event_name":"Mysterious Sphere","floor":45,"gold_loss":0},{"damage_healed":0,"gold_gain":0,"player_choice":"Ignored","damage_taken":0,"max_hp_gain":0,"max_hp_loss":0,"event_name":"NoteForYourself","floor":47,"gold_loss":0}],"is_beta":false,"boss_relics":[{"not_picked":["SacredBark","SlaversCollar"],"picked":"Velvet Choker"},{"not_picked":["Tiny House","Black Star"],"picked":"Calling Bell"}],"items_purged_floors":[19,30,36],"is_endless":false,"potions_floor_spawned":[1,4,7,16,33,35,45],"ascension_level":0}}