{"host":"y9jgkjnf95sujozk","time":1613645344,"event":{"mods":["2.2 Compatiblity","AchievementEnabler","Act Like it!","BaseMod","BetterRewards","Block Reminder","Colored Map","Colored Powertips","Friendly Minions","Gensokyo","GifTheSpireLib","Hallownest","Hermit","Highlight Path","HololiveMod","Hubris","Infinite Spire","Jorbs\u0027s Wanderer Trilogy","Koishi","Marisa（霧雨　魔理沙）","Minty Spire (QoL Compilation)","Quick Restart","Random Character Button","Rare Cards Sparkle","Reimu（博??梦）","Remilia（蕾米莉?）","Replay The Spire","Shop Mod","StSLib","SuperFastMode","The Bug Knight","The Cursed","The Disciple","The Hierophant","The Jungle","The Runesmith","The Senshi","The Servant 0.9.4"],"gold_per_floor":[82,82,9,9,22,55,55,74,74,74,149,114,133,152,152,257,257,257,11,11,11,11,11,11,11,11,11,27,39,56,84,84,197,197,219,385,385,142,160,160,173,185,210,222,234,286,298,332,344,356,356],"floor_reached":50,"language":"ENG","playtime":1280,"items_purged":[],"score":1023,"play_id":"758305a8-b744-4761-9620-80b4a87799aa","local_time":"20210218114904","is_ascension_mode":true,"campfire_choices":[{"data":"Hololive_DevilCharm","floor":7.0,"key":"SMITH"},{"data":"Hololive_HighAtkLowDef","floor":10.0,"key":"SMITH"},{"data":"Hololive_CallAkiRosenthal","floor":15.0,"key":"SMITH"},{"data":"Hololive_CallMinatoAqua","floor":23.0,"key":"SMITH"},{"data":"Hololive_CocoNews","floor":25.0,"key":"SMITH"},{"data":"Hololive_CallNatsuiroMatsuri","floor":32.0,"key":"SMITH"},{"data":"Hololive_FlyingPonyTail","floor":40,"key":"SMITH"},{"data":"Hololive_CallShirakamiFubuki","floor":44,"key":"SMITH"},{"data":"Hololive_Watashimo","floor":47,"key":"SMITH"},{"data":"Hololive_CocoNews","floor":49,"key":"SMITH"}],"circlet_count":0,"master_deck":["Hololive_Strike+1","Hololive_Strike+1","Hololive_Defend+1","Hololive_Defend+1","Hololive_Sequa","Hololive_CallOzoraSubaru","Hololive_CallSpadeEcho","Hololive_CallShiroganeNoel","Hololive_CallFriendA","Hololive_CallUsadaPekora","Hololive_CallMomosuzuNene+13","Hololive_CallTsunomakiWatame","Hololive_WolfAndLamb","Hololive_CandyCastle","Hololive_LuckPotion","Hololive_CallYogiri","Hololive_CallYogiri","Hololive_StrengthChampion+1","Hololive_CallUruhaRushia","Hololive_DevilCharm+1","Hololive_HighAtkLowDef+1","Hololive_CallMurasakiShion","Hololive_CallAkiRosenthal+1","Hololive_StarCraft","Hololive_CocoNews","Hololive_CocoNews+1","Hololive_CallMinatoAqua+1","Ghostly","Ghostly","Ghostly","Ghostly","Ghostly","Hololive_Trident","Hololive_CallAkiRosenthal","Hololive_CallFriendA+1","Hololive_CallNatsuiroMatsuri+1","Hololive_BeCareful","Hololive_StrengthChampion+1","Hololive_Watashimo","Hololive_Watashimo+1","Hololive_CallShirakamiFubuki+1","Hololive_FlyingPonyTail+1","Hololive_CallShirakamiFubuki+1","Hololive_LuckPotion+1","Hololive_CallShiranuiFlare+1","Hololive_CocoNews+1"],"relics":["Hololive_TheStar","infinitespire:Joker Card","TheAbacus","Blue Doll","hubris:64BitClover","infinitespire:EmpoweringShard","theSenshi:FeatherClipsRelic","Busted Crown","Cauldron","CrazyTorch:ReiMu","Red Mask","hubris:RunicObelisk","Hallownest:GodTamersBeastRelic","hubris:Towel","Medical Kit","Gremlin Food","MawBank","Hallownest:HeavyBlowRelic","Ginger"],"acts_visited":["Exordium","TheCity","TheCity"],"potions_floor_usage":[36],"damage_taken":[{"damage":0.0,"enemies":"2 Louse","floor":1.0,"turns":3.0},{"damage":0.0,"enemies":"Cultist","floor":5.0,"turns":2.0},{"damage":0.0,"enemies":"3 Sentries","floor":6.0,"turns":5.0},{"damage":0.0,"enemies":"Small Slimes","floor":8.0,"turns":3.0},{"damage":0.0,"enemies":"3 Louse","floor":13.0,"turns":3.0},{"damage":0.0,"enemies":"Looter","floor":14.0,"turns":3.0},{"damage":0.0,"enemies":"The Guardian","floor":16.0,"turns":7.0},{"damage":0.0,"enemies":"Spheric Guardian","floor":18.0,"turns":1.0},{"damage":0.0,"enemies":"Shell Parasite","floor":22.0,"turns":1.0},{"damage":0.0,"enemies":"3 Cultists","floor":28.0,"turns":4.0},{"damage":0.0,"enemies":"Shelled Parasite and Fungi","floor":29.0,"turns":4.0},{"damage":0.0,"enemies":"Cultist and Chosen","floor":30.0,"turns":5.0},{"damage":0.0,"enemies":"Masked Bandits","floor":31.0,"turns":3.0},{"damage":0.0,"enemies":"Champ","floor":33.0,"turns":6.0},{"damage":0.0,"enemies":"Hallownest:Shield_Heavy","floor":35.0,"turns":3.0},{"damage":0,"enemies":"Hallownest:Shield_Heavy","floor":36,"turns":3},{"damage":0,"enemies":"Hallownest:Shield_Heavy","floor":36,"turns":3},{"damage":0,"enemies":"Hallownest:Shield_Heavy","floor":36,"turns":5},{"damage":0,"enemies":"Hallownest:Shield_Heavy","floor":36,"turns":2},{"damage":0,"enemies":"Hallownest:2_Littles","floor":39,"turns":4},{"damage":0,"enemies":"Hallownest:Xero_Hu_Marmu","floor":41,"turns":5},{"damage":0,"enemies":"Hallownest:2_Soldiers_and_1_Guardian","floor":42,"turns":4},{"damage":0,"enemies":"Hallownest:eliteCollector","floor":46,"turns":4},{"damage":0,"enemies":"Hallownest:monsterPrimalAspid","floor":48,"turns":3},{"damage":22,"enemies":"Hallownest:BossHollowKnight","floor":50,"turns":4}],"seed_played":"-7830947309519604555","potions_obtained":[{"floor":5.0,"key":"ZuzhouPotion:ReiMu"},{"floor":8.0,"key":"Ancient Potion"},{"floor":14.0,"key":"SmokeBomb"},{"floor":19.0,"key":"LifebloodPotion"},{"floor":19.0,"key":"SpeedPotion"},{"floor":19.0,"key":"SmokeBomb"},{"floor":28.0,"key":"Explosive Potion"},{"floor":29.0,"key":"LiquidMemories"},{"floor":35,"key":"Explosive Potion"},{"floor":48,"key":"BlessingOfTheForge"}],"is_trial":false,"path_per_floor":["M","?","$","?","M","E","R","M","T","R","?","?","M","M","R","B",null,"M","$","?","?","M","R","$","R","T","?","M","M","M","?","R","B",null,"M","?","?","$","M","R","M","M","T","R","?","E","R","M","R","B"],"character_chosen":"Hololive_HololiveCharacter","items_purchased":["Hololive_CallMomosuzuNene","TheAbacus","Blue Doll","hubris:64BitClover","Hololive_CallYogiri","Hololive_StrengthChampion+1","Hololive_CocoNews","Hololive_CallMinatoAqua","Cauldron","Hololive_Watashimo","Hololive_CallShirakamiFubuki+1","Medical Kit"],"campfire_rested":0,"item_purchase_floors":[0,0,0,0,3,3,19,19,19,38,38,38],"current_hp_per_floor":[35,35,35,35,35,35,35,35,35,35,24,32,35,35,35,35,35,35,35,35,35,35,35,35,35,35,17,17,17,17,17,17,17,17,17,17,17,17,17,17,17,17,17,17,17,17,17,17,17,0,0],"gold":356,"neow_bonus":"","is_daily":false,"chose_seed":false,"campfire_upgraded":10,"win_rate":0.0,"timestamp":1613645344,"path_taken":["M","?","?","?","M","E","R","M","T","R","?","?","M","?","R","BOSS","M","$","?","?","M","R","?","R","T","?","?","M","M","?","R","BOSS","M","?","?","?","M","R","M","M","T","R","?","E","R","M","R","BOSS"],"items_purchased_type":["Card","Relic","Relic","Relic","Card","Card","Card","Card","Relic","Card","Card","Relic"],"build_version":"2020-12-22","purchased_purges":0,"victory":false,"max_hp_per_floor":[35,35,35,35,35,35,35,35,35,35,35,35,35,35,35,35,35,35,35,35,35,35,35,35,35,35,17,17,17,17,17,17,17,17,17,17,17,17,17,17,17,17,17,17,17,17,17,17,17,17,17],"card_choices":[{"not_picked":["Hololive_StrengthChampion","Hololive_OvertimeWork","Hololive_CallHoshimachiSuisei"],"picked":"Hololive_CallTsunomakiWatame","floor":1.0},{"not_picked":["Hololive_FlyingPonyTail","Hololive_CallShiranuiFlare","Hololive_RevenueBasedLive"],"picked":"Hololive_CallUruhaRushia","floor":5.0},{"not_picked":["Hololive_Drill","Hololive_CallYuzukiChoco","Hololive_Teleport"],"picked":"Hololive_DevilCharm","floor":6.0},{"not_picked":["Hololive_Drill","Hololive_HuntDinosaur","Hololive_CallShiranuiFlare"],"picked":"Hololive_HighAtkLowDef","floor":8.0},{"not_picked":["Hololive_LuckPotion","Hololive_CallAZKi","Hololive_CandyCastle"],"picked":"Hololive_CallMurasakiShion","floor":13.0},{"not_picked":["Hololive_RevenueBasedLive","Hololive_Rebound","Hololive_Psychosis"],"picked":"Hololive_CallAkiRosenthal","floor":14.0},{"not_picked":["Hololive_Thief","Hololive_AWSL","Hololive_ScarfAndHalo"],"picked":"Hololive_StarCraft","floor":16.0},{"not_picked":["Hololive_Rebound"],"picked":"Hololive_Trident","floor":28.0},{"not_picked":["Hololive_StrengthChampion"],"picked":"Hololive_CallAkiRosenthal","floor":29.0},{"not_picked":["Hololive_Sequa"],"picked":"Hololive_CallFriendA+1","floor":30.0},{"not_picked":["Hololive_HuntDinosaur"],"picked":"Hololive_CallNatsuiroMatsuri","floor":31.0},{"not_picked":["Hololive_Thief"],"picked":"Hololive_BeCareful","floor":33.0},{"not_picked":["Hololive_Breathe+1"],"picked":"Hololive_StrengthChampion+1","floor":35},{"not_picked":["Hololive_LuckPotion"],"picked":"Hololive_FlyingPonyTail","floor":39},{"not_picked":["Hololive_CallArtia+1"],"picked":"Hololive_CallShirakamiFubuki","floor":41},{"not_picked":["Hololive_Breathe"],"picked":"Hololive_LuckPotion+1","floor":42},{"not_picked":["Hololive_CallNatsuiroMatsuri"],"picked":"Hololive_CallShiranuiFlare+1","floor":46},{"not_picked":["Hololive_StrengthChampion"],"picked":"Hololive_CocoNews","floor":48}],"player_experience":140994,"relics_obtained":[{"floor":6.0,"key":"infinitespire:EmpoweringShard"},{"floor":9.0,"key":"theSenshi:FeatherClipsRelic"},{"floor":26.0,"key":"CrazyTorch:ReiMu"},{"floor":31.0,"key":"Red Mask"},{"floor":39,"key":"Gremlin Food"},{"floor":43,"key":"MawBank"},{"floor":46,"key":"Ginger"}],"event_choices":[{"damage_healed":0.0,"max_hp_gain":0.0,"max_hp_loss":0.0,"gold_gain":0.0,"event_name":"Match and Keep!","player_choice":"3 cards matched","floor":2.0,"gold_loss":0.0,"damage_taken":0.0,"cards_obtained":["Hololive_WolfAndLamb","Hololive_CandyCastle","Hololive_LuckPotion"]},{"damage_healed":0.0,"max_hp_gain":0.0,"max_hp_loss":0.0,"gold_gain":0.0,"event_name":"Match and Keep!","player_choice":"3 cards matched","floor":2.0,"gold_loss":0.0,"damage_taken":0.0,"cards_obtained":["Hololive_WolfAndLamb","Hololive_CandyCastle","Hololive_LuckPotion"]},{"damage_healed":0.0,"max_hp_gain":0.0,"max_hp_loss":0.0,"gold_gain":0.0,"event_name":"Golden Wing","player_choice":"Ignored","floor":4.0,"gold_loss":0.0,"damage_taken":0.0},{"damage_healed":0.0,"max_hp_gain":0.0,"max_hp_loss":0.0,"gold_gain":75.0,"event_name":"World of Goop","player_choice":"Gather Gold","floor":11.0,"gold_loss":0.0,"damage_taken":11.0},{"damage_healed":8.0,"max_hp_gain":0.0,"max_hp_loss":0.0,"gold_gain":0.0,"event_name":"The Cleric","player_choice":"Healed","floor":12.0,"gold_loss":35.0,"damage_taken":0.0},{"damage_healed":0.0,"max_hp_gain":0.0,"max_hp_loss":0.0,"gold_gain":0.0,"event_name":"Back to Basics","player_choice":"Simplicity","floor":21.0,"gold_loss":0.0,"damage_taken":0.0,"cards_upgraded":["Hololive_Strike","Hololive_Strike","Hololive_Defend","Hololive_Defend"]},{"damage_healed":0.0,"max_hp_gain":0.0,"max_hp_loss":18.0,"gold_gain":0.0,"event_name":"Ghosts","player_choice":"Became a Ghost","floor":27.0,"gold_loss":0.0,"damage_taken":0.0,"cards_obtained":["Ghostly","Ghostly","Ghostly","Ghostly","Ghostly"]},{"damage_healed":0.0,"max_hp_gain":0.0,"max_hp_loss":0.0,"gold_gain":0.0,"event_name":"Masked Bandits","player_choice":"Fought Bandits","floor":31.0,"gold_loss":0.0,"damage_taken":0.0}],"is_beta":false,"boss_relics":[{"not_picked":["Ring of Chaos","Honey Jar"],"picked":"Busted Crown"},{"not_picked":["Black Star","Calling Bell"],"picked":"hubris:RunicObelisk"}],"items_purged_floors":[],"is_endless":false,"potions_floor_spawned":[5,8,14,22,28,29,35,36,36,48],"killed_by":"Hallownest:BossHollowKnight","ascension_level":4}}