{"host":"67dbklwnaq0pv002","time":1613636622,"event":{"mods":["2.2 Compatiblity","AchievementEnabler","Act Like it!","BaseMod","Colored Map","Colored Powertips","Custom Start","Marisa£¨Ùöéë¡¡Øª×âÞÞ£©","Minty Spire (QoL Compilation)","Quick Restart","StSLib","The Hierophant"],"gold_per_floor":[115,115,130,8,8,8,334,334,334,334,365,379,397,357,357,456,456,469,394,394,408,261,273,273,298,348,348,8,8,35,35,35,131,131,148,201,211,222,222,251,251,251,251,251,286,136,136,167,167,167],"floor_reached":51,"language":"KOR","playtime":2028,"items_purged":["Strike_G","Defend_G","Defend_G","Defend_G"],"score":1068,"play_id":"493cb5cf-aeae-4391-b6b6-3a6cf9cd3a95","local_time":"20210218172342","is_ascension_mode":true,"campfire_choices":[{"data":"Prepared","floor":6.0,"key":"SMITH"},{"data":"Neutralize","floor":8.0,"key":"SMITH"},{"data":"Poisoned Stab","floor":10.0,"key":"SMITH"},{"data":"Prepared","floor":15.0,"key":"SMITH"},{"data":"Calculated Gamble","floor":24.0,"key":"SMITH"},{"data":"Adrenaline","floor":27.0,"key":"SMITH"},{"data":"Adrenaline","floor":29.0,"key":"SMITH"},{"data":"Calculated Gamble","floor":32.0,"key":"SMITH"},{"data":"Tools of the Trade","floor":41,"key":"SMITH"},{"data":"Phantasmal Killer","floor":44,"key":"SMITH"},{"data":"Eviscerate","floor":47,"key":"SMITH"},{"data":"Skewer","floor":49,"key":"SMITH"}],"circlet_count":0,"master_deck":["Survivor","Neutralize+1","Poisoned Stab+1","Prepared+1","Dagger Spray","Adrenaline+1","Skewer+1","Prepared+1","Adrenaline+1","Calculated Gamble+1","PiercingWail+1","Backflip","Skewer+1","Eviscerate+1","Footwork","Phantasmal Killer+1","Calculated Gamble+1","Tools of the Trade+1","Blur+1","Acrobatics+1","Acrobatics+1","Parasite","Calculated Gamble+1","Blade Dance+1"],"relics":["Ring of the Snake","NeowsBlessing","Tingsha","Old Coin","Akabeko","PreservedInsect","Empty Cage","White Beast Statue","Oddly Smooth Stone","Tough Bandages","Runic Pyramid","CaptainsWheel","Sundial","Vajra","Juzu Bracelet","Bottled Lightning"],"acts_visited":["Exordium","TheCity","TheBeyond"],"potions_floor_usage":[38],"damage_taken":[{"damage":0.0,"enemies":"2 Louse","floor":1.0,"turns":1.0},{"damage":0.0,"enemies":"Cultist","floor":3.0,"turns":1.0},{"damage":0.0,"enemies":"Lagavulin","floor":7.0,"turns":1.0},{"damage":11.0,"enemies":"Gremlin Nob","floor":11.0,"turns":4.0},{"damage":0.0,"enemies":"Small Slimes","floor":12.0,"turns":1.0},{"damage":0.0,"enemies":"Red Slaver","floor":13.0,"turns":2.0},{"damage":33.0,"enemies":"The Guardian","floor":16.0,"turns":11.0},{"damage":12.0,"enemies":"Chosen","floor":18.0,"turns":2.0},{"damage":0.0,"enemies":"Spheric Guardian","floor":21.0,"turns":1.0},{"damage":0.0,"enemies":"Centurion and Healer","floor":23.0,"turns":2.0},{"damage":0.0,"enemies":"Book of Stabbing","floor":25.0,"turns":1.0},{"damage":0.0,"enemies":"Gremlin Leader","floor":30.0,"turns":1.0},{"damage":21.0,"enemies":"Champ","floor":33.0,"turns":7.0},{"damage":0.0,"enemies":"Orb Walker","floor":35.0,"turns":1.0},{"damage":0.0,"enemies":"2 Orb Walkers","floor":36.0,"turns":4.0},{"damage":0,"enemies":"3 Darklings","floor":37,"turns":3},{"damage":0,"enemies":"Writhing Mass","floor":38,"turns":2},{"damage":0,"enemies":"Reptomancer","floor":40,"turns":1},{"damage":0,"enemies":"Nemesis","floor":45,"turns":1},{"damage":0,"enemies":"Reptomancer","floor":48,"turns":1},{"damage":0,"enemies":"Time Eater","floor":50,"turns":8}],"seed_played":"3855741013012636377","potions_obtained":[{"floor":12.0,"key":"Ancient Potion"},{"floor":13.0,"key":"FearPotion"},{"floor":14.0,"key":"BlessingOfTheForge"},{"floor":14.0,"key":"Explosive Potion"},{"floor":16.0,"key":"DuplicationPotion"},{"floor":25.0,"key":"SpeedPotion"},{"floor":30.0,"key":"EssenceOfSteel"},{"floor":33.0,"key":"SkillPotion"},{"floor":35.0,"key":"Fruit Juice"},{"floor":36.0,"key":"SkillPotion"},{"floor":37,"key":"LiquidMemories"},{"floor":38,"key":"Explosive Potion"}],"is_trial":false,"path_per_floor":["M","?","M","$","$","R","E","R","T","R","E","M","M","?","R","B",null,"M","?","?","M","$","M","R","E","T","R","$","R","E","?","R","B",null,"M","?","M","M","$","E","R","?","T","R","E","$","R","E","R","B",null],"character_chosen":"THE_SILENT","items_purchased":["Prepared","Backflip","Footwork","Oddly Smooth Stone"],"campfire_rested":0,"item_purchase_floors":[4,22,28,28],"current_hp_per_floor":[70,70,70,70,70,70,70,70,70,70,59,59,59,59,59,26,70,58,58,58,58,58,58,58,58,58,58,58,58,58,58,58,37,70,75,75,75,75,75,75,75,75,75,75,75,75,75,75,75,75],"gold":167,"neow_bonus":"THREE_ENEMY_KILL","is_daily":false,"chose_seed":false,"campfire_upgraded":12,"win_rate":0.0,"timestamp":1613636622,"path_taken":["M","?","M","?","$","R","E","R","T","R","E","M","M","?","R","BOSS","M","?","?","M","$","?","R","E","T","R","?","R","E","?","R","BOSS","M","?","M","M","$","E","R","?","T","R","E","$","R","E","R","BOSS"],"items_purchased_type":["Card","Card","Card","Relic"],"build_version":"2020-12-22","purchased_purges":4,"victory":true,"max_hp_per_floor":[70,70,70,70,70,70,70,70,70,70,70,70,70,70,70,70,70,70,70,70,70,70,70,70,70,70,70,70,70,70,70,70,70,70,75,75,75,75,75,75,75,75,75,75,75,75,75,75,75,75],"card_choices":[{"not_picked":["Slice","Underhanded Strike"],"picked":"Outmaneuver","floor":1.0},{"not_picked":["Flying Knee","Sucker Punch"],"picked":"Poisoned Stab","floor":3.0},{"not_picked":["Skewer","Quick Slash"],"picked":"Dagger Spray","floor":7.0},{"not_picked":["Outmaneuver","Prepared"],"picked":"Adrenaline","floor":11.0},{"not_picked":["Choke","Dagger Throw"],"picked":"Skewer","floor":12.0},{"not_picked":["Backstab","Dagger Spray"],"picked":"Prepared","floor":13.0},{"not_picked":["Die Die Die","Doppelganger"],"picked":"Adrenaline","floor":16.0},{"not_picked":["Predator","Dagger Throw+1"],"picked":"Calculated Gamble","floor":18.0},{"not_picked":["Cloak And Dagger","Sucker Punch"],"picked":"PiercingWail+1","floor":21.0},{"not_picked":["Noxious Fumes","Cloak And Dagger+1"],"picked":"Skewer+1","floor":23.0},{"not_picked":["Noxious Fumes+1","Catalyst"],"picked":"Eviscerate","floor":25.0},{"not_picked":["All Out Attack+1","Flying Knee+1","PiercingWail"],"picked":"SKIP","floor":30.0},{"not_picked":["Unload","Grand Finale"],"picked":"Tools of the Trade","floor":33.0},{"not_picked":["Sucker Punch+1","Terror+1"],"picked":"Blur+1","floor":35.0},{"not_picked":["Underhanded Strike","Dagger Spray+1"],"picked":"Acrobatics+1","floor":36.0},{"not_picked":["Quick Slash+1","Underhanded Strike"],"picked":"Acrobatics+1","floor":37},{"not_picked":["Dagger Throw+1","Slice","Underhanded Strike"],"picked":"SKIP","floor":38},{"not_picked":["After Image","Skewer","Endless Agony+1"],"picked":"SKIP","floor":40},{"not_picked":["Riddle With Holes","Sucker Punch+1","Cloak And Dagger"],"picked":"SKIP","floor":45},{"not_picked":["Distraction","Outmaneuver+1"],"picked":"Blade Dance+1","floor":48}],"player_experience":652662,"relics_obtained":[{"floor":7.0,"key":"Old Coin"},{"floor":9.0,"key":"Akabeko"},{"floor":11.0,"key":"PreservedInsect"},{"floor":25.0,"key":"White Beast Statue"},{"floor":30.0,"key":"Tough Bandages"},{"floor":36.0,"key":"CaptainsWheel"},{"floor":40,"key":"Sundial"},{"floor":43,"key":"Vajra"},{"floor":45,"key":"Juzu Bracelet"},{"floor":48,"key":"Bottled Lightning"}],"event_choices":[{"cards_removed":["Outmaneuver"],"damage_healed":0.0,"max_hp_gain":0.0,"max_hp_loss":0.0,"gold_gain":0.0,"event_name":"WeMeetAgain","player_choice":"Gave Card","floor":2.0,"gold_loss":0.0,"damage_taken":0.0,"relics_obtained":["Tingsha"]},{"damage_healed":0.0,"max_hp_gain":0.0,"max_hp_loss":0.0,"gold_gain":0.0,"event_name":"The Woman in Blue","player_choice":"Bought 3 Potions","floor":14.0,"gold_loss":0.0,"damage_taken":0.0},{"cards_removed":["Strike_G"],"damage_healed":0.0,"max_hp_gain":0.0,"max_hp_loss":0.0,"gold_gain":0.0,"event_name":"Beggar","player_choice":"Gave Gold","floor":19.0,"gold_loss":75.0,"damage_taken":0.0},{"cards_removed":["Strike_G"],"damage_healed":0.0,"max_hp_gain":0.0,"max_hp_loss":0.0,"gold_gain":0.0,"event_name":"Bonfire Elementals","player_choice":"Offered Basic","floor":20.0,"gold_loss":0.0,"damage_taken":0.0},{"damage_healed":0.0,"max_hp_gain":0.0,"max_hp_loss":0.0,"gold_gain":0.0,"cards_transformed":["Defend_G","Defend_G"],"event_name":"Drug Dealer","player_choice":"Became Test Subject","floor":31.0,"gold_loss":0.0,"damage_taken":0.0,"cards_obtained":["Phantasmal Killer","Calculated Gamble"]},{"damage_healed":0.0,"max_hp_gain":0.0,"max_hp_loss":0.0,"gold_gain":0.0,"event_name":"Mysterious Sphere","player_choice":"Fight","floor":36.0,"gold_loss":0.0,"damage_taken":0.0},{"damage_healed":0,"gold_gain":0,"player_choice":"Copied","damage_taken":0,"max_hp_gain":0,"max_hp_loss":0,"event_name":"Duplicator","floor":42,"gold_loss":0,"cards_obtained":["Calculated Gamble"]}],"is_beta":false,"boss_relics":[{"not_picked":["Busted Crown","Runic Dome"],"picked":"Empty Cage"},{"not_picked":["Fusion Hammer","Calling Bell"],"picked":"Runic Pyramid"}],"items_purged_floors":[4,22,28,46],"is_endless":false,"potions_floor_spawned":[12,13,16,25,30,33,35,36,37,38,40,45,48],"ascension_level":2}}