{"host":"goda751pbqw5j0wn","time":1613650982,"event":{"mods":["Act Like it!","Arknights","BaseMod","Highlight Path","Minty Spire (QoL Compilation)","READ ME - Guardian Mod","Shop Mod","StSLib","óô»ðÖ¸ÄÏ"],"gold_per_floor":[1170,1184,1202,1215,1232,1232,1232,1232],"floor_reached":7,"language":"ZHS","playtime":480,"items_purged":[],"score":45,"play_id":"4821db3f-8e30-4ab3-a4e5-e8e0d0e17565","local_time":"20210218202302","is_ascension_mode":false,"campfire_choices":[{"data":"ats:Neurotoxin","floor":6,"key":"SMITH"}],"circlet_count":0,"master_deck":["ats:Strike C","ats:Strike G","ats:Strike S","ats:Strike V","ats:Armor Crushing Shot","ats:Defend","ats:Defend","ats:Defend","ats:Defend","ats:Emotion Absorption","ats:Apocalypse","ats:Neurotoxin+1","ats:Powerful Strike","ats:Rapid Magazine","ats:Absolute Focus"],"relics":["ats:Sanity"],"acts_visited":["Exordium"],"potions_floor_usage":[5],"damage_taken":[{"damage":1.0,"enemies":"Cultist","floor":1.0,"turns":4.0},{"damage":10.0,"enemies":"Small Slimes","floor":2.0,"turns":4.0},{"damage":11.0,"enemies":"Jaw Worm","floor":3.0,"turns":4.0},{"damage":14.0,"enemies":"3 Louse","floor":4.0,"turns":4.0},{"damage":24,"enemies":"Gremlin Gang","floor":5,"turns":4},{"damage":44,"enemies":"Lagavulin","floor":7,"turns":6}],"seed_played":"-8135587926863500875","potions_obtained":[{"floor":2.0,"key":"ColorlessPotion"}],"is_trial":false,"path_per_floor":["M","M","M","M","M","R","E"],"character_chosen":"DOCTOR_CLASS","items_purchased":[],"campfire_rested":0,"item_purchase_floors":[],"current_hp_per_floor":[78,72,65,55,31,31,0,0],"gold":1232,"neow_bonus":"TEN_PERCENT_HP_BONUS","is_daily":false,"chose_seed":false,"campfire_upgraded":1,"win_rate":0.0,"timestamp":1613650982,"path_taken":["M","?","M","M","M","R","E"],"items_purchased_type":[],"build_version":"2020-12-22","purchased_purges":0,"victory":false,"max_hp_per_floor":[79,79,79,79,79,79,79,79],"card_choices":[{"not_picked":["ats:Guard Mode","ats:Curse Doll"],"picked":"ats:Apocalypse","floor":1.0},{"not_picked":["ats:Curse Doll","ats:Shell Defense"],"picked":"ats:Neurotoxin","floor":2.0},{"not_picked":["ats:Sashimi Platter","ats:Absolute Focus"],"picked":"ats:Powerful Strike","floor":3.0},{"not_picked":["ats:Guard Mode","ats:Cat Scratch"],"picked":"ats:Rapid Magazine","floor":4.0},{"not_picked":["ats:Assault Order","ats:Overload"],"picked":"ats:Absolute Focus","floor":5}],"player_experience":538534,"relics_obtained":[],"event_choices":[],"is_beta":false,"boss_relics":[],"items_purged_floors":[],"is_endless":false,"potions_floor_spawned":[2],"killed_by":"Lagavulin","ascension_level":0}}