{"host":"t4313i2190y6fz3q","time":1613611360,"event":{"mods":["2.2 Compatiblity","AchievementEnabler","Act Like it!","BaseMod","Colored Powertips","Minty Spire (QoL Compilation)","Permanent Neow","Quick Restart","Rare Cards Sparkle","StSLib"],"gold_per_floor":[117,130,205,225,241,267,267,299,299,299,315,349,360,392,392,470,470,481,494,494,509,509,509,536,552,575,575,593,618,150,169,169,245,245,258,283,303,525,168,168,218,218,288,288,306,306,306,321,321,321],"floor_reached":51,"language":"ENG","playtime":1441,"items_purged":["Strike_B+1","Zap"],"score":1240,"play_id":"46a9191e-f062-4188-aaf3-551acede9cad","local_time":"20210217172240","is_ascension_mode":true,"campfire_choices":[{"floor":7.0,"key":"REST"},{"data":"Hyperbeam","floor":10.0,"key":"SMITH"},{"data":"Reprogram","floor":15.0,"key":"SMITH"},{"data":"Seek","floor":23.0,"key":"SMITH"},{"data":"Steam Power","floor":27.0,"key":"SMITH"},{"data":"Hologram","floor":32.0,"key":"SMITH"},{"data":"Hyperbeam","floor":40.0,"key":"SMITH"},{"data":"Scrape","floor":44.0,"key":"SMITH"},{"data":"Machine Learning","floor":46,"key":"SMITH"},{"floor":49,"key":"REST"}],"circlet_count":0,"master_deck":["AscendersBane","Strike_B+1","Strike_B+1","Strike_B+1","Defend_B+1","Defend_B+1","Defend_B+1","Defend_B+1","Dualcast","Hyperbeam+1","Steam","Melter","Reprogram+1","Beam Cell","Hologram+1","Beam Cell","All For One","Go for the Eyes","Conserve Battery","Stack","Seek+1","Steam","Gash","Hyperbeam+1","Steam Power+1","Steam","Go for the Eyes+1","Echo Form","Scrape+1","Flash of Steel","Machine Learning+1"],"relics":["Cracked Core","Juzu Bracelet","Eternal Feather","Kunai","Regal Pillow","Vajra","Nuclear Battery","DataDisk","Bronze Scales","Red Mask","Sling","PreservedInsect","SlaversCollar","Du-Vu Doll","Toxic Egg 2"],"acts_visited":["Exordium","TheCity","TheBeyond"],"potions_floor_usage":[50],"damage_taken":[{"damage":3.0,"enemies":"2 Louse","floor":1.0,"turns":2.0},{"damage":1.0,"enemies":"Jaw Worm","floor":2.0,"turns":3.0},{"damage":3.0,"enemies":"Small Slimes","floor":4.0,"turns":2.0},{"damage":10.0,"enemies":"Gremlin Gang","floor":5.0,"turns":3.0},{"damage":25.0,"enemies":"Gremlin Nob","floor":6.0,"turns":4.0},{"damage":23.0,"enemies":"Lagavulin","floor":8.0,"turns":4.0},{"damage":0.0,"enemies":"3 Louse","floor":11.0,"turns":2.0},{"damage":6.0,"enemies":"Gremlin Nob","floor":12.0,"turns":3.0},{"damage":0.0,"enemies":"Exordium Wildlife","floor":13.0,"turns":1.0},{"damage":3.0,"enemies":"3 Sentries","floor":14.0,"turns":3.0},{"damage":20.0,"enemies":"The Guardian","floor":16.0,"turns":10.0},{"damage":5.0,"enemies":"2 Thieves","floor":18.0,"turns":2.0},{"damage":0.0,"enemies":"Spheric Guardian","floor":19.0,"turns":2.0},{"damage":11.0,"enemies":"Snake Plant","floor":21.0,"turns":3.0},{"damage":1.0,"enemies":"Book of Stabbing","floor":24.0,"turns":4.0},{"damage":21.0,"enemies":"Shelled Parasite and Fungi","floor":25.0,"turns":5.0},{"damage":5.0,"enemies":"Centurion and Healer","floor":28.0,"turns":3.0},{"damage":0.0,"enemies":"Masked Bandits","floor":29.0,"turns":1.0},{"damage":0.0,"enemies":"3 Cultists","floor":31.0,"turns":4.0},{"damage":43.0,"enemies":"Champ","floor":33.0,"turns":10.0},{"damage":3.0,"enemies":"3 Shapes","floor":35.0,"turns":3.0},{"damage":14.0,"enemies":"Mind Bloom Boss Battle","floor":36.0,"turns":4.0},{"damage":1.0,"enemies":"Orb Walker","floor":37.0,"turns":3.0},{"damage":16,"enemies":"Transient","floor":45,"turns":5},{"damage":42,"enemies":"Spire Growth","floor":48,"turns":4},{"damage":48,"enemies":"Donu and Deca","floor":50,"turns":6}],"seed_played":"-154729048681838944","potions_obtained":[{"floor":1.0,"key":"Weak Potion"},{"floor":4.0,"key":"BlessingOfTheForge"},{"floor":6.0,"key":"Fire Potion"},{"floor":14.0,"key":"BlessingOfTheForge"},{"floor":16.0,"key":"Weak Potion"},{"floor":28.0,"key":"Swift Potion"},{"floor":33.0,"key":"SpeedPotion"},{"floor":36.0,"key":"EssenceOfDarkness"},{"floor":45,"key":"Ancient Potion"}],"is_trial":false,"path_per_floor":["M","M","?","M","M","E","R","E","T","R","M","E","M","E","R","B",null,"M","M","?","M","?","R","E","M","T","R","M","?","$","M","R","B",null,"M","?","M","?","$","R","?","?","T","R","M","R","?","M","R","B",null],"character_chosen":"DEFECT","items_purchased":["Sling","Steam","PreservedInsect","Flash of Steel","Machine Learning"],"campfire_rested":2,"item_purchase_floors":[30,30,30,39,39],"current_hp_per_floor":[61,60,49,46,36,11,32,9,9,18,18,12,12,9,21,1,54,49,49,49,38,38,53,52,38,38,53,48,48,48,48,63,27,60,64,57,56,56,56,71,71,71,71,71,55,71,67,25,67,19],"gold":321,"neow_bonus":"ONE_RANDOM_RARE_CARD","is_daily":false,"chose_seed":false,"campfire_upgraded":8,"win_rate":0.0,"timestamp":1613611360,"path_taken":["M","M","?","M","M","E","R","E","T","R","M","E","M","E","R","BOSS","M","M","?","M","?","R","E","M","T","R","M","?","$","M","R","BOSS","M","?","M","?","$","R","?","?","T","R","M","R","?","M","R","BOSS"],"items_purchased_type":["Relic","Card","Relic","Card","Card"],"build_version":"2020-12-22","purchased_purges":2,"victory":true,"max_hp_per_floor":[71,71,71,71,71,71,71,71,71,71,71,71,71,71,71,71,71,71,71,71,71,71,71,71,71,71,71,71,71,71,71,71,71,71,71,71,71,71,71,71,71,71,71,71,71,71,67,67,67,67],"card_choices":[{"not_picked":["Storm","Cold Snap"],"picked":"Steam","floor":1.0},{"not_picked":["Coolheaded","Streamline"],"picked":"Melter","floor":2.0},{"not_picked":["Beam Cell","Steam Power"],"picked":"Reprogram","floor":4.0},{"not_picked":["Loop","Compile Driver"],"picked":"Beam Cell","floor":5.0},{"not_picked":["White Noise","Streamline"],"picked":"Hologram","floor":6.0},{"not_picked":["Coolheaded","Defragment"],"picked":"Beam Cell","floor":8.0},{"not_picked":["Blizzard","Ball Lightning"],"picked":"All For One","floor":11.0},{"not_picked":["Storm","Reboot"],"picked":"Go for the Eyes","floor":12.0},{"not_picked":["Barrage","Storm"],"picked":"Conserve Battery","floor":13.0},{"not_picked":["Hologram","Barrage"],"picked":"Stack","floor":14.0},{"not_picked":["Electrodynamics","All For One"],"picked":"Seek","floor":16.0},{"not_picked":["Double Energy","Conserve Battery"],"picked":"Steam","floor":18.0},{"not_picked":["Skim","Barrage"],"picked":"Gash","floor":19.0},{"not_picked":["Gash","Go for the Eyes"],"picked":"Hyperbeam","floor":21.0},{"not_picked":["Darkness","Recycle"],"picked":"Self Repair","floor":24.0},{"not_picked":["White Noise","Turbo"],"picked":"Steam Power","floor":25.0},{"not_picked":["Compile Driver+1","Rebound","Conserve Battery"],"picked":"SKIP","floor":28.0},{"not_picked":["Defragment","Barrage"],"picked":"Go for the Eyes+1","floor":31.0},{"not_picked":["Hyperbeam","Biased Cognition"],"picked":"Echo Form","floor":33.0},{"not_picked":["Steam","Coolheaded","Heatsinks"],"picked":"SKIP","floor":35.0},{"not_picked":["Go for the Eyes+1","Ball Lightning"],"picked":"Scrape","floor":37.0},{"not_picked":["Stack+1","Force Field+1","Gash"],"picked":"SKIP","floor":45},{"not_picked":["Coolheaded+1","Chill+1","Self Repair"],"picked":"SKIP","floor":48}],"player_experience":204642,"relics_obtained":[{"floor":6.0,"key":"Juzu Bracelet"},{"floor":8.0,"key":"Eternal Feather"},{"floor":9.0,"key":"Kunai"},{"floor":12.0,"key":"Regal Pillow"},{"floor":14.0,"key":"Vajra"},{"floor":24.0,"key":"DataDisk"},{"floor":26.0,"key":"Bronze Scales"},{"floor":29.0,"key":"Red Mask"},{"floor":36.0,"key":"Du-Vu Doll"},{"floor":43.0,"key":"Toxic Egg 2"}],"event_choices":[{"damage_healed":0.0,"max_hp_gain":0.0,"max_hp_loss":0.0,"gold_gain":75.0,"event_name":"World of Goop","player_choice":"Gather Gold","floor":3.0,"gold_loss":0.0,"damage_taken":11.0},{"damage_healed":0.0,"max_hp_gain":0.0,"max_hp_loss":0.0,"gold_gain":0.0,"event_name":"Vampires","player_choice":"Ignored","floor":20.0,"gold_loss":0.0,"damage_taken":0.0},{"damage_healed":0.0,"max_hp_gain":0.0,"max_hp_loss":0.0,"gold_gain":0.0,"event_name":"Back to Basics","player_choice":"Simplicity","floor":22.0,"gold_loss":0.0,"damage_taken":0.0,"cards_upgraded":["Strike_B","Strike_B","Strike_B","Strike_B","Defend_B","Defend_B","Defend_B","Defend_B"]},{"damage_healed":0.0,"max_hp_gain":0.0,"max_hp_loss":0.0,"gold_gain":0.0,"event_name":"Masked Bandits","player_choice":"Fought Bandits","floor":29.0,"gold_loss":0.0,"damage_taken":0.0},{"damage_healed":0.0,"max_hp_gain":0.0,"max_hp_loss":0.0,"gold_gain":0.0,"event_name":"MindBloom","player_choice":"Fight","floor":36.0,"gold_loss":0.0,"damage_taken":0.0},{"damage_healed":0.0,"max_hp_gain":0.0,"max_hp_loss":0.0,"gold_gain":222.0,"event_name":"Tomb of Lord Red Mask","player_choice":"Wore Mask","floor":38.0,"gold_loss":0.0,"damage_taken":0.0},{"damage_healed":0.0,"max_hp_gain":0.0,"max_hp_loss":0.0,"gold_gain":50.0,"event_name":"Golden Shrine","player_choice":"Pray","floor":41.0,"gold_loss":0.0,"damage_taken":0.0},{"cards_removed":["Self Repair"],"damage_healed":0.0,"max_hp_gain":0.0,"max_hp_loss":0.0,"gold_gain":0.0,"event_name":"Falling","player_choice":"Removed Power","floor":42.0,"gold_loss":0.0,"damage_taken":0.0},{"damage_healed":0,"gold_gain":0,"player_choice":"Max HP","damage_taken":0,"max_hp_gain":0,"max_hp_loss":4,"event_name":"Winding Halls","floor":47,"gold_loss":0}],"is_beta":false,"boss_relics":[{"not_picked":["Calling Bell","Coffee Dripper"],"picked":"Nuclear Battery"},{"not_picked":["Sozu","Fusion Hammer"],"picked":"SlaversCollar"}],"items_purged_floors":[30,39],"is_endless":false,"potions_floor_spawned":[1,4,6,14,16,18,28,33,36,45,48],"ascension_level":16}}