{"host":"dyzdf8svqmiivg97","time":1613643096,"event":{"mods":["AchievementEnabler","BaseMod","Colored Map","DeckTracker","Minty Spire (QoL Compilation)","Quick Restart","Rare Cards Sparkle","SuperFastMode"],"gold_per_floor":[118,132,142,92,107,107,182,195,277,297,297,297,109,134,134,236,236,254,108,125,145,155,155,172,183,255,290,88,123,123,123,123],"floor_reached":31,"language":"KOR","playtime":805,"items_purged":["Judgement","Injury"],"score":426,"play_id":"6f0f529d-17e9-401d-b7bb-d5e66d9067b3","local_time":"20210218191136","is_ascension_mode":true,"campfire_choices":[{"data":"Scrawl","floor":6,"key":"SMITH"},{"data":"Eruption","floor":12,"key":"SMITH"},{"data":"Apotheosis","floor":15,"key":"SMITH"},{"data":"Adaptation","floor":23,"key":"SMITH"},{"floor":30,"key":"REST"}],"circlet_count":0,"master_deck":["Strike_P","Strike_P","Defend_P","Defend_P","Defend_P","Eruption+1","Vigilance","EmptyFist","Scrawl+1","Meditate","Apotheosis+1","Brilliance","Adaptation+1","Indignation+1"],"relics":["PureWater","Letter Opener","Lantern","Cursed Key","The Courier","Shovel","Medical Kit","Tiny Chest"],"acts_visited":["Exordium","TheCity"],"potions_floor_usage":[22,24,27,29,31,31],"damage_taken":[{"damage":7,"enemies":"Jaw Worm","floor":1,"turns":3},{"damage":0,"enemies":"Small Slimes","floor":2,"turns":2},{"damage":0,"enemies":"Cultist","floor":3,"turns":2},{"damage":7,"enemies":"Looter","floor":5,"turns":4},{"damage":3,"enemies":"Large Slime","floor":8,"turns":5},{"damage":0,"enemies":"2 Fungi Beasts","floor":10,"turns":2},{"damage":15,"enemies":"The Guardian","floor":16,"turns":8},{"damage":0,"enemies":"2 Thieves","floor":18,"turns":2},{"damage":1,"enemies":"3 Byrds","floor":20,"turns":4},{"damage":14,"enemies":"Snake Plant","floor":21,"turns":3},{"damage":0,"enemies":"Shelled Parasite and Fungi","floor":22,"turns":2},{"damage":10,"enemies":"Chosen and Byrds","floor":24,"turns":2},{"damage":0,"enemies":"3 Cultists","floor":25,"turns":2},{"damage":6,"enemies":"Book of Stabbing","floor":27,"turns":3},{"damage":0,"enemies":"Gremlin Leader","floor":29,"turns":1},{"damage":40,"enemies":"Colosseum Slavers","floor":31,"turns":3},{"damage":20,"enemies":"Colosseum Nobs","floor":31,"turns":2}],"seed_played":"7362827885359977891","potions_obtained":[{"floor":2,"key":"LiquidBronze"},{"floor":5,"key":"Swift Potion"},{"floor":18,"key":"Energy Potion"},{"floor":24,"key":"EssenceOfSteel"},{"floor":27,"key":"SkillPotion"},{"floor":29,"key":"AttackPotion"}],"is_trial":false,"path_per_floor":["M","M","M","?","M","R","?","M","T","M","?","R","$","T","R","B",null,"M","$","M","M","M","R","M","M","T","E","$","E","R","?"],"character_chosen":"WATCHER","items_purchased":["Apotheosis","Adaptation","Medical Kit"],"campfire_rested":1,"item_purchase_floors":[13,19,28],"current_hp_per_floor":[58,58,58,58,51,51,40,37,37,37,30,30,30,30,30,15,58,58,58,57,43,43,43,33,33,33,27,27,27,48,0,0],"gold":123,"neow_bonus":"TRANSFORM_CARD","is_daily":false,"chose_seed":false,"campfire_upgraded":4,"win_rate":0.0,"timestamp":1613643096,"path_taken":["M","M","M","?","M","R","?","M","T","M","?","R","$","?","R","BOSS","M","$","M","M","?","R","M","M","T","E","$","E","R","?"],"items_purchased_type":["Card","Card","Relic"],"build_version":"2020-12-22","purchased_purges":2,"victory":false,"max_hp_per_floor":[72,72,72,72,72,72,72,72,72,72,72,72,72,72,72,72,72,72,72,72,72,72,72,72,72,72,72,72,72,72,72,72],"card_choices":[{"not_picked":["BowlingBash","Prostrate","ThirdEye"],"picked":"SKIP","floor":1},{"not_picked":["FlurryOfBlows","Swivel"],"picked":"EmptyFist","floor":2},{"not_picked":["EmptyBody","ThirdEye","CutThroughFate"],"picked":"SKIP","floor":3},{"not_picked":["Crescendo","WaveOfTheHand"],"picked":"Scrawl","floor":5},{"not_picked":["Prostrate","Evaluate"],"picked":"Meditate","floor":8},{"not_picked":["Protect","Nirvana","SashWhip"],"picked":"SKIP","floor":10},{"not_picked":["Blasphemy","Establishment"],"picked":"Brilliance","floor":16},{"not_picked":["ThirdEye","BattleHymn+1","Halt"],"picked":"SKIP","floor":18},{"not_picked":["JustLucky","Halt+1"],"picked":"Indignation+1","floor":20},{"not_picked":["FlurryOfBlows","Swivel+1","ThirdEye"],"picked":"SKIP","floor":21},{"not_picked":["Devotion","Consecrate+1","PathToVictory"],"picked":"SKIP","floor":22},{"not_picked":["WindmillStrike","CutThroughFate","JustLucky"],"picked":"SKIP","floor":24},{"not_picked":["BowlingBash","Protect","Crescendo"],"picked":"SKIP","floor":25},{"not_picked":["FlyingSleeves","LikeWater","Wallop"],"picked":"SKIP","floor":27},{"not_picked":["BowlingBash","ConjureBlade","Worship"],"picked":"SKIP","floor":29}],"player_experience":576821,"relics_obtained":[{"floor":9,"key":"Letter Opener"},{"floor":14,"key":"Lantern"},{"floor":26,"key":"The Courier"},{"floor":27,"key":"Shovel"},{"floor":29,"key":"Tiny Chest"}],"event_choices":[{"cards_removed":["Strike_P"],"damage_healed":0,"gold_gain":0,"player_choice":"Card Removal","damage_taken":0,"max_hp_gain":0,"max_hp_loss":0,"event_name":"The Cleric","floor":4,"gold_loss":50},{"damage_healed":0,"gold_gain":75,"player_choice":"Gather Gold","damage_taken":11,"max_hp_gain":0,"max_hp_loss":0,"event_name":"World of Goop","floor":7,"gold_loss":0},{"cards_removed":["Defend_P"],"damage_healed":0,"gold_gain":0,"player_choice":"Card Removal","damage_taken":7,"max_hp_gain":0,"max_hp_loss":0,"event_name":"Golden Wing","floor":11,"gold_loss":0},{"damage_healed":0,"gold_gain":0,"player_choice":"Fight","damage_taken":0,"max_hp_gain":0,"max_hp_loss":0,"event_name":"Colosseum","floor":31,"gold_loss":0},{"damage_healed":0,"gold_gain":0,"player_choice":"Fought Nobs","damage_taken":0,"max_hp_gain":0,"max_hp_loss":0,"event_name":"Colosseum","floor":31,"gold_loss":0}],"is_beta":false,"boss_relics":[{"not_picked":["HolyWater","Philosopher\u0027s Stone"],"picked":"Cursed Key"}],"items_purged_floors":[19,28],"is_endless":false,"potions_floor_spawned":[2,5,18,24,27,29],"killed_by":"Colosseum Nobs","ascension_level":9}}