{"host":"fkig9nrckec4xsh0","time":1613628261,"event":{"mods":["Act Like it!","BaseMod","Colored Map","Gensokyo","Hermit","Marisa????????","Minty Spire (QoL Compilation)","Quick Restart","Replay The Spire","StSLib","The Cursed","The Necromancer","The Servant 0.9.4"],"gold_per_floor":[115,115,12,12,30,61,61,121,121,133,160,160,160,160,184,184,184,301,301,325,250,277,237,263,305,305,67,67,105,117,129,141,177,189,311,323,359,371,405,444,156,205,205,205,205,254,280,26,80,115,115,139],"floor_reached":53,"language":"ENG","playtime":2282,"items_purged":["TheCursedMod:Defend_TheCursed"],"score":1031,"play_id":"99d684f5-02a3-4afa-a192-0377fe07465e","local_time":"20210218010421","is_ascension_mode":false,"campfire_choices":[{"data":"TheCursedMod:CursedStaff","floor":7,"key":"SMITH"},{"data":"TheCursedMod:AntiAging","floor":14,"key":"SMITH"},{"data":"TheCursedMod:CursedStaff","floor":17,"key":"SMITH"},{"floor":26,"key":"REST"},{"data":"TheCursedMod:CollectTribute","floor":30,"key":"SMITH"},{"data":"TheCursedMod:SpreadPlague","floor":43,"key":"SMITH"},{"data":"Panache","floor":51,"key":"SMITH"}],"circlet_count":0,"master_deck":["TheCursedMod:Strike_TheCursed+1","TheCursedMod:Strike_TheCursed","TheCursedMod:Defend_TheCursed","TheCursedMod:Defend_TheCursed","TheCursedMod:CursedWand","TheCursedMod:CleanUpWorkshop","TheCursedMod:Dregs","TheCursedMod:CursedRelics+1","TheCursedMod:CursedStaff+1","TheCursedMod:CursedStaff+1","TheCursedMod:WearCloak","TheCursedMod:FleshFromBone","TheCursedMod:CursedBlade","TheCursedMod:AntiAging+1","TheCursedMod:CursedSpellbook+1","TheCursedMod:Stigma+1","TheCursedMod:CollectTribute+1","TheCursedMod:TacticalStrike","TheCursedMod:HellfireBreathing","TheCursedMod:SpreadPlague+1","TheCursedMod:CircleOfBlood+1","TheCursedMod:HellfireBreathing+1","TheCursedMod:StunningStrike","TheCursedMod:Stigma+1","TheCursedMod:RapidMovement+1","TheCursedMod:Torture+1","TheCursedMod:AshesToAshes","Panache+1","TheCursedMod:AbyssShockwave+1","Normality","TheCursedMod:StunningStrike","TheCursedMod:CursedBlade+1","TheCursedMod:HellfireBreathing","TheCursedMod:HellfireBreathing","TheCursedMod:ForbiddenAlchemy","TheCursedMod:Stigma"],"relics":["TheCursedMod:BlackMagic101","NeowsBlessing","Pear","TheCursedMod:BloodyHarpoon","Pantograph","Letter Opener","Replay:Bandana","TheCursedMod:OminousMark","Darkstone Periapt","Mummified Hand","Divine Protection","MawBank","Replay:Grab Bag","ReplayTheSpireMod:Onyx Gauntlets","Cursed Key","Black Star","TheCursedMod:Tack","Nunchaku","Shuriken","Replay:Rubber Ducky","StoneCalendar","Membership Card","TheCursedMod:DemonicMark","Replay:Bottled Flurry"],"acts_visited":["Exordium","TheCity","TheBeyond"],"potions_floor_usage":[18,18,35,49,52,52,52,52,52,52,52,52],"damage_taken":[{"damage":0,"enemies":"2 Louse","floor":1,"turns":1},{"damage":0,"enemies":"Cultist","floor":5,"turns":1},{"damage":0,"enemies":"Gremlin Nob","floor":6,"turns":1},{"damage":6,"enemies":"Jaw Worm","floor":10,"turns":2},{"damage":8,"enemies":"Exordium Wildlife","floor":15,"turns":4},{"damage":42,"enemies":"Hexaghost","floor":18,"turns":7},{"damage":26,"enemies":"Shell Parasite","floor":20,"turns":6},{"damage":14,"enemies":"3 Byrds","floor":22,"turns":4},{"damage":14,"enemies":"Centurion and Healer","floor":24,"turns":4},{"damage":35,"enemies":"Replay:Snechameleon","floor":25,"turns":5},{"damage":4,"enemies":"Gremlin Leader","floor":29,"turns":6},{"damage":0,"enemies":"Snecko","floor":33,"turns":3},{"damage":48,"enemies":"Champ","floor":35,"turns":8},{"damage":0,"enemies":"3 Shapes","floor":37,"turns":3},{"damage":0,"enemies":"Orb Walker","floor":39,"turns":2},{"damage":21,"enemies":"4 Shapes","floor":40,"turns":3},{"damage":49,"enemies":"Reptomancer","floor":42,"turns":4},{"damage":8,"enemies":"R_Hoarder","floor":46,"turns":4},{"damage":0,"enemies":"Jaw Worm Horde","floor":47,"turns":2},{"damage":15,"enemies":"Reptomancer","floor":49,"turns":4},{"damage":0,"enemies":"Transient","floor":50,"turns":5},{"damage":4,"enemies":"Donu and Deca","floor":52,"turns":3}],"seed_played":"-1117653083798175781","potions_obtained":[{"floor":8,"key":"DistilledChaos"},{"floor":15,"key":"Reflective Coating"},{"floor":18,"key":"EssenceOfSteel"},{"floor":25,"key":"Languid Potion"},{"floor":33,"key":"Cursed Concoction"},{"floor":35,"key":"Elixir"},{"floor":47,"key":"Death Potion"}],"is_trial":false,"path_per_floor":["M","?","$","T","M","E","R","?","T","M","T","PTL","PTL","R","M","?","R","B",null,"M","?","M","?","M","E","R","$","T","E","R","?","?","M","R_BF","B",null,"M","?","M","M","$","E","R","?","T","E","M","$","E","M","R","B",null],"character_chosen":"THE_CURSED","items_purchased":["TheCursedMod:CursedStaff","TheCursedMod:WearCloak","Mummified Hand","TheCursedMod:AshesToAshes","Panache","Membership Card","TheCursedMod:HellfireBreathing","TheCursedMod:ForbiddenAlchemy"],"campfire_rested":1,"item_purchase_floors":[3,3,27,41,41,48,48,48],"current_hp_per_floor":[75,75,75,85,85,85,85,64,64,58,58,58,58,58,53,35,35,18,88,65,65,54,54,43,11,41,41,41,40,40,19,19,27,59,39,111,114,114,114,93,93,59,59,59,65,64,76,76,76,91,91,135],"gold":139,"neow_bonus":"THREE_ENEMY_KILL","is_daily":false,"chose_seed":false,"campfire_upgraded":6,"win_rate":0.0,"timestamp":1613628261,"path_taken":["M","?","?","?","?","E","R","?","T","M","?","PTL","PTL","R","?","?","R","BOSS","M","?","M","?","?","E","R","?","T","E","R","?","?","M","R_BF","BOSS","M","?","?","M","$","E","R","?","T","E","?","$","E","M","R","BOSS"],"items_purchased_type":["Card","Card","Relic","Card","Card","Relic","Card","Card"],"build_version":"2020-12-22","purchased_purges":1,"victory":true,"max_hp_per_floor":[75,75,75,85,85,85,85,85,85,85,85,85,85,85,88,88,88,88,88,91,91,94,94,97,100,100,100,100,103,103,108,108,108,108,111,111,114,114,114,114,114,117,117,117,123,126,126,126,129,132,132,135],"card_choices":[{"not_picked":["TheCursedMod:CircleOfCorruption","TheCursedMod:Obscuration","TheCursedMod:DoubleShield"],"picked":"SKIP","floor":1},{"not_picked":["TheCursedMod:VitalStrike","TheCursedMod:SurpriseAttack"],"picked":"TheCursedMod:FleshFromBone","floor":5},{"not_picked":["TheCursedMod:Wield","TheCursedMod:CursedAmulet"],"picked":"TheCursedMod:CursedBlade","floor":6},{"not_picked":["TheCursedMod:CircleOfCorruption","TheCursedMod:SpreadPlague"],"picked":"TheCursedMod:AntiAging","floor":8},{"not_picked":["TheCursedMod:CursedBlade","TheCursedMod:CircleOfFlame"],"picked":"TheCursedMod:CursedSpellbook","floor":10},{"not_picked":["TheCursedMod:CircleOfFlame","TheCursedMod:TroublousMinions"],"picked":"TheCursedMod:Stigma","floor":15},{"not_picked":["TheCursedMod:VoidForm","TheCursedMod:DemonSword"],"picked":"TheCursedMod:CollectTribute","floor":18},{"not_picked":["TheCursedMod:EmpowerCircles","TheCursedMod:CursedAmulet"],"picked":"TheCursedMod:TacticalStrike","floor":20},{"not_picked":["TheCursedMod:SmokeScreen","TheCursedMod:CursedBlade"],"picked":"TheCursedMod:HellfireBreathing","floor":22},{"not_picked":["TheCursedMod:RavingStaff","TheCursedMod:CircleOfWindfury","TheCursedMod:TacticalStrike"],"picked":"SKIP","floor":24},{"not_picked":["TheCursedMod:PrepareRite","TheCursedMod:SpitefulPlan"],"picked":"TheCursedMod:SpreadPlague","floor":25},{"not_picked":["TheCursedMod:CursedMace","TheCursedMod:CircleOfCorruption"],"picked":"TheCursedMod:CircleOfBlood+1","floor":29},{"not_picked":["TheCursedMod:CursedMace+1","TheCursedMod:CircleOfFlame"],"picked":"TheCursedMod:HellfireBreathing","floor":33},{"not_picked":["TheCursedMod:CircleOfAbyss","TheCursedMod:ParallelWorld"],"picked":"TheCursedMod:StunningStrike","floor":35},{"not_picked":["TheCursedMod:WearCloak","TheCursedMod:EmpowerCircles"],"picked":"TheCursedMod:Stigma+1","floor":37},{"not_picked":["TheCursedMod:SpitefulStrike+1","TheCursedMod:CursedAmulet"],"picked":"TheCursedMod:RapidMovement+1","floor":39},{"not_picked":["TheCursedMod:CircleOfFlame","TheCursedMod:ManaBullet"],"picked":"TheCursedMod:Torture+1","floor":40},{"not_picked":["TheCursedMod:FleshFromBone","TheCursedMod:CircleOfAbyss"],"picked":"TheCursedMod:AbyssShockwave+1","floor":42},{"not_picked":["TheCursedMod:SmokeScreen+1","TheCursedMod:WearCloak+1"],"picked":"TheCursedMod:StunningStrike","floor":46},{"not_picked":["TheCursedMod:CursedMace+1","TheCursedMod:FuryStrike+1"],"picked":"TheCursedMod:CursedBlade+1","floor":47},{"not_picked":["TheCursedMod:SoulCrush","TheCursedMod:SmokeScreen"],"picked":"TheCursedMod:Stigma","floor":49},{"not_picked":["TheCursedMod:CursedAmulet+1","TheCursedMod:SurpriseAttack","TheCursedMod:SpitefulStrike+1"],"picked":"SKIP","floor":50}],"player_experience":455026,"relics_obtained":[{"floor":4,"key":"Pear"},{"floor":6,"key":"TheCursedMod:BloodyHarpoon"},{"floor":8,"key":"Pantograph"},{"floor":9,"key":"Letter Opener"},{"floor":11,"key":"Replay:Bandana"},{"floor":25,"key":"Darkstone Periapt"},{"floor":28,"key":"Divine Protection"},{"floor":29,"key":"MawBank"},{"floor":42,"key":"TheCursedMod:Tack"},{"floor":42,"key":"Nunchaku"},{"floor":45,"key":"Shuriken"},{"floor":46,"key":"Replay:Rubber Ducky"},{"floor":46,"key":"StoneCalendar"},{"floor":49,"key":"TheCursedMod:DemonicMark"},{"floor":49,"key":"Replay:Bottled Flurry"}],"event_choices":[{"damage_healed":0,"gold_gain":0,"cards_transformed":["TheCursedMod:Defend_TheCursed"],"player_choice":"Transformed","damage_taken":0,"max_hp_gain":0,"max_hp_loss":0,"event_name":"Transmorgrifier","floor":2,"gold_loss":0,"cards_obtained":["TheCursedMod:CursedRelics"]},{"damage_healed":0,"gold_gain":0,"player_choice":"Entered Light","damage_taken":18,"max_hp_gain":0,"max_hp_loss":0,"event_name":"Shining Light","floor":16,"gold_loss":0,"cards_upgraded":["TheCursedMod:CursedRelics","TheCursedMod:Stigma"]},{"cards_removed":["TheCursedMod:Strike_TheCursed"],"damage_healed":0,"gold_gain":0,"player_choice":"Gave Gold","damage_taken":0,"max_hp_gain":0,"max_hp_loss":0,"event_name":"Beggar","floor":21,"gold_loss":75},{"damage_healed":0,"gold_gain":0,"player_choice":"Upgraded Two","damage_taken":0,"max_hp_gain":0,"max_hp_loss":0,"event_name":"Designer","floor":23,"gold_loss":40,"cards_upgraded":["TheCursedMod:CursedSpellbook","TheCursedMod:Strike_TheCursed"]},{"damage_healed":0,"gold_gain":0,"player_choice":"Shed Blood","damage_taken":26,"max_hp_gain":5,"max_hp_loss":0,"event_name":"Forgotten Altar","floor":31,"gold_loss":0},{"damage_healed":0,"gold_gain":0,"player_choice":"Ignored","damage_taken":0,"max_hp_gain":0,"max_hp_loss":0,"event_name":"Ghosts","floor":32,"gold_loss":0},{"cards_removed":["TheCursedMod:Strike_TheCursed"],"damage_healed":0,"gold_gain":0,"player_choice":"Offered Basic","damage_taken":0,"max_hp_gain":0,"max_hp_loss":0,"event_name":"Bonfire Elementals","floor":38,"gold_loss":0},{"damage_healed":0,"gold_gain":0,"player_choice":"Ignored","damage_taken":0,"max_hp_gain":0,"max_hp_loss":0,"event_name":"Fountain of Cleansing","floor":44,"gold_loss":0}],"is_beta":false,"boss_relics":[{"not_picked":["Coffee Dripper","Fusion Hammer"],"picked":"TheCursedMod:OminousMark"},{"not_picked":["Busted Crown","Empty Cage"],"picked":"Replay:Grab Bag"},{"not_picked":["Runic Dome","Painkiller Herb"],"picked":"ReplayTheSpireMod:Onyx Gauntlets"},{"not_picked":["Philosopher\u0027s Stone","ChewingGum"],"picked":"Cursed Key"},{"not_picked":["Replay:Drink Me","Astrolabe"],"picked":"Black Star"}],"items_purged_floors":[41],"is_endless":false,"potions_floor_spawned":[15,18,25,33,35,46,47,49],"ascension_level":0}}