{"host":"e8rlfedn69rz2s07","time":1613683548,"event":{"mods":["AchievementEnabler","BaseMod","Minty Spire (QoL Compilation)","Permanent Neow","Relic Stats"],"gold_per_floor":[112,127,145,145,160,190,190,201,275,300,265,597,616,674,674,774,774,791,805,818,302,262,297,297,322,348,381,393,410,48,61,61,163,163,173,190,205,135,151,185,0,26,38,50,73,85,121,159,171,183,195,207,64,96,96],"floor_reached":56,"language":"ENG","playtime":3134,"items_purged":["Strike_P"],"score":1798,"play_id":"2d54960c-4cf6-4351-a7f7-2ddb75c89ec8","local_time":"20210218232547","is_ascension_mode":true,"campfire_choices":[{"data":"MentalFortress","floor":7.0,"key":"SMITH"},{"data":"Eruption","floor":15.0,"key":"SMITH"},{"data":"TalkToTheHand","floor":24.0,"key":"SMITH"},{"data":"WaveOfTheHand","floor":32.0,"key":"SMITH"},{"floor":46,"key":"RECALL"},{"data":"Omniscience","floor":49,"key":"SMITH"},{"data":"SpiritShield","floor":52,"key":"SMITH"}],"circlet_count":0,"master_deck":["Strike_P+1","Strike_P+1","Defend_P+1","Defend_P+1","Defend_P+1","Defend_P","Eruption+1","Vigilance","InnerPeace+1","FlurryOfBlows+1","FlurryOfBlows+1","MentalFortress+1","BowlingBash+1","FearNoEvil+1","Adaptation+1","Meditate+1","EmptyMind","LessonLearned+1","Halt+1","Crescendo+1","Consecrate+1","Vengeance","FlurryOfBlows+1","TalkToTheHand+1","Halt+1","Worship","WaveOfTheHand+1","TalkToTheHand+1","Ragnarok","MentalFortress+1","FearNoEvil+1","SpiritShield+1","CutThroughFate+1","FlurryOfBlows+1","Indignation","Omniscience+1","SpiritShield+1","Vengeance+1"],"relics":["PureWater","Akabeko","Ornamental Fan","Odd Mushroom","Old Coin","Vajra","Runic Pyramid","Nunchaku","Sling","Anchor","Boot","Lantern","Bag of Marbles","DollysMirror","Sozu","Art of War","Red Mask","MawBank","Dream Catcher","Happy Flower","Gremlin Horn","Bronze Scales","Bag of Preparation"],"acts_visited":["Exordium","TheCity","TheBeyond","TheEnding"],"potions_floor_usage":[54,55,55],"damage_taken":[{"damage":0.0,"enemies":"Jaw Worm","floor":1.0,"turns":3.0},{"damage":1.0,"enemies":"Small Slimes","floor":2.0,"turns":4.0},{"damage":0.0,"enemies":"2 Louse","floor":3.0,"turns":4.0},{"damage":0.0,"enemies":"Gremlin Gang","floor":5.0,"turns":4.0},{"damage":23.0,"enemies":"Lagavulin","floor":6.0,"turns":6.0},{"damage":0.0,"enemies":"Exordium Thugs","floor":8.0,"turns":4.0},{"damage":18.0,"enemies":"The Mushroom Lair","floor":10.0,"turns":4.0},{"damage":0.0,"enemies":"Gremlin Nob","floor":12.0,"turns":2.0},{"damage":0.0,"enemies":"Exordium Wildlife","floor":13.0,"turns":4.0},{"damage":26.0,"enemies":"Lagavulin Event","floor":14.0,"turns":7.0},{"damage":0.0,"enemies":"Hexaghost","floor":16.0,"turns":6.0},{"damage":0.0,"enemies":"Chosen","floor":18.0,"turns":3.0},{"damage":1.0,"enemies":"Spheric Guardian","floor":19.0,"turns":3.0},{"damage":8.0,"enemies":"3 Cultists","floor":20.0,"turns":3.0},{"damage":0.0,"enemies":"Slavers","floor":23.0,"turns":3.0},{"damage":0.0,"enemies":"Book of Stabbing","floor":25.0,"turns":3.0},{"damage":0.0,"enemies":"Slavers","floor":27.0,"turns":4.0},{"damage":0.0,"enemies":"Centurion and Healer","floor":28.0,"turns":2.0},{"damage":0.0,"enemies":"Snecko","floor":29.0,"turns":3.0},{"damage":0.0,"enemies":"3 Cultists","floor":31.0,"turns":3.0},{"damage":0,"enemies":"Automaton","floor":33,"turns":8},{"damage":0,"enemies":"3 Darklings","floor":35,"turns":3},{"damage":0,"enemies":"Orb Walker","floor":36,"turns":1},{"damage":0,"enemies":"Transient","floor":37,"turns":5},{"damage":0,"enemies":"Jaw Worm Horde","floor":39,"turns":3},{"damage":0,"enemies":"Nemesis","floor":40,"turns":3},{"damage":0,"enemies":"Giant Head","floor":42,"turns":5},{"damage":0,"enemies":"Writhing Mass","floor":45,"turns":5},{"damage":0,"enemies":"Nemesis","floor":48,"turns":3},{"damage":14,"enemies":"Time Eater","floor":50,"turns":10},{"damage":12,"enemies":"Shield and Spear","floor":54,"turns":2},{"damage":9,"enemies":"The Heart","floor":55,"turns":8}],"seed_played":"-1948513610771713395","potions_obtained":[{"floor":2.0,"key":"Ancient Potion"},{"floor":3.0,"key":"PowerPotion"},{"floor":5.0,"key":"StancePotion"},{"floor":10.0,"key":"AttackPotion"},{"floor":13.0,"key":"BlessingOfTheForge"},{"floor":16.0,"key":"Ancient Potion"},{"floor":19.0,"key":"SneckoOil"},{"floor":23.0,"key":"ColorlessPotion"},{"floor":25.0,"key":"Strength Potion"}],"is_trial":false,"path_per_floor":["M","M","M","?","M","E","R","M","T","?","?","E","M","?","R","B",null,"M","M","M","$","?","E","R","E","T","E","M","M","$","M","R","B",null,"M","M","M","$","M","E","?","E","T","T","M","R","T","E","R","B",null,"R","$","E","B",null],"character_chosen":"WATCHER","items_purchased":["Vengeance","Nunchaku","FlurryOfBlows","Sling","DollysMirror","Ragnarok","MentalFortress","DistilledChaos","Indignation","Bronze Scales"],"campfire_rested":0,"item_purchase_floors":[21,21,21,21,30,30,30,30,38,53],"current_hp_per_floor":[79,78,78,71,71,48,48,48,48,30,49,49,49,23,23,23,79,79,78,70,70,70,70,70,70,70,70,70,70,70,70,70,70,79,79,79,79,79,79,79,79,79,79,79,79,79,79,79,79,65,79,79,79,67,58],"gold":96,"neow_bonus":"TEN_PERCENT_HP_BONUS","is_daily":false,"chose_seed":false,"campfire_upgraded":6,"win_rate":0.0,"timestamp":1613683547,"path_taken":["M","M","M","?","M","E","R","M","T","?","?","E","M","?","R","BOSS","M","M","M","$","?","E","R","E","T","E","M","M","$","M","R","BOSS","M","?","M","$","M","E","?","E","T","?","M","R","?","E","R","BOSS","R","$","E","BOSS"],"items_purchased_type":["Card","Relic","Card","Relic","Relic","Card","Card","Potion","Card","Relic"],"build_version":"2020-12-22","purchased_purges":1,"victory":true,"max_hp_per_floor":[79,79,79,79,79,79,79,79,79,79,79,79,79,79,79,79,79,79,79,79,79,79,79,79,79,79,79,79,79,79,79,79,79,79,79,79,79,79,79,79,79,79,79,79,79,79,79,79,79,79,79,79,79,79,79],"relic_stats":{"Happy Flower":[7],"Gremlin Horn":[1,1],"counters":[32,131],"Bag of Preparation":[2],"Boot":[37],"MawBank":132,"Sozu":3,"Nunchaku":[26],"Dream Catcher":0,"Ornamental Fan":[344],"Bronze Scales":[87],"Art of War":[3],"obtain_stats":[{"Lantern":26,"Happy Flower":47,"Gremlin Horn":48,"Vajra":14,"Bag of Preparation":54,"Odd Mushroom":10,"Sling":21,"Boot":25,"MawBank":42,"Akabeko":6,"Old Coin":12,"Sozu":34,"Nunchaku":21,"Anchor":23,"Dream Catcher":44,"Ornamental Fan":9,"DollysMirror":30,"Bronze Scales":53,"Bag of Marbles":27,"Art of War":40,"Red Mask":41,"PureWater":0,"Runic Pyramid":17},{"Lantern":16,"Happy Flower":28,"Gremlin Horn":29,"Vajra":10,"Bag of Preparation":31,"Odd Mushroom":7,"Sling":14,"Boot":16,"MawBank":27,"Akabeko":5,"Old Coin":8,"Sozu":21,"Nunchaku":14,"Anchor":15,"Dream Catcher":27,"Ornamental Fan":6,"DollysMirror":19,"Bronze Scales":30,"Bag of Marbles":17,"Art of War":26,"Red Mask":26,"PureWater":0,"Runic Pyramid":11},{"Lantern":63,"Happy Flower":108,"Gremlin Horn":111,"Vajra":42,"Bag of Preparation":123,"Odd Mushroom":29,"Sling":57,"Boot":63,"MawBank":103,"Akabeko":21,"Old Coin":31,"Sozu":83,"Nunchaku":57,"Anchor":60,"Dream Catcher":103,"Ornamental Fan":25,"DollysMirror":72,"Bronze Scales":121,"Bag of Marbles":67,"Art of War":98,"Red Mask":98,"PureWater":0,"Runic Pyramid":48}]},"card_choices":[{"not_picked":["CutThroughFate","FollowUp"],"picked":"InnerPeace","floor":1.0},{"not_picked":["Evaluate","Establishment"],"picked":"FlurryOfBlows","floor":2.0},{"not_picked":["Protect","FollowUp"],"picked":"FlurryOfBlows","floor":3.0},{"not_picked":["CrushJoints","CutThroughFate"],"picked":"MentalFortress","floor":5.0},{"not_picked":["Alpha","SignatureMove"],"picked":"BowlingBash","floor":6.0},{"not_picked":["CrushJoints","ForeignInfluence"],"picked":"FearNoEvil","floor":8.0},{"not_picked":["DeceiveReality","Conclude"],"picked":"Adaptation","floor":10.0},{"not_picked":["ForeignInfluence","CarveReality"],"picked":"Meditate","floor":12.0},{"not_picked":["JustLucky","Evaluate"],"picked":"EmptyMind","floor":13.0},{"not_picked":["Omniscience","MasterReality"],"picked":"LessonLearned","floor":16.0},{"not_picked":["ClearTheMind+1","Consecrate"],"picked":"Halt+1","floor":18.0},{"not_picked":["EmptyFist+1","WreathOfFlame"],"picked":"Crescendo","floor":19.0},{"not_picked":["FearNoEvil+1","Ragnarok"],"picked":"Consecrate+1","floor":20.0},{"not_picked":["EmptyFist","ThirdEye"],"picked":"TalkToTheHand","floor":23.0},{"not_picked":["CrushJoints+1","SashWhip"],"picked":"Halt+1","floor":25.0},{"not_picked":["FearNoEvil","Meditate","CutThroughFate"],"picked":"SKIP","floor":27.0},{"not_picked":["Halt","ForeignInfluence"],"picked":"Worship","floor":28.0},{"not_picked":["ForeignInfluence","FollowUp"],"picked":"WaveOfTheHand","floor":29.0},{"not_picked":["Crescendo","PathToVictory"],"picked":"FearNoEvil","floor":31.0},{"not_picked":["Ragnarok","DeusExMachina"],"picked":"SpiritShield","floor":33},{"not_picked":["Halt+1","Crescendo"],"picked":"CutThroughFate+1","floor":35},{"not_picked":["SashWhip","ThirdEye"],"picked":"FlurryOfBlows+1","floor":36},{"not_picked":["Study+1","JustLucky","FlyingSleeves+1"],"picked":"SKIP","floor":37},{"not_picked":["ThirdEye+1","FlyingSleeves+1"],"picked":"Omniscience","floor":39},{"not_picked":["CrushJoints","FollowUp","Consecrate+1"],"picked":"SKIP","floor":40},{"not_picked":["SandsOfTime+1","Meditate"],"picked":"SpiritShield","floor":42},{"not_picked":["Protect+1","ClearTheMind","Crescendo+1"],"picked":"SKIP","floor":45},{"not_picked":["FlyingSleeves+1","Nirvana+1"],"picked":"Vengeance+1","floor":48},{"not_picked":["Evaluate+1","WaveOfTheHand","BowlingBash+1"],"picked":"SKIP","floor":54}],"player_experience":1089520,"relics_obtained":[{"floor":6.0,"key":"Akabeko"},{"floor":9.0,"key":"Ornamental Fan"},{"floor":10.0,"key":"Odd Mushroom"},{"floor":12.0,"key":"Old Coin"},{"floor":14.0,"key":"Vajra"},{"floor":23.0,"key":"Anchor"},{"floor":25.0,"key":"Boot"},{"floor":26.0,"key":"Lantern"},{"floor":27.0,"key":"Bag of Marbles"},{"floor":40,"key":"Art of War"},{"floor":42,"key":"MawBank"},{"floor":44,"key":"Dream Catcher"},{"floor":47,"key":"Happy Flower"},{"floor":48,"key":"Gremlin Horn"},{"floor":54,"key":"Bag of Preparation"}],"event_choices":[{"cards_removed":["Strike_P"],"damage_healed":0.0,"max_hp_gain":0.0,"max_hp_loss":0.0,"gold_gain":0.0,"event_name":"Golden Wing","player_choice":"Card Removal","floor":4.0,"gold_loss":0.0,"damage_taken":7.0},{"damage_healed":0.0,"max_hp_gain":0.0,"max_hp_loss":0.0,"gold_gain":0.0,"event_name":"Mushrooms","player_choice":"Fought Mushrooms","floor":10.0,"gold_loss":0.0,"damage_taken":0.0},{"damage_healed":19.0,"max_hp_gain":0.0,"max_hp_loss":0.0,"gold_gain":0.0,"event_name":"The Cleric","player_choice":"Healed","floor":11.0,"gold_loss":35.0,"damage_taken":0.0},{"damage_healed":0.0,"max_hp_gain":0.0,"max_hp_loss":0.0,"gold_gain":0.0,"event_name":"Dead Adventurer","player_choice":"Searched \u00271\u0027 times","floor":14.0,"gold_loss":0.0,"damage_taken":0.0},{"damage_healed":0.0,"max_hp_gain":0.0,"max_hp_loss":0.0,"gold_gain":0.0,"event_name":"Designer","player_choice":"Upgraded Two","floor":22.0,"gold_loss":40.0,"damage_taken":0.0,"cards_upgraded":["Defend_P","Adaptation"]},{"damage_healed":0,"gold_gain":0,"player_choice":"Paid","damage_taken":0,"relics_obtained":["Red Mask"],"max_hp_gain":0,"max_hp_loss":0,"event_name":"Tomb of Lord Red Mask","floor":41,"gold_loss":185}],"is_beta":false,"boss_relics":[{"not_picked":["Velvet Choker","Busted Crown"],"picked":"Runic Pyramid"},{"not_picked":["Astrolabe","SlaversCollar"],"picked":"Sozu"}],"items_purged_floors":[21],"is_endless":false,"potions_floor_spawned":[2,3,5,10,13,16,19,23,25,28,37,40,54],"ascension_level":3}}