{"host":"bavnrlhi49015oee","time":1613630175,"event":{"mods":["BaseMod","Colored Powertips","Lobotomy","LobotomyExtend","Minty Spire (QoL Compilation)","Quick Restart","Ryuuou¡˙Õı","StSLib","Uncapped"],"gold_per_floor":[119,119,119,134,149,149,162,162,162,162,197,54,54,87,87,215,215,227,227],"floor_reached":18,"language":"ZHS","playtime":544,"items_purged":["Injury"],"score":168,"play_id":"b57c1e4c-73d2-446b-be74-c5360c195b30","local_time":"20210218143615","is_ascension_mode":false,"campfire_choices":[{"data":"Power Through","floor":6,"key":"SMITH"},{"floor":10,"key":"REST"},{"floor":13,"key":"REST"},{"data":"Double Tap","floor":15,"key":"SMITH"}],"circlet_count":0,"master_deck":["Strike_R","Strike_R","Strike_R","Strike_R","Strike_R","Defend_R","Defend_R","Defend_R","Defend_R","Bash","SingingMachine","Shrug It Off","OSAHOGD","Power Through+1","LittleHelper","Twin Strike","OldLady","Havoc","Double Tap+1","QueenOfHatred","Reaper","BodiesMountain","Immolate","CurseOfTheBell"],"relics":["Burning Blood","CogitoBucket","LetterFromLob","Golden Idol","Question Card","Blood Vial","PreservedInsect","Unceasing Top","Strawberry","Calling Bell","MawBank","Blue Candle","Champion Belt","InspiredRelic"],"acts_visited":["TheCity"],"potions_floor_usage":[16],"damage_taken":[{"damage":0,"enemies":"2 Louse","floor":1,"turns":3},{"damage":4,"enemies":"Small Slimes","floor":4,"turns":2},{"damage":4,"enemies":"Cultist","floor":5,"turns":2},{"damage":22,"enemies":"Gremlin Gang","floor":7,"turns":7},{"damage":36,"enemies":"Lagavulin","floor":11,"turns":4},{"damage":10,"enemies":"Gremlin Nob","floor":14,"turns":4},{"damage":44,"enemies":"Slime Boss","floor":16,"turns":15}],"seed_played":"-8487385028694868069","potions_obtained":[{"floor":1,"key":"GamblersBrew"},{"floor":7,"key":"HeartOfIron"},{"floor":16,"key":"Fire Potion"}],"is_trial":false,"path_per_floor":["M","?","?","M","M","R","M","?","T","R","E","$","R","E","R","B",null,"M"],"character_chosen":"IRONCLAD","items_purchased":["Double Tap"],"campfire_rested":2,"item_purchase_floors":[12],"current_hp_per_floor":[80,80,80,80,80,80,64,46,46,70,42,42,66,71,71,52,87,82,82],"gold":227,"neow_bonus":"","is_daily":false,"chose_seed":false,"campfire_upgraded":2,"win_rate":0.0,"timestamp":1613630175,"path_taken":["M","?","?","M","?","R","?","?","T","R","E","?","R","E","R","BOSS","M"],"items_purchased_type":["Card"],"build_version":"2020-12-22","purchased_purges":1,"victory":false,"max_hp_per_floor":[80,80,80,80,80,80,80,80,80,80,80,80,80,87,87,87,87,82,82],"card_choices":[{"not_picked":["RedShoes","MHz"],"picked":"SingingMachine","floor":1},{"not_picked":["Heavy Blade","Pommel Strike"],"picked":"Uppercut","floor":1},{"not_picked":["MeatLantern","LittlePrince","VoidDream"],"picked":"Singing Bowl","floor":4},{"not_picked":["Power Through","Evolve","True Grit"],"picked":"Shrug It Off","floor":4},{"not_picked":["OldLady","PunishingBird","MHz"],"picked":"Singing Bowl","floor":5},{"not_picked":["PunishingBird","MeatLantern"],"picked":"OSAHOGD","floor":5},{"not_picked":["Armaments","Brutality","Dark Embrace"],"picked":"Power Through","floor":5},{"not_picked":["ShyLook","BeautyBeast","Funeral"],"picked":"Singing Bowl","floor":7},{"not_picked":["VoidDream","WallGazer"],"picked":"LittleHelper","floor":7},{"not_picked":["Power Through","Flex","Warcry"],"picked":"Twin Strike","floor":7},{"not_picked":["LittlePrince","ShyLook","UniverseFragment"],"picked":"Singing Bowl","floor":11},{"not_picked":["Bloodbath","Murderer"],"picked":"OldLady","floor":11},{"not_picked":["Dark Embrace","Twin Strike","Metallicize"],"picked":"Havoc","floor":11},{"not_picked":["Wellcheers","MHz","VoidDream"],"picked":"Singing Bowl","floor":14},{"not_picked":["Wellcheers","CherryBlossoms"],"picked":"QueenOfHatred","floor":14},{"not_picked":["Clothesline","Iron Wave","Clash"],"picked":"Reaper","floor":14},{"not_picked":["FairyFestival","LittlePrince","VoidDream"],"picked":"Singing Bowl","floor":16},{"not_picked":["PunishingBird","MHz"],"picked":"BodiesMountain","floor":16},{"not_picked":["Offering","Impervious","Fiend Fire"],"picked":"Immolate","floor":16}],"player_experience":130022,"relics_obtained":[{"floor":1,"key":"LetterFromLob"},{"floor":9,"key":"PreservedInsect"},{"floor":11,"key":"Unceasing Top"},{"floor":14,"key":"Strawberry"},{"floor":17,"key":"MawBank"},{"floor":17,"key":"Blue Candle"},{"floor":17,"key":"Champion Belt"}],"event_choices":[{"damage_healed":0,"gold_gain":0,"player_choice":"Take Wound","damage_taken":0,"relics_obtained":["Golden Idol"],"max_hp_gain":0,"max_hp_loss":0,"event_name":"Golden Idol","floor":2,"gold_loss":0,"cards_obtained":["Injury"]},{"cards_removed":["Uppercut"],"damage_healed":0,"gold_gain":0,"player_choice":"Gave Card","damage_taken":0,"relics_obtained":["Question Card"],"max_hp_gain":0,"max_hp_loss":0,"event_name":"WeMeetAgain","floor":3,"gold_loss":0},{"damage_healed":0,"gold_gain":0,"player_choice":"Success","damage_taken":18,"relics_obtained":["Blood Vial"],"max_hp_gain":0,"max_hp_loss":0,"event_name":"Scrap Ooze","floor":8,"gold_loss":0}],"is_beta":false,"boss_relics":[{"not_picked":["Coffee Dripper","SlaversCollar"],"picked":"Calling Bell"}],"items_purged_floors":[12],"is_endless":false,"potions_floor_spawned":[1,7,16],"ascension_level":0}}