{"host":"od06gsur5w60l0yz","time":1613678832,"event":{"mods":["BaseMod","Better Match","Better Third Choice","Colored Map","Dio Mod","Downfall","GifTheSpireLib","Googly Eyes","Hermit","Hubris","Minty Spire (QoL Compilation)","Reliquary","Replay The Spire","StSLib","The Cursed","The Forsaken","The Necromancer","The Senshi"],"gold_per_floor":[111,186,198,208,227,256,256,289,363,395,395,395,395,175,175,175,175],"floor_reached":16,"language":"ENG","playtime":807,"items_purged":["dioMod:Strike"],"score":130,"play_id":"2d68a505-a91e-4d3b-8dea-c843baf5c5e4","local_time":"20210218180712","is_ascension_mode":true,"campfire_choices":[{"floor":7,"key":"REST"},{"floor":12,"key":"REST"},{"floor":15,"key":"RECALL"}],"circlet_count":0,"master_deck":["dioMod:Strike","dioMod:Strike","dioMod:Strike","Bite","dioMod:Defend","dioMod:Defend","dioMod:Defend","dioMod:Defend","dioMod:CutDeep+1","dioMod:ComboFever+1","dioMod:DoubleTime"],"relics":["SlaversCollar","Replay:Towering Pillar of Hats","Replay:WaspNest","White Beast Statue","Pet Ghost","Guide Book"],"acts_visited":["Exordium"],"potions_floor_usage":[6,8,16,16],"damage_taken":[{"damage":10,"enemies":"Jaw Worm","floor":1,"turns":6},{"damage":9,"enemies":"2 Louse","floor":3,"turns":4},{"damage":0,"enemies":"Small Slimes","floor":4,"turns":3},{"damage":25,"enemies":"Exordium Thugs","floor":5,"turns":7},{"damage":24,"enemies":"Replay:BlueRogue","floor":6,"turns":6},{"damage":20,"enemies":"Gremlin Nob","floor":8,"turns":4},{"damage":29,"enemies":"3 Sentries","floor":10,"turns":11},{"damage":43,"enemies":"Slime Boss","floor":16,"turns":11}],"seed_played":"-8205534860339371752","potions_obtained":[{"floor":1,"key":"Energy Potion"},{"floor":5,"key":"champ:CounterPotion"},{"floor":6,"key":"SteroidPotion"},{"floor":10,"key":"Explosive Potion"}],"is_trial":false,"path_per_floor":["M","?","M","M","M","E","R","E","T","E","?","R","?","$","R_BF","B"],"character_chosen":"THE_DEFAULT","items_purchased":["Guide Book"],"campfire_rested":2,"item_purchase_floors":[14],"current_hp_per_floor":[69,58,53,57,36,18,40,24,24,3,3,25,25,25,25,0,0],"gold":175,"neow_bonus":"BOSS_RELIC","is_daily":false,"chose_seed":false,"campfire_upgraded":0,"win_rate":0.0,"timestamp":1613678832,"path_taken":["M","?","M","M","M","E","R","E","T","E","?","R","?","?","R_BF","BOSS"],"items_purchased_type":["Relic"],"build_version":"2020-12-22","purchased_purges":1,"victory":false,"max_hp_per_floor":[75,75,75,75,75,75,75,75,75,75,75,75,75,75,75,75,75],"card_choices":[{"not_picked":["dioMod:DominatingPresence","dioMod:Hiss","dioMod:ComposedMuda"],"picked":"SKIP","floor":1},{"not_picked":["dioMod:TripleThreat","dioMod:DominatingPresence","dioMod:CautiousMuda"],"picked":"SKIP","floor":3},{"not_picked":["dioMod:SecretPlan","dioMod:ComposedMuda","dioMod:StreetSign"],"picked":"SKIP","floor":4},{"not_picked":["dioMod:Roundabout","dioMod:BlendIn"],"picked":"dioMod:CutDeep","floor":5},{"not_picked":["dioMod:Diversion","dioMod:VengefulMuda","dioMod:SlashThroughTime"],"picked":"SKIP","floor":6},{"not_picked":["dioMod:Hiss","dioMod:BloodTransfusion"],"picked":"dioMod:ComboFever","floor":8},{"not_picked":["dioMod:DominatingPresence","dioMod:BloodTransfusion"],"picked":"dioMod:DoubleTime","floor":10}],"player_experience":245594,"relics_obtained":[{"floor":6,"key":"Replay:Towering Pillar of Hats"},{"floor":8,"key":"Replay:WaspNest"},{"floor":9,"key":"White Beast Statue"},{"floor":10,"key":"Pet Ghost"}],"event_choices":[{"damage_healed":0,"gold_gain":75,"player_choice":"Gold","damage_taken":11,"max_hp_gain":0,"max_hp_loss":0,"event_name":"betterThird:BetterGoop","floor":2,"gold_loss":0},{"damage_healed":0,"gold_gain":0,"player_choice":"Ignored","damage_taken":0,"max_hp_gain":0,"max_hp_loss":0,"event_name":"Golden Wing","floor":11,"gold_loss":0}],"is_beta":false,"boss_relics":[],"items_purged_floors":[14],"is_endless":false,"potions_floor_spawned":[1,5,6,10],"killed_by":"Slime Boss","ascension_level":2}}