{"host":"aapp7ew3jk5k1bvd","time":1613655935,"event":{"mods":["AchievementEnabler","BaseMod","Colored Map","Custom Start","Keyboard Shortcuts","Minty Spire (QoL Compilation)","Permanent Neow","Quick Restart","StSLib","SuperFastMode"],"gold_per_floor":[213,233,233,80,98,98,129,129,129,129,141,141,68,68,68,68,68],"floor_reached":16,"language":"KOR","playtime":820,"items_purged":["Strike_G"],"score":132,"play_id":"02721445-74d6-4f05-a339-eb694d2d200a","local_time":"20210218224535","is_ascension_mode":true,"campfire_choices":[{"data":"Footwork","floor":6.0,"key":"SMITH"},{"floor":8.0,"key":"REST"},{"data":"Blade Dance","floor":10.0,"key":"SMITH"},{"data":"Deadly Poison","floor":15,"key":"SMITH"}],"circlet_count":0,"master_deck":["Strike_G","Strike_G","Strike_G","Strike_G","Defend_G","Defend_G","Defend_G","Defend_G","Defend_G","Survivor","Neutralize","Deadly Poison+1","Blade Dance+1","Footwork+1","Leg Sweep+1","Blur+1"],"relics":["Ring of the Snake","Calipers","Dream Catcher","Toxic Egg 2","SsserpentHead"],"acts_visited":["Exordium"],"potions_floor_usage":[],"damage_taken":[{"damage":0.0,"enemies":"Jaw Worm","floor":1.0,"turns":7.0},{"damage":0.0,"enemies":"2 Louse","floor":2.0,"turns":3.0},{"damage":0.0,"enemies":"Cultist","floor":5.0,"turns":4.0},{"damage":13.0,"enemies":"3 Sentries","floor":7.0,"turns":8.0},{"damage":5.0,"enemies":"Large Slime","floor":11.0,"turns":8.0},{"damage":28,"enemies":"Slime Boss","floor":16,"turns":13}],"seed_played":"2708303451116348005","potions_obtained":[{"floor":1.0,"key":"Explosive Potion"},{"floor":7.0,"key":"DuplicationPotion"}],"is_trial":false,"path_per_floor":["M","M","?","$","M","R","E","R","T","R","M","?","$","?","R","B"],"character_chosen":"THE_SILENT","items_purchased":["Footwork","Blur+1"],"campfire_rested":1,"item_purchase_floors":[4,13],"current_hp_per_floor":[63,63,38,38,38,38,25,46,46,46,41,41,41,41,41,13,13],"gold":68,"neow_bonus":"HUNDRED_GOLD","is_daily":false,"chose_seed":false,"campfire_upgraded":3,"win_rate":0.0,"timestamp":1613655935,"path_taken":["M","M","?","$","M","R","E","R","T","R","M","?","$","?","R","BOSS"],"items_purchased_type":["Card","Card"],"build_version":"2020-12-22","purchased_purges":1,"victory":false,"max_hp_per_floor":[70,70,70,70,70,70,70,70,70,70,70,70,70,70,70,70,70],"card_choices":[{"not_picked":["Predator","Flying Knee"],"picked":"Deadly Poison","floor":1.0},{"not_picked":["Acrobatics","Bouncing Flask"],"picked":"Blade Dance","floor":2.0},{"not_picked":["Flying Knee","Deadly Poison","Slice"],"picked":"SKIP","floor":5.0},{"not_picked":["Unload","Deadly Poison","Sucker Punch"],"picked":"SKIP","floor":7.0},{"not_picked":["Dash","Dagger Throw"],"picked":"Leg Sweep+1","floor":11.0}],"player_experience":1033683,"relics_obtained":[{"floor":7.0,"key":"Dream Catcher"},{"floor":9.0,"key":"Toxic Egg 2"}],"event_choices":[{"damage_healed":0.0,"max_hp_gain":0.0,"max_hp_loss":0.0,"gold_gain":0.0,"event_name":"Scrap Ooze","player_choice":"Success","floor":3.0,"gold_loss":0.0,"damage_taken":25.0,"relics_obtained":["Calipers"]},{"damage_healed":0,"gold_gain":0,"player_choice":"Searched \u00270\u0027 times","damage_taken":0,"max_hp_gain":0,"max_hp_loss":0,"event_name":"Dead Adventurer","floor":12,"gold_loss":0},{"damage_healed":0,"gold_gain":0,"player_choice":"Trade","damage_taken":0,"relics_obtained":["SsserpentHead"],"max_hp_gain":0,"max_hp_loss":0,"event_name":"FaceTrader","floor":14,"gold_loss":0}],"is_beta":false,"boss_relics":[],"items_purged_floors":[4],"is_endless":false,"potions_floor_spawned":[1,7],"killed_by":"Slime Boss","ascension_level":7}}