{"host":"onfdonezo2qmaex3","time":1613674695,"event":{"mods":["2.2 Compatiblity","AchievementEnabler","Act Like it!","Aspiration","BaseMod","Colored Powertips","Downfall","Friendly Minions","Gensokyo","Hallownest","Hermit","Highlight Path","Jorbs\u0027s Wanderer Trilogy","Marisa????????","Marked Mod","Minty Spire (QoL Compilation)","Quick Restart","Reliquary","Shop Mod","StSLib","The Disciple","The Hayseed","The Hierophant","The Marked","The Runesmith"],"gold_per_floor":[116,116,216,216,216,241,256,256,279,297,297,297],"floor_reached":11,"language":"ENG","playtime":347,"items_purged":[],"score":96,"play_id":"e5975e78-b234-4684-8b80-5f57ee8aa491","local_time":"20210218195815","is_ascension_mode":false,"campfire_choices":[],"circlet_count":0,"master_deck":["Strike_MRS+1","Strike_MRS+1","Strike_MRS+1","Strike_MRS+1","Defend_MRS","MasterSpark+1","UpSweep","ChargingUp","ManaConvection","FairyDestructionRay","MilkyWay"],"relics":["MiniHakkero","NeowsBlessing","reliquary:BoilingFlask","Dream Catcher"],"acts_visited":["Gensokyo:Gensokyo"],"potions_floor_usage":[],"damage_taken":[{"damage":0,"enemies":"Gensokyo:2_Kodama","floor":1,"turns":1},{"damage":0,"enemies":"Gensokyo:Cirno","floor":6,"turns":2},{"damage":0,"enemies":"Gensokyo:Python","floor":7,"turns":1},{"damage":7,"enemies":"Gensokyo:Gryphon","floor":10,"turns":2},{"damage":18,"enemies":"Gensokyo:Aya","floor":11,"turns":2}],"seed_played":"5952739123527692067","potions_obtained":[{"floor":1,"key":"Slimebound:ThreeZeroPotion"},{"floor":10,"key":"Energy Potion"}],"is_trial":false,"path_per_floor":["M","?","?","?","T","E","M","?","T","M","E"],"character_chosen":"MARISA","items_purchased":[],"campfire_rested":0,"item_purchase_floors":[],"current_hp_per_floor":[75,53,53,23,23,23,23,23,23,16,0,0],"gold":297,"neow_bonus":"THREE_ENEMY_KILL","is_daily":false,"chose_seed":false,"campfire_upgraded":0,"win_rate":0.0,"timestamp":1613674695,"path_taken":["M","?","?","?","?","E","M","?","T","?","E"],"items_purchased_type":[],"build_version":"2020-12-22","purchased_purges":0,"victory":false,"max_hp_per_floor":[75,75,75,75,75,75,75,75,75,75,75,75],"card_choices":[{"not_picked":["NonDirectionalLaser","Robbery"],"picked":"ChargingUp","floor":1},{"not_picked":["PowerUp","PulseMagic"],"picked":"ManaConvection","floor":6},{"not_picked":["OpenUniverse","SporeBomb"],"picked":"FairyDestructionRay","floor":7},{"not_picked":["MagicAbsorber","ShootingEcho"],"picked":"MilkyWay","floor":10}],"player_experience":200345,"relics_obtained":[{"floor":6,"key":"reliquary:BoilingFlask"},{"floor":9,"key":"Dream Catcher"}],"event_choices":[],"is_beta":false,"boss_relics":[],"items_purged_floors":[],"is_endless":false,"potions_floor_spawned":[1,10],"killed_by":"Gensokyo:Aya","ascension_level":0}}