{"host":"ugys05tpep779cl6","time":1613647890,"event":{"mods":["AchievementEnabler","Aspiration","BaseMod","Beaked The Cultist","CatGirl Mod","Colored Powertips","HololiveMod","Lobotomy","Minty Spire (QoL Compilation)","Quick Restart","Replay The Spire","Spicy Shops","StSLib","The Druid"],"gold_per_floor":[110,130,146,162,162,197,197,223,247,247,274,288,305,230,230,328,328,344,371,384,401,148,183,183,216,216,216,131,131,163,12,12,113,113,130,141,154,170,0,31,31,66,66,66,66,66],"floor_reached":45,"language":"ENG","playtime":2026,"items_purged":["Strike_R","Strike_R"],"score":605,"play_id":"86cfd3ff-a38d-4853-9dd4-f42b16c03fa7","local_time":"20210218123130","is_ascension_mode":true,"campfire_choices":[{"data":"Heavy Blade","floor":7.0,"key":"SMITH"},{"data":"Body Slam","floor":10.0,"key":"SMITH"},{"data":"Defend_R","floor":15.0,"key":"PURGE"},{"data":"Sword Boomerang","floor":24,"key":"SMITH"},{"floor":27,"key":"DIG"},{"floor":44,"key":"RECALL"}],"circlet_count":0,"master_deck":["Strike_R+1","Defend_R","Defend_R+2","Defend_R","Demon Form","Flame Barrier+1","Sword Boomerang+1","Heavy Blade+1","Body Slam+1","Limit Break+1","Uppercut+1","Iron Wave+1"],"relics":["Burning Blood","aspiration:SeaSaltIceCream","ReplayTheSpireMod:Ring of Addiction","White Beast Statue","Chameleon Ring","Replay:Bottled Snecko","Onion Ring","SlaversCollar","ReplayTheSpireMod:TigerMarble","Simple Rune","Shovel","Toxic Egg 2","War Paint","Replay:Rubber Ducky","Enchiridion","Paper Frog","Tiny Chest","Empty Cage","Red Mask","Dream Catcher","Blue Doll","Sundial"],"acts_visited":["Exordium","TheCity","TheBeyond"],"potions_floor_usage":[33,36,37,40,43,45],"damage_taken":[{"damage":1.0,"enemies":"Cultist","floor":1.0,"turns":3.0},{"damage":2.0,"enemies":"Small Slimes","floor":2.0,"turns":4.0},{"damage":0.0,"enemies":"2 Louse","floor":3.0,"turns":3.0},{"damage":6.0,"enemies":"2 Fungi Beasts","floor":4.0,"turns":3.0},{"damage":18.0,"enemies":"3 Sentries","floor":6.0,"turns":8.0},{"damage":18.0,"enemies":"Replay:BlueRogue","floor":8.0,"turns":3.0},{"damage":9.0,"enemies":"3 Sentries","floor":11.0,"turns":6.0},{"damage":9.0,"enemies":"Exordium Wildlife","floor":12.0,"turns":4.0},{"damage":8.0,"enemies":"Gremlin Gang","floor":13.0,"turns":5.0},{"damage":14.0,"enemies":"Hexaghost","floor":16.0,"turns":8.0},{"damage":5.0,"enemies":"3 Byrds","floor":18.0,"turns":5.0},{"damage":10.0,"enemies":"Chosen","floor":20.0,"turns":3.0},{"damage":2.0,"enemies":"Centurion and Healer","floor":21.0,"turns":5.0},{"damage":64.0,"enemies":"Gremlin Leader","floor":23.0,"turns":6.0},{"damage":22,"enemies":"Slavers","floor":25,"turns":4},{"damage":4,"enemies":"Replay:Snechameleon","floor":30,"turns":4},{"damage":22,"enemies":"Collector","floor":33,"turns":6},{"damage":8,"enemies":"3 Shapes","floor":35,"turns":4},{"damage":0,"enemies":"Orb Walker","floor":36,"turns":2},{"damage":0,"enemies":"3 Darklings","floor":37,"turns":4},{"damage":6,"enemies":"Jaw Worm Horde","floor":38,"turns":4},{"damage":45,"enemies":"Reptomancer","floor":40,"turns":6},{"damage":23,"enemies":"R_Hoarder","floor":42,"turns":8},{"damage":35,"enemies":"Nemesis","floor":45,"turns":5}],"seed_played":"1346903656240511853","potions_obtained":[{"floor":1.0,"key":"HeartOfIron"},{"floor":2.0,"key":"SpeedPotion"},{"floor":6.0,"key":"Elixir"},{"floor":6.0,"key":"DuplicationPotion"},{"floor":6.0,"key":"Strength Potion"},{"floor":8.0,"key":"Swift Potion"},{"floor":11.0,"key":"SpeedPotion"},{"floor":12.0,"key":"BloodPotion"},{"floor":16.0,"key":"Energy Potion"},{"floor":20.0,"key":"CultistPotion"},{"floor":23.0,"key":"PowerPotion"},{"floor":33,"key":"BloodPotion"},{"floor":36,"key":"ColorlessPotion"},{"floor":37,"key":"SpeedPotion"},{"floor":38,"key":"Block Potion"},{"floor":40,"key":"Milkshake"}],"is_trial":false,"path_per_floor":["M","M","M","M","?","E","R","E","T","R","E","M","M","$","R","B",null,"M","T","M","M","$","E","R","E","T","R","?","?","E","$","R","B",null,"M","M","M","M","?","E","?","E","T","R","E"],"character_chosen":"IRONCLAD","items_purchased":["Simple Rune","Tiny Chest"],"campfire_rested":0,"item_purchase_floors":[22,31],"current_hp_per_floor":[80,80,80,80,80,68,68,56,56,56,53,50,48,48,48,40,78,78,78,72,76,76,38,38,22,22,22,22,6,8,8,29,13,68,66,68,68,68,68,29,29,12,32,32,0,0],"gold":66,"neow_bonus":"ONE_RANDOM_RARE_CARD","is_daily":false,"chose_seed":false,"campfire_upgraded":3,"win_rate":0.0,"timestamp":1613647890,"path_taken":["M","?","M","M","?","E","R","E","T","R","E","M","M","$","R","BOSS","M","?","?","M","$","E","R","E","T","R","?","?","E","?","R","BOSS","M","M","M","?","?","E","?","E","T","R","E"],"items_purchased_type":["Relic","Relic"],"build_version":"2020-12-22","purchased_purges":2,"victory":false,"max_hp_per_floor":[80,80,80,80,80,80,80,80,80,80,80,80,80,80,78,78,78,78,78,76,76,76,74,74,74,74,72,72,72,70,70,70,68,68,68,68,68,68,68,68,68,68,68,68,68,68],"card_choices":[{"not_picked":["ReplayTheSpireMod:LeadingStrike","Blood for Blood"],"picked":"Flame Barrier","floor":1.0},{"not_picked":["Thunderclap","Perfected Strike","Sever Soul"],"picked":"SKIP","floor":2.0},{"not_picked":["Shockwave","Replay:Undeath\u0027s Touch"],"picked":"Sword Boomerang","floor":3.0},{"not_picked":["Thunderclap","Ghostly Armor"],"picked":"Heavy Blade","floor":4.0},{"not_picked":["Rampage","Pommel Strike","Corruption"],"picked":"SKIP","floor":6.0},{"not_picked":["Rampage","Pommel Strike","Corruption"],"picked":"SKIP","floor":6.0},{"not_picked":["Rampage","Pommel Strike","Corruption"],"picked":"SKIP","floor":6.0},{"not_picked":["Cleave","ReplayTheSpireMod:Strike From Hell"],"picked":"Body Slam","floor":8.0},{"not_picked":["Armaments","Sentinel","Rupture"],"picked":"SKIP","floor":11.0},{"not_picked":["Armaments","Juggernaut","Clothesline"],"picked":"SKIP","floor":12.0},{"not_picked":["Armaments","Flex","Cleave"],"picked":"SKIP","floor":13.0},{"not_picked":["Barricade","Immolate"],"picked":"Limit Break","floor":16.0},{"not_picked":["Armaments","Thunderclap+1","Ghostly Armor"],"picked":"SKIP","floor":18.0},{"not_picked":["Sever Soul","Pommel Strike","Wild Strike"],"picked":"SKIP","floor":20.0},{"not_picked":["ReplayTheSpireMod:Strike From Hell","Replay:Undeath\u0027s Touch"],"picked":"Uppercut+1","floor":21.0},{"not_picked":["Metallicize","Blood for Blood+1","Replay:Undeath\u0027s Touch"],"picked":"SKIP","floor":23.0},{"not_picked":["Replay:Undeath\u0027s Touch","Shrug It Off","Perfected Strike"],"picked":"SKIP","floor":25},{"not_picked":["Anger","Replay:Undeath\u0027s Touch+1"],"picked":"Iron Wave+1","floor":30},{"not_picked":["Second Wind+1","Inflame+1","Perfected Strike"],"picked":"SKIP","floor":35},{"not_picked":["Seeing Red+1","Shockwave+1","ReplayTheSpireMod:Strike From Hell+1"],"picked":"SKIP","floor":36},{"not_picked":["Thunderclap","Heavy Blade","Perfected Strike"],"picked":"SKIP","floor":37},{"not_picked":["Sword Boomerang","Thunderclap+1","Limit Break+1"],"picked":"SKIP","floor":38},{"not_picked":["Wild Strike+1","Shockwave+1","Headbutt+1"],"picked":"SKIP","floor":40},{"not_picked":["Uppercut+1","Clothesline","Twin Strike"],"picked":"SKIP","floor":42}],"player_experience":754837,"relics_obtained":[{"floor":6.0,"key":"aspiration:SeaSaltIceCream"},{"floor":6.0,"key":"White Beast Statue"},{"floor":6.0,"key":"Chameleon Ring"},{"floor":8.0,"key":"Replay:Bottled Snecko"},{"floor":11.0,"key":"Onion Ring"},{"floor":19.0,"key":"ReplayTheSpireMod:TigerMarble"},{"floor":23.0,"key":"Shovel"},{"floor":26,"key":"Toxic Egg 2"},{"floor":27,"key":"War Paint"},{"floor":29,"key":"Enchiridion"},{"floor":30,"key":"Paper Frog"},{"floor":40,"key":"Dream Catcher"},{"floor":42,"key":"Blue Doll"},{"floor":43,"key":"Sundial"}],"event_choices":[{"cards_removed":["Strike_R"],"damage_healed":0.0,"max_hp_gain":0.0,"max_hp_loss":0.0,"gold_gain":0.0,"event_name":"Bonfire Elementals","player_choice":"Offered Basic","floor":5.0,"gold_loss":0.0,"damage_taken":0.0},{"damage_healed":0,"gold_gain":0,"player_choice":"Obtained Relic","damage_taken":0,"relics_obtained":["Replay:Rubber Ducky"],"max_hp_gain":0,"max_hp_loss":0,"event_name":"Addict","floor":28,"gold_loss":85},{"damage_healed":0,"gold_gain":0,"player_choice":"Obtained Book","damage_taken":16,"max_hp_gain":0,"max_hp_loss":0,"event_name":"Cursed Tome","floor":29,"gold_loss":0},{"damage_healed":0,"gold_gain":0,"player_choice":"Paid","damage_taken":0,"relics_obtained":["Red Mask"],"max_hp_gain":0,"max_hp_loss":0,"event_name":"Tomb of Lord Red Mask","floor":39,"gold_loss":170},{"damage_healed":0,"gold_gain":0,"player_choice":"Ignored","damage_taken":0,"max_hp_gain":0,"max_hp_loss":0,"event_name":"The Moai Head","floor":41,"gold_loss":0}],"is_beta":false,"boss_relics":[{"not_picked":["Painkiller Herb","beaked:MawFillet"],"picked":"SlaversCollar"},{"not_picked":["Replay:Wanted Poster","Calling Bell"],"picked":"Empty Cage"}],"items_purged_floors":[14,22],"is_endless":false,"potions_floor_spawned":[1,2,6,8,11,12,13,16,18,20,21,23,25,30,33,35,36,37,38,40,42],"killed_by":"Nemesis","ascension_level":1}}