{"host":"t9zjxed0utvsfjwc","time":1613632876,"event":{"mods":["2.2 Compatiblity","Act Like it!","Aspiration","BaseMod","Better Altar","Better Match","Better Note","Better Sensory Stone","Better Skull","Better Third Choice","Block Reminder","Colored Map","Colored Powertips","Conspire","Defuse TimeMaze Blight","Energized Spire","GifTheSpireLib","Hermit","Highlight Path","Hubris","Infinite Spire","Marked Mod","Minty Spire (QoL Compilation)","Quick Restart","Rare Cards Sparkle","Relic Sorter","Relic Stats","Reliquary","Replay The Spire","Ruina","StSLib","Stuff the Spire","The Blue Laboratory","The Jungle","The Marked","Unceasing Turn Reminder","Wandering Minibosses","everything is the same but u backflip on backflip"],"gold_per_floor":[109,109,121,396,414,441,441,475,475,475,475,174,198,211,211,331,331,347,317,317],"floor_reached":19,"language":"ENG","playtime":681,"items_purged":[],"score":186,"play_id":"3b8530c6-86ce-4ac9-b860-be85016a6056","local_time":"20210218072116","is_ascension_mode":true,"campfire_choices":[{"data":"hermit:Snapshot","floor":7,"key":"SMITH"},{"floor":11,"key":"REST"},{"floor":15,"key":"REST"}],"circlet_count":0,"master_deck":["hermit:Strike_Hermit","hermit:Strike_Hermit","hermit:Strike_Hermit","hermit:Strike_Hermit","hermit:Defend_Hermit","hermit:Defend_Hermit","hermit:Defend_Hermit","hermit:Defend_Hermit","hermit:Snapshot+1","hermit:Covet","Regret","hermit:HighNoon"],"relics":["hermit:Momento","NeowsBlessing","Juzu Bracelet","Happy Flower","Replay:Rubber Ducky","Golden Idol","Oddly Smooth Stone","hubris:SlimyHat"],"acts_visited":["Exordium","TheCity"],"potions_floor_usage":[6,6,8,16,18],"damage_taken":[{"damage":0,"enemies":"Small Slimes","floor":1,"turns":1},{"damage":0,"enemies":"Cultist","floor":3,"turns":1},{"damage":0,"enemies":"Jaw Worm","floor":5,"turns":1},{"damage":10,"enemies":"Lagavulin","floor":6,"turns":9},{"damage":53,"enemies":"Gremlin Nob","floor":8,"turns":6},{"damage":6,"enemies":"Exordium Wildlife","floor":13,"turns":6},{"damage":2,"enemies":"2 Fungi Beasts","floor":14,"turns":6},{"damage":37,"enemies":"Fading Forest","floor":16,"turns":11},{"damage":63,"enemies":"Chosen","floor":18,"turns":6},{"damage":8,"enemies":"2 Thieves","floor":19,"turns":1}],"seed_played":"-8833761916248262942","potions_obtained":[{"floor":1,"key":"hermit:BlackBile"},{"floor":5,"key":"blueLaboratory:FrostheartPotion"},{"floor":6,"key":"Milkshake"},{"floor":8,"key":"blueLaboratory:LouseDecoction"},{"floor":16,"key":"BlessingOfTheForge"}],"is_trial":false,"path_per_floor":["M","?","M","?","M","E","R","E","T","?","R","$","M","M","R","B",null,"M","M"],"character_chosen":"HERMIT","items_purchased":["Oddly Smooth Stone","hubris:SlimyHat"],"campfire_rested":2,"item_purchase_floors":[12,12],"current_hp_per_floor":[75,75,75,75,75,65,65,12,12,12,32,32,26,24,44,21,69,6,0,0],"gold":317,"neow_bonus":"THREE_ENEMY_KILL","is_daily":false,"chose_seed":false,"campfire_upgraded":1,"win_rate":0.0,"timestamp":1613632876,"path_taken":["M","?","?","?","?","E","R","E","T","?","R","?","M","M","R","BOSS","M","M"],"items_purchased_type":["Relic","Relic"],"build_version":"2020-12-22","purchased_purges":0,"victory":false,"max_hp_per_floor":[75,75,75,75,75,75,75,75,75,69,69,69,69,69,69,69,69,69,69,69],"relic_stats":{"Happy Flower":[10],"counters":[10,48],"Golden Idol":35,"Juzu Bracelet":0,"obtain_stats":[{"NeowsBlessing":0,"Happy Flower":8,"Golden Idol":10,"Oddly Smooth Stone":12,"Juzu Bracelet":6,"hubris:SlimyHat":12,"hermit:Momento":0,"Replay:Rubber Ducky":9},{"NeowsBlessing":0,"Happy Flower":5,"Golden Idol":5,"Oddly Smooth Stone":5,"Juzu Bracelet":4,"hubris:SlimyHat":5,"hermit:Momento":0,"Replay:Rubber Ducky":5},{"NeowsBlessing":0,"Happy Flower":18,"Golden Idol":18,"Oddly Smooth Stone":18,"Juzu Bracelet":12,"hubris:SlimyHat":18,"hermit:Momento":0,"Replay:Rubber Ducky":18}]},"card_choices":[{"not_picked":["hermit:DeadMansHand","hermit:Showdown","hermit:Snipe"],"picked":"SKIP","floor":1},{"not_picked":["hermit:Manifest","hermit:Gestalt","hermit:TrackingShot"],"picked":"SKIP","floor":3},{"not_picked":["hermit:Spite","hermit:BigShot","hermit:LowProfile"],"picked":"SKIP","floor":5},{"not_picked":["hermit:Feint","hermit:Coalescence","hermit:HighCaliber"],"picked":"SKIP","floor":6},{"not_picked":["hermit:EternalForm","hermit:Dive","hermit:Deadeye"],"picked":"SKIP","floor":8},{"not_picked":["hermit:LoneWolf","hermit:Misfire","hermit:Shortfuse"],"picked":"SKIP","floor":13},{"not_picked":["hermit:GoldenBullet","hermit:Feint","hermit:Misfire"],"picked":"SKIP","floor":14},{"not_picked":["hermit:DeadOrAlive","hermit:Adapt"],"picked":"hermit:HighNoon","floor":16},{"not_picked":["hermit:BodyArmor+1","hermit:Dive","hermit:WideOpen"],"picked":"SKIP","floor":18}],"player_experience":489047,"relics_obtained":[{"floor":6,"key":"Juzu Bracelet"},{"floor":8,"key":"Happy Flower"},{"floor":9,"key":"Replay:Rubber Ducky"}],"event_choices":[{"damage_healed":0,"gold_gain":0,"player_choice":"Ignored","damage_taken":0,"max_hp_gain":0,"max_hp_loss":0,"event_name":"Purifier","floor":2,"gold_loss":0},{"damage_healed":0,"gold_gain":275,"player_choice":"Desecrate","damage_taken":0,"max_hp_gain":0,"max_hp_loss":0,"event_name":"Golden Shrine","floor":4,"gold_loss":0,"cards_obtained":["Regret"]},{"damage_healed":0,"gold_gain":0,"player_choice":"Lose Max HP","damage_taken":0,"relics_obtained":["Golden Idol"],"max_hp_gain":0,"max_hp_loss":6,"event_name":"Golden Idol","floor":10,"gold_loss":0}],"is_beta":false,"boss_relics":[{"not_picked":["ReplayTheSpireMod:SealedPack","infinitespire:Cupcake","hubris:CrackedHourglass"]}],"items_purged_floors":[],"is_endless":false,"potions_floor_spawned":[1,5,6,8,16],"killed_by":"2 Thieves","ascension_level":1}}