{"host":"sxnl403xm2xmiyj1","time":1613638957,"event":{"mods":["AchievementEnabler","BaseMod","Colored Map","Keyboard Shortcuts","Minty Spire (QoL Compilation)","Quick Restart","StSLib","SuperFastMode"],"gold_per_floor":[109,109,6,18,18,44,44,44,44],"floor_reached":8,"language":"KOR","playtime":76,"items_purged":[],"score":150,"play_id":"0cf70c15-b7d1-438c-bdfe-646a4dbb5ddd","local_time":"20210218180237","is_ascension_mode":true,"campfire_choices":[],"circlet_count":0,"master_deck":["AscendersBane","Strike_G","Strike_G","Strike_G","Strike_G","Defend_G","Defend_G","Defend_G","Defend_G","Defend_G","Survivor","Neutralize","Quick Slash","Cloak And Dagger","Footwork","Dagger Throw"],"relics":["Ring of the Snake","NeowsBlessing","Oddly Smooth Stone","Golden Idol"],"acts_visited":["Exordium"],"potions_floor_usage":[],"damage_taken":[{"damage":0,"enemies":"2 Louse","floor":1,"turns":1},{"damage":0,"enemies":"Cultist","floor":4,"turns":1},{"damage":0,"enemies":"Lagavulin","floor":6,"turns":1},{"damage":16,"enemies":"Gremlin Nob","floor":8,"turns":4}],"seed_played":"-4212788356603164091","potions_obtained":[],"is_trial":false,"path_per_floor":["M","?","$","M","$","E","?","E"],"character_chosen":"THE_SILENT","items_purchased":["Cloak And Dagger","Footwork"],"campfire_rested":0,"item_purchase_floors":[3,3],"current_hp_per_floor":[59,59,59,59,59,59,36,20,20],"gold":44,"neow_bonus":"THREE_ENEMY_KILL","is_daily":false,"chose_seed":false,"campfire_upgraded":0,"win_rate":0.0,"timestamp":1613638957,"path_taken":["M","?","?","?","$","E","?","E"],"items_purchased_type":["Card","Card"],"build_version":"2020-12-22","purchased_purges":0,"victory":false,"max_hp_per_floor":[66,66,66,66,66,66,66,66,66],"card_choices":[{"not_picked":["Prepared","Outmaneuver"],"picked":"Quick Slash","floor":1},{"not_picked":["Deadly Poison","Setup","Predator"],"picked":"SKIP","floor":4},{"not_picked":["Prepared","Deadly Poison"],"picked":"Dagger Throw","floor":6}],"player_experience":226343,"relics_obtained":[{"floor":6,"key":"Oddly Smooth Stone"}],"event_choices":[{"cards_removed":["Strike_G"],"damage_healed":0,"gold_gain":0,"player_choice":"Purged","damage_taken":0,"max_hp_gain":0,"max_hp_loss":0,"event_name":"Purifier","floor":2,"gold_loss":0},{"damage_healed":0,"gold_gain":0,"player_choice":"Take Damage","damage_taken":23,"relics_obtained":["Golden Idol"],"max_hp_gain":0,"max_hp_loss":0,"event_name":"Golden Idol","floor":7,"gold_loss":0}],"is_beta":false,"boss_relics":[],"items_purged_floors":[],"is_endless":false,"potions_floor_spawned":[],"killed_by":"Gremlin Nob","ascension_level":18}}