{"host":"1nniobf0g4s2td4e","time":1613672203,"event":{"mods":["2.2 Compatiblity","BaseMod","Minty Spire (QoL Compilation)","StSLib","SuperFastMode"],"gold_per_floor":[112,123,123,143,154,154,184,195,195,195,195,213,231,37,37,142,192,203,216,232,232,232,232,232,232],"floor_reached":24,"language":"ENG","playtime":1082,"items_purged":["Defend_G"],"score":225,"play_id":"5a0ddc70-2153-4d6e-83dc-d99b98ff6abc","local_time":"20210218121643","is_ascension_mode":false,"campfire_choices":[{"data":"Calculated Gamble","floor":6,"key":"SMITH"},{"data":"A Thousand Cuts","floor":11,"key":"SMITH"},{"data":"Blur","floor":15,"key":"SMITH"},{"data":"Cloak And Dagger","floor":23,"key":"SMITH"}],"circlet_count":0,"master_deck":["Strike_G","Strike_G","Strike_G","Strike_G","Strike_G","Defend_G","Defend_G","Defend_G","Defend_G","Survivor","Neutralize","Backstab","Calculated Gamble+1","Backflip","Underhanded Strike+1","Tactician","A Thousand Cuts+1","Deflect","Blur+1","Dramatic Entrance","A Thousand Cuts+1","Dodge and Roll","Slice","Cloak And Dagger+1","Ghostly","Ghostly","Ghostly","Ghostly","Ghostly"],"relics":["Ring of the Snake","Pantograph","Frozen Egg 2","Dream Catcher","Tiny House"],"acts_visited":["Exordium","TheCity"],"potions_floor_usage":[],"damage_taken":[{"damage":0,"enemies":"Cultist","floor":1,"turns":4},{"damage":0,"enemies":"2 Louse","floor":2,"turns":2},{"damage":3,"enemies":"Jaw Worm","floor":4,"turns":2},{"damage":3,"enemies":"Lots of Slimes","floor":5,"turns":5},{"damage":8,"enemies":"3 Sentries","floor":7,"turns":11},{"damage":0,"enemies":"Exordium Thugs","floor":8,"turns":4},{"damage":0,"enemies":"3 Louse","floor":12,"turns":2},{"damage":0,"enemies":"Blue Slaver","floor":13,"turns":3},{"damage":19,"enemies":"The Guardian","floor":16,"turns":19},{"damage":26,"enemies":"Chosen","floor":18,"turns":5},{"damage":3,"enemies":"Spheric Guardian","floor":19,"turns":5},{"damage":52,"enemies":"Snecko","floor":20,"turns":8},{"damage":22,"enemies":"Slavers","floor":24,"turns":1}],"seed_played":"4621603167248179143","potions_obtained":[{"floor":4,"key":"DistilledChaos"},{"floor":7,"key":"SteroidPotion"},{"floor":8,"key":"Swift Potion"}],"is_trial":false,"path_per_floor":["M","M","?","M","M","R","E","M","T","?","R","M","M","$","R","B",null,"M","M","M","?","?","R","E"],"character_chosen":"THE_SILENT","items_purchased":["Blur","Dramatic Entrance"],"campfire_rested":0,"item_purchase_floors":[14,14],"current_hp_per_floor":[77,77,77,74,71,71,63,63,63,51,51,51,51,51,51,57,82,56,53,1,1,15,15,0,0],"gold":232,"neow_bonus":"TEN_PERCENT_HP_BONUS","is_daily":false,"chose_seed":false,"campfire_upgraded":4,"win_rate":0.0,"timestamp":1613672203,"path_taken":["M","?","?","M","M","R","E","M","T","?","R","?","?","?","R","BOSS","M","M","M","?","?","R","E"],"items_purchased_type":["Card","Card"],"build_version":"2020-12-22","purchased_purges":1,"victory":false,"max_hp_per_floor":[77,77,77,77,77,77,77,77,77,77,77,77,77,77,77,77,82,82,82,82,41,41,41,41,41],"card_choices":[{"not_picked":["Dagger Spray","Acrobatics"],"picked":"Backstab","floor":1},{"not_picked":["Bane","Reflex"],"picked":"Calculated Gamble","floor":2},{"not_picked":["Dash","Poisoned Stab"],"picked":"Backflip","floor":4},{"not_picked":["Deadly Poison","Infinite Blades"],"picked":"Underhanded Strike","floor":5},{"not_picked":["Dagger Throw","Backflip"],"picked":"Tactician","floor":7},{"not_picked":["Calculated Gamble","All Out Attack"],"picked":"A Thousand Cuts","floor":8},{"not_picked":["Poisoned Stab","Blade Dance"],"picked":"Deflect","floor":12},{"not_picked":["Dash","Catalyst","Deadly Poison"],"picked":"SKIP","floor":13},{"not_picked":["Grand Finale","Doppelganger"],"picked":"A Thousand Cuts+1","floor":16},{"not_picked":["Underhanded Strike","Slice"],"picked":"Dodge and Roll","floor":17},{"not_picked":["Backflip","Bouncing Flask"],"picked":"Slice","floor":18},{"not_picked":["Grand Finale","Deadly Poison"],"picked":"Cloak And Dagger","floor":19},{"not_picked":["Outmaneuver","Deadly Poison","Bouncing Flask"],"picked":"SKIP","floor":20}],"player_experience":775755,"relics_obtained":[{"floor":7,"key":"Pantograph"},{"floor":9,"key":"Frozen Egg 2"}],"event_choices":[{"damage_healed":0,"gold_gain":0,"player_choice":"Ignored","damage_taken":0,"max_hp_gain":0,"max_hp_loss":0,"event_name":"Liars Game","floor":3,"gold_loss":0},{"damage_healed":0,"gold_gain":0,"player_choice":"Success","damage_taken":12,"relics_obtained":["Dream Catcher"],"max_hp_gain":0,"max_hp_loss":0,"event_name":"Scrap Ooze","floor":10,"gold_loss":0},{"damage_healed":0,"gold_gain":0,"player_choice":"Became a Ghost","damage_taken":0,"max_hp_gain":0,"max_hp_loss":41,"event_name":"Ghosts","floor":21,"gold_loss":0,"cards_obtained":["Ghostly","Ghostly","Ghostly","Ghostly","Ghostly"]},{"damage_healed":14,"gold_gain":0,"player_choice":"Heal","damage_taken":0,"max_hp_gain":0,"max_hp_loss":0,"event_name":"The Library","floor":22,"gold_loss":0}],"is_beta":false,"boss_relics":[{"not_picked":["Empty Cage","Busted Crown"],"picked":"Tiny House"}],"items_purged_floors":[14],"is_endless":false,"potions_floor_spawned":[4,7,8,16,18],"killed_by":"Slavers","ascension_level":0}}