{"host":"5jdby9iqu3ct6557","time":1613621434,"event":{"mods":["BaseMod","DeckTracker","Highlight Path","Minty Spire (QoL Compilation)","Relic Stats","StSLib","ojb\u0027s Info Mod"],"gold_per_floor":[116,126,139,152,21,21,53,73,73,73,73,108,158,189,189,285,285,300,300,300],"floor_reached":19,"language":"ENG","playtime":1222,"items_purged":[],"score":474,"play_id":"c972b8a4-bf09-42fe-8283-8d6d8fd04397","local_time":"20210217231034","is_ascension_mode":true,"campfire_choices":[{"data":"Go for the Eyes","floor":6,"key":"SMITH"},{"floor":11,"key":"REST"},{"data":"Defragment","floor":15,"key":"SMITH"}],"circlet_count":0,"master_deck":["AscendersBane","Strike_B","Strike_B","Strike_B","Strike_B","Defend_B","Defend_B","Defend_B","Defend_B","Zap","Dualcast","Rebound","Defragment+1","Go for the Eyes+1","Buffer","Rip and Tear","Ball Lightning","Coolheaded","Undo","Core Surge","Defragment"],"relics":["Cracked Core","Du-Vu Doll","FossilizedHelix","White Beast Statue","Golden Idol","Ornamental Fan","Sundial","SlaversCollar"],"acts_visited":["Exordium","TheCity"],"potions_floor_usage":[12,14,19],"damage_taken":[{"damage":1.0,"enemies":"Cultist","floor":1.0,"turns":4.0},{"damage":0.0,"enemies":"2 Louse","floor":2.0,"turns":2.0},{"damage":0.0,"enemies":"Small Slimes","floor":3.0,"turns":3.0},{"damage":18,"enemies":"Red Slaver","floor":4,"turns":4},{"damage":30,"enemies":"3 Sentries","floor":7,"turns":7},{"damage":0,"enemies":"Looter","floor":8,"turns":2},{"damage":0,"enemies":"Lagavulin","floor":12,"turns":6},{"damage":0,"enemies":"Gremlin Nob","floor":14,"turns":3},{"damage":8,"enemies":"The Guardian","floor":16,"turns":11},{"damage":0,"enemies":"Spheric Guardian","floor":18,"turns":3},{"damage":55,"enemies":"Masked Bandits","floor":19,"turns":3}],"seed_played":"6980482020050477749","potions_obtained":[{"floor":2.0,"key":"PowerPotion"},{"floor":7,"key":"BlessingOfTheForge"},{"floor":12,"key":"SpeedPotion"},{"floor":14,"key":"Explosive Potion"},{"floor":16,"key":"Swift Potion"}],"is_trial":false,"path_per_floor":["M","M","M","M","$","R","E","M","T","?","R","E","?","E","R","B",null,"M","?"],"character_chosen":"DEFECT","items_purchased":["Rip and Tear","FearPotion"],"campfire_rested":1,"item_purchase_floors":[5,5],"current_hp_per_floor":[63,63,63,45,45,45,15,15,15,15,32,32,32,32,32,24,50,50,0,0],"gold":300,"neow_bonus":"ONE_RARE_RELIC","is_daily":false,"chose_seed":false,"campfire_upgraded":2,"win_rate":0.0,"timestamp":1613621434,"path_taken":["M","M","M","?","$","R","E","M","T","?","R","E","?","E","R","BOSS","M","?"],"items_purchased_type":["Card","Potion"],"build_version":"2020-12-22","purchased_purges":0,"victory":false,"max_hp_per_floor":[64,64,64,64,64,64,64,64,64,58,58,58,58,58,58,58,58,58,58,58],"relic_stats":{"counters":[11,48],"Golden Idol":44,"Ornamental Fan":[16],"Sundial":[2],"obtain_stats":[{"Du-Vu Doll":0,"SlaversCollar":17,"Golden Idol":10,"Ornamental Fan":12,"Sundial":14,"Cracked Core":0,"FossilizedHelix":7,"White Beast Statue":9},{"Du-Vu Doll":0,"SlaversCollar":9,"Golden Idol":6,"Ornamental Fan":7,"Sundial":8,"Cracked Core":0,"FossilizedHelix":5,"White Beast Statue":6},{"Du-Vu Doll":0,"SlaversCollar":42,"Golden Idol":22,"Ornamental Fan":28,"Sundial":31,"Cracked Core":0,"FossilizedHelix":20,"White Beast Statue":22}]},"card_choices":[{"not_picked":["Streamline","Hologram"],"picked":"Rebound","floor":1.0},{"not_picked":["Darkness","Cold Snap"],"picked":"Defragment","floor":2.0},{"not_picked":["Steam","Barrage"],"picked":"Go for the Eyes","floor":3},{"not_picked":["Auto Shields","White Noise"],"picked":"Buffer","floor":4},{"not_picked":["Darkness","Lockon"],"picked":"Ball Lightning","floor":7},{"not_picked":["Barrage","Compile Driver"],"picked":"Coolheaded","floor":8},{"not_picked":["Steam Power","Blizzard"],"picked":"Undo","floor":14},{"not_picked":["Multi-Cast","Hyperbeam"],"picked":"Core Surge","floor":16},{"not_picked":["Loop","Coolheaded+1"],"picked":"Defragment","floor":18}],"player_experience":2796598,"relics_obtained":[{"floor":7,"key":"FossilizedHelix"},{"floor":9,"key":"White Beast Statue"},{"floor":12,"key":"Ornamental Fan"},{"floor":14,"key":"Sundial"}],"event_choices":[{"damage_healed":0,"gold_gain":0,"player_choice":"Lose Max HP","damage_taken":0,"relics_obtained":["Golden Idol"],"max_hp_gain":0,"max_hp_loss":6,"event_name":"Golden Idol","floor":10,"gold_loss":0},{"damage_healed":0,"gold_gain":50,"player_choice":"Pray","damage_taken":0,"max_hp_gain":0,"max_hp_loss":0,"event_name":"Golden Shrine","floor":13,"gold_loss":0},{"damage_healed":0,"gold_gain":0,"player_choice":"Fought Bandits","damage_taken":0,"max_hp_gain":0,"max_hp_loss":0,"event_name":"Masked Bandits","floor":19,"gold_loss":0}],"is_beta":false,"boss_relics":[{"not_picked":["Empty Cage","Black Star"],"picked":"SlaversCollar"}],"items_purged_floors":[],"is_endless":false,"potions_floor_spawned":[2,7,12,14,16,18],"killed_by":"Masked Bandits","ascension_level":20}}