{"host":"vumwfieg2b2mnrfl","time":1613606800,"event":{"mods":["AchievementEnabler","BaseMod","Minty Spire (QoL Compilation)","Rare Cards Sparkle","Relic Stats"],"gold_per_floor":[118,118,130,145,58,83,83,8,59,88,88,122,136,155,155,231,231,231,231,131,131],"floor_reached":20,"language":"ENG","playtime":530,"items_purged":["Regret"],"score":384,"play_id":"59ea9f44-eaca-4878-be48-6d61bebd0070","local_time":"20210217180640","is_ascension_mode":true,"campfire_choices":[{"floor":11.0,"key":"REST"},{"data":"Disarm","floor":15.0,"key":"SMITH"}],"circlet_count":0,"master_deck":["AscendersBane","Strike_R+1","Strike_R","Strike_R","Strike_R","Strike_R+1","Defend_R","Defend_R","Defend_R","Defend_R","Bash","Armaments+1","Twin Strike","Disarm+1","Fire Breathing","Hemokinesis","Cleave","Berserk"],"relics":["Burning Blood","NeowsBlessing","Whetstone","Kunai","Regal Pillow","Ice Cream","Ornamental Fan","Ectoplasm"],"acts_visited":["Exordium","TheCity"],"potions_floor_usage":[],"damage_taken":[{"damage":0.0,"enemies":"Small Slimes","floor":1.0,"turns":1.0},{"damage":0.0,"enemies":"Cultist","floor":3.0,"turns":1.0},{"damage":0.0,"enemies":"2 Louse","floor":4.0,"turns":2.0},{"damage":31.0,"enemies":"Gremlin Nob","floor":6.0,"turns":4.0},{"damage":36.0,"enemies":"Lagavulin","floor":10.0,"turns":8.0},{"damage":34.0,"enemies":"Gremlin Nob","floor":12.0,"turns":4.0},{"damage":6.0,"enemies":"Exordium Wildlife","floor":13.0,"turns":3.0},{"damage":6.0,"enemies":"2 Fungi Beasts","floor":14.0,"turns":3.0},{"damage":27.0,"enemies":"The Guardian","floor":16.0,"turns":17.0},{"damage":31,"enemies":"Shell Parasite","floor":18,"turns":6},{"damage":40,"enemies":"2 Thieves","floor":20,"turns":3}],"seed_played":"6079192758737792956","potions_obtained":[{"floor":1.0,"key":"SteroidPotion"},{"floor":6.0,"key":"Fire Potion"},{"floor":10.0,"key":"EssenceOfSteel"},{"floor":14.0,"key":"EssenceOfSteel"}],"is_trial":false,"path_per_floor":["M","?","M","M","$","E","?","$","T","E","R","E","M","M","R","B",null,"M","$","M"],"character_chosen":"IRONCLAD","items_purchased":["Fire Breathing"],"campfire_rested":1,"item_purchase_floors":[5],"current_hp_per_floor":[74,74,75,75,75,50,50,50,50,20,57,29,29,29,29,8,58,33,33,0,0],"gold":131,"neow_bonus":"THREE_ENEMY_KILL","is_daily":false,"chose_seed":false,"campfire_upgraded":1,"win_rate":0.0,"timestamp":1613606800,"path_taken":["M","?","?","?","$","E","?","$","T","E","R","E","M","M","R","BOSS","M","$","M"],"items_purchased_type":["Card"],"build_version":"2020-12-22","purchased_purges":1,"victory":false,"max_hp_per_floor":[75,75,75,75,75,75,75,75,75,75,75,75,75,75,75,75,75,75,75,75,75],"relic_stats":{"Regal Pillow":15,"counters":[11,52],"Ornamental Fan":[20],"Ectoplasm":11,"Whetstone":["Strike_R","Strike_R"],"Kunai":[9],"obtain_stats":[{"Ice Cream":10,"Regal Pillow":9,"NeowsBlessing":0,"Ornamental Fan":12,"Ectoplasm":17,"Whetstone":6,"Kunai":7,"Burning Blood":0},{"Ice Cream":5,"Regal Pillow":4,"NeowsBlessing":0,"Ornamental Fan":6,"Ectoplasm":9,"Whetstone":4,"Kunai":4,"Burning Blood":0},{"Ice Cream":16,"Regal Pillow":8,"NeowsBlessing":0,"Ornamental Fan":20,"Ectoplasm":43,"Whetstone":8,"Kunai":8,"Burning Blood":0}],"Burning Blood":49},"card_choices":[{"not_picked":["Rampage","Clothesline"],"picked":"Armaments","floor":1.0},{"not_picked":["Sever Soul","Anger"],"picked":"Twin Strike","floor":3.0},{"not_picked":["Pommel Strike","Infernal Blade"],"picked":"Disarm","floor":4.0},{"not_picked":["Twin Strike","Juggernaut"],"picked":"Hemokinesis","floor":6.0},{"not_picked":["Clothesline","Bloodletting"],"picked":"Cleave","floor":10.0},{"not_picked":["Havoc","Corruption","Twin Strike"],"picked":"SKIP","floor":12.0},{"not_picked":["Twin Strike","Clothesline","Thunderclap"],"picked":"SKIP","floor":13.0},{"not_picked":["Twin Strike","Rupture","Searing Blow"],"picked":"SKIP","floor":14.0},{"not_picked":["Offering","Corruption"],"picked":"Berserk","floor":16.0},{"not_picked":["Rage","Rupture","Iron Wave"],"picked":"SKIP","floor":18}],"player_experience":567445,"relics_obtained":[{"floor":6.0,"key":"Whetstone"},{"floor":9.0,"key":"Regal Pillow"},{"floor":10.0,"key":"Ice Cream"},{"floor":12.0,"key":"Ornamental Fan"}],"event_choices":[{"damage_healed":0.0,"max_hp_gain":0.0,"max_hp_loss":0.0,"gold_gain":0.0,"event_name":"Upgrade Shrine","player_choice":"Upgraded","floor":2.0,"gold_loss":0.0,"damage_taken":0.0,"cards_upgraded":["Armaments"]},{"damage_healed":0.0,"max_hp_gain":0.0,"max_hp_loss":0.0,"gold_gain":0.0,"event_name":"Big Fish","player_choice":"Box","floor":7.0,"gold_loss":0.0,"damage_taken":0.0,"relics_obtained":["Kunai"],"cards_obtained":["Regret"]}],"is_beta":false,"boss_relics":[{"not_picked":["Coffee Dripper","Empty Cage"],"picked":"Ectoplasm"}],"items_purged_floors":[8],"is_endless":false,"potions_floor_spawned":[1,6,10,14],"killed_by":"2 Thieves","ascension_level":20}}