{"host":"4xlu242lhh766u2u","time":1613626065,"event":{"mods":["AchievementEnabler","BaseMod","BetterRewards","Colored Map","Colored Powertips","Downfall","Minty Spire (QoL Compilation)","Replay The Spire","Shop Mod","StSLib","everything is the same but u backflip on backflip"],"gold_per_floor":[117,192,142,142,152,183,183,183,183,236,236,236,287,287,287,408,408,435,464,100,60,89,89,122,175,175,213,254,114,164,189,189,298,298,343,371,415,42,67,149,149,226,252,287,287,336,381,18,18,90],"floor_reached":51,"language":"ENG","playtime":3660,"items_purged":[],"score":1132,"play_id":"010e167d-774b-4989-a70d-6571dbde21e1","local_time":"20210218062745","is_ascension_mode":true,"campfire_choices":[{"floor":7,"key":"REST"},{"data":"Flex","floor":12,"key":"SMITH"},{"floor":15,"key":"DIG"},{"data":"Rampage","floor":23,"key":"SMITH"},{"floor":32,"key":"REST"},{"data":"Searing Blow+1","floor":41,"key":"SMITH"},{"data":"Searing Blow+2","floor":45,"key":"SMITH"},{"data":"Searing Blow+3","floor":49,"key":"SMITH"}],"circlet_count":0,"master_deck":["Strike_R","Strike_R","Strike_R","Strike_R","Defend_R","Defend_R","Defend_R","Bash","Rampage+1","Flex+1","ReplayTheSpireMod:Stacked","Metallicize","Sword Boomerang","Limit Break+1","Seeing Red","Offering+1","Anger+1","Fire Breathing","Seeing Red+1","Trip+1","Replay:Undeath\u0027s Touch+1","Seeing Red+1","Rupture+1","Searing Blow+4","Intimidate+1","ReplayTheSpireMod:LeadingStrike+1","Uppercut+1","Battle Trance+1","Replay:Many Hands+1","Body Slam+1","Rampage+1","Armaments+1","Replay:Undeath\u0027s Touch+1","Flex+1","Metallicize+1","Disarm+1","ReplayTheSpireMod:Corrosion Curse+1","Rampage+1","Clash+1","Offering+1","Anger+1","Double Tap+1"],"relics":["Burning Blood","Vajra","Matryoshka","Orichalcum","Tiny Chest","Another Sword","Replay:Bandana","Boot","Meat on the Bone","InkBottle","Toxic Egg 2","Onion Ring","Happy Flower","Painkiller Herb","Molten Egg 2","Nunchaku","Pantograph","Ice Cream","Frozen Egg 2","Busted Crown","Quantum Egg","Oddly Smooth Stone","Iron Hammer","Replay:Multitool","Red Skull"],"acts_visited":["Exordium","TheCity","TheBeyond"],"potions_floor_usage":[28,31,33,40,50,50,50],"damage_taken":[{"damage":5,"enemies":"Small Slimes","floor":1,"turns":3},{"damage":1,"enemies":"2 Louse","floor":5,"turns":2},{"damage":33,"enemies":"Lagavulin","floor":6,"turns":6},{"damage":12,"enemies":"Gremlin Nob","floor":10,"turns":4},{"damage":9,"enemies":"3 Sentries","floor":13,"turns":4},{"damage":16,"enemies":"Fading Forest","floor":16,"turns":11},{"damage":5,"enemies":"Chosen","floor":18,"turns":2},{"damage":7,"enemies":"2 Thieves","floor":19,"turns":2},{"damage":19,"enemies":"Snake Plant","floor":22,"turns":2},{"damage":0,"enemies":"Sentry and Sphere","floor":24,"turns":2},{"damage":6,"enemies":"Gremlin Leader","floor":25,"turns":2},{"damage":15,"enemies":"Snecko","floor":27,"turns":4},{"damage":20,"enemies":"Slavers","floor":28,"turns":2},{"damage":46,"enemies":"Gremlin Leader","floor":30,"turns":4},{"damage":16,"enemies":"Snake Plant","floor":31,"turns":2},{"damage":32,"enemies":"Collector","floor":33,"turns":8},{"damage":14,"enemies":"3 Darklings","floor":35,"turns":3},{"damage":0,"enemies":"Orb Walker","floor":36,"turns":1},{"damage":15,"enemies":"Maw","floor":37,"turns":5},{"damage":0,"enemies":"Reptomancer","floor":40,"turns":3},{"damage":8,"enemies":"R_Hoarder","floor":42,"turns":3},{"damage":6,"enemies":"4 Shapes","floor":44,"turns":2},{"damage":0,"enemies":"Sphere and 2 Shapes","floor":46,"turns":3},{"damage":15,"enemies":"Maw","floor":47,"turns":4},{"damage":42,"enemies":"Awakened One","floor":50,"turns":4}],"seed_played":"-6033682960215612951","potions_obtained":[{"floor":1,"key":"BloodPotion"},{"floor":6,"key":"Weak Potion"},{"floor":24,"key":"SneckoOil"},{"floor":28,"key":"Reflective Coating"},{"floor":30,"key":"hexamod:SoulburnPotion"},{"floor":31,"key":"SpeedPotion"},{"floor":33,"key":"LiquidMemories"},{"floor":35,"key":"AttackPotion"},{"floor":42,"key":"LifebloodPotion"}],"is_trial":false,"path_per_floor":["M","?","?","?","M","E","R","?","T","E","?","R","E","T","R_BF","B",null,"?","?","T","?","?","T","?","E","T","?","E","T","E","?","T","B",null,"?","?","?","T","T","E","T","E","T","?","T","?","?","T","T","B",null],"character_chosen":"IRONCLAD","items_purchased":["Vajra","Matryoshka","Rampage","Orichalcum","Flex","Seeing Red+1","Trip+1","Molten Egg 2","Intimidate+1","ReplayTheSpireMod:LeadingStrike+1","Quantum Egg","Replay:Undeath\u0027s Touch+1","Flex+1","Metallicize+1","Offering+1","Anger+1","Double Tap+1"],"campfire_rested":2,"item_purchase_floors":[0,0,0,0,0,20,20,20,29,29,38,38,38,38,48,48,48],"current_hp_per_floor":[50,39,39,39,44,17,41,46,46,40,40,40,49,49,49,49,85,85,84,84,84,71,71,77,77,77,68,54,54,26,28,53,52,85,77,83,74,74,74,80,80,78,78,78,78,84,75,75,75,49],"gold":90,"neow_bonus":"","is_daily":false,"chose_seed":false,"campfire_upgraded":5,"win_rate":0.0,"timestamp":1613626065,"path_taken":["M","?","?","?","?","E","R","?","T","E","?","R","E","?","R_BF","BOSS","?","?","T","?","?","T","?","E","T","?","E","?","E","?","T","BOSS","?","?","?","T","?","E","T","E","T","?","T","?","?","T","T","BOSS"],"items_purchased_type":["Relic","Relic","Card","Relic","Card","Card","Card","Relic","Card","Card","Relic","Card","Card","Card","Card","Card","Card"],"build_version":"2020-12-22","purchased_purges":0,"victory":true,"max_hp_per_floor":[80,80,80,80,80,80,80,85,85,85,85,85,85,85,85,85,85,85,85,85,85,85,85,85,85,85,85,85,85,85,85,85,85,85,85,85,85,85,85,85,85,85,85,85,85,85,85,85,85,85],"card_choices":[{"not_picked":["Battle Trance","Rampage"],"picked":"ReplayTheSpireMod:Stacked","floor":1},{"not_picked":["Rampage","Perfected Strike"],"picked":"Metallicize","floor":5},{"not_picked":["Run Through","Shrug It Off"],"picked":"Sword Boomerang","floor":6},{"not_picked":["Clash","ReplayReversal"],"picked":"Limit Break","floor":10},{"not_picked":["Body Slam","Perfected Strike"],"picked":"Seeing Red","floor":13},{"not_picked":["Replay:Many Hands+1","Eclipse+1"],"picked":"Offering+1","floor":16},{"not_picked":["Clash+1","Searing Blow"],"picked":"Anger+1","floor":18},{"not_picked":["Searing Blow","Thunderclap"],"picked":"Fire Breathing","floor":19},{"not_picked":["Warcry+1","Clash+1"],"picked":"Replay:Undeath\u0027s Touch+1","floor":22},{"not_picked":["Disarm+1","Run Through+1"],"picked":"Seeing Red+1","floor":24},{"not_picked":["Dual Wield+1","Battle Trance+1"],"picked":"Rupture+1","floor":25},{"not_picked":["Thunderclap+1","Run Through+1"],"picked":"Searing Blow+1","floor":27},{"not_picked":["Twin Strike+1","Thunderclap+1","Dark Embrace"],"picked":"SKIP","floor":28},{"not_picked":["Headbutt+1","Feel No Pain+1"],"picked":"Uppercut+1","floor":30},{"not_picked":["Juggernaut+1","Perfected Strike+1"],"picked":"Battle Trance+1","floor":31},{"not_picked":["Fiend Fire+1","Impervious+1"],"picked":"Replay:Many Hands+1","floor":33},{"not_picked":[],"picked":"Body Slam+1","floor":35},{"not_picked":[],"picked":"Rampage+1","floor":36},{"not_picked":[],"picked":"Armaments+1","floor":37},{"not_picked":[],"picked":"Disarm+1","floor":40},{"not_picked":[],"picked":"ReplayTheSpireMod:Corrosion Curse+1","floor":42},{"not_picked":[],"picked":"Rampage+1","floor":44},{"not_picked":["Run Through+1"],"picked":"SKIP","floor":46},{"not_picked":[],"picked":"Clash+1","floor":47}],"player_experience":21278,"relics_obtained":[{"floor":6,"key":"Another Sword"},{"floor":9,"key":"Replay:Bandana"},{"floor":9,"key":"Boot"},{"floor":10,"key":"Meat on the Bone"},{"floor":13,"key":"InkBottle"},{"floor":14,"key":"Toxic Egg 2"},{"floor":14,"key":"Onion Ring"},{"floor":15,"key":"Happy Flower"},{"floor":25,"key":"Nunchaku"},{"floor":26,"key":"Pantograph"},{"floor":28,"key":"Ice Cream"},{"floor":30,"key":"Frozen Egg 2"},{"floor":39,"key":"Oddly Smooth Stone"},{"floor":40,"key":"Iron Hammer"},{"floor":42,"key":"Replay:Multitool"},{"floor":43,"key":"Red Skull"}],"event_choices":[{"damage_healed":0,"gold_gain":75,"player_choice":"Gather Gold","damage_taken":11,"max_hp_gain":0,"max_hp_loss":0,"event_name":"World of Goop","floor":2,"gold_loss":0},{"cards_removed":["Defend_R"],"damage_healed":0,"gold_gain":0,"player_choice":"Card Removal","damage_taken":0,"max_hp_gain":0,"max_hp_loss":0,"event_name":"The Cleric","floor":3,"gold_loss":50},{"damage_healed":0,"gold_gain":0,"player_choice":"Gave Potion","damage_taken":0,"relics_obtained":["Tiny Chest"],"max_hp_gain":0,"max_hp_loss":0,"event_name":"WeMeetAgain","floor":4,"gold_loss":0},{"damage_healed":0,"gold_gain":0,"player_choice":"Donut","damage_taken":0,"max_hp_gain":5,"max_hp_loss":0,"event_name":"Big Fish","floor":8,"gold_loss":0},{"cards_removed":["Strike_R"],"damage_healed":0,"gold_gain":0,"player_choice":"Purged","damage_taken":0,"max_hp_gain":0,"max_hp_loss":0,"event_name":"Purifier","floor":11,"gold_loss":0},{"damage_healed":0,"gold_gain":0,"player_choice":"Upgrade","damage_taken":0,"max_hp_gain":0,"max_hp_loss":0,"event_name":"Designer","floor":21,"gold_loss":40,"cards_upgraded":["Limit Break"]}],"is_beta":false,"boss_relics":[{"not_picked":["Sozu","Replay:Ancient Bell"],"picked":"Painkiller Herb"},{"not_picked":["Snecko Eye","Abe\u0027s Treasure"],"picked":"Busted Crown"}],"items_purged_floors":[],"is_endless":false,"potions_floor_spawned":[1,6,24,28,30,31,33,35,42,44,47],"ascension_level":1}}