{"host":"dlyy4wv9zatha4f7","time":1613667350,"event":{"mods":["BaseMod","Better Third Choice","Colored Map","GifTheSpireLib","Minty Spire (QoL Compilation)","Spicy Shops","StSLib","SuperFastMode","Unceasing Turn Reminder"],"gold_per_floor":[361,361,376,386,30,55,55,67,67,79,112,34,34,52,52,155,155,170,170,180,197,207,234,234,266,291,301,301,45,45,84,84,191,191,213,242,258,269,62,62,98,123,149,199,235,235,235,267,279,291],"floor_reached":51,"language":"ENG","playtime":3040,"items_purged":["Strike_R"],"score":1173,"play_id":"a2845186-d4e8-4517-b27e-4cf57fde1a83","local_time":"20210218185550","is_ascension_mode":true,"campfire_choices":[{"data":"Inflame","floor":7.0,"key":"SMITH"},{"data":"Dropkick","floor":15.0,"key":"SMITH"},{"data":"Uppercut","floor":28.0,"key":"SMITH"},{"data":"Battle Trance","floor":30.0,"key":"SMITH"},{"data":"Spot Weakness","floor":32.0,"key":"SMITH"},{"data":"Dual Wield","floor":40.0,"key":"SMITH"},{"data":"Double Tap","floor":46,"key":"SMITH"},{"data":"Bludgeon","floor":49,"key":"SMITH"}],"circlet_count":0,"master_deck":["Strike_R","Strike_R","Defend_R","Defend_R","Defend_R","Defend_R","Bash","Metallicize","Twin Strike","Inflame+1","Thunderclap","Dropkick+1","Twin Strike","Battle Trance+1","Sword Boomerang","Immolate","Whirlwind","Inflame+1","Clothesline","Immolate","Entrench","Disarm+1","Uppercut+1","Spot Weakness+1","Double Tap+1","Shrug It Off+1","Shockwave+1","Dual Wield+1","Bludgeon+1","Pommel Strike+1","Flame Barrier"],"relics":["Burning Blood","Bag of Marbles","MealTicket","Ginger","Mango","Bottled Flame","Pen Nib","Snecko Eye","Bronze Scales","CeramicFish","Bag of Preparation","Matryoshka","Bottled Tornado","Philosopher\u0027s Stone","Lantern","Charon\u0027s Ashes","Question Card","Omamori","Gambling Chip","Red Skull","MawBank"],"acts_visited":["Exordium","TheCity","TheBeyond"],"potions_floor_usage":[50,50],"damage_taken":[{"damage":10.0,"enemies":"Cultist","floor":1.0,"turns":5.0},{"damage":2.0,"enemies":"2 Louse","floor":3.0,"turns":4.0},{"damage":4.0,"enemies":"Jaw Worm","floor":4.0,"turns":4.0},{"damage":15.0,"enemies":"Gremlin Nob","floor":6.0,"turns":4.0},{"damage":12.0,"enemies":"Lots of Slimes","floor":8.0,"turns":4.0},{"damage":19.0,"enemies":"Gremlin Gang","floor":10.0,"turns":3.0},{"damage":19.0,"enemies":"3 Sentries","floor":11.0,"turns":6.0},{"damage":0.0,"enemies":"3 Louse","floor":14.0,"turns":2.0},{"damage":15.0,"enemies":"The Guardian","floor":16.0,"turns":12.0},{"damage":22.0,"enemies":"2 Thieves","floor":18.0,"turns":2.0},{"damage":0.0,"enemies":"Shell Parasite","floor":20.0,"turns":1.0},{"damage":4.0,"enemies":"Centurion and Healer","floor":21.0,"turns":3.0},{"damage":0.0,"enemies":"Snecko","floor":22.0,"turns":3.0},{"damage":0.0,"enemies":"Gremlin Leader","floor":23.0,"turns":2.0},{"damage":21.0,"enemies":"Book of Stabbing","floor":25.0,"turns":3.0},{"damage":0.0,"enemies":"Snake Plant","floor":27.0,"turns":1.0},{"damage":9.0,"enemies":"Gremlin Leader","floor":31.0,"turns":4.0},{"damage":6.0,"enemies":"Automaton","floor":33.0,"turns":4.0},{"damage":4.0,"enemies":"Orb Walker","floor":35.0,"turns":2.0},{"damage":0.0,"enemies":"3 Darklings","floor":36.0,"turns":1.0},{"damage":12.0,"enemies":"4 Shapes","floor":37.0,"turns":6.0},{"damage":0.0,"enemies":"Sphere and 2 Shapes","floor":38.0,"turns":2.0},{"damage":4.0,"enemies":"Giant Head","floor":41.0,"turns":3.0},{"damage":13.0,"enemies":"Transient","floor":42.0,"turns":5.0},{"damage":0,"enemies":"Mind Bloom Boss Battle","floor":44,"turns":1},{"damage":0,"enemies":"Reptomancer","floor":45,"turns":1},{"damage":7,"enemies":"Giant Head","floor":48,"turns":4},{"damage":60,"enemies":"Time Eater","floor":50,"turns":7}],"seed_played":"8068354875962272619","potions_obtained":[{"floor":1.0,"key":"SkillPotion"},{"floor":3.0,"key":"HeartOfIron"},{"floor":6.0,"key":"Swift Potion"},{"floor":10.0,"key":"BlessingOfTheForge"},{"floor":23.0,"key":"Energy Potion"},{"floor":27.0,"key":"LiquidMemories"},{"floor":33.0,"key":"Fire Potion"},{"floor":37.0,"key":"LiquidBronze"},{"floor":42.0,"key":"ElixirPotion"},{"floor":45,"key":"Block Potion"}],"is_trial":false,"path_per_floor":["M","?","M","M","$","E","R","M","T","M","E","$","?","M","R","B",null,"M","?","M","M","M","E","?","E","T","M","R","$","R","E","R","B",null,"M","M","M","M","$","R","E","M","T","?","E","R","?","E","R","B",null],"character_chosen":"IRONCLAD","items_purchased":["MealTicket","Ginger","Thunderclap","Dropkick","Battle Trance","Matryoshka","Lantern","Dual Wield"],"campfire_rested":0,"item_purchase_floors":[5,5,5,5,12,29,39,39],"current_hp_per_floor":[68,68,72,72,72,77,77,71,71,58,45,60,53,59,59,50,77,61,61,67,69,75,81,81,66,66,72,72,86,86,83,83,83,85,86,86,80,86,86,86,86,79,79,85,86,86,86,85,85,31],"gold":303,"neow_bonus":"TWO_FIFTY_GOLD","is_daily":false,"chose_seed":false,"campfire_upgraded":8,"win_rate":0.0,"timestamp":1613667350,"path_taken":["M","?","M","M","?","E","R","?","T","M","E","$","?","M","R","BOSS","M","?","?","M","?","E","?","E","T","M","R","$","R","E","R","BOSS","M","M","?","?","$","R","E","M","T","?","E","R","?","E","R","BOSS"],"items_purchased_type":["Relic","Relic","Card","Card","Card","Relic","Relic","Card"],"build_version":"2020-12-22","purchased_purges":1,"victory":true,"max_hp_per_floor":[72,72,72,72,72,86,86,86,86,86,86,86,86,86,86,86,86,86,86,86,86,86,86,86,86,86,86,86,86,86,86,86,86,86,86,86,86,86,86,86,86,86,86,86,86,86,86,86,86,86],"card_choices":[{"not_picked":["Iron Wave","Armaments"],"picked":"Metallicize","floor":1.0},{"not_picked":["Combust","Armaments"],"picked":"Twin Strike","floor":3.0},{"not_picked":["Pommel Strike","Dropkick"],"picked":"Inflame","floor":4.0},{"not_picked":["Corruption","Iron Wave"],"picked":"Twin Strike","floor":6.0},{"not_picked":["Pommel Strike","Body Slam","Headbutt"],"picked":"SKIP","floor":8.0},{"not_picked":["Thunderclap","Wild Strike","Blood for Blood"],"picked":"SKIP","floor":10.0},{"not_picked":["Evolve","Cleave","Combust"],"picked":"SKIP","floor":11.0},{"not_picked":["Warcry","Clash"],"picked":"Sword Boomerang","floor":14.0},{"not_picked":["Reaper","Bludgeon"],"picked":"Immolate","floor":16.0},{"not_picked":["Shrug It Off","Perfected Strike"],"picked":"Whirlwind","floor":18.0},{"not_picked":["True Grit","Whirlwind"],"picked":"Clothesline","floor":20.0},{"not_picked":["Clothesline","Shrug It Off"],"picked":"Immolate","floor":21.0},{"not_picked":["Clash","Hemokinesis"],"picked":"Entrench","floor":22.0},{"not_picked":["Berserk","Ghostly Armor+1"],"picked":"Disarm+1","floor":23.0},{"not_picked":["Pommel Strike","Cleave","Thunderclap"],"picked":"SKIP","floor":25.0},{"not_picked":["Warcry","True Grit","Armaments"],"picked":"SKIP","floor":27.0},{"not_picked":["Shrug It Off","Infernal Blade"],"picked":"Spot Weakness","floor":31.0},{"not_picked":["Feed","Corruption"],"picked":"Double Tap","floor":33.0},{"not_picked":["Cleave","Dark Embrace+1"],"picked":"Shrug It Off+1","floor":35.0},{"not_picked":["Ghostly Armor+1","Havoc"],"picked":"Shockwave+1","floor":36.0},{"not_picked":["Dual Wield","Uppercut","Dropkick+1"],"picked":"SKIP","floor":37.0},{"not_picked":["Perfected Strike","Carnage","Body Slam"],"picked":"SKIP","floor":38.0},{"not_picked":["Perfected Strike","Carnage","Body Slam"],"picked":"SKIP","floor":38.0},{"not_picked":["Clothesline","Headbutt"],"picked":"Bludgeon","floor":41.0},{"not_picked":["Anger+1","Clash"],"picked":"Pommel Strike+1","floor":42.0},{"not_picked":["Seeing Red+1","Shockwave","True Grit"],"picked":"Flame Barrier","floor":45},{"not_picked":["Hemokinesis+1","Headbutt","Havoc","Wild Strike+1"],"picked":"SKIP","floor":48}],"player_experience":2296438,"relics_obtained":[{"floor":6.0,"key":"Mango"},{"floor":9.0,"key":"Bottled Flame"},{"floor":11.0,"key":"Pen Nib"},{"floor":23.0,"key":"Bronze Scales"},{"floor":25.0,"key":"CeramicFish"},{"floor":26.0,"key":"Bag of Preparation"},{"floor":31.0,"key":"Bottled Tornado"},{"floor":41.0,"key":"Charon\u0027s Ashes"},{"floor":43.0,"key":"Question Card"},{"floor":43.0,"key":"Omamori"},{"floor":44,"key":"Gambling Chip"},{"floor":45,"key":"Red Skull"},{"floor":48,"key":"MawBank"}],"event_choices":[{"damage_healed":0.0,"max_hp_gain":0.0,"max_hp_loss":0.0,"gold_gain":0.0,"event_name":"WeMeetAgain","player_choice":"Gave Potion","floor":2.0,"gold_loss":0.0,"damage_taken":0.0,"relics_obtained":["Bag of Marbles"]},{"cards_removed":["Strike_R"],"damage_healed":0.0,"max_hp_gain":0.0,"max_hp_loss":0.0,"gold_gain":0.0,"event_name":"Golden Wing","player_choice":"Card Removal","floor":13.0,"gold_loss":0.0,"damage_taken":7.0},{"damage_healed":0.0,"max_hp_gain":0.0,"max_hp_loss":0.0,"gold_gain":0.0,"event_name":"Duplicator","player_choice":"Copied","floor":19.0,"gold_loss":0.0,"damage_taken":0.0,"cards_obtained":["Inflame"]},{"damage_healed":0.0,"max_hp_gain":0.0,"max_hp_loss":0.0,"gold_gain":0.0,"cards_transformed":["Strike_R"],"event_name":"Transmorgrifier","player_choice":"Transformed","floor":24.0,"gold_loss":0.0,"damage_taken":0.0,"cards_obtained":["Uppercut"]},{"damage_healed":0,"gold_gain":0,"player_choice":"Fight","damage_taken":0,"max_hp_gain":0,"max_hp_loss":0,"event_name":"MindBloom","floor":44,"gold_loss":0},{"damage_healed":22,"gold_gain":0,"player_choice":"Writhe","damage_taken":0,"max_hp_gain":0,"max_hp_loss":0,"event_name":"Winding Halls","floor":47,"gold_loss":0,"cards_obtained":["Writhe"]}],"is_beta":false,"boss_relics":[{"not_picked":["Empty Cage","Pandora\u0027s Box"],"picked":"Snecko Eye"},{"not_picked":["Tiny House","Runic Dome"],"picked":"Philosopher\u0027s Stone"}],"items_purged_floors":[5],"is_endless":false,"potions_floor_spawned":[1,3,6,10,23,27,33,37,41,42,45,48],"ascension_level":7}}