{"host":"phapnj0danpxvjlm","time":1613611688,"event":{"mods":["BaseMod","Better Note","Better Third Choice","Bossed Relics","Colored Powertips","Downfall","Hermit","Minty Spire (QoL Compilation)","Permanent Neow","Quick Restart","Rare Cards Sparkle","Spire Arcade","StSLib","The Animator","The Necromancer","The Wild Card"],"gold_per_floor":[99,110,125,141,141,141,164,179,205,221,221,221,221,234,253,356,356,156,256,270,289,154,154,154,174,206,206,221,221,221,240,258,358,358,358,371,371,70,88,121,121,121,141,18,18,18,18,48,63,63,63,63],"floor_reached":50,"language":"ENG","playtime":3234,"items_purged":["sneckomod:SnekBite+1"],"score":599,"play_id":"cef4e75c-5f08-4303-881d-fa5d7ff3b26e","local_time":"20210218022808","is_ascension_mode":false,"campfire_choices":[{"data":"sneckomod:TailWhip","floor":1,"key":"SMITH"},{"floor":6,"key":"RECALL"},{"data":"sneckomod:UnknownClassBLUE","floor":11,"key":"SMITH"},{"data":"sneckomod:DiceBoulder","floor":18,"key":"SMITH"},{"floor":27,"key":"REST"},{"floor":30,"key":"REST"},{"data":"sneckomod:UnknownBoss","floor":35,"key":"SMITH"},{"floor":45,"key":"REST"},{"floor":47,"key":"REST"}],"circlet_count":0,"master_deck":["sneckomod:Strike","sneckomod:Strike","sneckomod:Defend","sneckomod:Defend","sneckomod:Defend","sneckomod:TailWhip+1","sneckomod:Unknown","sneckomod:Unknown","sneckomod:WideSting","sneckomod:UnknownUncommonAttack","sneckomod:DiceBoulder+1","sneckomod:Unknown3Cost","sneckomod:CheapStock","sneckomod:UnknownUncommonAttack","sneckomod:UnknownClassHEXA_GHOST_PURPLE","sneckomod:UnknownRareAttack","sneckomod:UnknownClassSLIMEBOUND","sneckomod:UnknownUncommonAttack+1","sneckomod:UnknownRarePower","sneckomod:UnknownClassGREEN","sneckomod:UnknownClassTHE_CHAMP_GRAY","sneckomod:IronFang","sneckomod:Unknown2Cost","sneckomod:DiceBoulder","sneckomod:UnknownClassBLUE","sneckomod:Nope","sneckomod:UnknownCommonAttack+1","sneckomod:UnknownBoss+1","sneckomod:UnknownClassGREEN+1","sneckomod:UnknownClassTHE_ANIMATOR","sneckomod:UnknownClassBLUE+1","sneckomod:UnknownClassTHE_CHAMP_GRAY+1","sneckomod:UnknownClassRED+1","sneckomod:UnknownClassGUARDIAN+1","sneckomod:SnakeSap","expansioncontent:InvincibleStrength","sneckomod:UnendingSupply","sneckomod:UnknownClassTHE_CHAMP_GRAY+1"],"relics":["sneckomod:SneckoSoul","Guardian:PocketSentry","Strawberry","Centennial Puzzle","Tiny House","downfall:HeartBlessingRed","downfall:HeartBlessingBlue","sneckomod:ConfusingCodex","Bottled Lightning","sneckomod:SneckoCommon","SlaversCollar","sneckomod:UnknownEgg","Letter Opener","Juzu Bracelet","Bottled Tornado"],"acts_visited":["Exordium","TheCity","TheBeyond"],"potions_floor_usage":[14,16,22,26,28,36,36,40,43],"damage_taken":[{"damage":0,"enemies":"Cultist","floor":2,"turns":2},{"damage":4,"enemies":"2 Louse","floor":3,"turns":2},{"damage":0,"enemies":"Small Slimes","floor":4,"turns":2},{"damage":4,"enemies":"2 Fungi Beasts","floor":8,"turns":3},{"damage":0,"enemies":"Lagavulin","floor":9,"turns":3},{"damage":7,"enemies":"downfall:LooterAlt","floor":10,"turns":2},{"damage":4,"enemies":"Lots of Slimes","floor":14,"turns":2},{"damage":7,"enemies":"Red Slaver","floor":15,"turns":3},{"damage":15,"enemies":"WA_ARCHETYPE_RETAIN","floor":16,"turns":5},{"damage":18,"enemies":"3 Byrds","floor":20,"turns":6},{"damage":19,"enemies":"Spheric Guardian","floor":21,"turns":4},{"damage":3,"enemies":"downfall:FleeingMerchant","floor":22,"turns":4},{"damage":17,"enemies":"Snecko","floor":25,"turns":8},{"damage":10,"enemies":"Book of Stabbing","floor":26,"turns":4},{"damage":21,"enemies":"Cultist and Chosen","floor":28,"turns":5},{"damage":1,"enemies":"Chosen and Byrds","floor":31,"turns":6},{"damage":6,"enemies":"Snecko","floor":32,"turns":3},{"damage":56,"enemies":"IC_MUSHROOM_ARCHETYPE","floor":33,"turns":7},{"damage":44,"enemies":"3 Darklings","floor":36,"turns":8},{"damage":0,"enemies":"downfall:FleeingMerchant","floor":38,"turns":4},{"damage":34,"enemies":"3 Shapes","floor":39,"turns":7},{"damage":43,"enemies":"Nemesis","floor":40,"turns":9},{"damage":14,"enemies":"Maw","floor":43,"turns":7},{"damage":0,"enemies":"downfall:FleeingMerchant","floor":44,"turns":4},{"damage":34,"enemies":"Giant Head","floor":48,"turns":9},{"damage":38,"enemies":"Jaw Worm Horde","floor":49,"turns":6},{"damage":4,"enemies":"SI_POISON_ARCHETYPE","floor":50,"turns":1}],"seed_played":"-210137407480917504","potions_obtained":[{"floor":2,"key":"LiquidBronze"},{"floor":3,"key":"sneckomod:MuddlingPotion"},{"floor":9,"key":"Explosive Potion"},{"floor":20,"key":"Dexterity Potion"},{"floor":21,"key":"Explosive Potion"},{"floor":25,"key":"Swift Potion"},{"floor":32,"key":"Regen Potion"},{"floor":33,"key":"DuplicationPotion"},{"floor":39,"key":"LiquidBronze"},{"floor":40,"key":"FearPotion"},{"floor":48,"key":"SteroidPotion"}],"is_trial":false,"path_per_floor":["R","M","M","M","?","R","T","M","E","M","R","?","R","M","M","B",null,"R","?","M","M","$","?","T","M","E","R","M","T","R","M","M","B",null,"R","M","?","$","M","E","T","?","M","$","R","?","R","E","M","B"],"character_chosen":"THE_SNECKO","items_purchased":["sneckomod:UnknownClassGREEN","sneckomod:UnknownClassTHE_CHAMP_GRAY","sneckomod:IronFang","sneckomod:UnknownEgg","sneckomod:SnakeSap"],"campfire_rested":4,"item_purchase_floors":[22,22,22,38,44],"current_hp_per_floor":[90,90,86,86,93,93,93,89,89,82,82,82,82,78,71,56,97,107,107,89,70,67,67,67,50,40,72,51,51,83,82,76,20,107,107,78,88,88,64,21,21,21,7,7,40,40,73,39,1,0,0,0],"gold":63,"neow_bonus":"RANDOM_COMMON_RELIC","is_daily":false,"chose_seed":false,"campfire_upgraded":4,"win_rate":0.0,"timestamp":1613611688,"path_taken":["R","M","?","M","?","R","T","M","E","M","R","?","R","M","M","BOSS","R","?","M","?","$","?","T","M","E","R","M","?","R","M","M","BOSS","R","M","?","$","M","E","T","?","M","$","R","?","R","E","M","BOSS"],"items_purchased_type":["Card","Card","Card","Relic","Card"],"build_version":"2020-12-22","purchased_purges":1,"victory":false,"max_hp_per_floor":[90,90,90,90,97,97,97,97,97,97,97,97,97,97,97,97,97,107,107,107,107,107,107,107,107,107,107,107,107,107,107,107,107,107,107,107,112,112,112,112,112,112,112,112,112,112,112,112,112,112,112,112],"card_choices":[{"not_picked":["sneckomod:UnknownClassTHE_UNNAMED","sneckomod:MasterEye"],"picked":"sneckomod:UnknownClassBLUE","floor":2},{"not_picked":["sneckomod:UnknownClassTHE_ANIMATOR","sneckomod:UnknownClassGREEN"],"picked":"sneckomod:WideSting","floor":3},{"not_picked":["sneckomod:Unknown2Cost","sneckomod:SnakeSap"],"picked":"sneckomod:UnknownUncommonAttack","floor":4},{"not_picked":["sneckomod:Unknown1Cost","sneckomod:IronFang"],"picked":"sneckomod:DiceBoulder","floor":8},{"not_picked":["sneckomod:UnknownCommonSkill","sneckomod:PureSnecko"],"picked":"sneckomod:Unknown3Cost","floor":9},{"not_picked":["sneckomod:SoulDraw","sneckomod:UnknownClassSLIMEBOUND"],"picked":"sneckomod:CheapStock","floor":10},{"not_picked":["sneckomod:UnknownClassTHE_BRONZE_AUTOMATON","sneckomod:SnekBeam"],"picked":"sneckomod:UnknownUncommonAttack","floor":14},{"not_picked":["sneckomod:UnknownClassDEFAULT_GRAY_COLOR","sneckomod:DiceBlock"],"picked":"sneckomod:UnknownClassHEXA_GHOST_PURPLE","floor":15},{"not_picked":["sneckomod:Cheat","sneckomod:Restock"],"picked":"sneckomod:UnknownRareAttack","floor":16},{"not_picked":["sneckomod:CheapStock","sneckomod:DiceBlock"],"picked":"sneckomod:UnknownClassSLIMEBOUND","floor":20},{"not_picked":["sneckomod:UnknownClassTHE_BRONZE_AUTOMATON","sneckomod:WideSting"],"picked":"sneckomod:UnknownUncommonAttack+1","floor":21},{"not_picked":["sneckomod:Unknown1Cost","sneckomod:UnknownCommonAttack"],"picked":"sneckomod:UnknownRarePower","floor":22},{"not_picked":["sneckomod:UnknownX","sneckomod:UnknownClassTHE_CHAMP_GRAY"],"picked":"sneckomod:Unknown2Cost","floor":25},{"not_picked":["sneckomod:SoulCleanse","sneckomod:UnknownCommonSkill","sneckomod:Rotation"],"picked":"SKIP","floor":26},{"not_picked":["sneckomod:MasterEye","sneckomod:ImprovisedAttack"],"picked":"sneckomod:DiceBoulder","floor":28},{"not_picked":["sneckomod:WideSting","sneckomod:UnknownDraw"],"picked":"sneckomod:Nope","floor":31},{"not_picked":["sneckomod:QuickBite","sneckomod:UnknownDraw+1"],"picked":"sneckomod:UnknownCommonAttack+1","floor":32},{"not_picked":["sneckomod:DangerNoodle","sneckomod:Mudshield"],"picked":"sneckomod:UnknownBoss","floor":33},{"not_picked":["sneckomod:RainOfDice+1","sneckomod:UnknownBlock+1"],"picked":"sneckomod:UnknownClassGREEN+1","floor":36},{"not_picked":["sneckomod:UnknownClassSLIMEBOUND+1","sneckomod:SoulRoll"],"picked":"sneckomod:UnknownClassTHE_ANIMATOR","floor":38},{"not_picked":["sneckomod:QuickBite","sneckomod:UnknownBlock+1"],"picked":"sneckomod:UnknownClassBLUE+1","floor":39},{"not_picked":["sneckomod:UnknownUncommonPower+1","sneckomod:SnekBeam"],"picked":"sneckomod:UnknownClassTHE_CHAMP_GRAY+1","floor":40},{"not_picked":["sneckomod:RainOfDice+1","sneckomod:DiceBlock"],"picked":"sneckomod:UnknownClassRED+1","floor":43},{"not_picked":["sneckomod:CheapStock+1","sneckomod:UnknownClassTHE_UNNAMED+1"],"picked":"sneckomod:UnknownClassGUARDIAN+1","floor":44},{"not_picked":["expansioncontent:Hexaburn","expansioncontent:PrepareCrush"],"picked":"expansioncontent:InvincibleStrength","floor":46},{"not_picked":["sneckomod:Memorize","sneckomod:DefensiveFlair"],"picked":"sneckomod:UnendingSupply","floor":48},{"not_picked":["sneckomod:UnknownExhaust+1","sneckomod:SoulCleanse"],"picked":"sneckomod:UnknownClassTHE_CHAMP_GRAY+1","floor":49}],"player_experience":565158,"relics_obtained":[{"floor":9,"key":"Centennial Puzzle"},{"floor":24,"key":"sneckomod:ConfusingCodex"},{"floor":26,"key":"Bottled Lightning"},{"floor":29,"key":"sneckomod:SneckoCommon"},{"floor":40,"key":"Letter Opener"},{"floor":41,"key":"Juzu Bracelet"},{"floor":48,"key":"Bottled Tornado"}],"event_choices":[{"damage_healed":0,"gold_gain":0,"player_choice":"Ignored","damage_taken":0,"max_hp_gain":0,"max_hp_loss":0,"event_name":"betterNote:BetterNote","floor":23,"gold_loss":0,"cards_obtained":["Slimebound:MassRepurpose"]},{"cards_removed":["Machine Learning"],"damage_healed":0,"gold_gain":0,"player_choice":"Removed Power","damage_taken":0,"max_hp_gain":0,"max_hp_loss":0,"event_name":"Falling","floor":42,"gold_loss":0}],"is_beta":false,"boss_relics":[{"not_picked":["Astrolabe","Runic Dome"],"picked":"Tiny House"},{"not_picked":["Busted Crown","Coffee Dripper"],"picked":"SlaversCollar"}],"items_purged_floors":[44],"is_endless":false,"potions_floor_spawned":[2,3,9,20,21,25,32,33,39,40,48],"killed_by":"SI_POISON_ARCHETYPE","ascension_level":0}}