{"host":"sav7uxregyirlf69","time":1613616078,"event":{"mods":["AchievementEnabler","BaseMod","Colored Map","DeckTracker","Keyboard Shortcuts","Minty Spire (QoL Compilation)","READ ME - Guardian Mod","StSLib","SuperFastMode"],"gold_per_floor":[115,29,29,29,42,85,106,106,106,131,154,192,192,208,208,304,304,327,85,105,123,142,142,142],"floor_reached":23,"language":"KOR","playtime":762,"items_purged":["Strike_G"],"score":460,"play_id":"c5245d7c-e41f-4342-9509-98c7bba2be2f","local_time":"20210218114118","is_ascension_mode":true,"campfire_choices":[{"data":"Finisher","floor":8,"key":"SMITH"},{"data":"Footwork","floor":13,"key":"SMITH"},{"data":"Well Laid Plans","floor":15,"key":"SMITH"}],"circlet_count":0,"master_deck":["AscendersBane","Strike_G","Strike_G","Strike_G","Strike_G","Defend_G","Defend_G","Defend_G","Defend_G","Defend_G","Survivor","Neutralize","Footwork+1","Backstab","Infinite Blades","Finisher+1","Blade Dance","Dagger Throw","Well Laid Plans+1","Backflip","Dagger Throw+1","PiercingWail"],"relics":["Ring of the Snake","NeowsBlessing","Golden Idol","Tingsha","Tough Bandages","Blood Vial","HoveringKite","Bag of Preparation"],"acts_visited":["Exordium","TheCity"],"potions_floor_usage":[12,16,16],"damage_taken":[{"damage":0,"enemies":"Cultist","floor":1,"turns":1},{"damage":0,"enemies":"2 Louse","floor":5,"turns":1},{"damage":0,"enemies":"3 Sentries","floor":6,"turns":1},{"damage":0,"enemies":"Small Slimes","floor":7,"turns":4},{"damage":1,"enemies":"Exordium Wildlife","floor":10,"turns":2},{"damage":0,"enemies":"3 Louse","floor":11,"turns":2},{"damage":20,"enemies":"Lagavulin","floor":12,"turns":5},{"damage":1,"enemies":"Blue Slaver","floor":14,"turns":3},{"damage":14,"enemies":"Hexaghost","floor":16,"turns":9},{"damage":6,"enemies":"3 Byrds","floor":18,"turns":6},{"damage":9,"enemies":"Shell Parasite","floor":20,"turns":2},{"damage":6,"enemies":"3 Cultists","floor":21,"turns":6},{"damage":2,"enemies":"Centurion and Healer","floor":22,"turns":5},{"damage":51,"enemies":"Slavers","floor":23,"turns":4}],"seed_played":"9034184616972086425","potions_obtained":[{"floor":4,"key":"Regen Potion"},{"floor":4,"key":"Explosive Potion"},{"floor":11,"key":"SteroidPotion"},{"floor":12,"key":"Poison Potion"},{"floor":21,"key":"Explosive Potion"}],"is_trial":false,"path_per_floor":["M","$","?","?","M","E","M","R","T","M","M","E","R","M","R","B",null,"M","$","M","M","M","E"],"character_chosen":"THE_SILENT","items_purchased":["Backstab","Bag of Preparation"],"campfire_rested":0,"item_purchase_floors":[2,19],"current_hp_per_floor":[59,59,36,36,36,36,36,36,36,35,35,15,15,16,16,19,54,50,50,43,39,39,0,0],"gold":142,"neow_bonus":"THREE_ENEMY_KILL","is_daily":false,"chose_seed":false,"campfire_upgraded":3,"win_rate":0.0,"timestamp":1613616078,"path_taken":["M","?","?","?","M","E","M","R","T","?","M","E","R","M","R","BOSS","M","$","M","M","M","E"],"items_purchased_type":["Card","Relic"],"build_version":"2020-12-22","purchased_purges":1,"victory":false,"max_hp_per_floor":[66,66,66,66,66,66,66,66,66,66,66,66,66,66,66,66,66,66,66,66,66,66,66,66],"card_choices":[{"not_picked":["Acrobatics","Slice"],"picked":"Footwork","floor":1},{"not_picked":["Accuracy","Deflect"],"picked":"Infinite Blades","floor":5},{"not_picked":["Distraction","Cloak And Dagger"],"picked":"Finisher","floor":6},{"not_picked":["Backflip","Quick Slash"],"picked":"Blade Dance","floor":7},{"not_picked":["PiercingWail","Deflect"],"picked":"Dagger Throw","floor":10},{"not_picked":["Underhanded Strike","Poisoned Stab","Night Terror"],"picked":"SKIP","floor":11},{"not_picked":["Underhanded Strike","Poisoned Stab","Night Terror"],"picked":"SKIP","floor":11},{"not_picked":["Sucker Punch","Backstab"],"picked":"Well Laid Plans","floor":12},{"not_picked":["Outmaneuver","Cloak And Dagger"],"picked":"Backflip","floor":14},{"not_picked":["Outmaneuver","Quick Slash"],"picked":"Dagger Throw+1","floor":18},{"not_picked":["Well Laid Plans","Expertise","Blade Dance"],"picked":"SKIP","floor":20},{"not_picked":["Slice","Sucker Punch"],"picked":"PiercingWail","floor":21},{"not_picked":["Dagger Spray","Backflip","Cloak And Dagger"],"picked":"SKIP","floor":22}],"player_experience":1602522,"relics_obtained":[{"floor":6,"key":"Tingsha"},{"floor":9,"key":"Tough Bandages"},{"floor":12,"key":"Blood Vial"}],"event_choices":[{"damage_healed":0,"gold_gain":0,"player_choice":"Take Damage","damage_taken":23,"relics_obtained":["Golden Idol"],"max_hp_gain":0,"max_hp_loss":0,"event_name":"Golden Idol","floor":3,"gold_loss":0},{"damage_healed":0,"gold_gain":0,"player_choice":"Got Potions","damage_taken":0,"max_hp_gain":0,"max_hp_loss":0,"event_name":"Lab","floor":4,"gold_loss":0}],"is_beta":false,"boss_relics":[{"not_picked":["Tiny House","WristBlade"],"picked":"HoveringKite"}],"items_purged_floors":[19],"is_endless":false,"potions_floor_spawned":[6,10,11,12,21],"killed_by":"Slavers","ascension_level":20}}