{"host":"q9qwbotttpvtd6fn","time":1613692427,"event":{"mods":["BaseMod","Colored Map","Minty Spire (QoL Compilation)","StSLib"],"gold_per_floor":[118,193,193,50,50,64,93,108,108,108,108,124,124,15,15,15,15],"floor_reached":16,"language":"ENG","playtime":485,"items_purged":["Strike_B"],"score":142,"play_id":"26e2ea47-a02d-4b4b-ba34-0597ef647801","local_time":"20210218185347","is_ascension_mode":true,"campfire_choices":[{"floor":11,"key":"REST"},{"floor":13,"key":"REST"},{"data":"Echo Form","floor":15,"key":"SMITH"}],"circlet_count":0,"master_deck":["Strike_B","Strike_B","Defend_B+1","Defend_B+1","Defend_B","Defend_B","Zap","Dualcast","Echo Form+1","Conserve Battery","Beam Cell","Biased Cognition","Defragment","Leap","Chaos","Ball Lightning","Sunder"],"relics":["Cracked Core","Torii","WingedGreaves","StrikeDummy"],"acts_visited":["Exordium"],"potions_floor_usage":[7],"damage_taken":[{"damage":3,"enemies":"Jaw Worm","floor":1,"turns":4},{"damage":0,"enemies":"Small Slimes","floor":6,"turns":3},{"damage":35,"enemies":"3 Sentries","floor":7,"turns":6},{"damage":0,"enemies":"2 Louse","floor":8,"turns":2},{"damage":1,"enemies":"Looter","floor":12,"turns":3},{"damage":48,"enemies":"Slime Boss","floor":16,"turns":6}],"seed_played":"5438327261673057410","potions_obtained":[{"floor":6,"key":"ColorlessPotion"}],"is_trial":false,"path_per_floor":["M","?","?","$","?","M","E","M","T","T","R","M","R","$","R","B"],"character_chosen":"DEFECT","items_purchased":["Biased Cognition","Sunder"],"campfire_rested":2,"item_purchase_floors":[4,14],"current_hp_per_floor":[65,54,54,54,39,39,4,4,4,4,26,25,47,47,47,0,0],"gold":15,"neow_bonus":"ONE_RANDOM_RARE_CARD","is_daily":false,"chose_seed":false,"campfire_upgraded":1,"win_rate":0.0,"timestamp":1613692427,"path_taken":["M","?","?","$","?","M","E","M","T","?","R","?","R","$","R","BOSS"],"items_purchased_type":["Card","Card"],"build_version":"2020-12-22","purchased_purges":1,"victory":false,"max_hp_per_floor":[75,75,75,75,75,75,75,75,75,75,75,75,75,75,75,75,75],"card_choices":[{"not_picked":["Rebound","Leap"],"picked":"Conserve Battery","floor":1},{"not_picked":["Steam Power","Go for the Eyes"],"picked":"Defragment","floor":6},{"not_picked":["Steam","Biased Cognition"],"picked":"Leap","floor":7},{"not_picked":["Force Field","Conserve Battery"],"picked":"Chaos","floor":8},{"not_picked":["Hello World","Stack"],"picked":"Ball Lightning","floor":12}],"player_experience":462589,"relics_obtained":[{"floor":7,"key":"Torii"},{"floor":9,"key":"WingedGreaves"},{"floor":10,"key":"StrikeDummy"}],"event_choices":[{"damage_healed":0,"gold_gain":75,"player_choice":"Gather Gold","damage_taken":11,"max_hp_gain":0,"max_hp_loss":0,"event_name":"World of Goop","floor":2,"gold_loss":0},{"damage_healed":0,"gold_gain":0,"cards_transformed":["Strike_B"],"player_choice":"Change","damage_taken":0,"max_hp_gain":0,"max_hp_loss":0,"event_name":"Living Wall","floor":3,"gold_loss":0,"cards_obtained":["Beam Cell"]},{"damage_healed":0,"gold_gain":0,"player_choice":"Entered Light","damage_taken":15,"max_hp_gain":0,"max_hp_loss":0,"event_name":"Shining Light","floor":5,"gold_loss":0,"cards_upgraded":["Defend_B","Defend_B"]}],"is_beta":false,"boss_relics":[],"items_purged_floors":[14],"is_endless":false,"potions_floor_spawned":[6],"killed_by":"Slime Boss","ascension_level":9}}