{"host":"rjfefv2ruvigm2gb","time":1613648540,"event":{"mods":["Act Like it!","AlwaysNeverKeys","BaseMod","Better Note","Better Third Choice","BetterRewards","Block Reminder","Bossed Relics","Colored Map","Colored Powertips","Conspire","Curses Come First","Displayed Cursed Tome","Downfall","Fox Events","GifTheSpireLib","Gold Saver","Googly Eyes","Highlight Path","Hubris","Ironclad Rager","Minty Spire (QoL Compilation)","Monster B Gone","Permanent Neow","Poor People Problems","Quick Restart","Relic Filter","Relic Stats","Reliquary","Replay The Spire","Retaliation","Ruina","Shop Mod","Small Relic Pack","StS++","StSLib","Stuff the Spire","SuperFastMode","The Blue Laboratory","Transform Curses","Uncapped","Virulent Crown"],"gold_per_floor":[1482,1501,1519,1374,1374,1401,1401,1417,1442,1442,1467,1467,1478,1492,1510,1610,1610,1610,1620,1620,1620,1620,1630,1656,1697,1697,1697,1730,1749,1764,1776,1796,1901,1901,1901,1919,1934,1834,1853,1853,1853,1622,1640,1640,1659,1659,1659,1659,1673,1673,1673,1699,1544,1544,1546,1546],"floor_reached":57,"language":"ENG","playtime":3604,"items_purged":["bronze:Strike","bronze:Strike"],"score":1688,"play_id":"45fa6180-d0bd-420f-98ab-125e1343771e","local_time":"20210218054220","is_ascension_mode":true,"campfire_choices":[{"data":"bronze:Replicate","floor":1,"key":"SMITH"},{"data":"bronze:BugBarrage","floor":10,"key":"SMITH"},{"floor":18,"key":"DIG"},{"floor":26,"key":"REST"},{"data":"bronze:Virus","floor":35,"key":"SMITH"},{"data":"bronze:ItsAFeature","floor":44,"key":"SMITH"},{"data":"bronze:Defend","floor":46,"key":"SMITH"},{"data":"bronze:Defend","floor":54,"key":"SMITH"}],"circlet_count":0,"master_deck":["bronze:Strike","bronze:Defend+2","bronze:Defend","bronze:Defend","bronze:BugBarrage+1","bronze:BugBarrage+1","bronze:InfiniteBeams+1","bronze:ItsAFeature+1","bronze:Virus+1","bronze:BugBarrage+1","bronze:BugBarrage+1","bronze:ItsAFeature+1","bronze:MaxOutput+1","bronze:WildBeam+1"],"relics":["bronze:BronzeCore","downfall:HeartBlessingRed","downfall:HeartBlessingGreen","downfall:HeartBlessingBlue","Iron Hammer","Singing Bowl","hubris:OldNail","Counterbalance","hubris:VirtuousBlindfold","StSpp:Monolith","relicPack:OneForAll","Simple Rune","reliquary:ExpiredCoupon","Replay:WaspNest","SlaversCollar","hubris:Towel","Vajra","champ:Barbells","Ornamental Fan","hubris:Icosahedron","Guardian:PocketSentry","StSpp:BrokenTotem"],"acts_visited":["Exordium","Exordium","TheBeyond","TheEnding"],"potions_floor_usage":[16,16,25,30,33,37,39,55,56],"damage_taken":[{"damage":0,"enemies":"conspire:RoseBush","floor":2,"turns":3},{"damage":2,"enemies":"2 Louse","floor":3,"turns":3},{"damage":4,"enemies":"downfall:FleeingMerchant","floor":4,"turns":4},{"damage":0,"enemies":"Lagavulin","floor":6,"turns":4},{"damage":0,"enemies":"Cultist","floor":8,"turns":2},{"damage":2,"enemies":"Replay:BlueRogue","floor":9,"turns":3},{"damage":0,"enemies":"Gremlin Nob","floor":11,"turns":2},{"damage":0,"enemies":"downfall:LooterAlt","floor":13,"turns":2},{"damage":0,"enemies":"3 Louse","floor":14,"turns":3},{"damage":0,"enemies":"Large Slime","floor":15,"turns":2},{"damage":14,"enemies":"DF_ARCHETYPE_STREAMLINE","floor":16,"turns":5},{"damage":9,"enemies":"ruina:3_Bats","floor":19,"turns":3},{"damage":3,"enemies":"ruina:Nosferatu","floor":23,"turns":2},{"damage":53,"enemies":"conspire:MimicChest","floor":25,"turns":6},{"damage":4,"enemies":"ruina:RoadHome","floor":28,"turns":3},{"damage":2,"enemies":"ruina:Woodsman","floor":29,"turns":3},{"damage":4,"enemies":"ruina:3_Scarecrows","floor":30,"turns":3},{"damage":0,"enemies":"ruina:KingOfGreed","floor":31,"turns":2},{"damage":4,"enemies":"ruina:QueenOfHate","floor":32,"turns":3},{"damage":5,"enemies":"SI_MIRROR_ARCHETYPE","floor":33,"turns":3},{"damage":0,"enemies":"3 Shapes","floor":36,"turns":2},{"damage":0,"enemies":"3 Darklings","floor":37,"turns":2},{"damage":3,"enemies":"Maw","floor":39,"turns":3},{"damage":0,"enemies":"downfall:FleeingMerchant","floor":42,"turns":2},{"damage":0,"enemies":"Spire Growth","floor":43,"turns":2},{"damage":0,"enemies":"Transient","floor":45,"turns":4},{"damage":0,"enemies":"Sphere and 2 Shapes","floor":49,"turns":2},{"damage":0,"enemies":"WA_ARCHETYPE_DIVINITY","floor":50,"turns":2},{"damage":0,"enemies":"downfall:CharBossMerchant","floor":52,"turns":2},{"damage":3,"enemies":"downfall:NeowBoss","floor":55,"turns":7},{"damage":36,"enemies":"downfall:NeowBossFinal","floor":56,"turns":4}],"seed_played":"-3872435389091006376","potions_obtained":[{"floor":0,"key":"Energy Potion"},{"floor":0,"key":"Explosive Potion"},{"floor":0,"key":"DuplicationPotion"},{"floor":23,"key":"SteroidPotion"},{"floor":25,"key":"Adrenaline Potion"},{"floor":28,"key":"Dexterity Potion"},{"floor":33,"key":"blueLaboratory:FruitPreserves"},{"floor":36,"key":"Guardian:BlockOnCardUsePotion"},{"floor":45,"key":"blueLaboratory:EnragingPotion"},{"floor":52,"key":"blueLaboratory:BubblePotion"}],"is_trial":false,"path_per_floor":["R_BF","M","M","$","?","E","T","M","E","R","E","?","M","M","M","B",null,"R_BF","M","?","?","?","M","T","?","R","?","E","M","M","M","M","B",null,"R","M","M","NS","M","?","T","$","M","R","M","R","?","?","M","B",null,"E","$","R","B","B",null],"character_chosen":"THE_AUTOMATON","items_purchased":["bronze:InfiniteBeams+1","champ:Barbells","Ornamental Fan","bronze:MaxOutput+1","StSpp:BrokenTotem"],"campfire_rested":1,"item_purchase_floors":[4,42,42,42,53],"current_hp_per_floor":[73,73,71,67,67,67,67,69,69,69,71,71,73,75,77,65,87,87,80,80,80,80,79,79,28,58,58,54,54,50,52,48,45,91,91,91,91,91,90,90,90,92,92,92,94,94,94,94,96,96,110,112,112,112,109,73],"gold":1546,"neow_bonus":"THREE_SMALL_POTIONS","is_daily":false,"chose_seed":false,"campfire_upgraded":6,"win_rate":0.0,"timestamp":1613648540,"path_taken":["R_BF","M","M","$","?","E","T","M","E","R","E","?","?","M","M","BOSS","R_BF","M","?","?","?","M","T","?","R","?","E","M","?","M","M","BOSS","R","M","M","NS","?","?","T","$","M","R","M","R","?","?","M","BOSS","E","$","R","BOSS","BOSS"],"items_purchased_type":["Card","Relic","Relic","Card","Relic"],"build_version":"2020-12-22","purchased_purges":2,"victory":true,"max_hp_per_floor":[80,80,80,80,80,80,80,82,84,84,86,86,88,90,92,94,94,94,96,96,96,96,98,98,100,100,100,100,102,102,104,104,106,106,106,106,106,106,108,108,108,110,110,110,112,112,112,112,114,114,114,116,116,116,116,116],"relic_stats":{"Singing Bowl":36,"counters":[31,93],"Ornamental Fan":[52],"obtain_stats":[{"champ:Barbells":42,"bronze:BronzeCore":0,"downfall:HeartBlessingRed":1,"Singing Bowl":7,"Counterbalance":11,"hubris:VirtuousBlindfold":17,"Vajra":41,"downfall:HeartBlessingGreen":1,"Replay:WaspNest":28,"Guardian:PocketSentry":52,"hubris:Towel":40,"relicPack:OneForAll":22,"reliquary:ExpiredCoupon":25,"Frozen Eye":30,"SlaversCollar":34,"hubris:Icosahedron":48,"downfall:HeartBlessingBlue":1,"Ornamental Fan":42,"Simple Rune":24,"StSpp:BrokenTotem":53,"Iron Hammer":6,"hubris:OldNail":9,"StSpp:Monolith":18},{"champ:Barbells":24,"bronze:BronzeCore":0,"downfall:HeartBlessingRed":0,"Singing Bowl":4,"Counterbalance":7,"hubris:VirtuousBlindfold":11,"Vajra":23,"downfall:HeartBlessingGreen":0,"Replay:WaspNest":15,"Guardian:PocketSentry":29,"hubris:Towel":23,"relicPack:OneForAll":12,"reliquary:ExpiredCoupon":14,"Frozen Eye":16,"SlaversCollar":20,"hubris:Icosahedron":26,"downfall:HeartBlessingBlue":0,"Ornamental Fan":24,"Simple Rune":13,"StSpp:BrokenTotem":29,"Iron Hammer":4,"hubris:OldNail":6,"StSpp:Monolith":11},{"champ:Barbells":70,"bronze:BronzeCore":0,"downfall:HeartBlessingRed":0,"Singing Bowl":14,"Counterbalance":21,"hubris:VirtuousBlindfold":33,"Vajra":68,"downfall:HeartBlessingGreen":0,"Replay:WaspNest":47,"Guardian:PocketSentry":82,"hubris:Towel":68,"relicPack:OneForAll":36,"reliquary:ExpiredCoupon":44,"Frozen Eye":50,"SlaversCollar":61,"hubris:Icosahedron":76,"downfall:HeartBlessingBlue":0,"Ornamental Fan":70,"Simple Rune":38,"StSpp:BrokenTotem":82,"Iron Hammer":14,"hubris:OldNail":19,"StSpp:Monolith":33}]},"card_choices":[{"not_picked":["bronze:FineTuning","bronze:WildBeam"],"picked":"bronze:BugBarrage","floor":2},{"not_picked":["bronze:DigitalCarnage","bronze:Invalidate"],"picked":"bronze:BugBarrage","floor":3},{"not_picked":["bronze:BitShift","bronze:CutThrough","bronze:HyperBeam"],"picked":"SKIP","floor":4},{"not_picked":["bronze:Backtrace","bronze:Optimize","bronze:OilSpill"],"picked":"SKIP","floor":6},{"not_picked":["bronze:OilSpill","bronze:ForLoop","bronze:BitShift"],"picked":"Singing Bowl","floor":8},{"not_picked":["bronze:FineTuning","bronze:DelayedGuard","bronze:Separator"],"picked":"Singing Bowl","floor":9},{"not_picked":["bronze:DelayedSlice","bronze:Deprecate","bronze:Fortify"],"picked":"Singing Bowl","floor":11},{"not_picked":["bronze:Separator","bronze:Deprecate","bronze:Iterate"],"picked":"Singing Bowl","floor":13},{"not_picked":["bronze:CutThrough","bronze:DelayedSlice","bronze:BitShift"],"picked":"Singing Bowl","floor":14},{"not_picked":["bronze:AlphaBuild","bronze:BitShift","bronze:Overheat"],"picked":"Singing Bowl","floor":15},{"not_picked":["bronze:SpaghettiCode","bronze:RecursiveStrike","bronze:BurnOut"],"picked":"Singing Bowl","floor":16},{"not_picked":["bronze:BitShift","bronze:Constructor","bronze:Backtrace"],"picked":"Singing Bowl","floor":19},{"not_picked":["bronze:Overload","bronze:NullPointer","bronze:Iterate"],"picked":"Singing Bowl","floor":23},{"not_picked":["bronze:Backtrace","bronze:Branch+1","bronze:Iterate"],"picked":"Singing Bowl","floor":25},{"not_picked":["bronze:BuggyMess","bronze:Iterate"],"picked":"bronze:ItsAFeature+1","floor":28},{"not_picked":["bronze:Fortify","bronze:Invalidate","bronze:Optimize"],"picked":"Singing Bowl","floor":29},{"not_picked":["bronze:BitShift","bronze:Frontload"],"picked":"bronze:Virus","floor":30},{"not_picked":["bronze:Philosophize","bronze:FineTuning","bronze:Turbo"],"picked":"Singing Bowl","floor":31},{"not_picked":["bronze:Turbo","bronze:ForLoop"],"picked":"bronze:BugBarrage+1","floor":32},{"not_picked":["bronze:CleanCode","bronze:Mutator","bronze:Library"],"picked":"Singing Bowl","floor":33},{"not_picked":["bronze:Safeguard+1","bronze:WildBeam"],"picked":"bronze:BugBarrage+1","floor":36},{"not_picked":["bronze:OilSpill","bronze:BronzeArmor+1"],"picked":"bronze:ItsAFeature","floor":37},{"not_picked":["bronze:Iterate+1","bronze:Invalidate+1","bronze:Repulsor"],"picked":"Singing Bowl","floor":39},{"not_picked":["bronze:CutThrough+1","bronze:WhirlingStrike+1","bronze:NullPointer"],"picked":"Singing Bowl","floor":42},{"not_picked":["bronze:BugBarrage","bronze:Branch+1"],"picked":"bronze:WildBeam+1","floor":43},{"not_picked":["bronze:InfiniteBeams+1","bronze:WhirlingStrike+1","bronze:Safeguard+1"],"picked":"Singing Bowl","floor":45},{"not_picked":["bronze:Constructor","bronze:GetLatest+1","bronze:Iterate+1"],"picked":"Singing Bowl","floor":49},{"not_picked":["bronze:TinkerersToolbox","bronze:BitShift+1","bronze:Backtrace+1"],"picked":"Singing Bowl","floor":52}],"player_experience":1129410,"relics_obtained":[{"floor":6,"key":"Iron Hammer"},{"floor":7,"key":"Singing Bowl"},{"floor":9,"key":"hubris:OldNail"},{"floor":11,"key":"Counterbalance"},{"floor":18,"key":"StSpp:Monolith"},{"floor":24,"key":"Simple Rune"},{"floor":25,"key":"reliquary:ExpiredCoupon"},{"floor":28,"key":"Replay:WaspNest"},{"floor":41,"key":"Vajra"},{"floor":52,"key":"Guardian:PocketSentry"}],"event_choices":[{"damage_healed":0,"gold_gain":0,"player_choice":"Grow","damage_taken":0,"max_hp_gain":0,"max_hp_loss":0,"event_name":"Living Wall","floor":5,"gold_loss":0,"cards_upgraded":["bronze:BugBarrage"]},{"cards_removed":["bronze:Defend"],"damage_healed":0,"gold_gain":0,"player_choice":"Removed Skill","damage_taken":0,"max_hp_gain":0,"max_hp_loss":0,"event_name":"Falling","floor":47,"gold_loss":0}],"is_beta":false,"boss_relics":[{"not_picked":["hubris:RunicObelisk","hubris:TerracottaHorce"],"picked":"hubris:VirtuousBlindfold"},{"not_picked":["Replay:Wanted Poster","reliquary:KinkedSpring"],"picked":"SlaversCollar"}],"items_purged_floors":[4,42],"is_endless":false,"potions_floor_spawned":[8,11,13,23,25,28,33,36,45,49,52],"ascension_level":7}}