{"host":"d2gh6suihlstufn7","time":1613645270,"event":{"mods":["AchievementEnabler","BaseMod","Colored Map","Colored Powertips","Minty Spire (QoL Compilation)","Permanent Neow","Quick Restart"],"gold_per_floor":[119,135,153,27,27,27,40,58,58,81,81,93,93,111,111,213,213,213,213],"floor_reached":18,"language":"KOR","playtime":1055,"items_purged":[],"score":154,"play_id":"74e7ad19-83f5-49fc-93a3-a1557a6dd7fe","local_time":"20210218194750","is_ascension_mode":false,"campfire_choices":[{"floor":6,"key":"RECALL"},{"data":"Meteor Strike","floor":11,"key":"SMITH"},{"data":"Sunder","floor":15,"key":"SMITH"}],"circlet_count":0,"master_deck":["Zap","Dualcast","Biased Cognition","Meteor Strike+1","Rip and Tear","Leap","Chill","Multi-Cast","Compile Driver","Sweeping Beam","Turbo+1","Defragment","Hologram+1","Sunder+1","Reboot"],"relics":["Pandora\u0027s Box","Odd Mushroom"],"acts_visited":["Exordium","TheCity"],"potions_floor_usage":[16,16,16],"damage_taken":[{"damage":0,"enemies":"Small Slimes","floor":1,"turns":2},{"damage":4,"enemies":"Cultist","floor":2,"turns":3},{"damage":1,"enemies":"Jaw Worm","floor":3,"turns":3},{"damage":3,"enemies":"Looter","floor":7,"turns":3},{"damage":0,"enemies":"Large Slime","floor":8,"turns":3},{"damage":6,"enemies":"The Mushroom Lair","floor":10,"turns":3},{"damage":0,"enemies":"2 Fungi Beasts","floor":12,"turns":2},{"damage":12,"enemies":"Blue Slaver","floor":14,"turns":3},{"damage":33,"enemies":"The Guardian","floor":16,"turns":6},{"damage":42,"enemies":"3 Byrds","floor":18,"turns":5}],"seed_played":"-7000895106956369516","potions_obtained":[{"floor":2,"key":"DuplicationPotion"},{"floor":8,"key":"CultistPotion"},{"floor":10,"key":"AttackPotion"}],"is_trial":false,"path_per_floor":["M","M","M","$","?","R","M","M","T","?","R","M","?","M","R","B",null,"M"],"character_chosen":"DEFECT","items_purchased":["Turbo","Defragment"],"campfire_rested":0,"item_purchase_floors":[4,4],"current_hp_per_floor":[75,71,70,70,70,70,67,67,67,61,61,61,61,49,49,16,75,33,33],"gold":213,"neow_bonus":"BOSS_RELIC","is_daily":false,"chose_seed":false,"campfire_upgraded":2,"win_rate":0.0,"timestamp":1613645270,"path_taken":["M","M","M","$","?","R","M","?","T","?","R","M","?","M","R","BOSS","M"],"items_purchased_type":["Card","Card"],"build_version":"2020-12-22","purchased_purges":0,"victory":false,"max_hp_per_floor":[75,75,75,75,75,75,75,75,75,75,75,75,75,75,75,75,75,75,75],"card_choices":[{"not_picked":["Barrage","Steam","Genetic Algorithm"],"picked":"SKIP","floor":1},{"not_picked":["Beam Cell","Compile Driver","Barrage"],"picked":"SKIP","floor":2},{"not_picked":["Blizzard","Beam Cell","Leap"],"picked":"SKIP","floor":3},{"not_picked":["Defragment","Ball Lightning"],"picked":"Hologram","floor":7},{"not_picked":["Conserve Battery","Steam"],"picked":"Sunder","floor":8},{"not_picked":["Gash","Compile Driver","Barrage"],"picked":"SKIP","floor":12},{"not_picked":["Streamline","Chill","Glacier"],"picked":"SKIP","floor":14},{"not_picked":["Thunder Strike","Echo Form"],"picked":"Reboot","floor":16}],"player_experience":224799,"relics_obtained":[{"floor":10,"key":"Odd Mushroom"}],"event_choices":[{"damage_healed":0,"gold_gain":0,"player_choice":"Forge","damage_taken":0,"max_hp_gain":0,"max_hp_loss":0,"event_name":"Accursed Blacksmith","floor":5,"gold_loss":0,"cards_upgraded":["Turbo"]},{"damage_healed":0,"gold_gain":0,"player_choice":"Fought Mushrooms","damage_taken":0,"max_hp_gain":0,"max_hp_loss":0,"event_name":"Mushrooms","floor":10,"gold_loss":0},{"damage_healed":0,"gold_gain":0,"player_choice":"Grow","damage_taken":0,"max_hp_gain":0,"max_hp_loss":0,"event_name":"Living Wall","floor":13,"gold_loss":0,"cards_upgraded":["Hologram"]}],"is_beta":false,"boss_relics":[{"not_picked":["Busted Crown","Runic Dome","Coffee Dripper"]}],"items_purged_floors":[],"is_endless":false,"potions_floor_spawned":[2,8,10,14],"killed_by":"3 Byrds","ascension_level":0}}