{"host":"o1scrl1hgy598kuq","time":1613630738,"event":{"mods":["BaseMod","Colored Map","Colored Powertips","Minty Spire (QoL Compilation)","Remilia??????","Replay The Spire","Shop Mod","StSLib","The Jungle","The Marked","The Servant 0.9.4"],"gold_per_floor":[112,112,129,129,140,174,23,23,92,107,107,180,190,190,190],"floor_reached":14,"language":"ENG","playtime":416,"items_purged":[],"score":104,"play_id":"aac69864-29f5-4215-a4dd-f6619a836fd0","local_time":"20210218004538","is_ascension_mode":true,"campfire_choices":[{"data":"ReplayTheSpireMod:Strike From Hell","floor":8,"key":"SMITH"},{"data":"Burning Pact","floor":11,"key":"SMITH"}],"circlet_count":0,"master_deck":["Strike_R","Strike_R","Strike_R","Strike_R","Strike_R","Defend_R","Defend_R","Defend_R","Defend_R","Bash+1","ReplayTheSpireMod:Strike From Hell+1","Heavy Blade","Burning Pact+1","Impervious","Fire Breathing","Sever Soul","True Grit","Spot Weakness"],"relics":["Burning Blood","ReplayTheSpireMod:Spearhead","Membership Card","Eternal Feather","Pen Nib"],"acts_visited":["Exordium"],"potions_floor_usage":[13,13,14],"damage_taken":[{"damage":6,"enemies":"Cultist","floor":1,"turns":3},{"damage":0,"enemies":"2 Louse","floor":3,"turns":2},{"damage":7,"enemies":"Jaw Worm","floor":5,"turns":3},{"damage":60,"enemies":"Lagavulin","floor":6,"turns":8},{"damage":6,"enemies":"Blue Slaver","floor":10,"turns":3},{"damage":0,"enemies":"2 Fungi Beasts","floor":13,"turns":6},{"damage":16,"enemies":"Gremlin Nob","floor":14,"turns":2}],"seed_played":"-3261963575014555681","potions_obtained":[{"floor":6,"key":"EssenceOfSteel"},{"floor":12,"key":"LiquidBronze"},{"floor":13,"key":"LiquidBronze"}],"is_trial":false,"path_per_floor":["M","?","M","?","M","E","$","R","T","M","R","?","M","E"],"character_chosen":"IRONCLAD","items_purchased":["Membership Card"],"campfire_rested":0,"item_purchase_floors":[7],"current_hp_per_floor":[88,88,88,93,92,38,38,38,38,38,47,10,16,0,0],"gold":190,"neow_bonus":"TEN_PERCENT_HP_BONUS","is_daily":false,"chose_seed":false,"campfire_upgraded":2,"win_rate":0.0,"timestamp":1613630738,"path_taken":["M","?","M","?","M","E","$","R","T","M","R","?","M","E"],"items_purchased_type":["Relic"],"build_version":"2020-12-22","purchased_purges":0,"victory":false,"max_hp_per_floor":[88,88,88,93,93,93,93,93,93,93,93,93,93,93,93],"card_choices":[{"not_picked":["Clash","Body Slam"],"picked":"ReplayTheSpireMod:Strike From Hell","floor":1},{"not_picked":["Pommel Strike","Clothesline"],"picked":"Heavy Blade","floor":3},{"not_picked":["Defy Death","Cleave"],"picked":"Burning Pact","floor":5},{"not_picked":["Thunderclap","Clothesline"],"picked":"Impervious","floor":6},{"not_picked":["Intimidate","Heavy Blade"],"picked":"Fire Breathing","floor":10},{"not_picked":["Pommel Strike","Spot Weakness"],"picked":"Sever Soul","floor":12},{"not_picked":["Carnage","Iron Wave"],"picked":"True Grit","floor":12},{"not_picked":["Fiend Fire","Ghostly Armor"],"picked":"Spot Weakness","floor":13}],"player_experience":265424,"relics_obtained":[{"floor":6,"key":"ReplayTheSpireMod:Spearhead"},{"floor":9,"key":"Eternal Feather"},{"floor":12,"key":"Pen Nib"}],"event_choices":[{"damage_healed":0,"gold_gain":0,"player_choice":"Grow","damage_taken":0,"max_hp_gain":0,"max_hp_loss":0,"event_name":"Living Wall","floor":2,"gold_loss":0,"cards_upgraded":["Bash"]},{"damage_healed":0,"gold_gain":0,"player_choice":"Donut","damage_taken":0,"max_hp_gain":5,"max_hp_loss":0,"event_name":"Big Fish","floor":4,"gold_loss":0}],"is_beta":false,"boss_relics":[],"items_purged_floors":[],"is_endless":false,"potions_floor_spawned":[6,13],"killed_by":"Gremlin Nob","ascension_level":3}}