{"host":"d2gh6suihlstufn7","time":1613644112,"event":{"mods":["AchievementEnabler","BaseMod","Colored Map","Colored Powertips","Minty Spire (QoL Compilation)","Permanent Neow","Quick Restart"],"gold_per_floor":[115,135,310,310,18,18,37,37,37,52,52,64,64,75,75,176,176,186,111,111,126,138,138,156,156,156,168,199,215,215,68,68,68,68],"floor_reached":33,"language":"KOR","playtime":2101,"items_purged":[],"score":239,"play_id":"e00cb3ab-b868-4c24-9e32-b100cba46a11","local_time":"20210218192832","is_ascension_mode":false,"campfire_choices":[{"floor":6,"key":"RECALL"},{"data":"Reinforced Body","floor":8,"key":"SMITH"},{"data":"Melter","floor":13,"key":"SMITH"},{"floor":15,"key":"REST"},{"data":"Go for the Eyes","floor":23,"key":"SMITH"},{"floor":25,"key":"REST"},{"floor":30,"key":"REST"},{"floor":32,"key":"REST"}],"circlet_count":0,"master_deck":["Strike_B","Strike_B","Strike_B","Strike_B","Defend_B","Defend_B","Defend_B","Defend_B","Zap","Dualcast","Leap","Reinforced Body+1","Hologram+1","Melter+1","Fusion+1","Reboot+1","Go for the Eyes+1","Reboot+1","Bandage Up+1","Undo+1"],"relics":["Snecko Eye","Toxic Egg 2","Sozu","Bottled Flame","Red Mask","Lee\u0027s Waffle"],"acts_visited":["Exordium","TheCity"],"potions_floor_usage":[7,12,16,24],"damage_taken":[{"damage":15,"enemies":"Jaw Worm","floor":1,"turns":4},{"damage":5,"enemies":"Cultist","floor":2,"turns":4},{"damage":6,"enemies":"Small Slimes","floor":7,"turns":3},{"damage":7,"enemies":"Blue Slaver","floor":10,"turns":7},{"damage":4,"enemies":"Red Slaver","floor":12,"turns":7},{"damage":0,"enemies":"2 Fungi Beasts","floor":14,"turns":3},{"damage":23,"enemies":"The Guardian","floor":16,"turns":16},{"damage":11,"enemies":"3 Byrds","floor":18,"turns":8},{"damage":0,"enemies":"Spheric Guardian","floor":21,"turns":2},{"damage":24,"enemies":"Cultist and Chosen","floor":22,"turns":9},{"damage":12,"enemies":"Shelled Parasite and Fungi","floor":24,"turns":9},{"damage":0,"enemies":"Snecko","floor":27,"turns":7},{"damage":59,"enemies":"Masked Bandits","floor":28,"turns":9},{"damage":25,"enemies":"3 Cultists","floor":29,"turns":8},{"damage":16,"enemies":"Champ","floor":33,"turns":4}],"seed_played":"-3972463291423930876","potions_obtained":[{"floor":12,"key":"Fruit Juice"},{"floor":14,"key":"SteroidPotion"},{"floor":16,"key":"DistilledChaos"}],"is_trial":false,"path_per_floor":["M","M","?","?","$","R","M","R","T","M","$","M","R","M","R","B",null,"M","?","?","M","M","R","M","R","T","M","?","M","R","$","R","B"],"character_chosen":"DEFECT","items_purchased":["Toxic Egg 2","Explosive Potion","Lee\u0027s Waffle"],"campfire_rested":4,"item_purchase_floors":[5,5,31],"current_hp_per_floor":[60,55,55,55,55,55,49,49,49,42,42,43,43,43,67,44,80,69,69,69,75,56,56,50,74,74,80,27,8,32,87,87,77,77],"gold":68,"neow_bonus":"BOSS_RELIC","is_daily":false,"chose_seed":false,"campfire_upgraded":3,"win_rate":0.0,"timestamp":1613644112,"path_taken":["M","M","?","?","$","R","?","R","T","M","?","M","R","M","R","BOSS","M","?","?","?","M","R","M","R","T","M","?","M","R","$","R","BOSS"],"items_purchased_type":["Relic","Potion","Relic"],"build_version":"2020-12-22","purchased_purges":0,"victory":false,"max_hp_per_floor":[75,75,75,75,75,75,75,75,75,75,75,80,80,80,80,80,80,80,80,80,80,80,80,80,80,80,80,80,80,80,87,87,87,87],"card_choices":[{"not_picked":["FTL","Barrage"],"picked":"Leap","floor":1},{"not_picked":["Coolheaded","Streamline"],"picked":"Reinforced Body","floor":2},{"not_picked":["Redo+1","Chill+1"],"picked":"Hologram+1","floor":7},{"not_picked":["Rebound","BootSequence+1"],"picked":"Melter","floor":10},{"not_picked":["Force Field+1","Compile Driver","Tempest+1"],"picked":"SKIP","floor":12},{"not_picked":["Tempest+1","Conserve Battery+1"],"picked":"Fusion+1","floor":14},{"not_picked":["Hyperbeam","All For One"],"picked":"Reboot+1","floor":16},{"not_picked":["Blizzard","Turbo+1","Compile Driver"],"picked":"SKIP","floor":18},{"not_picked":["Barrage+1","Chill+1","Tempest+1"],"picked":"SKIP","floor":21},{"not_picked":["Compile Driver","Barrage","Cold Snap+1"],"picked":"SKIP","floor":22},{"not_picked":["Gash","Stack+1","Biased Cognition"],"picked":"SKIP","floor":24},{"not_picked":["Cold Snap","Compile Driver","Steam Power+1"],"picked":"SKIP","floor":27},{"not_picked":["Stack+1","Barrage"],"picked":"Undo+1","floor":29}],"player_experience":224799,"relics_obtained":[{"floor":26,"key":"Bottled Flame"},{"floor":28,"key":"Red Mask"}],"event_choices":[{"damage_healed":0,"gold_gain":175,"player_choice":"AGREE","damage_taken":0,"max_hp_gain":0,"max_hp_loss":0,"event_name":"Liars Game","floor":3,"gold_loss":0,"cards_obtained":["Doubt"]},{"cards_removed":["Doubt"],"damage_healed":0,"gold_gain":0,"player_choice":"Took Card","damage_taken":0,"max_hp_gain":0,"max_hp_loss":0,"event_name":"NoteForYourself","floor":4,"gold_loss":0,"cards_obtained":["Defend_R"]},{"cards_removed":["Defend_R"],"damage_healed":0,"gold_gain":0,"player_choice":"Gave Gold","damage_taken":0,"max_hp_gain":0,"max_hp_loss":0,"event_name":"Beggar","floor":19,"gold_loss":75},{"damage_healed":0,"gold_gain":0,"player_choice":"3 cards matched","damage_taken":0,"max_hp_gain":0,"max_hp_loss":0,"event_name":"Match and Keep!","floor":20,"gold_loss":0,"cards_obtained":["Go for the Eyes","Reboot","Bandage Up"]},{"damage_healed":0,"gold_gain":0,"player_choice":"Fought Bandits","damage_taken":0,"max_hp_gain":0,"max_hp_loss":0,"event_name":"Masked Bandits","floor":28,"gold_loss":0}],"is_beta":false,"boss_relics":[{"not_picked":["Ectoplasm","Busted Crown"],"picked":"Sozu"}],"items_purged_floors":[],"is_endless":false,"potions_floor_spawned":[12,14,16,24,27,28],"killed_by":"Champ","ascension_level":0}}