{"host":"2wfkxmfk74kgfdwc","time":1613661930,"event":{"mods":["Act Like it!","BaseMod","Bossed Relics","Colored Map","Colored Powertips","Curses Come First","Minty Spire (QoL Compilation)","Permanent Neow","Quick Restart","Relic Filter Mod","Relic Stats","Reliquary","Ruina","Spire Arcade","StSLib","óô»ðÖ¸ÄÏ"],"gold_per_floor":[118,118,118,138,138,138,138,138],"floor_reached":7,"language":"ZHS","playtime":104,"items_purged":[],"score":57,"play_id":"444a3376-8d1b-426c-a4e4-12c6de521062","local_time":"20210218232530","is_ascension_mode":true,"campfire_choices":[{"data":"Searing Blow","floor":6.0,"key":"SMITH"}],"circlet_count":0,"master_deck":["Strike_R","Strike_R","Strike_R","Strike_R","Defend_R","Defend_R","Defend_R","Defend_R","Bash","Searing Blow+1","Warcry"],"relics":["Burning Blood","Golden Idol"],"acts_visited":[],"potions_floor_usage":[],"damage_taken":[{"damage":7.0,"enemies":"Jaw Worm","floor":1.0,"turns":3.0},{"damage":0.0,"enemies":"Cultist","floor":4.0,"turns":4.0},{"damage":0,"enemies":"3 Sentries","floor":7,"turns":1}],"seed_played":"8369930128862264624","potions_obtained":[{"floor":1.0,"key":"SneckoOil"}],"is_trial":false,"path_per_floor":["M","?","?","M","?","R","E"],"character_chosen":"IRONCLAD","items_purchased":[],"campfire_rested":0,"item_purchase_floors":[],"current_hp_per_floor":[71,71,71,77,74,74,74,74],"gold":138,"neow_bonus":"THREE_CARDS","is_daily":false,"chose_seed":false,"campfire_upgraded":1,"win_rate":0.0,"timestamp":1613661930,"path_taken":["M","?","?","M","?","R","E"],"items_purchased_type":[],"build_version":"2020-12-22","purchased_purges":0,"victory":false,"max_hp_per_floor":[80,80,80,80,74,74,74,74],"relic_stats":{"counters":[1,1],"Golden Idol":0,"obtain_stats":[{"Golden Idol":0,"Burning Blood":0},{"Golden Idol":0,"Burning Blood":0},{"Golden Idol":0,"Burning Blood":0}],"Burning Blood":0},"card_choices":[{"not_picked":["Rupture","Disarm"],"picked":"Searing Blow","floor":0.0},{"not_picked":["Hemokinesis","Searing Blow","Shockwave"],"picked":"SKIP","floor":1.0},{"not_picked":["Havoc","Evolve","Sword Boomerang"],"picked":"SKIP","floor":4.0}],"player_experience":26179,"relics_obtained":[],"event_choices":[{"damage_healed":0.0,"max_hp_gain":0.0,"max_hp_loss":0.0,"gold_gain":0.0,"event_name":"Liars Game","player_choice":"Ignored","floor":2.0,"gold_loss":0.0,"damage_taken":0.0},{"damage_healed":0.0,"max_hp_gain":0.0,"max_hp_loss":0.0,"gold_gain":0.0,"cards_transformed":["Strike_R"],"event_name":"Transmorgrifier","player_choice":"Transformed","floor":3.0,"gold_loss":0.0,"damage_taken":0.0,"cards_obtained":["Warcry"]},{"damage_healed":0.0,"max_hp_gain":0.0,"max_hp_loss":6.0,"gold_gain":0.0,"event_name":"Golden Idol","player_choice":"Lose Max HP","floor":5.0,"gold_loss":0.0,"damage_taken":0.0,"relics_obtained":["Golden Idol"]}],"is_beta":false,"boss_relics":[],"items_purged_floors":[],"is_endless":false,"potions_floor_spawned":[1],"killed_by":"3 Sentries","ascension_level":9}}