{"host":"n91kx4xj3dn3811n","time":1613648924,"event":{"mods":["Act Like it!","BaseMod","Better Third Choice","CapriCore","Colored Powertips","Downfall","Highlight Path","Marisa£®ÏF”Í°°ƒß¿Ì…≥£©","Minty Spire (QoL Compilation)","MostiFishMod","Quick Restart","Reimu£®≤©¿ˆ¡È√Œ£©","Remilia£®¿Ÿ√◊¿Ú—«£©","Spicy Shops","StSLib","The Cursed","The Immortal","The Servant 0.9.4","Waifu the Spire","≤–¡Ù÷ÆŒÔ","ÛÙª÷∏ƒœ"],"gold_per_floor":[99,99,99,99,25,25,50,225,185,195,230,2000,2000,2000,2000,2000,2000,2000,2000,2000,2000,2000,2000,2000,2000,2000,2000,2000,2000,2000,2000,2000,2000,2000,2000,2000,2000,2000,2000,2000,2000,2000,2000,2000,2000,2000,2000,2000,2000,2000,2000,2000,2000,2000,2000,2000],"floor_reached":57,"language":"ZHS","playtime":3465,"items_purged":["Doubt","Slimebound:Defend_Slimebound","Slimebound:Tackle","Slimebound:FormOfPuddle","Slimebound:SplitMire","Slimebound:Split+1","Slimebound:Strike_Slimebound","Slimebound:CorrosiveSpit","Slimebound:TongueLash"],"score":1707,"play_id":"14e60c57-c947-46d6-a0a3-e7c2babfb715","local_time":"20210218194844","is_ascension_mode":true,"campfire_choices":[{"data":"Slimebound:Split","floor":1,"key":"SMITH"},{"data":"Slimebound:HauntingLick","floor":6,"key":"SMITH"},{"floor":28,"key":"RECALL"}],"circlet_count":0,"master_deck":["Slimebound:Strike_Slimebound","Slimebound:Strike_Slimebound","Slimebound:Defend_Slimebound","Slimebound:Defend_Slimebound","Slimebound:Defend_Slimebound","Slimebound:SplitSpecialist","Slimebound:ComboTackle","Slimebound:HauntingLick+1","Slimebound:Nibble+1","Slimebound:ComboTackle","Slimebound:PrepareCrush+1","Slimebound:LevelUp","Slimebound:SelfFormingGoo","Slimebound:MassFeed+1","MostiFishMod:JungleRules","Slimebound:TagTeam+1"],"relics":["Slimebound:AbsorbEndCombat","DaveBox","Sling","downfall:HeartsMalice","Blue Candle","PlaceholderMod:DeVermisMysteriis","PaintedHorse:ReiMu","Lantern","ClockworkSouvenir","ImprovedEquipment","Girya","DianDianMeat","Technique","OneHitWonderSystem","downfall:HeartBlessingGreen","PlaceholderMod:DaolothFragment","Pantograph","SynthV:MejaisSoulstealer","FossilizedHelix","BirthdayGift-Icosahedron","Mummified Hand","Darkstone Periapt","Centennial Puzzle","Sundial","MutagenicStrength","Toy Ornithopter","downfall:HeartBlessingBlue","Omamori","RhineCircuit","downfall:HeartBlessingRed","BirthdayGift-Tetrahedron","Bottled Lightning","Whetstone","Strange Spoon","Bag of Marbles","TheAbacus","Mastiff:ReiMu","Art of War","Gremlin Horn","Nunchaku","BrkXgEgg","Bag of Preparation","Strawberry","Regal Pillow","CeramicFish","Vajra","Mango","Eternal Feather","RuthlessExorcism:ReiMu","Ancient Tea Set","Boot","Slimebound:SelfDamagePreventRelic","MealTicket","InkBottle","PreservedInsect","Anchor","OrangePellets","Slimebound:MaxSlimesRelic","Kunai","Oddly Smooth Stone","PlaceholderMod:SoulofChaos","TentaclePot:ReiMu","Happy Flower","Ornamental Fan","Letter Opener"],"acts_visited":["Exordium","TheCity","TheBeyond","TheEnding"],"potions_floor_usage":[],"damage_taken":[{"damage":0,"enemies":"Small Slimes","floor":2,"turns":1},{"damage":0,"enemies":"Jaw Worm","floor":4,"turns":1},{"damage":0,"enemies":"downfall:FleeingMerchant","floor":5,"turns":1},{"damage":7,"enemies":"2 Louse","floor":10,"turns":2},{"damage":16,"enemies":"Lagavulin","floor":11,"turns":3},{"damage":20,"enemies":"downfall:FleeingMerchant","floor":12,"turns":4},{"damage":15,"enemies":"Exordium Wildlife","floor":13,"turns":2},{"damage":7,"enemies":"Blue Slaver","floor":14,"turns":2},{"damage":0,"enemies":"2 Fungi Beasts","floor":15,"turns":2},{"damage":1,"enemies":"IC_STATUS_ARCHETYPE","floor":16,"turns":2},{"damage":0,"enemies":"Chosen","floor":19,"turns":3},{"damage":0,"enemies":"downfall:FleeingMerchant","floor":20,"turns":2},{"damage":0,"enemies":"3 Byrds","floor":21,"turns":2},{"damage":0,"enemies":"Gremlin Leader","floor":23,"turns":1},{"damage":0,"enemies":"Slavers","floor":26,"turns":2},{"damage":0,"enemies":"Shelled Parasite and Fungi","floor":27,"turns":2},{"damage":0,"enemies":"Chosen and Byrds","floor":30,"turns":1},{"damage":0,"enemies":"Gremlin Leader","floor":31,"turns":2},{"damage":0,"enemies":"Snake Plant","floor":32,"turns":2},{"damage":0,"enemies":"SI_MIRROR_ARCHETYPE","floor":33,"turns":3},{"damage":0,"enemies":"3 Shapes","floor":36,"turns":1},{"damage":0,"enemies":"3 Darklings","floor":37,"turns":1},{"damage":0,"enemies":"Spire Growth","floor":39,"turns":1},{"damage":0,"enemies":"Transient","floor":44,"turns":2},{"damage":0,"enemies":"Sphere and 2 Shapes","floor":46,"turns":1},{"damage":0,"enemies":"Giant Head","floor":47,"turns":1},{"damage":0,"enemies":"3 Darklings","floor":48,"turns":1},{"damage":0,"enemies":"Maw","floor":49,"turns":1},{"damage":0,"enemies":"DF_ARCHETYPE_ORBS","floor":50,"turns":2},{"damage":0,"enemies":"downfall:CharBossMerchant","floor":52,"turns":1},{"damage":0,"enemies":"downfall:NeowBoss","floor":55,"turns":3},{"damage":0,"enemies":"downfall:NeowBossFinal","floor":56,"turns":3}],"seed_played":"2094480577586077023","potions_obtained":[{"floor":11,"key":"ColorlessPotion"},{"floor":13,"key":"ColorlessPotion"},{"floor":14,"key":"LiquidMemories"}],"is_trial":false,"path_per_floor":["R","M","?","M","$","R","T","?","?","M","E","$","M","M","M","B",null,"R","M","$","M","?","E","T","?","E","M","R","?","M","E","M","B",null,"R","M","M","$","M","$","T","$","?","M","R","M","E","M","M","B",null,"E","$","R","B","B",null],"character_chosen":"SLIMEBOUND","items_purchased":["Slimebound:ComboTackle","Slimebound:HauntingLick","Slimebound:PrepareCrush","ClockworkSouvenir","ImprovedEquipment","Girya","DianDianMeat","Technique","PlaceholderMod:DaolothFragment","Pantograph","SynthV:MejaisSoulstealer","FossilizedHelix","BirthdayGift-Icosahedron","MostiFishMod:JungleRules","Mummified Hand","Darkstone Periapt","Centennial Puzzle","BirthdayGift-Tetrahedron","Bottled Lightning","Whetstone","Strange Spoon","Bag of Marbles","TheAbacus","Mastiff:ReiMu","Art of War","Gremlin Horn","Nunchaku","BrkXgEgg","Bag of Preparation","Strawberry","Regal Pillow","CeramicFish","Mango","Eternal Feather","RuthlessExorcism:ReiMu","Ancient Tea Set","Boot","Slimebound:SelfDamagePreventRelic","MealTicket","InkBottle","OrangePellets","Slimebound:MaxSlimesRelic","Kunai","Oddly Smooth Stone","PlaceholderMod:SoulofChaos","TentaclePot:ReiMu","Happy Flower","Ornamental Fan","Letter Opener"],"campfire_rested":0,"item_purchase_floors":[5,5,12,12,12,12,12,12,18,18,18,18,18,18,20,20,20,35,35,35,35,35,38,38,38,38,38,40,40,40,40,40,42,42,42,42,45,45,45,45,53,53,53,53,53,54,54,54,54],"current_hp_per_floor":[65,65,60,60,60,60,60,60,60,57,49,35,29,26,31,38,1,6,1,4,1,1,1,1,1,10,1,11,1,1,1,1,1,1,1,13,1,1,1,8,1,15,1,1,1,5,1,5,5,1,1,1,1,1,1,1],"gold":2000,"neow_bonus":"THREE_ENEMY_KILL","is_daily":false,"chose_seed":false,"campfire_upgraded":2,"win_rate":0.0,"timestamp":1613648924,"path_taken":["R","M","?","M","$","R","T","?","?","M","E","?","M","?","M","BOSS","R","M","$","M","?","E","T","?","E","M","R","?","M","E","M","BOSS","R","M","M","$","M","$","T","$","?","M","R","M","E","M","M","BOSS","E","$","R","BOSS","BOSS"],"items_purchased_type":["Card","Card","Card","Relic","Relic","Relic","Relic","Relic","Relic","Relic","Relic","Relic","Relic","Card","Relic","Relic","Relic","Relic","Relic","Relic","Relic","Relic","Relic","Relic","Relic","Relic","Relic","Relic","Relic","Relic","Relic","Relic","Relic","Relic","Relic","Relic","Relic","Relic","Relic","Relic","Relic","Relic","Relic","Relic","Relic","Relic","Relic","Relic","Relic"],"build_version":"2020-12-22","purchased_purges":9,"victory":true,"max_hp_per_floor":[65,65,65,65,65,65,65,65,65,65,65,65,66,68,71,75,1,6,1,4,1,1,1,1,1,10,1,11,1,1,1,1,1,1,1,13,1,1,1,8,1,15,1,1,1,5,1,5,5,1,1,1,1,1,1,1],"card_choices":[{"not_picked":["Slimebound:Equalize","Slimebound:RollThrough"],"picked":"Slimebound:TongueLash","floor":2},{"not_picked":["Slimebound:FlameTackle","Slimebound:SlimeTap"],"picked":"Slimebound:SplitSpecialist","floor":4},{"not_picked":["Slimebound:Grow","Slimebound:ItLooksTasty"],"picked":"Slimebound:SplitMire","floor":5},{"not_picked":["Slimebound:SlimeBrawl","Slimebound:SpikyOuterGoop"],"picked":"Slimebound:Nibble","floor":10},{"not_picked":["Slimebound:Schlurp","Slimebound:SplitLeeching"],"picked":"Slimebound:ComboTackle","floor":11},{"not_picked":["Slimebound:SlimeTap","Slimebound:SplitAcid","Slimebound:ItLooksTasty"],"picked":"SKIP","floor":12},{"not_picked":["Slimebound:SlimeSpikes","Slimebound:GoopSpray"],"picked":"Slimebound:FormOfPuddle","floor":13},{"not_picked":["Slimebound:Dissolve","Slimebound:ComboTackle"],"picked":"Slimebound:LevelUp","floor":14},{"not_picked":["Slimebound:RollThrough","Slimebound:LeadByExample"],"picked":"Slimebound:SelfFormingGoo","floor":15},{"not_picked":["Slimebound:CheckThePlaybook","Slimebound:DouseInSlime"],"picked":"Slimebound:MassFeed","floor":16},{"not_picked":["Slimebound:GoopSpray","Slimebound:GoopTackle","Slimebound:LeechEnergy"],"picked":"SKIP","floor":19},{"not_picked":["Slimebound:RollThrough","Slimebound:Chomp","Slimebound:GrowthPunch"],"picked":"SKIP","floor":20},{"not_picked":["Slimebound:ComboTackle","Slimebound:SamplingLick","Slimebound:SplitLeeching+1"],"picked":"SKIP","floor":21},{"not_picked":["Slimebound:FlameTackle","Slimebound:MegaLick","Slimebound:SplitAcid"],"picked":"SKIP","floor":23},{"not_picked":["Slimebound:SlimeSpikes","Slimebound:ViciousTackle+1"],"picked":"Slimebound:TagTeam","floor":26},{"not_picked":["Slimebound:Replication","Slimebound:GoopTackle+1","Slimebound:HauntingLick+1"],"picked":"SKIP","floor":27},{"not_picked":["Slimebound:PressTheAttack+1","Slimebound:SplitAcid","Slimebound:Prepare"],"picked":"SKIP","floor":30},{"not_picked":["Slimebound:TongueLash","Slimebound:FormOfPuddle","Slimebound:SplitSpecialist+1"],"picked":"SKIP","floor":31},{"not_picked":["Slimebound:SlimeSpikes","Slimebound:DouseInSlime","Slimebound:Nibble"],"picked":"SKIP","floor":32},{"not_picked":["Slimebound:AcidTongue","Slimebound:LeadByExample","Slimebound:SplitMire"],"picked":"SKIP","floor":36},{"not_picked":["Slimebound:RollThrough+1","Slimebound:PressTheAttack","Slimebound:SlimeBrawl+1"],"picked":"SKIP","floor":37},{"not_picked":["Slimebound:ItLooksTasty+1","Slimebound:SlimeBrawl","Slimebound:RollThrough"],"picked":"SKIP","floor":39},{"not_picked":["Slimebound:SlimeBarrage+1","Slimebound:Equalize+1","Slimebound:RainOfGoop"],"picked":"SKIP","floor":44},{"not_picked":["Slimebound:FinishingTackle","Slimebound:ComboTackle","Slimebound:DisruptingSlam+1"],"picked":"SKIP","floor":46},{"not_picked":["Slimebound:LeechEnergy+1","Slimebound:RollThrough+1","Slimebound:Repurpose"],"picked":"SKIP","floor":47},{"not_picked":["Slimebound:RainOfGoop","Slimebound:SlimeSpikes+1","Slimebound:MegaLick"],"picked":"SKIP","floor":48},{"not_picked":["Slimebound:LeechingTouch+1","Slimebound:GrowthPunch+1","Slimebound:LeadByExample"],"picked":"SKIP","floor":49},{"not_picked":["Slimebound:SlimeSpikes+1","Slimebound:RollThrough","Slimebound:Darklings+1"],"picked":"SKIP","floor":52}],"player_experience":276229,"relics_obtained":[{"floor":7,"key":"PlaceholderMod:DeVermisMysteriis"},{"floor":11,"key":"Lantern"},{"floor":23,"key":"Sundial"},{"floor":26,"key":"Toy Ornithopter"},{"floor":31,"key":"Omamori"},{"floor":41,"key":"Vajra"},{"floor":47,"key":"PreservedInsect"},{"floor":52,"key":"Anchor"}],"event_choices":[{"damage_healed":0,"gold_gain":0,"player_choice":"»˚«Æ","damage_taken":0,"relics_obtained":["PaintedHorse:ReiMu"],"max_hp_gain":0,"max_hp_loss":0,"event_name":"yidonshenshe","floor":9,"gold_loss":40},{"damage_healed":0,"gold_gain":0,"player_choice":"Inject Mutagens","damage_taken":0,"relics_obtained":["MutagenicStrength"],"max_hp_gain":0,"max_hp_loss":0,"event_name":"Drug Dealer","floor":25,"gold_loss":0}],"is_beta":false,"boss_relics":[{"not_picked":["Tiny House","Philosopher\u0027s Stone"],"picked":"OneHitWonderSystem"},{"not_picked":["Astrolabe","MoonlightInvasionPlan"],"picked":"RhineCircuit"}],"items_purged_floors":[12,18,20,20,35,38,40,42,45],"is_endless":false,"potions_floor_spawned":[11,13,14,15,23,30,32,33,39,48],"ascension_level":1}}