{"host":"jl15pmpb41l0mhji","time":1613615126,"event":{"mods":["2.2 Compatiblity","AchievementEnabler","Act Like it!","Aspiration","BaseMod","Better Altar","Better Match","Better Note","Better Sensory Stone","Better Skull","Better Synergies","Better Third Choice","Better Vampires","Colored Map","Conspire","Defuse TimeMaze Blight","Downfall","Emptier Cage","GifTheSpireLib","Gremlin Mod","Hallownest","Hermit","Highlight Path","Hubris","JesterMod","Minty Spire (QoL Compilation)","Permanent Neow","Random Character Button","Relic Stats","Reliquary","Replay The Spire","Ruina","Shade Mod","Spicy Shops","StSLib","Stuff the Spire","The Blackbeard","The Bug Knight","The Disciple","The Hierophant","The Judge","The Marked","The Servant 0.9.4","TheSurvivalist","TheVacant"],"gold_per_floor":[116,116,116,127,127,127,139,157,157,157,173,204,221,247,247,350,350,370,370,385,64,77,77,106,106,157,157,170,182,200,213,213,310,310,320,88,104,123,142,142,159,159,159,171,171,185,220,220,220],"floor_reached":48,"language":"ENG","playtime":3609,"items_purged":["conspire:GhostlyDefend"],"score":500,"play_id":"a26a328f-5894-4762-9cad-132e4d528013","local_time":"20210217202526","is_ascension_mode":false,"campfire_choices":[{"data":"theMarked:StartUp","floor":6,"key":"SMITH"},{"data":"theMarked:Heritage","floor":10,"key":"SMITH"},{"data":"theMarked:StartUp","floor":15,"key":"SMITH"},{"floor":23,"key":"REST"},{"floor":25,"key":"REST"},{"floor":27,"key":"REST"},{"floor":32,"key":"REST"},{"floor":40,"key":"REST"},{"data":"theMarked:Vacuum","floor":42,"key":"SMITH"}],"circlet_count":0,"master_deck":["conspire:GhostlyStrike","conspire:GhostlyStrike","conspire:GhostlyStrike","conspire:GhostlyDefend","conspire:GhostlyDefend","conspire:GhostlyDefend","theMarked:SoldierOfQuellstein+1","theMarked:StartUp+1","theMarked:Heritage+1","theMarked:EmpowerWeapon+1","theMarked:Memento+1","theMarked:Parry+1","theMarked:StartUp+1","theMarked:Generate+1","theMarked:WardOff+1","theMarked:BindingBlade+1","theMarked:OneWithTheBlade+1","theMarked:OneWithTheBlade+1","theMarked:Pokerface+1","theMarked:Memento+1","theMarked:WardOff+1","theMarked:Vacuum+1","theMarked:Memento+1","theMarked:BanishingWave+1","theMarked:Electrocute+1","theMarked:Aftermath+1","theMarked:SwordAndMagic+1"],"relics":["theMarked:ArtifactOfAir","NeowsBlessing","Toxic Egg 2","Replay:Bottled Snecko","Guardian:GemstoneGun","Lantern","Empty Cage","hubris:MysteriousPyramids","Centennial Puzzle","reliquary:Stiletto","conspire:SlowCooker","aspiration:HatOfInfinitePower","Replay:Baseball","hubris:BundleOfHerbs","conspire:InfiniteJournal"],"acts_visited":["Exordium","ruina:Briah","TheBeyond"],"potions_floor_usage":[18,22,33,33,41,47],"damage_taken":[{"damage":0,"enemies":"2 Louse","floor":1,"turns":1},{"damage":0,"enemies":"conspire:RoseBush","floor":4,"turns":1},{"damage":0,"enemies":"Jaw Worm","floor":7,"turns":1},{"damage":5,"enemies":"Looter","floor":8,"turns":3},{"damage":2,"enemies":"Blue Slaver","floor":11,"turns":5},{"damage":11,"enemies":"Gremlin Nob","floor":12,"turns":4},{"damage":5,"enemies":"Red Slaver","floor":13,"turns":3},{"damage":9,"enemies":"Replay:BlueRogue","floor":14,"turns":4},{"damage":9,"enemies":"The Guardian","floor":16,"turns":9},{"damage":21,"enemies":"ruina:2_Scarecrows","floor":18,"turns":5},{"damage":13,"enemies":"ruina:BadWolf","floor":20,"turns":4},{"damage":0,"enemies":"ruina:3_Scarecrows","floor":22,"turns":5},{"damage":38,"enemies":"ruina:RoadHome","floor":24,"turns":4},{"damage":3,"enemies":"ruina:KingOfGreed","floor":28,"turns":3},{"damage":16,"enemies":"ruina:Woodsman","floor":29,"turns":3},{"damage":10,"enemies":"ruina:3_Scarecrows","floor":30,"turns":6},{"damage":26,"enemies":"ruina:Nos_and_Bat","floor":31,"turns":5},{"damage":14,"enemies":"ruina:Red_and_Wolf","floor":33,"turns":7},{"damage":3,"enemies":"3 Darklings","floor":35,"turns":8},{"damage":0,"enemies":"Orb Walker","floor":37,"turns":3},{"damage":9,"enemies":"Transient","floor":38,"turns":5},{"damage":23,"enemies":"Jaw Worm Horde","floor":39,"turns":3},{"damage":0,"enemies":"4 Shapes","floor":41,"turns":5},{"damage":21,"enemies":"3 Darklings","floor":44,"turns":3},{"damage":8,"enemies":"Writhing Mass","floor":46,"turns":3},{"damage":49,"enemies":"Giant Head","floor":47,"turns":7},{"damage":4,"enemies":"Spire Growth","floor":48,"turns":2}],"seed_played":"-622615867700501160","potions_obtained":[{"floor":4,"key":"Swift Potion"},{"floor":11,"key":"theMarked:ChargePotion"},{"floor":12,"key":"PowerPotion"},{"floor":18,"key":"Adrenaline Potion"},{"floor":28,"key":"CultistPotion"},{"floor":33,"key":"LifebloodPotion"},{"floor":35,"key":"FearPotion"},{"floor":41,"key":"Dexterity Potion"}],"is_trial":false,"path_per_floor":["M","?","?","M","?","R","M","M","T","R","M","E","M","E","R","B",null,"M","?","M","$","M","R","E","R","T","R","M","M","M","M","R","B",null,"M","$","M","M","M","R","M","R","T","M","?","M","E","M"],"character_chosen":"THE_DEFAULT","items_purchased":["hubris:MysteriousPyramids","aspiration:HatOfInfinitePower","Replay:Baseball"],"campfire_rested":5,"item_purchase_floors":[21,36,36],"current_hp_per_floor":[72,72,72,72,72,72,72,67,67,67,65,54,49,40,40,31,72,51,55,42,42,42,63,25,46,46,67,64,48,38,12,33,19,72,69,69,69,60,37,58,58,58,58,37,37,29,1,0,0],"gold":220,"neow_bonus":"THREE_ENEMY_KILL","is_daily":false,"chose_seed":false,"campfire_upgraded":4,"win_rate":0.0,"timestamp":1613615126,"path_taken":["M","?","?","?","?","R","M","M","T","R","M","E","M","E","R","BOSS","M","?","M","$","M","R","E","R","T","R","?","M","M","M","R","BOSS","M","$","M","M","M","R","M","R","T","M","?","M","E","M"],"items_purchased_type":["Relic","Relic","Relic"],"build_version":"2020-12-22","purchased_purges":1,"victory":false,"max_hp_per_floor":[72,72,72,72,72,72,72,72,72,72,72,72,72,72,72,72,72,72,72,72,72,72,72,72,72,72,72,72,72,72,72,72,72,72,72,72,72,72,72,72,72,72,72,72,68,68,68,68,68],"relic_stats":{"Centennial Puzzle":[36],"counters":[27,112],"obtain_stats":[{"Lantern":14,"NeowsBlessing":0,"Guardian:GemstoneGun":12,"conspire:SlowCooker":34,"hubris:MysteriousPyramids":21,"Empty Cage":17,"conspire:InfiniteJournal":47,"theMarked:ArtifactOfAir":0,"Frozen Eye":18,"Centennial Puzzle":24,"Replay:Baseball":36,"reliquary:Stiletto":26,"hubris:BundleOfHerbs":43,"Replay:Bottled Snecko":9,"Toxic Egg 2":3,"aspiration:HatOfInfinitePower":36},{"Lantern":8,"NeowsBlessing":0,"Guardian:GemstoneGun":6,"conspire:SlowCooker":18,"hubris:MysteriousPyramids":11,"Empty Cage":9,"conspire:InfiniteJournal":26,"theMarked:ArtifactOfAir":0,"Frozen Eye":9,"Centennial Puzzle":13,"Replay:Baseball":19,"reliquary:Stiletto":13,"hubris:BundleOfHerbs":23,"Replay:Bottled Snecko":4,"Toxic Egg 2":1,"aspiration:HatOfInfinitePower":19},{"Lantern":22,"NeowsBlessing":0,"Guardian:GemstoneGun":15,"conspire:SlowCooker":73,"hubris:MysteriousPyramids":40,"Empty Cage":31,"conspire:InfiniteJournal":110,"theMarked:ArtifactOfAir":0,"Frozen Eye":31,"Centennial Puzzle":49,"Replay:Baseball":81,"reliquary:Stiletto":49,"hubris:BundleOfHerbs":97,"Replay:Bottled Snecko":6,"Toxic Egg 2":1,"aspiration:HatOfInfinitePower":81}]},"card_choices":[{"not_picked":["theMarked:TwofoldDefense","theMarked:WastefulAttack"],"picked":"theMarked:StartUp","floor":1},{"not_picked":["theMarked:TakeCover+1","theMarked:WastefulAttack"],"picked":"theMarked:Heritage","floor":4},{"not_picked":["theMarked:ResourceFulStrike","theMarked:HeightenedSenses+1"],"picked":"theMarked:EmpowerWeapon+1","floor":7},{"not_picked":["theMarked:Improvise+1","theMarked:Static+1"],"picked":"theMarked:Memento+1","floor":8},{"not_picked":["theMarked:GodGivenPower","theMarked:ElectricStrings"],"picked":"theMarked:Parry+1","floor":11},{"not_picked":["theMarked:TwofoldDefense+1","theMarked:Parkour"],"picked":"theMarked:StartUp","floor":12},{"not_picked":["theMarked:Indomitable+1","theMarked:Frustration"],"picked":"theMarked:Generate+1","floor":13},{"not_picked":["theMarked:Improvise+1","theMarked:Memento+1"],"picked":"theMarked:WardOff+1","floor":14},{"not_picked":["theMarked:UnarmedFury","theMarked:Vacuum"],"picked":"theMarked:BindingBlade+1","floor":16},{"not_picked":["theMarked:Electrocute","theMarked:Overthink+1"],"picked":"theMarked:OneWithTheBlade+1","floor":18},{"not_picked":["theMarked:Electrocute+1","theMarked:TwofoldDefense+1","theMarked:Frustration"],"picked":"SKIP","floor":20},{"not_picked":["theMarked:HeightenedSenses+1","theMarked:Memento+1"],"picked":"theMarked:OneWithTheBlade+1","floor":22},{"not_picked":["theMarked:TakeCover+1","theMarked:SelfDefenseTraining+1"],"picked":"theMarked:Pokerface+1","floor":24},{"not_picked":["theMarked:ElectricStrings","theMarked:Improvise+1","theMarked:HeightenedSenses+1"],"picked":"SKIP","floor":28},{"not_picked":["theMarked:Frustration","theMarked:MagusForm"],"picked":"theMarked:Memento+1","floor":29},{"not_picked":["theMarked:ComboAttacks","theMarked:HeightenedSenses+1"],"picked":"theMarked:WardOff+1","floor":30},{"not_picked":["theMarked:Electrocute","theMarked:Overthink+1","theMarked:HeightenedSenses+1"],"picked":"SKIP","floor":31},{"not_picked":["theMarked:Snap","theMarked:TakeOffHeels+1"],"picked":"theMarked:Vacuum","floor":33},{"not_picked":["theMarked:HeightenedSenses+1","theMarked:TakeCover+1","theMarked:WastefulAttack"],"picked":"SKIP","floor":35},{"not_picked":["theMarked:BanishingStrike+1","theMarked:ChainLightning"],"picked":"theMarked:Memento+1","floor":37},{"not_picked":["theMarked:WastefulAttack","theMarked:Frustration"],"picked":"theMarked:BanishingWave+1","floor":38},{"not_picked":["theMarked:EmpowerWeapon+1","theMarked:TakeCover+1"],"picked":"theMarked:Electrocute+1","floor":39},{"not_picked":["theMarked:LightningStrikesTwice+1","theMarked:Improvise+1"],"picked":"theMarked:Aftermath+1","floor":41},{"not_picked":["theMarked:Frustration","theMarked:ElectricStrings","theMarked:TwofoldDefense+1"],"picked":"SKIP","floor":44},{"not_picked":["theMarked:Electrocute+1","theMarked:ElectricStrings+1"],"picked":"theMarked:SwordAndMagic+1","floor":46},{"not_picked":["theMarked:EnhanceMovement+1","theMarked:Defy","theMarked:BanishingStrike+1"],"picked":"SKIP","floor":47}],"player_experience":2091509,"relics_obtained":[{"floor":9,"key":"Replay:Bottled Snecko"},{"floor":12,"key":"Guardian:GemstoneGun"},{"floor":14,"key":"Lantern"},{"floor":24,"key":"Centennial Puzzle"},{"floor":26,"key":"reliquary:Stiletto"},{"floor":43,"key":"hubris:BundleOfHerbs"},{"floor":47,"key":"conspire:InfiniteJournal"}],"event_choices":[{"damage_healed":0,"gold_gain":0,"player_choice":"Agree","damage_taken":0,"max_hp_gain":0,"max_hp_loss":0,"event_name":"conspire:LoneGhost","floor":2,"gold_loss":0},{"damage_healed":4,"gold_gain":0,"player_choice":"LEAVE ","damage_taken":0,"relics_obtained":[],"max_hp_gain":0,"max_hp_loss":0,"event_name":"betterSkull:BetterSkull","floor":19,"gold_loss":0,"cards_upgraded":[]},{"damage_healed":0,"gold_gain":0,"player_choice":"Max HP","damage_taken":0,"max_hp_gain":0,"max_hp_loss":4,"event_name":"Winding Halls","floor":45,"gold_loss":0}],"is_beta":false,"boss_relics":[{"not_picked":["Runic Dome","Velvet Choker"],"picked":"Empty Cage"},{"not_picked":["aspiration:FutureDiary","Black Star"],"picked":"conspire:SlowCooker"}],"items_purged_floors":[21],"is_endless":false,"potions_floor_spawned":[4,11,12,14,18,28,29,33,35,38,41,46],"killed_by":"Spire Growth","ascension_level":0}}