{"host":"vex7walpoxzv48nx","time":1613666082,"event":{"mods":["AchievementEnabler","BaseMod","Highlight Path","Minty Spire (QoL Compilation)","Permanent Neow","Quick Restart","StSLib","UnlockEverythingMod"],"gold_per_floor":[114,114,16,31,31,31,61,61,61,76,91,106,121,136,136,136,136],"floor_reached":16,"language":"ENG","playtime":1323,"items_purged":["Zap"],"score":129,"play_id":"c6e85221-0a4d-4d97-8dcb-cb38cf99d163","local_time":"20210218173442","daily_mods":["Chimera","Uncertain Future","Terminal"],"is_ascension_mode":false,"campfire_choices":[{"data":"Eruption","floor":6.0,"key":"SMITH"},{"data":"Wallop","floor":8.0,"key":"SMITH"},{"data":"Weave","floor":15.0,"key":"SMITH"}],"circlet_count":0,"master_deck":["Bash","Survivor","Eruption+1","Strike_R","Strike_B","Defend_R","Defend_G","Defend_P","Wallop+1","EmptyBody","Wireheading","Halt","JustLucky","FearNoEvil","Weave+1","Vengeance","CutThroughFate"],"relics":["PureWater","Calipers","Toy Ornithopter","White Beast Statue"],"acts_visited":["Exordium"],"potions_floor_usage":[],"damage_taken":[{"damage":0.0,"enemies":"2 Louse","floor":1.0,"turns":1.0},{"damage":0.0,"enemies":"Small Slimes","floor":4.0,"turns":2.0},{"damage":0.0,"enemies":"3 Sentries","floor":7.0,"turns":7.0},{"damage":0.0,"enemies":"Cultist","floor":10.0,"turns":2.0},{"damage":0.0,"enemies":"Looter","floor":11.0,"turns":3.0},{"damage":0.0,"enemies":"2 Fungi Beasts","floor":12.0,"turns":3.0},{"damage":0.0,"enemies":"Blue Slaver","floor":13.0,"turns":3.0},{"damage":0.0,"enemies":"Red Slaver","floor":14.0,"turns":4.0},{"damage":0,"enemies":"Hexaghost","floor":16,"turns":1}],"seed_played":"6706742764168558924","potions_obtained":[{"floor":1.0,"key":"DistilledChaos"},{"floor":10.0,"key":"SpeedPotion"},{"floor":11.0,"key":"DuplicationPotion"},{"floor":12.0,"key":"Ancient Potion"},{"floor":13.0,"key":"Block Potion"}],"is_trial":false,"path_per_floor":["M","?","$","M","?","R","E","R","T","M","M","M","M","M","R","B"],"character_chosen":"WATCHER","items_purchased":["EmptyBody"],"campfire_rested":0,"item_purchase_floors":[3],"current_hp_per_floor":[70,58,58,58,58,58,58,58,58,58,58,58,58,57,56,56,56],"gold":136,"neow_bonus":"","is_daily":true,"chose_seed":false,"campfire_upgraded":3,"win_rate":0.0,"timestamp":1613666082,"path_taken":["M","?","$","M","?","R","E","R","T","M","M","M","?","M","R","BOSS"],"items_purchased_type":["Card"],"build_version":"2020-12-22","purchased_purges":1,"victory":false,"max_hp_per_floor":[70,69,68,67,66,65,64,63,62,61,60,59,58,57,56,56,56],"card_choices":[{"not_picked":["DeceiveReality","Protect"],"picked":"Wallop","floor":1.0},{"not_picked":["BowlingBash","Evaluate"],"picked":"Wireheading","floor":4.0},{"not_picked":["Crescendo","Nirvana"],"picked":"Halt","floor":7.0},{"not_picked":["BowlingBash","Pray"],"picked":"JustLucky","floor":10.0},{"not_picked":["BowlingBash","JustLucky"],"picked":"FearNoEvil","floor":11.0},{"not_picked":["CarveReality","ClearTheMind"],"picked":"Weave","floor":12.0},{"not_picked":["Brilliance","FlyingSleeves"],"picked":"Vengeance","floor":13.0},{"not_picked":["ThirdEye","ForeignInfluence"],"picked":"CutThroughFate","floor":14.0}],"player_experience":195745,"relics_obtained":[{"floor":7.0,"key":"Toy Ornithopter"},{"floor":9.0,"key":"White Beast Statue"}],"event_choices":[{"damage_healed":0.0,"max_hp_gain":0.0,"max_hp_loss":0.0,"gold_gain":0.0,"event_name":"Scrap Ooze","player_choice":"Success","floor":2.0,"gold_loss":0.0,"damage_taken":12.0,"relics_obtained":["Calipers"]},{"cards_removed":["Strike_G"],"damage_healed":0.0,"max_hp_gain":0.0,"max_hp_loss":0.0,"gold_gain":0.0,"event_name":"Bonfire Elementals","player_choice":"Offered Basic","floor":5.0,"gold_loss":0.0,"damage_taken":0.0}],"is_beta":false,"boss_relics":[],"items_purged_floors":[3],"is_endless":false,"potions_floor_spawned":[1,10,11,12,13,14],"killed_by":"Hexaghost","ascension_level":0}}