{"host":"81iaqqr1ryudmr11","time":1613660433,"event":{"mods":["BaseMod","Highlight Path","Minty Spire (QoL Compilation)","Relic Stats"],"gold_per_floor":[99,99,99,99,99,99,99,99,99,99,24,24,24,24,24,24,24,24,24,24,24,24,24,24,24,24,24,24,24,24,24,24,24,24,24,24,24,24,24,24,24,24,24,24,24,24,24,24,24,24,24,24,24,24,24,24],"floor_reached":55,"language":"ENG","playtime":3805,"items_purged":["Strike_R"],"score":1610,"play_id":"969c3a8e-1ec7-46d8-aa8d-84aaee48f5af","local_time":"20210218160033","is_ascension_mode":true,"campfire_choices":[{"floor":13,"key":"REST"},{"data":"Bash","floor":15,"key":"SMITH"},{"data":"Corruption","floor":24,"key":"SMITH"},{"data":"Rampage","floor":27,"key":"SMITH"},{"data":"Double Tap","floor":32,"key":"SMITH"},{"data":"Pommel Strike","floor":44,"key":"SMITH"},{"floor":49,"key":"RECALL"},{"data":"Battle Trance","floor":52,"key":"SMITH"}],"circlet_count":0,"master_deck":["AscendersBane","Strike_R","Strike_R+1","Strike_R","Strike_R","Defend_R","Defend_R","Defend_R","Defend_R","Bash+1","Rampage+1","Cleave","Inflame+1","Pommel Strike+1","Battle Trance+1","Disarm","Corruption+1","CurseOfTheBell","Whirlwind","Metallicize","Shame","Ghostly","Ghostly","Ghostly","Ghostly","Ghostly","Evolve","RitualDagger+1","Pommel Strike+1","Double Tap+1","Impervious","Heavy Blade+1","Burning Pact+1","Shrug It Off+1","Pommel Strike+1","Shrug It Off+1","Ghostly"],"relics":["Ectoplasm","CeramicFish","Sundial","Bird Faced Urn","InkBottle","Du-Vu Doll","Calling Bell","Happy Flower","Gremlin Horn","Ginger","Smiling Mask","Bag of Marbles","Molten Egg 2","Omamori","Cursed Key","Orichalcum","Pocketwatch","Akabeko","Shuriken"],"acts_visited":["Exordium","TheCity","TheBeyond","TheEnding"],"potions_floor_usage":[6,8,8,8,8,10,14,16,23,31,33,48,48,50,55],"damage_taken":[{"damage":2,"enemies":"Small Slimes","floor":1,"turns":4},{"damage":0,"enemies":"Cultist","floor":3,"turns":2},{"damage":2,"enemies":"2 Louse","floor":4,"turns":2},{"damage":20,"enemies":"Lagavulin","floor":6,"turns":6},{"damage":0,"enemies":"Gremlin Nob","floor":8,"turns":2},{"damage":6,"enemies":"Large Slime","floor":10,"turns":2},{"damage":8,"enemies":"Blue Slaver","floor":12,"turns":2},{"damage":4,"enemies":"Lagavulin","floor":14,"turns":5},{"damage":5,"enemies":"Hexaghost","floor":16,"turns":6},{"damage":17,"enemies":"Chosen","floor":18,"turns":4},{"damage":0,"enemies":"3 Byrds","floor":19,"turns":3},{"damage":4,"enemies":"Centurion and Healer","floor":20,"turns":5},{"damage":0,"enemies":"Book of Stabbing","floor":23,"turns":6},{"damage":0,"enemies":"Sentry and Sphere","floor":30,"turns":6},{"damage":0,"enemies":"Slavers","floor":31,"turns":5},{"damage":0,"enemies":"Automaton","floor":33,"turns":7},{"damage":12,"enemies":"Orb Walker","floor":35,"turns":4},{"damage":5,"enemies":"3 Shapes","floor":36,"turns":1},{"damage":0,"enemies":"Sphere and 2 Shapes","floor":37,"turns":5},{"damage":36,"enemies":"Writhing Mass","floor":39,"turns":6},{"damage":0,"enemies":"Giant Head","floor":40,"turns":6},{"damage":0,"enemies":"Spire Growth","floor":41,"turns":6},{"damage":9,"enemies":"Nemesis","floor":42,"turns":7},{"damage":0,"enemies":"Jaw Worm Horde","floor":47,"turns":4},{"damage":0,"enemies":"Reptomancer","floor":48,"turns":3},{"damage":0,"enemies":"Donu and Deca","floor":50,"turns":7},{"damage":0,"enemies":"Shield and Spear","floor":54,"turns":5},{"damage":45,"enemies":"The Heart","floor":55,"turns":9}],"seed_played":"-3310436829746782123","potions_obtained":[{"floor":1,"key":"Swift Potion"},{"floor":2,"key":"EntropicBrew"},{"floor":2,"key":"Fire Potion"},{"floor":6,"key":"ColorlessPotion"},{"floor":10,"key":"GamblersBrew"},{"floor":12,"key":"HeartOfIron"},{"floor":14,"key":"ColorlessPotion"},{"floor":30,"key":"DuplicationPotion"},{"floor":31,"key":"ColorlessPotion"},{"floor":35,"key":"Energy Potion"},{"floor":37,"key":"Fire Potion"},{"floor":41,"key":"DuplicationPotion"},{"floor":48,"key":"Explosive Potion"}],"is_trial":false,"path_per_floor":["M","?","M","M","?","E","?","E","T","M","$","M","R","E","R","B",null,"M","M","M","?","?","E","R","$","T","R","?","?","M","E","R","B",null,"M","M","M","?","M","E","M","E","T","R","?","?","M","E","R","B",null,"R","$","E","B"],"character_chosen":"IRONCLAD","items_purchased":[],"campfire_rested":1,"item_purchase_floors":[],"current_hp_per_floor":[70,70,70,68,56,36,20,20,20,16,16,10,34,32,32,29,67,52,54,56,56,40,40,40,40,40,40,34,18,26,34,34,40,40,34,29,37,37,8,14,22,21,21,21,21,21,29,33,33,38,38,38,38,38,0,0],"gold":24,"neow_bonus":"BOSS_RELIC","is_daily":false,"chose_seed":false,"campfire_upgraded":6,"win_rate":0.0,"timestamp":1613660433,"path_taken":["M","?","M","?","?","E","?","E","T","M","$","M","R","E","R","BOSS","M","M","M","?","?","E","R","$","T","R","?","?","M","E","R","BOSS","M","M","M","?","M","E","M","E","T","R","?","?","M","E","R","BOSS","R","$","E","BOSS"],"items_purchased_type":[],"build_version":"2020-12-22","purchased_purges":1,"victory":false,"max_hp_per_floor":[80,80,80,80,80,80,80,80,80,80,80,80,80,80,80,80,80,80,80,80,80,40,40,40,40,40,40,40,40,40,40,40,40,40,40,40,40,38,38,38,38,38,38,38,38,38,38,38,38,38,38,38,38,38,38,38],"relic_stats":{"Happy Flower":[33],"Gremlin Horn":[17,19],"counters":[28,130],"CeramicFish":0,"Ginger":[10],"Orichalcum":[72],"Smiling Mask":0,"Cursed Key":1,"Sundial":[18],"Shuriken":[6],"Bird Faced Urn":[106],"Ectoplasm":885,"obtain_stats":[{"Happy Flower":17,"Gremlin Horn":17,"CeramicFish":5,"Omamori":31,"Ginger":17,"Orichalcum":40,"Smiling Mask":21,"Cursed Key":34,"Burning Blood":0,"Akabeko":48,"Du-Vu Doll":14,"Calling Bell":17,"Sundial":6,"Shuriken":54,"Bird Faced Urn":8,"Molten Egg 2":26,"Ectoplasm":0,"Bag of Marbles":23,"InkBottle":9,"Pocketwatch":42},{"Happy Flower":9,"Gremlin Horn":9,"CeramicFish":3,"Omamori":15,"Ginger":9,"Orichalcum":21,"Smiling Mask":12,"Cursed Key":16,"Burning Blood":0,"Akabeko":25,"Du-Vu Doll":8,"Calling Bell":9,"Sundial":4,"Shuriken":27,"Bird Faced Urn":5,"Molten Egg 2":13,"Ectoplasm":0,"Bag of Marbles":13,"InkBottle":5,"Pocketwatch":23},{"Happy Flower":31,"Gremlin Horn":31,"CeramicFish":8,"Omamori":60,"Ginger":31,"Orichalcum":89,"Smiling Mask":43,"Cursed Key":67,"Burning Blood":0,"Akabeko":109,"Du-Vu Doll":25,"Calling Bell":31,"Sundial":14,"Shuriken":121,"Bird Faced Urn":16,"Molten Egg 2":49,"Ectoplasm":0,"Bag of Marbles":49,"InkBottle":16,"Pocketwatch":102}],"InkBottle":[41],"Pocketwatch":[9]},"card_choices":[{"not_picked":["True Grit","Sword Boomerang"],"picked":"Rampage","floor":1},{"not_picked":["Headbutt","Disarm"],"picked":"Cleave","floor":3},{"not_picked":["Cleave","Combust","Iron Wave"],"picked":"SKIP","floor":4},{"not_picked":["Wild Strike","Thunderclap"],"picked":"Inflame","floor":6},{"not_picked":["Sever Soul","Havoc"],"picked":"Pommel Strike","floor":8},{"not_picked":["Intimidate","Heavy Blade","Armaments"],"picked":"SKIP","floor":10},{"not_picked":["Rupture","Juggernaut"],"picked":"Battle Trance","floor":12},{"not_picked":["Power Through","Dual Wield"],"picked":"Disarm","floor":14},{"not_picked":["Immolate","Exhume"],"picked":"Corruption","floor":16},{"not_picked":["Perfected Strike","Twin Strike+1"],"picked":"Whirlwind","floor":18},{"not_picked":["Pummel","Shockwave"],"picked":"Metallicize","floor":19},{"not_picked":["Cleave","Body Slam","Combust+1"],"picked":"SKIP","floor":20},{"not_picked":["Shrug It Off","Clothesline+1"],"picked":"Evolve","floor":23},{"not_picked":["Sword Boomerang+1","Twin Strike+1"],"picked":"Pommel Strike+1","floor":30},{"not_picked":["Blood for Blood+1","Sword Boomerang+1"],"picked":"Double Tap","floor":31},{"not_picked":["Brutality","Double Tap"],"picked":"Impervious","floor":33},{"not_picked":["Twin Strike+1","Sword Boomerang+1","Entrench+1"],"picked":"SKIP","floor":35},{"not_picked":["Clothesline+1","Iron Wave+1"],"picked":"Heavy Blade+1","floor":36},{"not_picked":["Shrug It Off","Thunderclap+1"],"picked":"Burning Pact+1","floor":37},{"not_picked":["Warcry+1","Clothesline+1"],"picked":"Shrug It Off+1","floor":39},{"not_picked":["Battle Trance","Feel No Pain"],"picked":"Pommel Strike+1","floor":40},{"not_picked":["Reckless Charge+1","Iron Wave+1"],"picked":"Shrug It Off+1","floor":41},{"not_picked":["Intimidate","Seeing Red+1","Whirlwind+1"],"picked":"SKIP","floor":42},{"not_picked":["Combust","Havoc+1","Pommel Strike+1"],"picked":"SKIP","floor":47},{"not_picked":["Sword Boomerang+1","Armaments+1","Ghostly Armor+1"],"picked":"SKIP","floor":48},{"not_picked":["Body Slam+1","Infernal Blade","Double Tap"],"picked":"SKIP","floor":54}],"player_experience":227007,"relics_obtained":[{"floor":6,"key":"Sundial"},{"floor":8,"key":"Bird Faced Urn"},{"floor":9,"key":"InkBottle"},{"floor":14,"key":"Du-Vu Doll"},{"floor":17,"key":"Happy Flower"},{"floor":17,"key":"Gremlin Horn"},{"floor":17,"key":"Ginger"},{"floor":23,"key":"Bag of Marbles"},{"floor":26,"key":"Molten Egg 2"},{"floor":31,"key":"Omamori"},{"floor":40,"key":"Orichalcum"},{"floor":42,"key":"Pocketwatch"},{"floor":48,"key":"Akabeko"},{"floor":54,"key":"Shuriken"}],"event_choices":[{"damage_healed":0,"gold_gain":0,"player_choice":"Got Potions","damage_taken":0,"max_hp_gain":0,"max_hp_loss":0,"event_name":"Lab","floor":2,"gold_loss":0},{"damage_healed":0,"gold_gain":0,"player_choice":"Success","damage_taken":12,"relics_obtained":["CeramicFish"],"max_hp_gain":0,"max_hp_loss":0,"event_name":"Scrap Ooze","floor":5,"gold_loss":0},{"damage_healed":0,"gold_gain":0,"player_choice":"Entered Light","damage_taken":16,"max_hp_gain":0,"max_hp_loss":0,"event_name":"Shining Light","floor":7,"gold_loss":0,"cards_upgraded":["Inflame","Strike_R"]},{"damage_healed":0,"gold_gain":0,"player_choice":"Stole Relic","damage_taken":0,"relics_obtained":["Smiling Mask"],"max_hp_gain":0,"max_hp_loss":0,"event_name":"Addict","floor":21,"gold_loss":0,"cards_obtained":["Shame"]},{"damage_healed":0,"gold_gain":0,"player_choice":"Became a Ghost","damage_taken":0,"max_hp_gain":0,"max_hp_loss":40,"event_name":"Ghosts","floor":22,"gold_loss":0,"cards_obtained":["Ghostly","Ghostly","Ghostly","Ghostly","Ghostly"]},{"damage_healed":0,"gold_gain":0,"player_choice":"Joined the Cult","damage_taken":6,"max_hp_gain":0,"max_hp_loss":0,"event_name":"Nest","floor":28,"gold_loss":0,"cards_obtained":["RitualDagger"]},{"damage_healed":0,"gold_gain":0,"player_choice":"Obtained Book","damage_taken":16,"max_hp_gain":0,"max_hp_loss":0,"event_name":"Cursed Tome","floor":29,"gold_loss":0},{"damage_healed":0,"gold_gain":0,"player_choice":"Max HP","damage_taken":0,"max_hp_gain":0,"max_hp_loss":2,"event_name":"Winding Halls","floor":38,"gold_loss":0},{"damage_healed":0,"gold_gain":0,"player_choice":"Memory 1","damage_taken":0,"max_hp_gain":0,"max_hp_loss":0,"event_name":"SensoryStone","floor":45,"gold_loss":0},{"damage_healed":0,"gold_gain":0,"player_choice":"Copied","damage_taken":0,"max_hp_gain":0,"max_hp_loss":0,"event_name":"Duplicator","floor":46,"gold_loss":0,"cards_obtained":["Ghostly"]}],"is_beta":false,"boss_relics":[{"not_picked":["Runic Pyramid","Philosopher\u0027s Stone"],"picked":"Calling Bell"},{"not_picked":["Sozu","Black Star"],"picked":"Cursed Key"}],"items_purged_floors":[11],"is_endless":false,"potions_floor_spawned":[1,6,10,12,14,30,31,35,37,41,48],"killed_by":"The Heart","ascension_level":10}}