{"host":"xr2w6q7a088fu8w2","time":1613652357,"event":{"mods":["AchievementEnabler","BaseMod","Colored Powertips","Good Game Mod","Mimic Mod","Minty Spire (QoL Compilation)","MostiFishMod","Reliquary","StSLib","UnlockEverythingMod"],"gold_per_floor":[119,84,84,94,19,19,19,47,47,47,63,73,98,-1384,-1384,-1307,-1307,-1290,-1290,-1290,-1277,-1262,-1232,-1232,-1232,-1195,-1169,-1169,-1159,-1059,-1025,-1025,-951,-951,-933,-922,-869,-869,-854,-854,-824,-804,-804,-804,-804,-804,-769,-755,-755,-755,-755,-755,-755,-755,-725,-725,-725],"floor_reached":56,"language":"ZHS","playtime":1346,"items_purged":["Defend_G"],"score":2492,"play_id":"cb60ffa5-b120-4f7e-b3e5-417db5682957","local_time":"20210218204557","is_ascension_mode":true,"campfire_choices":[{"floor":6,"key":"RECALL"},{"data":"Poisoned Stab","floor":10,"key":"SMITH"},{"data":"Bane","floor":15,"key":"SMITH"},{"data":"Bane","floor":24,"key":"SMITH"},{"data":"Bane","floor":32,"key":"SMITH"},{"data":"Die Die Die","floor":40,"key":"SMITH"},{"data":"Poisoned Stab","floor":44,"key":"SMITH"},{"floor":46,"key":"REST"},{"data":"MostiFishMod:GrandStart","floor":49,"key":"SMITH"},{"floor":53,"key":"REST"}],"circlet_count":0,"master_deck":["AscendersBane","Strike_G+1","Strike_G+1","Strike_G+1","Strike_G+1","Strike_G+1","Defend_G+1","Defend_G+1","Defend_G+1","Survivor+1","Neutralize+1","Finisher+1","Defend_G+1","Flying Knee+1","Poisoned Stab+1","Sucker Punch+1","Bane+1","Bane+1","Backstab+1","Bane+1","Poisoned Stab+1","Die Die Die+1","Poisoned Stab+1","Poisoned Stab+1","MostiFishMod:GrandStart+1"],"relics":["Ring of the Snake","REME:ComplimentaryCards","DaveBox","SentryEyes","SynthV:TestCard","MealTicket","Vajra","SynthV:MejaisSoulstealer","RhineSuit","Calipers","reliquary:Firecrackers","Lantern","Pocketwatch","reliquary:TridentHead","Smiling Mask","FeatherPendant","OriginationStaff","Mango","reliquary:WeakTea","Mark of the Bloom","reliquary:HotPoker","Lizard Tail"],"acts_visited":["Exordium","TheCity","TheBeyond","TheEnding"],"potions_floor_usage":[8,13,16,33,33,41,56],"damage_taken":[{"damage":1,"enemies":"Jaw Worm","floor":1,"turns":2},{"damage":0,"enemies":"Cultist","floor":4,"turns":2},{"damage":0,"enemies":"Gremlin Nob","floor":8,"turns":2},{"damage":0,"enemies":"2 Louse","floor":11,"turns":1},{"damage":0,"enemies":"Looter","floor":12,"turns":1},{"damage":22,"enemies":"Lagavulin","floor":13,"turns":4},{"damage":22,"enemies":"The Guardian","floor":16,"turns":6},{"damage":0,"enemies":"Chosen","floor":18,"turns":2},{"damage":0,"enemies":"Spheric Guardian","floor":21,"turns":1},{"damage":0,"enemies":"Snake Plant","floor":22,"turns":1},{"damage":0,"enemies":"Book of Stabbing","floor":23,"turns":2},{"damage":0,"enemies":"Snecko","floor":26,"turns":4},{"damage":0,"enemies":"Gremlin Leader","floor":27,"turns":2},{"damage":0,"enemies":"Snecko","floor":29,"turns":2},{"damage":0,"enemies":"Colosseum Slavers","floor":30,"turns":2},{"damage":0,"enemies":"Colosseum Nobs","floor":30,"turns":2},{"damage":0,"enemies":"Slavers","floor":31,"turns":2},{"damage":3,"enemies":"Collector","floor":33,"turns":3},{"damage":0,"enemies":"Orb Walker","floor":35,"turns":1},{"damage":0,"enemies":"3 Shapes","floor":36,"turns":1},{"damage":0,"enemies":"2 Orb Walkers","floor":37,"turns":1},{"damage":0,"enemies":"Jaw Worm Horde","floor":39,"turns":2},{"damage":0,"enemies":"Giant Head","floor":41,"turns":3},{"damage":0,"enemies":"4 Shapes","floor":42,"turns":1},{"damage":0,"enemies":"Reptomancer","floor":47,"turns":2},{"damage":0,"enemies":"3 Darklings","floor":48,"turns":1},{"damage":0,"enemies":"Awakened One","floor":50,"turns":3},{"damage":0,"enemies":"Donu and Deca","floor":51,"turns":3},{"damage":0,"enemies":"Shield and Spear","floor":55,"turns":1},{"damage":86,"enemies":"The Heart","floor":56,"turns":3}],"seed_played":"8196192348451180902","potions_obtained":[{"floor":1,"key":"DistilledChaos"},{"floor":11,"key":"ColorlessPotion"},{"floor":21,"key":"Dexterity Potion"},{"floor":29,"key":"FearPotion"},{"floor":30,"key":"BlessingOfTheForge"},{"floor":36,"key":"LiquidMemories"},{"floor":39,"key":"SpeedPotion"},{"floor":42,"key":"PowerPotion"},{"floor":48,"key":"SmokeBomb"},{"floor":55,"key":"BlessingOfTheForge"}],"is_trial":false,"path_per_floor":["M","?","?","M","$","R","$","E","T","R","M","M","E","$","R","B",null,"M","?","?","M","M","E","R","?","MIM","E","$","M","?","E","R","B",null,"M","M","?","?","M","R","E","M","T","R","?","R","E","M","R","B","B",null,"R","$","E","B"],"character_chosen":"THE_SILENT","items_purchased":["Bane","ColorlessPotion","SynthV:MejaisSoulstealer"],"campfire_rested":2,"item_purchase_floors":[14,14,14],"current_hp_per_floor":[64,72,72,72,72,72,72,72,72,72,72,72,50,65,65,43,65,65,65,65,65,65,65,65,65,65,65,72,72,72,72,72,69,71,71,71,71,71,71,71,85,85,85,85,85,85,85,85,85,85,85,85,85,85,85,0,0],"gold":-725,"neow_bonus":"TEN_PERCENT_HP_BONUS","is_daily":false,"chose_seed":false,"campfire_upgraded":7,"win_rate":0.0,"timestamp":1613652357,"path_taken":["M","?","?","?","$","R","?","E","T","R","M","M","E","$","R","BOSS","M","?","?","?","M","E","R","?","MIM","E","?","M","?","E","R","BOSS","M","M","?","?","?","R","E","M","T","R","?","R","E","M","R","BOSS","BOSS","R","$","E","BOSS"],"items_purchased_type":["Card","Potion","Relic"],"build_version":"2020-12-22","purchased_purges":1,"victory":false,"max_hp_per_floor":[72,72,72,72,72,72,72,72,72,72,72,72,72,72,72,72,72,72,72,72,72,72,72,72,72,72,72,72,72,72,72,72,72,72,72,72,72,72,72,72,86,86,86,86,86,86,86,86,86,86,86,86,86,86,86,86,86],"card_choices":[{"not_picked":["MostiFishMod:PerfectParry","Quick Slash"],"picked":"Finisher","floor":1},{"not_picked":["Concentrate","Slice","Dagger Throw","Caltrops"],"picked":"Flying Knee","floor":4},{"not_picked":["Leg Sweep","MostiFishMod:PerfectParry","MostiFishMod:ThornCasing","Dodge and Roll"],"picked":"Poisoned Stab","floor":8},{"not_picked":["Quick Slash","Dagger Throw","Caltrops","Slice"],"picked":"Sucker Punch","floor":11},{"not_picked":["All Out Attack","Infinite Blades","Deadly Poison","MostiFishMod:VineMother","MostiFishMod:InvigoratingSolution"],"picked":"SKIP","floor":12},{"not_picked":["MostiFishMod:VineMother","MostiFishMod:FrostNova","Dodge and Roll","Endless Agony","MostiFishMod:Confrontation"],"picked":"SKIP","floor":13},{"not_picked":["Crippling Poison","Dodge and Roll","Backflip","MostiFishMod:VineMother","Blur"],"picked":"SKIP","floor":18},{"not_picked":["Poisoned Stab","Cloak And Dagger","MostiFishMod:PoisonShield+1","Outmaneuver"],"picked":"Bane","floor":21},{"not_picked":["Skewer","MostiFishMod:Confrontation","MostiFishMod:PoisonShield","Flying Knee"],"picked":"Backstab","floor":22},{"not_picked":["Envenom","Accuracy+1","Choke","Outmaneuver","Dodge and Roll"],"picked":"SKIP","floor":23},{"not_picked":["Catalyst","Prepared+1","Slice+1","Blade Dance"],"picked":"Bane","floor":26},{"not_picked":["Acrobatics","MostiFishMod:SpreadingSpore","Prepared","Backflip","Bane"],"picked":"SKIP","floor":27},{"not_picked":["Outmaneuver","Catalyst","Underhanded Strike","Blade Dance"],"picked":"Poisoned Stab","floor":29},{"not_picked":["Accuracy","Phantasmal Killer","Underhanded Strike","Tactician","Calculated Gamble"],"picked":"SKIP","floor":31},{"not_picked":["MostiFishMod:WinterMarkForm","Corpse Explosion","Bullet Time","MostiFishMod:Confrontation"],"picked":"Die Die Die","floor":33},{"not_picked":["PiercingWail+1","Expertise+1","Outmaneuver","Dodge and Roll+1"],"picked":"Poisoned Stab","floor":35},{"not_picked":["Expertise","Masterful Stab","Blade Dance+1","Riddle With Holes","Acrobatics"],"picked":"SKIP","floor":36},{"not_picked":["Deflect","Riddle With Holes","Escape Plan+1","Quick Slash"],"picked":"Poisoned Stab+1","floor":39},{"not_picked":["Outmaneuver","Underhanded Strike+1","Accuracy+1","Setup","MostiFishMod:HiddenBlade"],"picked":"SKIP","floor":41},{"not_picked":["Prepared","Quick Slash","Dagger Spray","Sucker Punch","Flechettes+1"],"picked":"SKIP","floor":42},{"not_picked":["Blur","Dodge and Roll+1","Bouncing Flask","Deadly Poison"],"picked":"MostiFishMod:GrandStart","floor":47},{"not_picked":["Quick Slash","Deadly Poison","Blade Dance","Deflect","Flying Knee"],"picked":"SKIP","floor":48},{"not_picked":["Caltrops","Noxious Fumes","Riddle With Holes","Prepared","Sucker Punch+1"],"picked":"SKIP","floor":55}],"player_experience":113295,"relics_obtained":[{"floor":1,"key":"SynthV:TestCard"},{"floor":8,"key":"MealTicket"},{"floor":13,"key":"Vajra"},{"floor":23,"key":"Calipers"},{"floor":26,"key":"reliquary:Firecrackers"},{"floor":27,"key":"Lantern"},{"floor":30,"key":"Pocketwatch"},{"floor":30,"key":"reliquary:TridentHead"},{"floor":31,"key":"Smiling Mask"},{"floor":37,"key":"OriginationStaff"},{"floor":41,"key":"Mango"},{"floor":43,"key":"reliquary:WeakTea"},{"floor":47,"key":"reliquary:HotPoker"},{"floor":55,"key":"Lizard Tail"}],"event_choices":[{"damage_healed":18,"gold_gain":0,"player_choice":"Healed","damage_taken":0,"max_hp_gain":0,"max_hp_loss":0,"event_name":"The Cleric","floor":2,"gold_loss":35},{"cards_removed":["Defend_G"],"damage_healed":0,"gold_gain":0,"player_choice":"Offered Basic","damage_taken":0,"max_hp_gain":0,"max_hp_loss":0,"event_name":"Bonfire Elementals","floor":3,"gold_loss":0},{"damage_healed":0,"gold_gain":0,"player_choice":"Ignored","damage_taken":0,"max_hp_gain":0,"max_hp_loss":0,"event_name":"The Mausoleum","floor":20,"gold_loss":0},{"damage_healed":0,"gold_gain":0,"player_choice":"Ignored","damage_taken":0,"max_hp_gain":0,"max_hp_loss":0,"event_name":"Vampires","floor":25,"gold_loss":0},{"damage_healed":0,"gold_gain":0,"player_choice":"Fight","damage_taken":0,"max_hp_gain":0,"max_hp_loss":0,"event_name":"Colosseum","floor":30,"gold_loss":0},{"damage_healed":0,"gold_gain":0,"player_choice":"Fought Nobs","damage_taken":0,"max_hp_gain":0,"max_hp_loss":0,"event_name":"Colosseum","floor":30,"gold_loss":0},{"damage_healed":0,"gold_gain":0,"player_choice":"Fight","damage_taken":0,"max_hp_gain":0,"max_hp_loss":0,"event_name":"Mysterious Sphere","floor":37,"gold_loss":0},{"damage_healed":0,"gold_gain":0,"player_choice":"Ignored","damage_taken":0,"max_hp_gain":0,"max_hp_loss":0,"event_name":"SecretPortal","floor":38,"gold_loss":0},{"damage_healed":0,"gold_gain":0,"player_choice":"Upgrade","damage_taken":0,"relics_obtained":["Mark of the Bloom"],"max_hp_gain":0,"max_hp_loss":0,"event_name":"MindBloom","floor":45,"gold_loss":0,"cards_upgraded":["Strike_G","Strike_G","Strike_G","Strike_G","Strike_G","Defend_G","Defend_G","Defend_G","Survivor","Neutralize","Finisher","Defend_G","Flying Knee","Sucker Punch","Backstab","Poisoned Stab"]}],"is_beta":false,"boss_relics":[{"not_picked":["Sozu","reliquary:WritOfMandamus"],"picked":"RhineSuit"},{"not_picked":["Ring of the Serpent","SlaversCollar"],"picked":"FeatherPendant"}],"items_purged_floors":[5],"is_endless":false,"potions_floor_spawned":[1,11,21,29,30,31,36,39,42,48,55],"killed_by":"The Heart","ascension_level":20}}