{"host":"aaqofma31c3gm2hj","time":1613620483,"event":{"mods":["BaseMod","GungeonMod","Minty Spire (QoL Compilation)","Replay The Spire","Spicy Shops","StSLib"],"gold_per_floor":[115,115,115,40,40,70,80,113,139,139,156,156,176,176,193,193,193,267,267,294,351,368,368,283,283,283,301,301,301,301,326,339,339,339],"floor_reached":33,"language":"ZHS","playtime":770,"items_purged":["Strike_B"],"score":734,"play_id":"c3596387-53f1-442a-82f1-edf9194eb16e","local_time":"20210218115443","is_ascension_mode":true,"campfire_choices":[{"data":"Coolheaded","floor":12.0,"key":"SMITH"},{"data":"Turbo","floor":14.0,"key":"SMITH"},{"data":"Dualcast","floor":16.0,"key":"SMITH"},{"data":"Defragment","floor":26.0,"key":"SMITH"},{"floor":30.0,"key":"REST"}],"circlet_count":0,"master_deck":["AscendersBane","Defend_B","Defend_B","Zap","Dualcast+1","Coolheaded+1","Turbo+1","Ball Lightning","Defragment+1","Defragment+1","Capacitor","Echo Form","Beam Cell","Biased Cognition"],"relics":["Cracked Core","NeowsBlessing","InkBottle","ReplayTheSpireMod:Ring of Challenge","ReplayTheSpireMod:Ring of Collecting","Akabeko","Smiling Mask","Ring of Shattering","Pondfish Scales","Empty Cage","DemoMod:Bottle","Ring of Panic","Question Card","ReplayTheSpireMod:Ring of Addiction","White Beast Statue","Chameleon Ring","DemoMod:OrangeGuonStone","Bag of Preparation"],"acts_visited":["Exordium","TheCity"],"potions_floor_usage":[33],"damage_taken":[{"damage":0.0,"enemies":"2 Louse","floor":1.0,"turns":1.0},{"damage":0.0,"enemies":"Gremlin Nob","floor":6.0,"turns":1.0},{"damage":0.0,"enemies":"Jaw Worm","floor":7.0,"turns":1.0},{"damage":1.0,"enemies":"Cultist","floor":8.0,"turns":4.0},{"damage":0.0,"enemies":"2 Fungi Beasts","floor":11.0,"turns":3.0},{"damage":0.0,"enemies":"Blue Slaver","floor":13.0,"turns":2.0},{"damage":0.0,"enemies":"Red Slaver","floor":15.0,"turns":3.0},{"damage":0.0,"enemies":"The Guardian","floor":18.0,"turns":12.0},{"damage":4.0,"enemies":"2 Thieves","floor":20.0,"turns":3.0},{"damage":0.0,"enemies":"Spheric Guardian","floor":21.0,"turns":4.0},{"damage":31.0,"enemies":"Chosen and Byrds","floor":22.0,"turns":6.0},{"damage":11.0,"enemies":"Snake Plant","floor":27.0,"turns":4.0},{"damage":0.0,"enemies":"Gremlin Leader","floor":31.0,"turns":4.0},{"damage":9.0,"enemies":"Centurion and Healer","floor":32.0,"turns":4.0},{"damage":26,"enemies":"Slavers","floor":33,"turns":3}],"seed_played":"-6960217990910660843","potions_obtained":[{"floor":7.0,"key":"Swift Potion"},{"floor":8.0,"key":"DemoMod:LeadSkinPotion"},{"floor":20.0,"key":"DistilledChaos"},{"floor":28.0,"key":"DemoMod:LeadSkinPotion"},{"floor":28.0,"key":"Languid Potion"},{"floor":31.0,"key":"EssenceOfSteel"}],"is_trial":false,"path_per_floor":["M","?","T","$","?","E","M","M","T","T","M","R","M","R","M","R","R","B",null,"M","M","M","?","?","T","R","M","T","?","R","E","M","E"],"character_chosen":"DEFECT","items_purchased":[],"campfire_rested":1,"item_purchase_floors":[],"current_hp_per_floor":[64,64,64,64,64,64,64,63,63,63,63,63,63,63,63,63,63,63,69,65,65,34,34,34,34,34,23,23,23,44,44,35,9,9],"gold":339,"neow_bonus":"THREE_ENEMY_KILL","is_daily":false,"chose_seed":false,"campfire_upgraded":4,"win_rate":0.0,"timestamp":1613620483,"path_taken":["M","?","?","$","?","E","M","M","T","T","M","R","?","R","?","R","R","BOSS","M","M","M","?","?","?","R","?","T","?","R","E","?","E"],"items_purchased_type":[],"build_version":"2020-12-22","purchased_purges":1,"victory":false,"max_hp_per_floor":[71,71,71,71,71,71,71,71,71,71,71,71,71,71,71,71,71,71,71,71,71,71,71,71,71,71,71,71,71,71,71,71,71,71],"card_choices":[{"not_picked":["Rebound","Panic Button"],"picked":"Coolheaded","floor":1.0},{"not_picked":["Conserve Battery","Steam","BasicCrystalCard"],"picked":"SKIP","floor":6.0},{"not_picked":["Streamline","Conserve Battery","ReplaySolidLightProjector"],"picked":"SKIP","floor":7.0},{"not_picked":["Compile Driver","Self Repair","Gash"],"picked":"SKIP","floor":8.0},{"not_picked":["FTL","ReplayTheSpireMod:Reroute Power"],"picked":"Turbo","floor":11.0},{"not_picked":["Panic Button","Compile Driver"],"picked":"Ball Lightning","floor":13.0},{"not_picked":["Beam Cell","Redo","Genetic Algorithm"],"picked":"SKIP","floor":15.0},{"not_picked":["Multi-Cast","Fission"],"picked":"Reboot","floor":18.0},{"not_picked":["Leap","Aggregate+1"],"picked":"Defragment","floor":20.0},{"not_picked":["Conserve Battery","Streamline","Sunder"],"picked":"SKIP","floor":21.0},{"not_picked":["Hologram","Gash"],"picked":"Capacitor","floor":22.0},{"not_picked":["Beam Cell","Auto Shields","Compile Driver","ReplayGash+1"],"picked":"SKIP","floor":27.0},{"not_picked":["Barrage","Beam Cell","Panic Button"],"picked":"Biased Cognition","floor":31.0},{"not_picked":["ReplayGash","BasicCrystalCard","Leap","Barrage"],"picked":"SKIP","floor":32.0}],"player_experience":684163,"relics_obtained":[{"floor":3.0,"key":"InkBottle"},{"floor":5.0,"key":"ReplayTheSpireMod:Ring of Challenge"},{"floor":5.0,"key":"ReplayTheSpireMod:Ring of Collecting"},{"floor":6.0,"key":"Akabeko"},{"floor":9.0,"key":"Smiling Mask"},{"floor":10.0,"key":"Ring of Shattering"},{"floor":10.0,"key":"Pondfish Scales"},{"floor":25.0,"key":"Ring of Panic"},{"floor":25.0,"key":"Question Card"},{"floor":28.0,"key":"ReplayTheSpireMod:Ring of Addiction"},{"floor":28.0,"key":"White Beast Statue"},{"floor":28.0,"key":"Chameleon Ring"},{"floor":28.0,"key":"DemoMod:OrangeGuonStone"},{"floor":31.0,"key":"Bag of Preparation"}],"event_choices":[{"damage_healed":0.0,"max_hp_gain":0.0,"max_hp_loss":0.0,"gold_gain":0.0,"cards_transformed":["Reboot","Defend_B"],"event_name":"Drug Dealer","player_choice":"Became Test Subject","floor":23.0,"gold_loss":0.0,"damage_taken":0.0,"cards_obtained":["Echo Form","Beam Cell"]},{"damage_healed":0.0,"max_hp_gain":0.0,"max_hp_loss":0.0,"gold_gain":0.0,"event_name":"Addict","player_choice":"Obtained Relic","floor":24.0,"gold_loss":85.0,"damage_taken":0.0,"relics_obtained":["DemoMod:Bottle"]},{"damage_healed":0.0,"max_hp_gain":0.0,"max_hp_loss":0.0,"gold_gain":0.0,"event_name":"Accursed Blacksmith","player_choice":"Forge","floor":29.0,"gold_loss":0.0,"damage_taken":0.0,"cards_upgraded":["Defragment"]}],"is_beta":false,"boss_relics":[{"not_picked":["Honey Jar","Velvet Choker"],"picked":"Empty Cage"}],"items_purged_floors":[4],"is_endless":false,"potions_floor_spawned":[7,8,11,20,31,32],"killed_by":"Slavers","ascension_level":20}}