{"host":"9rqxlbwknj581inl","time":1613608527,"event":{"mods":["BaseMod","Colored Map","Colored Powertips","Minty Spire (QoL Compilation)","Quick Restart","Random Character Mod"],"gold_per_floor":[113,126,76,251,267,278,278,312,339,370,383,403,403,434,434,538,538,550,581,597,41,41,72,82,181,181,181,195,229,240,240,240,341,341,356,374,388,407,407,407,407,433,433,433,444,444,666,19,19,19,19],"floor_reached":50,"language":"ENG","playtime":7655,"items_purged":["Strike_B","Doubt"],"score":582,"play_id":"409233ba-caac-4412-bc49-b73515d2772c","local_time":"20210217173527","is_ascension_mode":false,"campfire_choices":[{"data":"Zap","floor":7,"key":"SMITH"},{"data":"Genetic Algorithm","floor":13,"key":"SMITH"},{"data":"Redo","floor":15,"key":"SMITH"},{"floor":32,"key":"REST"},{"floor":40,"key":"REST"},{"data":"Zap","floor":49,"key":"SMITH"}],"circlet_count":0,"master_deck":["Defend_B","Defend_B","Defend_B","Zap+1","Dualcast+1","Lockon","Reinforced Body","Ball Lightning","Hologram+1","Steam","Sweeping Beam","Genetic Algorithm+1","Loop","Hello World","Biased Cognition","Redo+1","Electrodynamics","Coolheaded","Skim","Stack+1","Mind Blast","Zap+1","Mind Blast","Conserve Battery+1","Static Discharge+1","Coolheaded","Ball Lightning+1","Buffer","Seek","Defragment","Heatsinks+1","Aggregate","Panacea","Madness","Madness","Capacitor+1","Defragment","Defragment","Jack Of All Trades+1","Reinforced Body+1"],"relics":["Cracked Core","War Paint","Oddly Smooth Stone","Juzu Bracelet","Bag of Preparation","Velvet Choker","Red Mask","Bag of Marbles","Meat on the Bone","Boot","Darkstone Periapt","Sundial","Inserter","Strawberry","Toxic Egg 2","Art of War","Toy Ornithopter"],"acts_visited":["Exordium","TheCity","TheBeyond"],"potions_floor_usage":[8,14,14,18,20,24,29,33,33,42,45,50],"damage_taken":[{"damage":0,"enemies":"Cultist","floor":1,"turns":3},{"damage":6,"enemies":"2 Louse","floor":2,"turns":3},{"damage":0,"enemies":"Jaw Worm","floor":5,"turns":2},{"damage":5,"enemies":"Looter","floor":6,"turns":2},{"damage":9,"enemies":"Gremlin Nob","floor":8,"turns":4},{"damage":8,"enemies":"Lagavulin","floor":10,"turns":5},{"damage":0,"enemies":"Red Slaver","floor":11,"turns":3},{"damage":1,"enemies":"Blue Slaver","floor":12,"turns":3},{"damage":4,"enemies":"3 Sentries","floor":14,"turns":4},{"damage":1,"enemies":"Slime Boss","floor":16,"turns":5},{"damage":6,"enemies":"2 Thieves","floor":18,"turns":3},{"damage":1,"enemies":"Masked Bandits","floor":19,"turns":4},{"damage":0,"enemies":"Shell Parasite","floor":20,"turns":4},{"damage":19,"enemies":"Slavers","floor":23,"turns":3},{"damage":0,"enemies":"Sentry and Sphere","floor":24,"turns":4},{"damage":0,"enemies":"Snake Plant","floor":28,"turns":2},{"damage":10,"enemies":"Book of Stabbing","floor":29,"turns":4},{"damage":1,"enemies":"Shelled Parasite and Fungi","floor":30,"turns":4},{"damage":27,"enemies":"Champ","floor":33,"turns":10},{"damage":14,"enemies":"3 Shapes","floor":35,"turns":4},{"damage":13,"enemies":"Orb Walker","floor":36,"turns":2},{"damage":19,"enemies":"Jaw Worm Horde","floor":37,"turns":3},{"damage":39,"enemies":"Writhing Mass","floor":38,"turns":5},{"damage":22,"enemies":"Nemesis","floor":42,"turns":7},{"damage":12,"enemies":"3 Darklings","floor":45,"turns":4},{"damage":69,"enemies":"Awakened One","floor":50,"turns":5}],"seed_played":"4206839120055792148","potions_obtained":[{"floor":1,"key":"Fire Potion"},{"floor":2,"key":"GamblersBrew"},{"floor":11,"key":"LiquidMemories"},{"floor":12,"key":"Fire Potion"},{"floor":16,"key":"Swift Potion"},{"floor":19,"key":"PowerPotion"},{"floor":20,"key":"SpeedPotion"},{"floor":23,"key":"GamblersBrew"},{"floor":24,"key":"Strength Potion"},{"floor":30,"key":"Explosive Potion"},{"floor":35,"key":"Dexterity Potion"},{"floor":45,"key":"FearPotion"}],"is_trial":false,"path_per_floor":["M","M","?","?","M","M","R","E","T","E","M","M","R","E","R","B",null,"M","?","M","$","?","E","M","?","T","?","M","E","M","?","R","B",null,"M","M","M","M","?","R","?","E","T","?","M","?","?","$","R","B"],"character_chosen":"DEFECT","items_purchased":["Bag of Marbles","Meat on the Bone","Mind Blast","Defragment","Art of War","Toy Ornithopter","Jack Of All Trades+1","Reinforced Body+1"],"campfire_rested":2,"item_purchase_floors":[21,21,21,48,48,48,48,48],"current_hp_per_floor":[54,48,48,48,48,43,43,34,34,26,26,25,25,21,21,20,75,69,68,68,68,68,49,49,49,49,35,47,49,48,48,72,45,80,66,53,46,19,19,43,33,30,30,76,64,64,64,64,64,0,0],"gold":19,"neow_bonus":"TRANSFORM_TWO_CARDS","is_daily":false,"chose_seed":false,"campfire_upgraded":4,"win_rate":0.0,"timestamp":1613608527,"path_taken":["M","?","?","?","M","M","R","E","T","E","M","M","R","E","R","BOSS","M","?","M","$","?","E","M","?","T","?","M","E","M","?","R","BOSS","M","M","M","M","?","R","?","E","T","?","M","?","?","$","R","BOSS"],"items_purchased_type":["Relic","Relic","Card","Card","Relic","Relic","Card","Card"],"build_version":"2020-12-22","purchased_purges":2,"victory":false,"max_hp_per_floor":[75,75,75,75,75,75,75,75,75,75,75,75,75,75,75,75,75,75,75,75,75,75,75,75,75,75,80,80,80,80,80,80,80,80,80,80,80,80,80,80,80,87,87,76,76,76,76,76,76,76,76],"card_choices":[{"not_picked":["Auto Shields","Undo"],"picked":"Ball Lightning","floor":1},{"not_picked":["Compile Driver","Beam Cell"],"picked":"Hologram","floor":2},{"not_picked":["Leap","Hologram"],"picked":"Steam","floor":5},{"not_picked":["Barrage","Turbo"],"picked":"Sweeping Beam","floor":6},{"not_picked":["Conserve Battery","Static Discharge"],"picked":"Genetic Algorithm","floor":8},{"not_picked":["Blizzard","Glacier"],"picked":"Loop","floor":10},{"not_picked":["Consume","Compile Driver"],"picked":"Hello World","floor":11},{"not_picked":["Doom and Gloom","Undo"],"picked":"Biased Cognition","floor":12},{"not_picked":["Go for the Eyes","Stack"],"picked":"Redo","floor":14},{"not_picked":["Amplify","All For One"],"picked":"Electrodynamics","floor":16},{"not_picked":["Compile Driver","Steam"],"picked":"Coolheaded","floor":18},{"not_picked":["White Noise","Hello World+1"],"picked":"Skim","floor":19},{"not_picked":["Genetic Algorithm","Rainbow"],"picked":"Stack+1","floor":20},{"not_picked":["Rebound","Go for the Eyes"],"picked":"Conserve Battery+1","floor":23},{"not_picked":["Hologram","Reinforced Body"],"picked":"Static Discharge+1","floor":24},{"not_picked":["Stack","Conserve Battery"],"picked":"Coolheaded","floor":28},{"not_picked":["Rip and Tear+1","Redo"],"picked":"Ball Lightning+1","floor":29},{"not_picked":["Ball Lightning+1","Barrage"],"picked":"Buffer","floor":30},{"not_picked":["Fission","Meteor Strike"],"picked":"Seek","floor":33},{"not_picked":["Scrape","Reinforced Body+1","FTL"],"picked":"SKIP","floor":35},{"not_picked":["Leap+1","Force Field"],"picked":"Defragment","floor":36},{"not_picked":["Ball Lightning+1","Reprogram+1"],"picked":"Heatsinks+1","floor":37},{"not_picked":["Turbo+1","Streamline"],"picked":"Aggregate","floor":38},{"not_picked":["Enlightenment","Jack Of All Trades"],"picked":"Panacea","floor":39},{"not_picked":["Sweeping Beam","Conserve Battery+1"],"picked":"Capacitor+1","floor":42},{"not_picked":["Creative AI","Gash"],"picked":"Defragment","floor":45}],"player_experience":120189,"relics_obtained":[{"floor":8,"key":"War Paint"},{"floor":9,"key":"Oddly Smooth Stone"},{"floor":10,"key":"Juzu Bracelet"},{"floor":14,"key":"Bag of Preparation"},{"floor":19,"key":"Red Mask"},{"floor":23,"key":"Boot"},{"floor":26,"key":"Darkstone Periapt"},{"floor":29,"key":"Sundial"},{"floor":42,"key":"Strawberry"},{"floor":43,"key":"Toxic Egg 2"}],"event_choices":[{"cards_removed":["Strike_B"],"damage_healed":0,"gold_gain":0,"player_choice":"Card Removal","damage_taken":0,"max_hp_gain":0,"max_hp_loss":0,"event_name":"The Cleric","floor":3,"gold_loss":50},{"damage_healed":0,"gold_gain":175,"player_choice":"AGREE","damage_taken":0,"max_hp_gain":0,"max_hp_loss":0,"event_name":"Liars Game","floor":4,"gold_loss":0,"cards_obtained":["Doubt"]},{"damage_healed":0,"gold_gain":0,"player_choice":"Fought Bandits","damage_taken":0,"max_hp_gain":0,"max_hp_loss":0,"event_name":"Masked Bandits","floor":19,"gold_loss":0},{"damage_healed":0,"gold_gain":0,"player_choice":"2 cards matched","damage_taken":0,"max_hp_gain":0,"max_hp_loss":0,"event_name":"Match and Keep!","floor":22,"gold_loss":0,"cards_obtained":["Zap","Mind Blast"]},{"damage_healed":0,"gold_gain":99,"player_choice":"Stole From Cult","damage_taken":0,"max_hp_gain":0,"max_hp_loss":0,"event_name":"Nest","floor":25,"gold_loss":0},{"damage_healed":0,"gold_gain":0,"player_choice":"Shed Blood","damage_taken":19,"max_hp_gain":5,"max_hp_loss":0,"event_name":"Forgotten Altar","floor":27,"gold_loss":0},{"damage_healed":0,"gold_gain":0,"player_choice":"Ignored","damage_taken":0,"max_hp_gain":0,"max_hp_loss":0,"event_name":"Ghosts","floor":31,"gold_loss":0},{"damage_healed":0,"gold_gain":0,"player_choice":"Memory 1","damage_taken":0,"max_hp_gain":0,"max_hp_loss":0,"event_name":"SensoryStone","floor":39,"gold_loss":0},{"damage_healed":0,"gold_gain":0,"player_choice":"Embrace Madness","damage_taken":10,"max_hp_gain":0,"max_hp_loss":0,"event_name":"Winding Halls","floor":41,"gold_loss":0,"cards_obtained":["Madness","Madness"]},{"damage_healed":76,"gold_gain":0,"player_choice":"Heal","damage_taken":0,"max_hp_gain":0,"max_hp_loss":11,"event_name":"The Moai Head","floor":44,"gold_loss":0},{"cards_removed":["Defend_B"],"damage_healed":0,"gold_gain":0,"player_choice":"Removed Skill","damage_taken":0,"max_hp_gain":0,"max_hp_loss":0,"event_name":"Falling","floor":46,"gold_loss":0},{"damage_healed":0,"gold_gain":222,"player_choice":"Wore Mask","damage_taken":0,"max_hp_gain":0,"max_hp_loss":0,"event_name":"Tomb of Lord Red Mask","floor":47,"gold_loss":0}],"is_beta":false,"boss_relics":[{"not_picked":["SlaversCollar","Philosopher\u0027s Stone"],"picked":"Velvet Choker"},{"not_picked":["Fusion Hammer","Runic Pyramid"],"picked":"Inserter"}],"items_purged_floors":[21,48],"is_endless":false,"potions_floor_spawned":[1,2,11,12,16,19,20,23,24,30,35,45],"killed_by":"Awakened One","ascension_level":0}}