{"host":"nb3r5a3er9rrnn3n","time":1613620212,"event":{"mods":["BaseMod","Colored Map","Downfall","Minty Spire (QoL Compilation)","Relic Stats","Spire Arcade","StSLib"],"gold_per_floor":[0,17,28,28,13,41,66,95,110,10,0,27,45,30,47,152,152,152,163,177,196,196,227,227,143,43,43,128,154,163,189,213,319,319,319,333,221,270,294,294,294,323,73,108,128,28,47,88,107,107,107,137,12,12,12,12],"floor_reached":57,"language":"ENG","playtime":4386,"items_purged":["champ:Strike","champ:Strike","champ:Strike"],"score":1502,"play_id":"dcb83e6e-df32-404c-8f79-733caba99340","local_time":"20210218145012","is_ascension_mode":true,"campfire_choices":[{"data":"Apotheosis","floor":1,"key":"SMITH"},{"data":"champ:FocusedDefense","floor":10,"key":"SMITH"},{"floor":18,"key":"RECALL"},{"data":"champ:DefensiveStyle","floor":26,"key":"SMITH"},{"data":"champ:RageSigil","floor":35,"key":"SMITH"},{"data":"champ:SwordSigil","floor":46,"key":"SMITH"},{"data":"champ:GladiatorForm","floor":54,"key":"SMITH"}],"circlet_count":0,"master_deck":["champ:Strike","champ:Defend","champ:Defend","champ:Defend","champ:Defend","champ:Execute","champ:Taunt+1","Apotheosis+1","champ:FlashCut","champ:RisingSlash","champ:FocusedDefense+1","champ:SteelEdge","champ:Lariat","champ:DefensiveStyle+1","champ:Circumvent","champ:Duel","champ:EnchantCrown","champ:BringItOn","champ:DefensiveShout+1","champ:SwordSigil+1","champ:SetATrap","champ:RageSigil+1","champ:EnchantSword","champ:DefensiveStyle","champ:Circumvent+1","champ:ShieldThrow","champ:FalseCounter+1","champ:BringItOn+1","champ:GladiatorForm+1","champ:BringItOn+1","champ:PreemptiveStrike+1"],"relics":["champ:ChampionCrown","Shuriken","Pen Nib","downfall:HeartBlessingGreen","Meat on the Bone","Runic Pyramid","Eternal Feather","Question Card","downfall:HeartBlessingRed","CeramicFish","Bottled Tornado","SlaversCollar","Happy Flower","HornCleat","Calipers","Sundial","Bag of Preparation","Bottled Lightning","downfall:HeartBlessingBlue","Ice Cream","Nunchaku"],"acts_visited":["Exordium","TheCity","TheBeyond","TheEnding"],"potions_floor_usage":[23,31,32,56,56,56,56,56,56],"damage_taken":[{"damage":11,"enemies":"Jaw Worm","floor":2,"turns":4},{"damage":10,"enemies":"Cultist","floor":3,"turns":3},{"damage":12,"enemies":"downfall:FleeingMerchant","floor":5,"turns":4},{"damage":34,"enemies":"3 Sentries","floor":6,"turns":8},{"damage":22,"enemies":"Gremlin Nob","floor":8,"turns":4},{"damage":6,"enemies":"2 Louse","floor":9,"turns":2},{"damage":10,"enemies":"downfall:FleeingMerchant","floor":11,"turns":4},{"damage":4,"enemies":"Lagavulin","floor":12,"turns":5},{"damage":0,"enemies":"Lots of Slimes","floor":13,"turns":1},{"damage":10,"enemies":"downfall:FleeingMerchant","floor":14,"turns":4},{"damage":10,"enemies":"3 Louse","floor":15,"turns":2},{"damage":2,"enemies":"IC_STATUS_ARCHETYPE","floor":16,"turns":5},{"damage":2,"enemies":"Shell Parasite","floor":19,"turns":4},{"damage":0,"enemies":"Spheric Guardian","floor":20,"turns":4},{"damage":0,"enemies":"Chosen and Byrds","floor":21,"turns":4},{"damage":10,"enemies":"Gremlin Leader","floor":23,"turns":8},{"damage":13,"enemies":"downfall:FleeingMerchant","floor":25,"turns":4},{"damage":10,"enemies":"Slavers","floor":29,"turns":4},{"damage":31,"enemies":"Snake Plant","floor":31,"turns":2},{"damage":0,"enemies":"Snecko","floor":32,"turns":6},{"damage":20,"enemies":"DF_ARCHETYPE_CLAW","floor":33,"turns":6},{"damage":0,"enemies":"Orb Walker","floor":36,"turns":3},{"damage":0,"enemies":"downfall:FleeingMerchant","floor":37,"turns":4},{"damage":24,"enemies":"2 Orb Walkers","floor":38,"turns":5},{"damage":0,"enemies":"3 Shapes","floor":42,"turns":4},{"damage":10,"enemies":"Giant Head","floor":44,"turns":5},{"damage":0,"enemies":"Maw","floor":45,"turns":4},{"damage":0,"enemies":"Jaw Worm Horde","floor":47,"turns":3},{"damage":15,"enemies":"Reptomancer","floor":48,"turns":4},{"damage":0,"enemies":"3 Darklings","floor":49,"turns":4},{"damage":20,"enemies":"WA_ARCHETYPE_DIVINITY","floor":50,"turns":7},{"damage":10,"enemies":"downfall:CharBossMerchant","floor":52,"turns":4},{"damage":13,"enemies":"downfall:NeowBoss","floor":55,"turns":12},{"damage":20,"enemies":"downfall:NeowBossFinal","floor":56,"turns":8}],"seed_played":"-1026801036382649136","potions_obtained":[{"floor":3,"key":"DuplicationPotion"},{"floor":8,"key":"PowerPotion"},{"floor":9,"key":"Dexterity Potion"},{"floor":20,"key":"EntropicBrew"},{"floor":23,"key":"Fruit Juice"},{"floor":31,"key":"champ:OpenerPotion"},{"floor":38,"key":"DistilledChaos"}],"is_trial":false,"path_per_floor":["R","M","M","?","$","E","T","E","M","R","$","E","M","$","M","B",null,"R","M","M","M","?","E","T","$","R","?","?","E","?","M","M","B",null,"R","M","$","?","?","?","T","M","$","E","M","R","M","E","M","B",null,"E","$","R","B","B",null],"character_chosen":"THE_CHAMP","items_purchased":["champ:RageSigil","Happy Flower","HornCleat","Bag of Preparation"],"campfire_rested":0,"item_purchase_floors":[25,37,37,43],"current_hp_per_floor":[90,89,89,89,87,63,63,41,35,35,35,31,43,55,67,65,90,90,88,88,88,88,88,88,75,90,90,72,62,62,58,58,60,95,95,95,95,71,71,71,71,71,71,71,71,96,96,81,81,81,105,105,105,105,102,102],"gold":12,"neow_bonus":"RANDOM_COLORLESS_2","is_daily":false,"chose_seed":false,"campfire_upgraded":6,"win_rate":0.0,"timestamp":1613620212,"path_taken":["R","M","M","?","$","E","T","E","M","R","$","E","M","?","M","BOSS","R","M","M","M","?","E","T","$","R","?","?","E","?","?","M","BOSS","R","M","?","?","?","?","T","M","?","E","?","R","M","E","M","BOSS","E","$","R","BOSS","BOSS"],"items_purchased_type":["Card","Relic","Relic","Relic"],"build_version":"2020-12-22","purchased_purges":3,"victory":true,"max_hp_per_floor":[90,90,90,90,90,90,90,90,90,90,90,90,90,90,90,90,90,90,90,90,90,90,90,90,90,90,90,90,90,90,95,95,95,95,95,95,95,95,95,95,95,95,95,95,95,105,105,105,105,105,105,105,105,105,105,105],"relic_stats":{"Nunchaku":[4],"Happy Flower":[20],"counters":[34,155],"Shuriken":[43],"Sundial":[4],"CeramicFish":81,"Eternal Feather":30,"Pen Nib":[23],"Bag of Preparation":[18],"Question Card":15,"obtain_stats":[{"Ice Cream":48,"Calipers":38,"downfall:HeartBlessingRed":26,"Happy Flower":37,"CeramicFish":27,"champ:ChampionCrown":0,"downfall:HeartBlessingGreen":10,"Eternal Feather":23,"Pen Nib":8,"Juzu Bracelet":7,"Bag of Preparation":43,"Bottled Tornado":29,"Question Card":24,"SlaversCollar":34,"Nunchaku":52,"HornCleat":37,"Shuriken":6,"Sundial":41,"downfall:HeartBlessingBlue":46,"Bottled Lightning":44,"Meat on the Bone":12,"Runic Pyramid":17},{"Ice Cream":29,"Calipers":24,"downfall:HeartBlessingRed":17,"Happy Flower":23,"CeramicFish":17,"champ:ChampionCrown":0,"downfall:HeartBlessingGreen":6,"Eternal Feather":16,"Pen Nib":5,"Juzu Bracelet":4,"Bag of Preparation":25,"Bottled Tornado":18,"Question Card":16,"SlaversCollar":21,"Nunchaku":32,"HornCleat":23,"Shuriken":4,"Sundial":24,"downfall:HeartBlessingBlue":27,"Bottled Lightning":26,"Meat on the Bone":8,"Runic Pyramid":12},{"Ice Cream":120,"Calipers":100,"downfall:HeartBlessingRed":70,"Happy Flower":95,"CeramicFish":70,"champ:ChampionCrown":0,"downfall:HeartBlessingGreen":25,"Eternal Feather":66,"Pen Nib":23,"Juzu Bracelet":19,"Bag of Preparation":104,"Bottled Tornado":74,"Question Card":66,"SlaversCollar":88,"Nunchaku":135,"HornCleat":95,"Shuriken":19,"Sundial":100,"downfall:HeartBlessingBlue":113,"Bottled Lightning":109,"Meat on the Bone":34,"Runic Pyramid":46}],"Meat on the Bone":60},"card_choices":[{"not_picked":["Violence","Metamorphosis"],"picked":"Apotheosis","floor":0},{"not_picked":["champ:Backstep","champ:CrownThrow","champ:FanOfKnives"],"picked":"SKIP","floor":2},{"not_picked":["champ:Circumvent","champ:EnragedBash"],"picked":"champ:FlashCut","floor":3},{"not_picked":["champ:Encircle","champ:RapidStrikes"],"picked":"champ:RisingSlash","floor":5},{"not_picked":["champ:SetATrap","champ:GutPunch"],"picked":"champ:TornadoPunch","floor":6},{"not_picked":["champ:RisingSlash","champ:CalledShot"],"picked":"champ:FocusedDefense","floor":8},{"not_picked":["champ:AdrenalArmor","champ:BerserkersShout"],"picked":"champ:SteelEdge","floor":9},{"not_picked":["champ:FalseCounter","champ:FanOfKnives"],"picked":"champ:Lariat","floor":11},{"not_picked":["champ:Duel","champ:PreciseThrust"],"picked":"champ:DefensiveStyle","floor":12},{"not_picked":["champ:Haymaker","champ:EndlessRage"],"picked":"champ:Circumvent","floor":13},{"not_picked":["champ:BerserkersShout","champ:FanOfKnives"],"picked":"champ:Duel","floor":14},{"not_picked":["champ:PreciseThrust","champ:CrownThrow","champ:Haymaker"],"picked":"SKIP","floor":15},{"not_picked":["champ:IgnorePain","champ:SwordThrow"],"picked":"champ:EnchantCrown","floor":16},{"not_picked":["champ:PreciseThrust","champ:BladeFlurry"],"picked":"champ:BringItOn","floor":19},{"not_picked":["champ:IronFortress","champ:EnchantCrown"],"picked":"champ:DefensiveShout+1","floor":20},{"not_picked":["champ:GladiatorStyle+1","champ:Haymaker","champ:FlashCut"],"picked":"SKIP","floor":21},{"not_picked":["champ:TornadoPunch+1","champ:AdrenalArmor"],"picked":"champ:SwordSigil","floor":23},{"not_picked":["champ:ShieldSigil","champ:Backstep","champ:PreciseThrust"],"picked":"champ:SetATrap","floor":25},{"not_picked":["champ:StanceDance","champ:CrownThrow","champ:TornadoPunch","champ:BerserkerStyle"],"picked":"SKIP","floor":29},{"not_picked":["champ:Devastate","champ:Backstep+1","champ:Lariat"],"picked":"champ:DefensiveStyle","floor":31},{"not_picked":["champ:BerserkersShout+1","champ:DefensiveShout","champ:PerfectedStrike"],"picked":"champ:Circumvent+1","floor":32},{"not_picked":["champ:Devastate","champ:CheapShot","champ:HoldFirm"],"picked":"champ:ShieldThrow","floor":33},{"not_picked":["champ:RecklessLeap","champ:ShieldWall","champ:Duel+1","champ:Backstep+1"],"picked":"SKIP","floor":36},{"not_picked":["champ:TornadoPunch","champ:RecklessLeap","champ:ShieldSigil"],"picked":"champ:FalseCounter+1","floor":37},{"not_picked":["champ:BerserkersShout","champ:FanOfKnives+1","champ:SwordSigil"],"picked":"champ:BringItOn+1","floor":42},{"not_picked":["champ:FlashCut+1","champ:PreciseThrust+1","champ:AdrenalArmor+1","champ:DeathBlow"],"picked":"SKIP","floor":44},{"not_picked":["champ:Haymaker+1","champ:AdrenalArmor","champ:StanceDance+1","champ:RisingSlash+1"],"picked":"SKIP","floor":45},{"not_picked":["champ:BerserkersShout+1","champ:EnGarde","champ:StanceDance+1"],"picked":"champ:GladiatorForm","floor":47},{"not_picked":["champ:BladeFlurry+1","champ:StanceDance+1","champ:CrownThrow"],"picked":"champ:BringItOn+1","floor":48},{"not_picked":["champ:PerfectedStrike+1","champ:FlashCut+1","champ:EnGarde"],"picked":"champ:PreemptiveStrike+1","floor":49},{"not_picked":["champ:CalledShot","champ:Duel","champ:Shatter","champ:DancingMaster"],"picked":"SKIP","floor":52}],"player_experience":2005766,"relics_obtained":[{"floor":6,"key":"Shuriken"},{"floor":7,"key":"Juzu Bracelet"},{"floor":8,"key":"Pen Nib"},{"floor":12,"key":"Meat on the Bone"},{"floor":23,"key":"Eternal Feather"},{"floor":24,"key":"Question Card"},{"floor":29,"key":"Bottled Tornado"},{"floor":38,"key":"Calipers"},{"floor":41,"key":"Sundial"},{"floor":44,"key":"Bottled Lightning"},{"floor":48,"key":"Ice Cream"},{"floor":52,"key":"Nunchaku"}],"event_choices":[{"damage_healed":0,"gold_gain":0,"player_choice":"Forge","damage_taken":0,"max_hp_gain":0,"max_hp_loss":0,"event_name":"Accursed Blacksmith","floor":4,"gold_loss":0,"cards_upgraded":["champ:Taunt"]},{"damage_healed":0,"gold_gain":0,"player_choice":"Ignored","damage_taken":0,"max_hp_gain":0,"max_hp_loss":0,"event_name":"NoteForYourself","floor":22,"gold_loss":0},{"damage_healed":0,"gold_gain":0,"player_choice":"Fight","damage_taken":0,"max_hp_gain":0,"max_hp_loss":0,"event_name":"Mysterious Sphere","floor":38,"gold_loss":0},{"cards_removed":["champ:TornadoPunch"],"damage_healed":0,"gold_gain":0,"player_choice":"Removed Attack","damage_taken":0,"max_hp_gain":0,"max_hp_loss":0,"event_name":"Falling","floor":40,"gold_loss":0}],"is_beta":false,"boss_relics":[{"not_picked":["Tiny House","bronze:MakeshiftBattery"],"picked":"Runic Pyramid"},{"not_picked":["Empty Cage","champ:ChampionCrownUpgraded"],"picked":"SlaversCollar"}],"items_purged_floors":[37,43,53],"is_endless":false,"potions_floor_spawned":[3,8,9,15,20,23,31,38,44,45,49,52],"ascension_level":1}}