{"host":"sav7uxregyirlf69","time":1613625958,"event":{"mods":["AchievementEnabler","BaseMod","Colored Map","DeckTracker","Keyboard Shortcuts","Minty Spire (QoL Compilation)","READ ME - Guardian Mod","StSLib","SuperFastMode"],"gold_per_floor":[118,132,132,150,165,165,165,176,176,202,227,247,265,281,281,360,360,360,360,113,33,33],"floor_reached":21,"language":"KOR","playtime":383,"items_purged":["Strike_R"],"score":366,"play_id":"d6bb2ce0-ed88-4d66-a28a-cac056e162be","local_time":"20210218142558","is_ascension_mode":true,"campfire_choices":[{"data":"Blood for Blood","floor":6,"key":"SMITH"},{"data":"Evolve","floor":15,"key":"SMITH"}],"circlet_count":0,"master_deck":["AscendersBane","Strike_R","Strike_R","Strike_R","Defend_R","Defend_R","Defend_R","Defend_R","Bash","Fire Breathing","Blood for Blood+1","Pommel Strike","Carnage","Evolve+1","Corruption","Armaments","Body Slam+1","Disarm"],"relics":["Burning Blood","White Beast Statue","Matryoshka","Tiny Chest","Odd Mushroom","Ectoplasm","Orrery"],"acts_visited":["Exordium","TheCity"],"potions_floor_usage":[13,16],"damage_taken":[{"damage":9,"enemies":"2 Louse","floor":1,"turns":4},{"damage":6,"enemies":"Jaw Worm","floor":2,"turns":4},{"damage":7,"enemies":"Cultist","floor":4,"turns":4},{"damage":29,"enemies":"Red Slaver","floor":5,"turns":4},{"damage":23,"enemies":"Exordium Thugs","floor":8,"turns":5},{"damage":25,"enemies":"3 Sentries","floor":10,"turns":6},{"damage":14,"enemies":"The Mushroom Lair","floor":11,"turns":5},{"damage":11,"enemies":"Blue Slaver","floor":12,"turns":3},{"damage":3,"enemies":"Large Slime","floor":13,"turns":5},{"damage":1,"enemies":"2 Fungi Beasts","floor":14,"turns":3},{"damage":23,"enemies":"Slime Boss","floor":16,"turns":6},{"damage":44,"enemies":"Shell Parasite","floor":18,"turns":6},{"damage":30,"enemies":"2 Thieves","floor":21,"turns":2}],"seed_played":"9041155801855227256","potions_obtained":[{"floor":1,"key":"SteroidPotion"},{"floor":5,"key":"FairyPotion"},{"floor":10,"key":"Energy Potion"},{"floor":12,"key":"Block Potion"},{"floor":13,"key":"FearPotion"},{"floor":16,"key":"CultistPotion"}],"is_trial":false,"path_per_floor":["M","M","?","M","M","R","?","M","T","E","?","M","M","M","R","B",null,"M","?","$","M"],"character_chosen":"IRONCLAD","items_purchased":["Orrery"],"campfire_rested":0,"item_purchase_floors":[20],"current_hp_per_floor":[72,72,65,64,41,41,41,24,24,30,22,17,20,25,25,8,64,26,26,26,0,0],"gold":33,"neow_bonus":"TEN_PERCENT_HP_BONUS","is_daily":false,"chose_seed":false,"campfire_upgraded":2,"win_rate":0.0,"timestamp":1613625958,"path_taken":["M","M","?","M","M","R","?","M","T","E","?","M","M","M","R","BOSS","M","?","$","M"],"items_purchased_type":["Relic"],"build_version":"2020-12-22","purchased_purges":1,"victory":false,"max_hp_per_floor":[82,82,82,82,82,82,82,82,82,82,82,82,82,82,82,82,82,82,82,82,82,82],"card_choices":[{"not_picked":["Infernal Blade","Warcry"],"picked":"Fire Breathing","floor":1},{"not_picked":["Havoc","Whirlwind"],"picked":"Blood for Blood","floor":2},{"not_picked":["Sentinel","Sword Boomerang","Heavy Blade"],"picked":"SKIP","floor":4},{"not_picked":["Headbutt","Metallicize","Anger"],"picked":"SKIP","floor":5},{"not_picked":["Warcry","True Grit","Body Slam"],"picked":"SKIP","floor":8},{"not_picked":["Warcry","Flame Barrier"],"picked":"Pommel Strike","floor":10},{"not_picked":["Anger","Havoc"],"picked":"Carnage","floor":11},{"not_picked":["Shrug It Off","Flex"],"picked":"Evolve","floor":12},{"not_picked":["Entrench","Havoc","Sever Soul"],"picked":"SKIP","floor":13},{"not_picked":["Clash","True Grit","Twin Strike"],"picked":"SKIP","floor":14},{"not_picked":["Reaper","Demon Form"],"picked":"Corruption","floor":16},{"not_picked":["Blood for Blood","Flex"],"picked":"Armaments","floor":18},{"not_picked":["Wild Strike","Pummel"],"picked":"Body Slam+1","floor":20},{"not_picked":["Bloodletting+1","Rage"],"picked":"Disarm","floor":20}],"player_experience":1607400,"relics_obtained":[{"floor":9,"key":"Matryoshka"},{"floor":10,"key":"Tiny Chest"},{"floor":11,"key":"Odd Mushroom"}],"event_choices":[{"cards_removed":["Strike_R"],"damage_healed":0,"gold_gain":0,"player_choice":"Card Removal","damage_taken":7,"max_hp_gain":0,"max_hp_loss":0,"event_name":"Golden Wing","floor":3,"gold_loss":0},{"damage_healed":0,"gold_gain":0,"player_choice":"Searched \u00271\u0027 times","damage_taken":0,"relics_obtained":["White Beast Statue"],"max_hp_gain":0,"max_hp_loss":0,"event_name":"Dead Adventurer","floor":7,"gold_loss":0},{"damage_healed":0,"gold_gain":0,"player_choice":"Fought Mushrooms","damage_taken":0,"max_hp_gain":0,"max_hp_loss":0,"event_name":"Mushrooms","floor":11,"gold_loss":0},{"damage_healed":0,"gold_gain":0,"player_choice":"Ignored","damage_taken":0,"max_hp_gain":0,"max_hp_loss":0,"event_name":"The Mausoleum","floor":19,"gold_loss":0}],"is_beta":false,"boss_relics":[{"not_picked":["Velvet Choker","Runic Dome"],"picked":"Ectoplasm"}],"items_purged_floors":[20],"is_endless":false,"potions_floor_spawned":[1,5,8,10,11,12,13,14,16,18],"killed_by":"2 Thieves","ascension_level":20}}