{"host":"dhk5e65fhht6ttq3","time":1613640676,"event":{"mods":["BaseMod","Lobotomy","LobotomyExtend","Minty Spire (QoL Compilation)","Replay The Spire","StSLib","[IsaacMod]ÒÔÈö¼âËþ"],"gold_per_floor":[116,132,143,143,68,68,100,100,177,187,203,203,203,222,222,317,317,330,245,245,94,107,138,138,149,149,149,149,149,177,191,191,296,296,313,324,338,348,359,394,394,411,411,140,140,173,173,189,189,189,189,189,86,116,116,116],"floor_reached":55,"language":"ZHS","playtime":3518,"items_purged":["Strike_G","NakedNest","HappyTeddy","Alriune"],"score":794,"play_id":"1329f3ad-fc2b-4c5f-86eb-1776cd86980c","local_time":"20210218173116","is_ascension_mode":false,"campfire_choices":[{"data":"Neutralize","floor":6.0,"key":"SMITH"},{"data":"Cloak And Dagger","floor":8.0,"key":"SMITH"},{"data":"Accuracy","floor":12.0,"key":"SMITH"},{"floor":15.0,"key":"REST"},{"data":"ReplayTheSpireMod:Speed Training","floor":24.0,"key":"SMITH"},{"data":"Adrenaline","floor":27.0,"key":"SMITH"},{"data":"Atom Bomb","floor":29.0,"key":"SMITH"},{"floor":41.0,"key":"RECALL"},{"data":"Tools of the Trade","floor":45.0,"key":"SMITH"},{"floor":49.0,"key":"REST"},{"data":"Survivor","floor":52,"key":"SMITH"}],"circlet_count":0,"master_deck":["Strike_G","Strike_G","Strike_G+1","Strike_G","Defend_G+1","Defend_G","Defend_G","Defend_G","Defend_G","Survivor+1","Neutralize+1","MeatLantern","Cloak And Dagger+1","Scorched","Accuracy+1","DespairKnight","Atom Bomb+1","Freischutz","GalaxyChild","Adrenaline+1","Blade Dance+1","QueenBee","Cloak And Dagger+1","Wellcheers","ReplayTheSpireMod:Speed Training+1","BlueStar","Necronomicurse","Terror+1","BeautyBeast","Tools of the Trade+1","Scarecrow","BlackArmy","SilentOrchestra","Blade Dance+1","MeltingLove","LittlePrince","Yin","ReplayTheSpireMod:Shiv Toss+1"],"relics":["Ring of the Snake","HushsDoor","GuppysTail","CogitoBucket","LetterFromLob","Art of War","Sundial","AspirationHeart","MagicMushroom","Regal Pillow","BelialBook","YumHeart","Necronomicon","Orichalcum","HoveringKite","GuppysCollar","GuppysHead","AtMidnight","Replay:Mystery Machine","Strange Spoon","Replay:Rubber Ducky","BlankCard","Yang_Lob"],"acts_visited":["Exordium","TheCity","TheBeyond","TheEnding"],"potions_floor_usage":[55,55,55],"damage_taken":[{"damage":5.0,"enemies":"Small Slimes","floor":1.0,"turns":4.0},{"damage":0.0,"enemies":"Jaw Worm","floor":2.0,"turns":5.0},{"damage":0.0,"enemies":"Cultist","floor":3.0,"turns":3.0},{"damage":6.0,"enemies":"Gremlin Nob","floor":7.0,"turns":4.0},{"damage":0.0,"enemies":"Exordium Wildlife","floor":10.0,"turns":2.0},{"damage":0.0,"enemies":"Large Slime","floor":11.0,"turns":2.0},{"damage":9.0,"enemies":"Blue Slaver","floor":14.0,"turns":2.0},{"damage":33.0,"enemies":"Fading Forest","floor":16.0,"turns":8.0},{"damage":0.0,"enemies":"2 Thieves","floor":18.0,"turns":2.0},{"damage":0.0,"enemies":"Spheric Guardian","floor":22.0,"turns":2.0},{"damage":0.0,"enemies":"Replay:Snechameleon","floor":23.0,"turns":5.0},{"damage":0.0,"enemies":"Centurion and Healer","floor":25.0,"turns":3.0},{"damage":0.0,"enemies":"Gremlin Leader","floor":30.0,"turns":1.0},{"damage":0.0,"enemies":"Cultist and Chosen","floor":31.0,"turns":2.0},{"damage":8.0,"enemies":"Automaton","floor":33.0,"turns":4.0},{"damage":0.0,"enemies":"Orb Walker","floor":35.0,"turns":1.0},{"damage":0.0,"enemies":"3 Shapes","floor":36.0,"turns":4.0},{"damage":0.0,"enemies":"Maw","floor":37.0,"turns":3.0},{"damage":15.0,"enemies":"Transient","floor":38.0,"turns":4.0},{"damage":0.0,"enemies":"Sphere and 2 Shapes","floor":39.0,"turns":1.0},{"damage":0.0,"enemies":"Reptomancer","floor":40.0,"turns":2.0},{"damage":3.0,"enemies":"Writhing Mass","floor":42.0,"turns":2.0},{"damage":0.0,"enemies":"R_Hoarder","floor":46.0,"turns":3.0},{"damage":0.0,"enemies":"3 Darklings","floor":48.0,"turns":2.0},{"damage":0,"enemies":"Replay:Hell Engine","floor":50,"turns":4},{"damage":0,"enemies":"Shield and Spear","floor":54,"turns":3},{"damage":92,"enemies":"LittleHush","floor":55,"turns":7}],"seed_played":"-5347290176445250781","potions_obtained":[{"floor":1.0,"key":"SpeedPotion"},{"floor":3.0,"key":"BlessingOfTheForge"},{"floor":7.0,"key":"DuplicationPotion"},{"floor":16.0,"key":"Strength Potion"},{"floor":23.0,"key":"SteroidPotion"},{"floor":31.0,"key":"SneckoOil"},{"floor":35.0,"key":"Doom Potion"},{"floor":46.0,"key":"Adrenaline Potion"},{"floor":48.0,"key":"Toxic Potion"}],"is_trial":false,"path_per_floor":["M","M","M","?","$","R","E","R","T","M","M","R","?","M","R","B",null,"M","?","?","$","M","E","R","M","T","R","?","R","E","M","R","B",null,"M","M","M","M","M","E","R","M","T","$","R","E","?","M","R","B",null,"R","$","E","B"],"character_chosen":"THE_SILENT","items_purchased":["Blade Dance","GuppysCollar","GuppysHead","Strange Spoon","Cursed Concoction"],"campfire_rested":2,"item_purchase_floors":[21,34,34,44,53],"current_hp_per_floor":[65,65,65,51,51,51,45,45,45,45,55,55,55,46,70,47,87,87,87,72,72,73,74,74,75,75,75,59,59,62,66,87,79,59,59,59,59,49,49,53,53,58,58,58,58,59,44,49,59,59,59,59,59,59,0,0],"gold":116,"neow_bonus":"","is_daily":false,"chose_seed":false,"campfire_upgraded":8,"win_rate":0.0,"timestamp":1613640676,"path_taken":["M","M","M","?","$","R","E","R","T","M","?","R","?","M","R","BOSS","M","?","?","$","M","E","R","M","T","R","?","R","E","M","R","BOSS","M","M","M","M","M","E","R","M","T","$","R","E","?","M","R","BOSS","R","$","E","BOSS"],"items_purchased_type":["Card","Relic","Relic","Relic","Potion"],"build_version":"2020-12-22","purchased_purges":4,"victory":false,"max_hp_per_floor":[70,70,70,70,70,70,70,70,70,70,80,80,80,80,80,80,87,87,87,87,87,87,87,87,87,87,87,87,87,87,87,87,87,59,59,59,59,59,59,59,59,59,59,59,59,59,59,59,59,59,59,59,59,59,59,59],"card_choices":[{"not_picked":["Scorched","Mercenary","CherryBlossoms"],"picked":"Singing Bowl","floor":1.0},{"not_picked":["CherryBlossoms","BeautyBeast"],"picked":"MeatLantern","floor":1.0},{"not_picked":["Dagger Throw","Well Laid Plans"],"picked":"Cloak And Dagger","floor":1.0},{"not_picked":["ShyLook","OSAHOGD","Woodsman"],"picked":"Singing Bowl","floor":2.0},{"not_picked":["Bloodbath","OSAHOGD"],"picked":"Scorched","floor":2.0},{"not_picked":["Bane","Bomb"],"picked":"Accuracy","floor":2.0},{"not_picked":["BeautyBeast","OSAHOGD"],"picked":"DespairKnight","floor":3.0},{"not_picked":["Slice","Outmaneuver","Quick Slash"],"picked":"SKIP","floor":3.0},{"not_picked":["Outmaneuver","PiercingWail"],"picked":"Atom Bomb","floor":7.0},{"not_picked":["FairyFestival","Freischutz","SnowQueen"],"picked":"Singing Bowl","floor":7.0},{"not_picked":["PunishingBird","Murderer"],"picked":"Freischutz","floor":7.0},{"not_picked":["CherryBlossoms","BlackSwan"],"picked":"NakedNest","floor":10.0},{"not_picked":["Finisher","Flying Knee","Catalyst"],"picked":"SKIP","floor":10.0},{"not_picked":["Finisher","Flying Knee","Catalyst"],"picked":"SKIP","floor":10.0},{"not_picked":["FairyFestival","Scarecrow","HeroicMonk"],"picked":"Singing Bowl","floor":11.0},{"not_picked":["Predator","Dagger Throw","Sucker Punch"],"picked":"SKIP","floor":11.0},{"not_picked":["WallGazer","Bloodbath","SingingMachine"],"picked":"Singing Bowl","floor":14.0},{"not_picked":["Night Terror","Well Laid Plans","Bane"],"picked":"SKIP","floor":14.0},{"not_picked":["SingingMachine","Scarecrow"],"picked":"GalaxyChild","floor":16.0},{"not_picked":["Glass Knife","Doppelganger"],"picked":"Adrenaline","floor":16.0},{"not_picked":["WallGazer","CherryBlossoms","Wellcheers"],"picked":"Singing Bowl","floor":18.0},{"not_picked":["Dodge and Roll","Hidden Blade+1","Quick Slash+1"],"picked":"SKIP","floor":18.0},{"not_picked":["Dodge and Roll","Hidden Blade+1","Quick Slash+1"],"picked":"SKIP","floor":18.0},{"not_picked":["Dodge and Roll","Hidden Blade+1","Quick Slash+1"],"picked":"SKIP","floor":18.0},{"not_picked":["HappyTeddy","FairyFestival","Laetitia"],"picked":"Singing Bowl","floor":22.0},{"not_picked":["Laetitia","WallGazer"],"picked":"QueenBee","floor":22.0},{"not_picked":["Dagger Spray","Backflip"],"picked":"Cloak And Dagger+1","floor":22.0},{"not_picked":["Funeral","Murderer","FairyFestival"],"picked":"Singing Bowl","floor":23.0},{"not_picked":["OldLady","FairyFestival"],"picked":"Wellcheers","floor":23.0},{"not_picked":["Backstab+1","Prepared+1"],"picked":"ReplayTheSpireMod:Speed Training","floor":23.0},{"not_picked":["CrumblingArmor","FairyFestival","RedShoes"],"picked":"Singing Bowl","floor":25.0},{"not_picked":["OldLady","LittleHelper"],"picked":"BlueStar","floor":25.0},{"not_picked":["Deflect","All Out Attack","ReplayTheSpireMod:The Works"],"picked":"SKIP","floor":25.0},{"not_picked":["Porccubus","MHz"],"picked":"Alriune","floor":30.0},{"not_picked":["Eviscerate","ReplayTheSpireMod:Exploit Weakness"],"picked":"Terror+1","floor":30.0},{"not_picked":["LittleHelper","Yin"],"picked":"HappyTeddy","floor":31.0},{"not_picked":["Reflex","Hidden Blade+1","Concentrate+1"],"picked":"SKIP","floor":31.0},{"not_picked":["SnowQueen","LittlePrince"],"picked":"BeautyBeast","floor":33.0},{"not_picked":["ReplayTheSpireMod:From All Sides","Grand Finale"],"picked":"Tools of the Trade","floor":33.0},{"not_picked":["OldLady","FieryBird"],"picked":"Scarecrow","floor":35.0},{"not_picked":["Bane+1","Slice+1","Calculated Gamble"],"picked":"SKIP","floor":35.0},{"not_picked":["Bane+1","Slice+1","Calculated Gamble"],"picked":"SKIP","floor":35.0},{"not_picked":["SingingMachine","CENSORED"],"picked":"BlackArmy","floor":36.0},{"not_picked":["Slice","Catalyst+1","Flying Knee+1"],"picked":"SKIP","floor":36.0},{"not_picked":["Slice","Catalyst+1","Flying Knee+1"],"picked":"SKIP","floor":36.0},{"not_picked":["Rudolta","QueenOfHatred","Porccubus"],"picked":"Singing Bowl","floor":37.0},{"not_picked":["Poisoned Stab","Backstab","Deadly Poison+1"],"picked":"SKIP","floor":37.0},{"not_picked":["Poisoned Stab","Backstab","Deadly Poison+1"],"picked":"SKIP","floor":37.0},{"not_picked":["OSAHOGD","NakedNest"],"picked":"SilentOrchestra","floor":38.0},{"not_picked":["Hidden Blade+1","Endless Agony","ReplayTheSpireMod:The Works+1"],"picked":"SKIP","floor":38.0},{"not_picked":["Hidden Blade+1","Endless Agony","ReplayTheSpireMod:The Works+1"],"picked":"SKIP","floor":38.0},{"not_picked":["SingingMachine","LittlePrince","OldLady"],"picked":"Singing Bowl","floor":39.0},{"not_picked":["Quick Slash","Sucker Punch","Skewer"],"picked":"SKIP","floor":39.0},{"not_picked":["Dagger Throw","Calculated Gamble+1"],"picked":"Blade Dance+1","floor":40.0},{"not_picked":["VoidDream","PunishingBird","OSAHOGD"],"picked":"Singing Bowl","floor":42.0},{"not_picked":["BigBadWolf","BlackSwan"],"picked":"MeltingLove","floor":42.0},{"not_picked":["Replay:Poison Smokescreen","Hidden Blade+1","PiercingWail+1"],"picked":"SKIP","floor":42.0},{"not_picked":["Replay:Poison Smokescreen","Hidden Blade+1","PiercingWail+1"],"picked":"SKIP","floor":42.0},{"not_picked":["DreamingCurrent","LittleHelper","OldLady"],"picked":"Singing Bowl","floor":46.0},{"not_picked":["Funeral","SingingMachine"],"picked":"LittlePrince","floor":46.0},{"not_picked":["Fluid Movement+1","Finisher","Heel Hook+1"],"picked":"SKIP","floor":46.0},{"not_picked":["Laetitia","Porccubus","Alriune"],"picked":"Singing Bowl","floor":48.0},{"not_picked":["GreedKing","SnowQueen"],"picked":"Yin","floor":48.0},{"not_picked":["Infinite Blades+1","Slice"],"picked":"ReplayTheSpireMod:Shiv Toss+1","floor":48.0},{"not_picked":["Quick Slash","Dodge and Roll","Bouncing Flask+1"],"picked":"SKIP","floor":54}],"player_experience":990002,"relics_obtained":[{"floor":1.0,"key":"LetterFromLob"},{"floor":7.0,"key":"Art of War"},{"floor":9.0,"key":"Sundial"},{"floor":23.0,"key":"BelialBook"},{"floor":26.0,"key":"YumHeart"},{"floor":28.0,"key":"Necronomicon"},{"floor":30.0,"key":"Orichalcum"},{"floor":36.0,"key":"AtMidnight"},{"floor":40.0,"key":"Replay:Mystery Machine"},{"floor":46.0,"key":"Replay:Rubber Ducky"},{"floor":54,"key":"BlankCard"}],"event_choices":[{"damage_healed":0.0,"max_hp_gain":0.0,"max_hp_loss":0.0,"gold_gain":0.0,"event_name":"Shining Light","player_choice":"Entered Light","floor":4.0,"gold_loss":0.0,"damage_taken":14.0,"cards_upgraded":["Strike_G","Defend_G"]},{"damage_healed":0.0,"max_hp_gain":0.0,"max_hp_loss":0.0,"gold_gain":0.0,"event_name":"Liars Game","player_choice":"Ignored","floor":13.0,"gold_loss":0.0,"damage_taken":0.0},{"damage_healed":0.0,"max_hp_gain":0.0,"max_hp_loss":0.0,"gold_gain":0.0,"event_name":"Addict","player_choice":"Obtained Relic","floor":19.0,"gold_loss":85.0,"damage_taken":0.0,"relics_obtained":["Regal Pillow"]},{"damage_healed":0.0,"max_hp_gain":0.0,"max_hp_loss":0.0,"gold_gain":0.0,"event_name":"Cursed Tome","player_choice":"Obtained Book","floor":28.0,"gold_loss":0.0,"damage_taken":16.0}],"is_beta":false,"boss_relics":[{"not_picked":["Sozu","Astrolabe"],"picked":"MagicMushroom"},{"not_picked":[]},{"not_picked":["ChewingGum","Pandora\u0027s Box"],"picked":"HoveringKite"},{"not_picked":[]}],"items_purged_floors":[5,21,34,44],"is_endless":false,"potions_floor_spawned":[1,3,7,16,23,31,35,37,42,46,48],"killed_by":"LittleHush","ascension_level":0}}