{"host":"vps8b43x7l1xjn40","time":1613678847,"event":{"mods":["AchievementEnabler","BaseMod","Colored Map","Colored Powertips","Custom Start","KinomotoSakuraMod(–Ø”V–{?)","Lobotomy","LobotomyExtend","Minty Spire (QoL Compilation)","Prisma Mod","Quick Restart","StSLib","The Cursed"],"gold_per_floor":[117,117,117,130,146,146,163,163,163,174,193,211,266,276,276,381,381,397,397,397,397],"floor_reached":20,"language":"JPN","playtime":2588,"items_purged":[],"score":168,"play_id":"f3f89655-be02-4a39-ae8f-31ef293934ee","local_time":"20210219050727","is_ascension_mode":false,"campfire_choices":[{"data":"Flex","floor":6.0,"key":"SMITH"},{"floor":8.0,"key":"REST"},{"data":"Anger","floor":15,"key":"SMITH"}],"circlet_count":0,"master_deck":[],"relics":["Burning Blood","CogitoBucket","LetterFromLob","Kunai","Nunchaku","AspirationHeart","Sundial","Coffee Dripper","FleshIdol"],"acts_visited":["Exordium","TheCity"],"potions_floor_usage":[],"damage_taken":[{"damage":5.0,"enemies":"Cultist","floor":1.0,"turns":4.0},{"damage":0.0,"enemies":"2 Louse","floor":4.0,"turns":3.0},{"damage":14.0,"enemies":"Jaw Worm","floor":5.0,"turns":3.0},{"damage":25.0,"enemies":"Lots of Slimes","floor":7.0,"turns":5.0},{"damage":4.0,"enemies":"Exordium Wildlife","floor":10.0,"turns":5.0},{"damage":38.0,"enemies":"Blue Slaver","floor":11.0,"turns":6.0},{"damage":7.0,"enemies":"Looter","floor":12.0,"turns":4.0},{"damage":86.0,"enemies":"3 Sentries","floor":13.0,"turns":14.0},{"damage":29.0,"enemies":"Exordium Wildlife","floor":14.0,"turns":6.0},{"damage":98,"enemies":"The Guardian","floor":16,"turns":13},{"damage":79,"enemies":"Chosen","floor":18,"turns":8},{"damage":90,"enemies":"Masked Bandits","floor":20,"turns":4}],"seed_played":"-3655299447033613615","potions_obtained":[{"floor":4.0,"key":"DistilledChaos"},{"floor":10.0,"key":"BloodPotion"},{"floor":11.0,"key":"SmokeBomb"}],"is_trial":false,"path_per_floor":["M","T","?","M","M","R","M","R","T","M","M","M","?","M","R","B",null,"M","?","?"],"character_chosen":"IRONCLAD","items_purchased":[],"campfire_rested":1,"item_purchase_floors":[],"current_hp_per_floor":[80,80,73,79,71,71,52,76,76,78,72,71,63,76,76,62,90,49,90,0,0],"gold":397,"neow_bonus":"","is_daily":false,"chose_seed":false,"campfire_upgraded":2,"win_rate":0.0,"timestamp":1613678847,"path_taken":["M","?","?","M","?","R","M","R","T","?","M","M","?","M","R","BOSS","M","?","?"],"items_purchased_type":[],"build_version":"2020-12-22","purchased_purges":0,"victory":false,"max_hp_per_floor":[80,80,80,80,80,80,80,80,80,80,90,90,90,90,90,90,90,90,90,90,90],"card_choices":[{"not_picked":["Reckless Charge","Twin Strike"],"picked":"Body Slam","floor":1.0},{"not_picked":["LongBird","Murderer"],"picked":"ShyLook","floor":1.0},{"not_picked":["Reckless Charge","Entrench"],"picked":"Clothesline","floor":4.0},{"not_picked":["FieryBird","MHz"],"picked":"SpiderBud","floor":4.0},{"not_picked":["Headbutt","Sword Boomerang"],"picked":"Flex","floor":5.0},{"not_picked":["Funeral","MHz","QueenOfHatred"],"picked":"Singing Bowl","floor":5.0},{"not_picked":["UniverseFragment","DespairKnight"],"picked":"OSAHOGD","floor":5.0},{"not_picked":["UniverseFragment","CrumblingArmor"],"picked":"WallGazer","floor":7.0},{"not_picked":["Seeing Red","Cleave"],"picked":"Iron Wave","floor":7.0},{"not_picked":["Twin Strike","Body Slam"],"picked":"Dual Wield","floor":10.0},{"not_picked":["OldLady","HappyTeddy"],"picked":"CrumblingArmor","floor":10.0},{"not_picked":["Rage","Reckless Charge"],"picked":"Anger","floor":11.0},{"not_picked":["OldLady","MHz"],"picked":"UniverseFragment","floor":11.0},{"not_picked":["Limit Break","Fire Breathing"],"picked":"Pummel","floor":12.0},{"not_picked":["MHz","BeautyBeast"],"picked":"DreamingCurrent","floor":12.0},{"not_picked":["CherryBlossoms","Murderer","Bloodbath"],"picked":"Singing Bowl","floor":13.0},{"not_picked":["MeatLantern","OldLady"],"picked":"Scarecrow","floor":13.0},{"not_picked":["Pommel Strike","Shrug It Off"],"picked":"Feed","floor":14},{"not_picked":["Brutality","Reaper"],"picked":"Limit Break","floor":16},{"not_picked":["Murderer","BigBird"],"picked":"GalaxyChild","floor":16},{"not_picked":["Body Slam","Armaments"],"picked":"Searing Blow","floor":18},{"not_picked":["LittleHelper","OldLady"],"picked":"Scorched","floor":18}],"player_experience":9041,"relics_obtained":[{"floor":1.0,"key":"LetterFromLob"},{"floor":2.0,"key":"Kunai"},{"floor":9.0,"key":"Nunchaku"},{"floor":13.0,"key":"Sundial"}],"event_choices":[{"cards_removed":["Defend_R"],"damage_healed":0.0,"max_hp_gain":0.0,"max_hp_loss":0.0,"gold_gain":0.0,"event_name":"Golden Wing","player_choice":"Card Removal","floor":3.0,"gold_loss":0.0,"damage_taken":7.0},{"damage_healed":0.0,"max_hp_gain":0.0,"max_hp_loss":0.0,"gold_gain":0.0,"event_name":"Dead Adventurer","player_choice":"Searched \u00271\u0027 times","floor":13.0,"gold_loss":0.0,"damage_taken":0.0},{"damage_healed":0,"gold_gain":0,"player_choice":"Fought Bandits","damage_taken":0,"max_hp_gain":0,"max_hp_loss":0,"event_name":"Masked Bandits","floor":20,"gold_loss":0}],"is_beta":false,"boss_relics":[{"not_picked":["Philosopher\u0027s Stone","Mark of Pain"],"picked":"Coffee Dripper"}],"items_purged_floors":[],"is_endless":false,"potions_floor_spawned":[4,10,11],"killed_by":"Masked Bandits","ascension_level":0}}