{"host":"51qmnr9isyv85d0p","time":1613618897,"event":{"mods":["AchievementEnabler","BaseMod","Colored Map","Colored Powertips","Curses Come First","Downfall","Minty Spire (QoL Compilation)","Red Circlet Mod","Relic Stats","Replay The Spire","StSLib","TestMod"],"gold_per_floor":[99,12000,12015,12015,11037,11037,11037,11050,11050,11050,11087,9194,9249,8147,8192,8299,8299,8299,8299,8312,8712,7418,7418,7418,7453,7453,7485,7505,5773,5813,4207,4233,4347,4447,4447,4468,4492,3781,3833,3904,3981,2270,2305,2305,2352,1069,1114,1193,1221,1243],"floor_reached":51,"language":"ZHS","playtime":2648,"items_purged":["sneckomod:Defend","Normality","Regret","sneckomod:Defend","sneckomod:Strike","sneckomod:Defend","sneckomod:Strike","sneckomod:TailWhip"],"score":6790,"play_id":"b4f0d506-c5ca-488c-b2cf-633ad0ee24f7","local_time":"20210218112817","is_ascension_mode":true,"campfire_choices":[{"data":"sneckomod:SerpentIdol","floor":18,"key":"SMITH"},{"data":"sneckomod:Cheat","floor":35,"key":"SMITH"},{"data":"sneckomod:SnekBite","floor":44,"key":"SMITH"}],"circlet_count":0,"master_deck":["sneckomod:SnekBite+1","sneckomod:Unknown","Beam Cell","sneckomod:SerpentIdol+1","sneckomod:Unknown0Cost","sneckomod:Unknown0Cost","sneckomod:UnknownVulnerable+1","Panache","sneckomod:UnknownUncommonAttack","sneckomod:UnendingSupply","sneckomod:UnknownColorless","sneckomod:SoulCleanse+1","Panache+1","sneckomod:UnknownUncommonPower","sneckomod:SnakeSap","sneckomod:SoulCleanse+1","Dramatic Entrance","Metamorphosis","sneckomod:UnlimitedRolls","sneckomod:Cheat+1","sneckomod:UnknownStrength","sneckomod:ImprovisedAttack","CurseOfTheBell","sneckomod:SnekBeam","sneckomod:Rotation+1","sneckomod:UnknownRarePower","Bandage Up","expansioncontent:DashGenerateEvil+1","sneckomod:DangerNoodle+1","Bandage Up+1","sneckomod:SnakeSap+1","sneckomod:UnknownDexterity+1","Apotheosis+1","sneckomod:UnknownRareAttack+1","sneckomod:CheapStock","sneckomod:CheapStock+1"],"relics":["sneckomod:SneckoSoul","testmod-TheFather","Regal Pillow","bronze:BronzeIdol","ClockworkSouvenir","Pet Ghost","testmod-ArcanaOfDestiny","Ring of Panic","ReplayTheSpireMod:Ring of Exchange","champ:DuelingGlove","Bronze Scales","testmod-Fortitude","testmod-BloodSacrificeSpiritualization","Guardian:PocketSentry","Potion Belt","testmod-DragonStarHat","bronze:DonusWashers","sneckomod:ConfusingCodex","Calling Bell","testmod-OneHitWonder","ReplayTheSpireMod:Shallot","testmod-RainbowHikingShoes","testmod-TurbochargingSystem","Bottled Tornado","Gremlin Food","Molten Egg 2","Replay:Bandana","Tiny House","Blue Doll","Replay:Ringing Soul","testmod-Prudence","Replay:Wanted Poster","ReplayTheSpireMod:TigerMarble","Mummified Hand","BargainBundle","Replay:Wax Seal","testmod-CyclicPeriapt","Shuriken","Bag of Marbles","expansioncontent:StudyCardRelic","Replay:Bottled Flurry","Darkstone Periapt","Ice Cream","PreservedInsect","Guardian:BottledAnomaly","Oddly Smooth Stone","Membership Card"],"acts_visited":["Exordium","TheCity","TheBeyond"],"potions_floor_usage":[11,14,15,32,38],"damage_taken":[{"damage":0,"enemies":"Small Slimes","floor":2,"turns":2},{"damage":1,"enemies":"2 Louse","floor":3,"turns":2},{"damage":5,"enemies":"downfall:FleeingMerchant","floor":5,"turns":4},{"damage":0,"enemies":"Jaw Worm","floor":8,"turns":2},{"damage":13,"enemies":"Lagavulin","floor":11,"turns":3},{"damage":18,"enemies":"downfall:FleeingMerchant","floor":12,"turns":4},{"damage":21,"enemies":"downfall:FleeingMerchant","floor":14,"turns":3},{"damage":12,"enemies":"Exordium Wildlife","floor":15,"turns":2},{"damage":7,"enemies":"DF_ARCHETYPE_STREAMLINE","floor":16,"turns":5},{"damage":0,"enemies":"Chosen","floor":19,"turns":1},{"damage":0,"enemies":"Shell Parasite","floor":20,"turns":1},{"damage":0,"enemies":"Gremlin Leader","floor":25,"turns":1},{"damage":0,"enemies":"Book of Stabbing","floor":27,"turns":2},{"damage":15,"enemies":"Snake Plant","floor":28,"turns":2},{"damage":0,"enemies":"Centurion and Healer","floor":30,"turns":3},{"damage":0,"enemies":"Chosen and Byrds","floor":32,"turns":2},{"damage":10,"enemies":"IC_MUSHROOM_ARCHETYPE","floor":33,"turns":1},{"damage":0,"enemies":"3 Shapes","floor":36,"turns":1},{"damage":0,"enemies":"3 Darklings","floor":37,"turns":1},{"damage":0,"enemies":"3 Darklings","floor":40,"turns":1},{"damage":0,"enemies":"Writhing Mass","floor":43,"turns":1},{"damage":0,"enemies":"R_Hoarder","floor":45,"turns":1},{"damage":0,"enemies":"Giant Head","floor":47,"turns":1},{"damage":12,"enemies":"Transient","floor":48,"turns":2},{"damage":0,"enemies":"Jaw Worm Horde","floor":49,"turns":1},{"damage":12,"enemies":"WA_ARCHETYPE_DIVINITY","floor":50,"turns":2}],"seed_played":"4346618265695221046","potions_obtained":[{"floor":3,"key":"PowerPotion"},{"floor":16,"key":"Cursed Concoction"},{"floor":25,"key":"Weak Potion"},{"floor":28,"key":"Elixir"},{"floor":29,"key":"Strength Potion"},{"floor":32,"key":"testmod-SpacePotion"},{"floor":39,"key":"DistilledChaos"}],"is_trial":false,"path_per_floor":["R","M","M","?","$","?","T","M","?","?","E","$","T","$","M","B",null,"R","M","M","?","$","?","T","E","?","E","M","$","M","$","M","B",null,"R","M","M","$","?","?","T","$","M","R","E","$","E","M","M","B",null],"character_chosen":"THE_SNECKO","items_purchased":["Regal Pillow","bronze:BronzeIdol","ClockworkSouvenir","Panache","sneckomod:UnknownUncommonAttack","sneckomod:UnendingSupply","Dexterity Potion","Fire Potion","Bronze Scales","testmod-Fortitude","testmod-BloodSacrificeSpiritualization","Panache","sneckomod:UnknownUncommonPower","CultistPotion","Potion Belt","testmod-DragonStarHat","bronze:DonusWashers","sneckomod:SoulCleanse+1","Dramatic Entrance","Metamorphosis","Slimebound:ThreeZeroPotion","Reflective Coating","Cursed Concoction","sneckomod:UnlimitedRolls","sneckomod:ConfusingCodex","Calling Bell","Molten Egg 2","Replay:Bandana","Tiny House","Bandage Up","expansioncontent:DashGenerateEvil+1","Blue Doll","Replay:Ringing Soul","testmod-Prudence","EssenceOfSteel","ReplayTheSpireMod:TigerMarble","Mummified Hand","BargainBundle","Bandage Up+1","testmod-SpacePotion","Block Potion","FearPotion","Bag of Marbles","expansioncontent:StudyCardRelic","sneckomod:DiceRollPotion","Replay:Bottled Flurry","Apotheosis+1","Ice Cream","PreservedInsect","sneckomod:UnknownRareAttack+1","DistilledChaos","sneckomod:CheapStock","Guardian:BottledAnomaly"],"campfire_rested":0,"item_purchase_floors":[5,5,5,5,5,5,5,5,12,12,12,12,12,12,14,14,14,14,14,14,14,14,14,14,22,22,29,29,29,29,29,31,31,31,31,38,38,38,38,38,38,38,42,42,42,42,46,46,46,46,46,46,46],"current_hp_per_floor":[99,99,98,98,93,93,93,93,93,93,80,62,62,41,29,22,99,99,99,99,99,99,99,99,99,79,79,64,69,73,73,77,70,112,112,112,112,115,118,118,118,118,118,118,121,124,124,124,127,125],"gold":1243,"neow_bonus":"TEN_PERCENT_HP_BONUS","is_daily":false,"chose_seed":false,"campfire_upgraded":3,"win_rate":0.0,"timestamp":1613618897,"path_taken":["R","M","M","?","$","?","T","M","?","?","E","?","?","$","M","BOSS","R","M","M","?","$","?","T","E","?","E","M","$","M","?","M","BOSS","R","M","M","$","?","?","T","?","M","R","E","$","E","?","M","BOSS"],"items_purchased_type":["Relic","Relic","Relic","Card","Card","Card","Potion","Potion","Relic","Relic","Relic","Card","Card","Potion","Relic","Relic","Relic","Card","Card","Card","Potion","Potion","Potion","Card","Relic","Relic","Relic","Relic","Relic","Card","Card","Relic","Relic","Relic","Potion","Relic","Relic","Relic","Card","Potion","Potion","Potion","Relic","Relic","Potion","Relic","Card","Relic","Relic","Card","Potion","Card","Relic"],"build_version":"2020-12-22","purchased_purges":8,"victory":true,"max_hp_per_floor":[99,99,99,99,99,99,99,99,99,99,99,99,99,99,99,99,99,99,99,99,99,99,99,99,99,104,104,104,109,109,109,109,112,112,112,112,112,115,118,118,118,118,118,118,121,124,124,124,127,127],"relic_stats":{"Darkstone Periapt":0,"Regal Pillow":0,"counters":[26,50],"Mummified Hand":[47],"Shuriken":[11],"Bronze Scales":[57],"PreservedInsect":125,"obtain_stats":[{"Ice Cream":46,"champ:DuelingGlove":11,"Tiny House":29,"testmod-RainbowHikingShoes":22,"Bottled Tornado":25,"sneckomod:SneckoSoul":0,"Replay:Wanted Poster":34,"Replay:Ringing Soul":31,"downfall:BrokenWingStatue":10,"testmod-Prudence":31,"DollysMirror":4,"sneckomod:ConfusingCodex":22,"testmod-DragonStarHat":14,"Replay:Bottled Flurry":42,"Replay:Wax Seal":39,"testmod-TestBox":0,"Oddly Smooth Stone":47,"Ring of Chaos":17,"Guardian:PocketSentry":13,"testmod-Fortitude":12,"ReplayTheSpireMod:Shallot":22,"Shuriken":41,"Bronze Scales":12,"Molten Egg 2":29,"ReplayTheSpireMod:TigerMarble":38,"testmod-OneHitWonder":22,"Darkstone Periapt":45,"ReplayTheSpireMod:Ring of Exchange":9,"Regal Pillow":5,"Blue Doll":31,"expansioncontent:StudyCardRelic":42,"testmod-BloodSacrificeSpiritualization":12,"Pet Ghost":6,"ClockworkSouvenir":5,"Replay:Bandana":29,"Mummified Hand":38,"testmod-TheFather":0,"Ring of Panic":9,"Guardian:BottledAnomaly":46,"testmod-ArcanaOfDestiny":7,"Potion Belt":14,"Gremlin Food":27,"bronze:DonusWashers":14,"BargainBundle":38,"testmod-CyclicPeriapt":40,"PreservedInsect":46,"testmod-TurbochargingSystem":24,"bronze:BronzeIdol":5,"Calling Bell":22,"Bag of Marbles":42,"Membership Card":48},{"Ice Cream":22,"champ:DuelingGlove":5,"Tiny House":14,"testmod-RainbowHikingShoes":11,"Bottled Tornado":12,"sneckomod:SneckoSoul":0,"Replay:Wanted Poster":17,"Replay:Ringing Soul":15,"downfall:BrokenWingStatue":4,"testmod-Prudence":15,"DollysMirror":2,"sneckomod:ConfusingCodex":11,"testmod-DragonStarHat":7,"Replay:Bottled Flurry":20,"Replay:Wax Seal":19,"testmod-TestBox":0,"Oddly Smooth Stone":23,"Ring of Chaos":9,"Guardian:PocketSentry":6,"testmod-Fortitude":6,"ReplayTheSpireMod:Shallot":11,"Shuriken":20,"Bronze Scales":6,"Molten Egg 2":14,"ReplayTheSpireMod:TigerMarble":19,"testmod-OneHitWonder":11,"Darkstone Periapt":22,"ReplayTheSpireMod:Ring of Exchange":4,"Regal Pillow":3,"Blue Doll":15,"expansioncontent:StudyCardRelic":20,"testmod-BloodSacrificeSpiritualization":6,"Pet Ghost":3,"ClockworkSouvenir":3,"Replay:Bandana":14,"Mummified Hand":19,"testmod-TheFather":0,"Ring of Panic":4,"Guardian:BottledAnomaly":22,"testmod-ArcanaOfDestiny":3,"Potion Belt":7,"Gremlin Food":13,"bronze:DonusWashers":7,"BargainBundle":19,"testmod-CyclicPeriapt":20,"PreservedInsect":22,"testmod-TurbochargingSystem":11,"bronze:BronzeIdol":3,"Calling Bell":11,"Bag of Marbles":20,"Membership Card":24},{"Ice Cream":44,"champ:DuelingGlove":13,"Tiny House":33,"testmod-RainbowHikingShoes":28,"Bottled Tornado":29,"sneckomod:SneckoSoul":0,"Replay:Wanted Poster":39,"Replay:Ringing Soul":36,"downfall:BrokenWingStatue":10,"testmod-Prudence":36,"DollysMirror":4,"sneckomod:ConfusingCodex":28,"testmod-DragonStarHat":20,"Replay:Bottled Flurry":42,"Replay:Wax Seal":41,"testmod-TestBox":0,"Oddly Smooth Stone":45,"Ring of Chaos":26,"Guardian:PocketSentry":17,"testmod-Fortitude":17,"ReplayTheSpireMod:Shallot":28,"Shuriken":42,"Bronze Scales":17,"Molten Egg 2":33,"ReplayTheSpireMod:TigerMarble":41,"testmod-OneHitWonder":28,"Darkstone Periapt":44,"ReplayTheSpireMod:Ring of Exchange":10,"Regal Pillow":8,"Blue Doll":36,"expansioncontent:StudyCardRelic":42,"testmod-BloodSacrificeSpiritualization":17,"Pet Ghost":8,"ClockworkSouvenir":8,"Replay:Bandana":33,"Mummified Hand":41,"testmod-TheFather":0,"Ring of Panic":10,"Guardian:BottledAnomaly":44,"testmod-ArcanaOfDestiny":8,"Potion Belt":20,"Gremlin Food":31,"bronze:DonusWashers":20,"BargainBundle":41,"testmod-CyclicPeriapt":42,"PreservedInsect":44,"testmod-TurbochargingSystem":28,"bronze:BronzeIdol":8,"Calling Bell":28,"Bag of Marbles":42,"Membership Card":47}]},"card_choices":[{"not_picked":["sneckomod:WideSting","sneckomod:TrashToTreasure"],"picked":"sneckomod:SerpentIdol","floor":2},{"not_picked":["sneckomod:CheapStock","sneckomod:ImprovisedGuard"],"picked":"sneckomod:Unknown0Cost","floor":3},{"not_picked":["sneckomod:UnknownWeak","sneckomod:UnknownBlock"],"picked":"sneckomod:UnknownVulnerable","floor":5},{"not_picked":["sneckomod:UnknownCommonAttack","sneckomod:SoulDraw"],"picked":"sneckomod:UnknownColorless","floor":8},{"not_picked":["sneckomod:RainOfDice","sneckomod:SoulRoll","sneckomod:Unknown2Cost"],"picked":"SKIP","floor":11},{"not_picked":["sneckomod:Nope","sneckomod:RainOfDice"],"picked":"sneckomod:SoulCleanse","floor":12},{"not_picked":["sneckomod:MixItUp","sneckomod:Unknown1Cost"],"picked":"sneckomod:SnakeSap","floor":14},{"not_picked":["sneckomod:Unknown1Cost","sneckomod:WideSting","sneckomod:UnknownDraw"],"picked":"SKIP","floor":15},{"not_picked":["sneckomod:UnknownBoss","sneckomod:Restock"],"picked":"sneckomod:Cheat","floor":16},{"not_picked":["sneckomod:PureSnecko","sneckomod:UnknownClassBLUE+1"],"picked":"sneckomod:UnknownStrength","floor":19},{"not_picked":["sneckomod:UnknownUncommonPower+1","sneckomod:SoulDraw"],"picked":"sneckomod:ImprovisedAttack","floor":20},{"not_picked":["sneckomod:DiceBlock","sneckomod:UnknownClassGUARDIAN+1"],"picked":"sneckomod:SnekBeam","floor":25},{"not_picked":["sneckomod:UnknownCommonAttack","sneckomod:UnknownStrike"],"picked":"sneckomod:Rotation+1","floor":27},{"not_picked":["sneckomod:UnknownClassBLUE","sneckomod:IronFang","sneckomod:UnknownBlock"],"picked":"SKIP","floor":28},{"not_picked":["sneckomod:PureSnecko","sneckomod:UnknownVulnerable"],"picked":"sneckomod:UnknownRarePower","floor":29},{"not_picked":["sneckomod:UnendingSupply","sneckomod:Nope","sneckomod:UnknownUncommonPower"],"picked":"SKIP","floor":30},{"not_picked":["sneckomod:CheapStock","sneckomod:QuickMove","sneckomod:DiceCrush+1"],"picked":"SKIP","floor":32},{"not_picked":["sneckomod:GlitteringGambit","sneckomod:UnknownRarePower"],"picked":"sneckomod:DangerNoodle+1","floor":33},{"not_picked":["sneckomod:QuickMove+1","sneckomod:SoulDraw","sneckomod:Nope"],"picked":"SKIP","floor":36},{"not_picked":["sneckomod:UnknownUncommonPower+1","sneckomod:Rotation","sneckomod:UnknownClassGREEN+1"],"picked":"SKIP","floor":37},{"not_picked":["sneckomod:SnekBeam+1","sneckomod:QuickBite+1"],"picked":"sneckomod:SnakeSap+1","floor":39},{"not_picked":["sneckomod:Nope","sneckomod:UnknownExhaust+1","sneckomod:CheapStock"],"picked":"SKIP","floor":43},{"not_picked":["sneckomod:UnknownClassGREEN+1","sneckomod:UnknownDraw"],"picked":"sneckomod:UnknownDexterity+1","floor":45},{"not_picked":["sneckomod:Restock","sneckomod:RainOfDice+1","sneckomod:UnknownUncommonSkill+1"],"picked":"SKIP","floor":47},{"not_picked":["sneckomod:UnknownDraw+1","sneckomod:QuickMove","sneckomod:UnknownExhaust"],"picked":"SKIP","floor":48},{"not_picked":["sneckomod:SoulRoll","sneckomod:DiceBlock+1"],"picked":"sneckomod:CheapStock+1","floor":49}],"player_experience":110432,"relics_obtained":[{"floor":7,"key":"testmod-ArcanaOfDestiny"},{"floor":9,"key":"Ring of Panic"},{"floor":9,"key":"ReplayTheSpireMod:Ring of Exchange"},{"floor":11,"key":"champ:DuelingGlove"},{"floor":13,"key":"Guardian:PocketSentry"},{"floor":22,"key":"testmod-OneHitWonder"},{"floor":22,"key":"ReplayTheSpireMod:Shallot"},{"floor":22,"key":"testmod-RainbowHikingShoes"},{"floor":24,"key":"testmod-TurbochargingSystem"},{"floor":25,"key":"Bottled Tornado"},{"floor":27,"key":"Gremlin Food"},{"floor":39,"key":"Replay:Wax Seal"},{"floor":40,"key":"testmod-CyclicPeriapt"},{"floor":41,"key":"Shuriken"},{"floor":45,"key":"Darkstone Periapt"},{"floor":47,"key":"Oddly Smooth Stone"},{"floor":48,"key":"Membership Card"}],"event_choices":[{"damage_healed":0,"gold_gain":0,"player_choice":"Swap Relic","damage_taken":0,"relics_obtained":["DollysMirror"],"max_hp_gain":0,"max_hp_loss":0,"event_name":"给自己的盒子","floor":4,"relics_lost":["DollysMirror"],"gold_loss":0},{"damage_healed":0,"gold_gain":0,"player_choice":"Box","damage_taken":0,"relics_obtained":["Pet Ghost"],"max_hp_gain":0,"max_hp_loss":0,"event_name":"Big Fish","floor":6,"gold_loss":0,"cards_obtained":["Regret"]},{"damage_healed":0,"gold_gain":400,"player_choice":"Sell","damage_taken":0,"max_hp_gain":0,"max_hp_loss":0,"event_name":"恩洛斯的盘子","floor":21,"relics_lost":["testmod-TestBox"],"gold_loss":0}],"is_beta":false,"boss_relics":[{"not_picked":["testmod-SaigiyounoYou","testmod-KeyOfTheVoid"],"picked":"Ring of Chaos"},{"not_picked":["Runic Dome","Velvet Choker"],"picked":"Replay:Wanted Poster"}],"items_purged_floors":[5,12,14,29,31,38,42,46],"is_endless":false,"potions_floor_spawned":[3,8,16,25,28,32,40,47,48,49],"ascension_level":2}}