{"host":"apr17x9d6644yr8l","time":1613631908,"event":{"mods":["BaseMod","Downfall","Hermit","Minty Spire (QoL Compilation)","StSLib","The Cursed","The Servant 0.9.4"],"gold_per_floor":[117,135,135,148,148,73,73,2,2,12,32,32,32],"floor_reached":12,"language":"ENG","playtime":755,"items_purged":["hermit:Defend_Hermit"],"score":70,"play_id":"423d5750-27d5-488f-98cf-d4e1106e5706","local_time":"20210217230508","is_ascension_mode":false,"campfire_choices":[{"data":"hermit:WideOpen","floor":7,"key":"SMITH"}],"circlet_count":0,"master_deck":["hermit:Strike_Hermit","hermit:Strike_Hermit","hermit:Strike_Hermit","hermit:Strike_Hermit","hermit:Defend_Hermit","hermit:Defend_Hermit","hermit:Snapshot","hermit:Covet","hermit:Headshot","hermit:WideOpen+1","hermit:FullyLoaded","hermit:GhostlyPresence","hermit:Cheat","hermit:Gestalt"],"relics":["hermit:Momento","NeowsBlessing","hermit:RyeStalk"],"acts_visited":["Exordium"],"potions_floor_usage":[12],"damage_taken":[{"damage":0,"enemies":"Cultist","floor":1,"turns":1},{"damage":0,"enemies":"Small Slimes","floor":2,"turns":1},{"damage":0,"enemies":"Jaw Worm","floor":4,"turns":1},{"damage":2,"enemies":"Red Slaver","floor":10,"turns":2},{"damage":8,"enemies":"3 Louse","floor":11,"turns":3},{"damage":40,"enemies":"3 Sentries","floor":12,"turns":6}],"seed_played":"-4264633396300610636","potions_obtained":[{"floor":2,"key":"SteroidPotion"},{"floor":10,"key":"LiquidBronze"}],"is_trial":false,"path_per_floor":["M","M","?","M","?","$","R","$","T","M","M","E"],"character_chosen":"HERMIT","items_purchased":["hermit:GhostlyPresence"],"campfire_rested":0,"item_purchase_floors":[8],"current_hp_per_floor":[75,75,68,68,50,50,50,50,50,48,40,0,0],"gold":32,"neow_bonus":"THREE_ENEMY_KILL","is_daily":false,"chose_seed":false,"campfire_upgraded":1,"win_rate":0.0,"timestamp":1613631908,"path_taken":["M","?","?","M","?","?","R","$","T","M","?","E"],"items_purchased_type":["Card"],"build_version":"2020-12-22","purchased_purges":1,"victory":false,"max_hp_per_floor":[75,75,75,75,75,75,75,75,75,75,75,75,75],"card_choices":[{"not_picked":["hermit:Glare","hermit:Manifest"],"picked":"hermit:Headshot","floor":1},{"not_picked":["hermit:LowProfile","hermit:ItchyTrigger"],"picked":"hermit:WideOpen","floor":2},{"not_picked":["hermit:Feint","hermit:HoleUp"],"picked":"hermit:FullyLoaded","floor":4},{"not_picked":["hermit:Manifest","hermit:WideOpen"],"picked":"hermit:Cheat","floor":10},{"not_picked":["hermit:HighCaliber","hermit:Malice"],"picked":"hermit:Gestalt","floor":11}],"player_experience":267362,"relics_obtained":[],"event_choices":[{"cards_removed":["hermit:Defend_Hermit"],"damage_healed":0,"gold_gain":0,"player_choice":"Card Removal","damage_taken":7,"max_hp_gain":0,"max_hp_loss":0,"event_name":"Golden Wing","floor":3,"gold_loss":0},{"damage_healed":0,"gold_gain":0,"player_choice":"Success","damage_taken":18,"relics_obtained":["hermit:RyeStalk"],"max_hp_gain":0,"max_hp_loss":0,"event_name":"Scrap Ooze","floor":5,"gold_loss":0}],"is_beta":false,"boss_relics":[],"items_purged_floors":[6],"is_endless":false,"potions_floor_spawned":[2,10],"killed_by":"3 Sentries","ascension_level":0}}