{"host":"Teech","time":1613671743,"event":{"mods":["AchievementEnabler","BaseMod","Colored Map","Minty Spire (QoL Compilation)","StSLib"],"gold_per_floor":[111,36,53,53,71,71,98,111,111,137,212,226,226,70,70,70,70],"floor_reached":16,"language":"ENG","playtime":501,"items_purged":["Pain"],"score":220,"play_id":"5f2a3a2d-7cb7-494d-ab4d-914d9de0d925","local_time":"20210218120903","is_ascension_mode":true,"campfire_choices":[{"data":"Streamline","floor":6.0,"key":"SMITH"},{"floor":15.0,"key":"REST"}],"circlet_count":0,"master_deck":["AscendersBane","Strike_B","Strike_B","Strike_B","Defend_B","Defend_B","Defend_B","Defend_B","Zap","Dualcast","Streamline+1","Ball Lightning","Coolheaded","Hyperbeam","Capacitor","Turbo","Rebound","Sweeping Beam"],"relics":["Nuclear Battery","WarpedTongs","Torii","CaptainsWheel","Ice Cream","Golden Idol"],"acts_visited":["Exordium"],"potions_floor_usage":[16],"damage_taken":[{"damage":1.0,"enemies":"Cultist","floor":1.0,"turns":4.0},{"damage":9.0,"enemies":"Jaw Worm","floor":3.0,"turns":4.0},{"damage":10.0,"enemies":"Small Slimes","floor":5.0,"turns":4.0},{"damage":19.0,"enemies":"Lagavulin","floor":7.0,"turns":7.0},{"damage":1.0,"enemies":"2 Fungi Beasts","floor":8.0,"turns":3.0},{"damage":9.0,"enemies":"3 Sentries","floor":10.0,"turns":4.0},{"damage":3.0,"enemies":"Blue Slaver","floor":12.0,"turns":1.0},{"damage":25,"enemies":"The Guardian","floor":16,"turns":6}],"seed_played":"-9001409883797232196","potions_obtained":[{"floor":3.0,"key":"PowerPotion"},{"floor":8.0,"key":"FearPotion"}],"is_trial":false,"path_per_floor":["M","?","M","?","M","R","E","M","T","E","?","M","?","$","R","B"],"character_chosen":"DEFECT","items_purchased":["Sweeping Beam","FocusPotion"],"campfire_rested":1,"item_purchase_floors":[14,14],"current_hp_per_floor":[63,63,54,54,44,44,25,24,24,15,4,1,1,1,20,0,0],"gold":70,"neow_bonus":"BOSS_RELIC","is_daily":false,"chose_seed":false,"campfire_upgraded":1,"win_rate":0.0,"timestamp":1613671743,"path_taken":["M","?","M","?","M","R","E","?","T","E","?","M","?","$","R","BOSS"],"items_purchased_type":["Card","Potion"],"build_version":"2020-12-18","purchased_purges":1,"victory":false,"max_hp_per_floor":[71,71,71,71,71,71,71,71,71,71,71,71,64,64,64,64,64],"card_choices":[{"not_picked":["Turbo","Recycle"],"picked":"Streamline","floor":1.0},{"not_picked":["Hologram","Turbo"],"picked":"Ball Lightning","floor":3.0},{"not_picked":["Melter","Hologram"],"picked":"Coolheaded","floor":5.0},{"not_picked":["Hologram","Go for the Eyes"],"picked":"Hyperbeam","floor":7.0},{"not_picked":["Streamline","Heatsinks"],"picked":"Capacitor","floor":8.0},{"not_picked":["Darkness","Tempest"],"picked":"Turbo","floor":10.0},{"not_picked":["Beam Cell","Compile Driver"],"picked":"Rebound","floor":12.0}],"player_experience":433874,"relics_obtained":[{"floor":7.0,"key":"Torii"},{"floor":9.0,"key":"CaptainsWheel"},{"floor":10.0,"key":"Ice Cream"}],"event_choices":[{"cards_removed":["Strike_B"],"damage_healed":0.0,"max_hp_gain":0.0,"max_hp_loss":0.0,"gold_gain":0.0,"event_name":"The Cleric","player_choice":"Card Removal","floor":2.0,"gold_loss":75.0,"damage_taken":0.0},{"damage_healed":0.0,"max_hp_gain":0.0,"max_hp_loss":0.0,"gold_gain":0.0,"event_name":"Accursed Blacksmith","player_choice":"Rummage","floor":4.0,"gold_loss":0.0,"damage_taken":0.0,"relics_obtained":["WarpedTongs"],"cards_obtained":["Pain"]},{"damage_healed":0.0,"max_hp_gain":0.0,"max_hp_loss":0.0,"gold_gain":75.0,"event_name":"World of Goop","player_choice":"Gather Gold","floor":11.0,"gold_loss":0.0,"damage_taken":11.0},{"damage_healed":0.0,"max_hp_gain":0.0,"max_hp_loss":7.0,"gold_gain":0.0,"event_name":"Golden Idol","player_choice":"Lose Max HP","floor":13.0,"gold_loss":0.0,"damage_taken":0.0,"relics_obtained":["Golden Idol"]}],"is_beta":true,"boss_relics":[],"items_purged_floors":[14],"is_endless":false,"potions_floor_spawned":[3,8],"killed_by":"The Guardian","ascension_level":20}}