{"host":"o5tjqk3pv43rrbqu","time":1613669815,"event":{"mods":["Aspiration","BaseMod","Hubris","Infinite Spire","Minty Spire (QoL Compilation)","Quick Restart","Relic Stats","Replay The Spire","Shop Mod","StSLib"],"gold_per_floor":[115,115,135,135,35,65,84,84,164,14,44,44,9,35,35,137,137,153,153,153,163,163,163],"floor_reached":22,"language":"ENG","playtime":2925,"items_purged":["Strike_R","Bash","Defend_R"],"score":210,"play_id":"7a4ab2cc-867d-4dea-a3ff-b7f1ecfe8d3e","local_time":"20210218113655","is_ascension_mode":true,"campfire_choices":[{"data":"Perfected Strike","floor":8.0,"key":"SMITH"},{"floor":15.0,"key":"REST"}],"circlet_count":0,"master_deck":["Strike_R","Strike_R","Strike_R","Strike_R","Defend_R","Defend_R","Defend_R","Flex","Anger","Perfected Strike+1","Pommel Strike","hubris:NaturalOne","Berserk"],"relics":["Burning Blood","hubris:Icosahedron","Juzu Bracelet","StrikeDummy","Bag of Preparation","Omamori","hubris:Stopwatch","Eternal Feather"],"acts_visited":["Exordium","TheCity"],"potions_floor_usage":[],"damage_taken":[{"damage":2.0,"enemies":"2 Louse","floor":1.0,"turns":4.0},{"damage":1.0,"enemies":"Small Slimes","floor":3.0,"turns":3.0},{"damage":16.0,"enemies":"Gremlin Nob","floor":6.0,"turns":4.0},{"damage":3.0,"enemies":"Jaw Worm","floor":7.0,"turns":3.0},{"damage":31.0,"enemies":"Lagavulin","floor":11.0,"turns":4.0},{"damage":31.0,"enemies":"3 Sentries","floor":14.0,"turns":7.0},{"damage":35.0,"enemies":"Slime Boss","floor":16.0,"turns":8.0},{"damage":9.0,"enemies":"Chosen","floor":18.0,"turns":3.0},{"damage":43.0,"enemies":"Shell Parasite","floor":21.0,"turns":5.0},{"damage":0,"enemies":"Centurion and Healer","floor":22,"turns":1}],"seed_played":"-6521025173367916975","potions_obtained":[{"floor":7.0,"key":"Adrenaline Potion"},{"floor":11.0,"key":"ElixirPotion"},{"floor":14.0,"key":"Explosive Potion"}],"is_trial":true,"path_per_floor":["M","?","M","?","$","E","M","R","T","$","E","?","?","E","R","B",null,"M","AVR","?","M","M"],"character_chosen":"IRONCLAD","items_purchased":["Anger","Strength Potion"],"campfire_rested":1,"item_purchase_floors":[5,10],"current_hp_per_floor":[80,80,80,80,80,70,73,73,73,73,48,48,68,43,67,38,80,77,77,77,40,40,40],"gold":163,"neow_bonus":"","is_daily":false,"chose_seed":false,"campfire_upgraded":1,"win_rate":0.0,"timestamp":1613669815,"path_taken":["M","?","M","?","?","E","M","R","T","$","E","?","?","E","R","BOSS","M","AVR","?","M","M"],"items_purchased_type":["Card","Potion"],"build_version":"2020-12-22","purchased_purges":3,"victory":false,"max_hp_per_floor":[80,80,80,80,80,80,80,80,80,80,80,80,80,80,80,80,80,80,80,80,80,80,80],"relic_stats":{"counters":[10,41],"Eternal Feather":0,"Juzu Bracelet":2,"Bag of Preparation":[8],"obtain_stats":[{"hubris:Icosahedron":2,"hubris:Stopwatch":17,"Eternal Feather":19,"Juzu Bracelet":6,"Bag of Preparation":11,"Omamori":14,"StrikeDummy":9,"Burning Blood":0},{"hubris:Icosahedron":1,"hubris:Stopwatch":7,"Eternal Feather":8,"Juzu Bracelet":3,"Bag of Preparation":5,"Omamori":6,"StrikeDummy":4,"Burning Blood":0},{"hubris:Icosahedron":4,"hubris:Stopwatch":33,"Eternal Feather":36,"Juzu Bracelet":11,"Bag of Preparation":18,"Omamori":25,"StrikeDummy":14,"Burning Blood":0}],"Burning Blood":45},"card_choices":[{"not_picked":["Iron Wave","Run Through"],"picked":"Flex","floor":1.0},{"not_picked":["Clothesline","Havoc","Sword Boomerang"],"picked":"SKIP","floor":3.0},{"not_picked":["Pommel Strike","Twin Strike"],"picked":"Perfected Strike","floor":6.0},{"not_picked":["Headbutt","Body Slam"],"picked":"Pommel Strike","floor":7.0},{"not_picked":["Uppercut","Searing Blow","infinitespire:OneForAll"],"picked":"SKIP","floor":11.0},{"not_picked":["Entrench","Clothesline","Pummel"],"picked":"SKIP","floor":14.0},{"not_picked":["hubris:StunningStrike","Exhume"],"picked":"Berserk","floor":16.0},{"not_picked":["Clash","Seeing Red","ReplayTheSpireMod:Corrosion Curse"],"picked":"SKIP","floor":18.0},{"not_picked":["Seeing Red","Sword Boomerang","infinitespire:OneForAll"],"picked":"SKIP","floor":21.0}],"player_experience":558109,"relics_obtained":[{"floor":6.0,"key":"Juzu Bracelet"},{"floor":9.0,"key":"StrikeDummy"},{"floor":11.0,"key":"Bag of Preparation"},{"floor":14.0,"key":"Omamori"}],"event_choices":[{"damage_healed":0.0,"max_hp_gain":0.0,"max_hp_loss":0.0,"gold_gain":0.0,"event_name":"Golden Wing","player_choice":"Ignored","floor":4.0,"gold_loss":0.0,"damage_taken":0.0},{"damage_healed":0.0,"max_hp_gain":0.0,"max_hp_loss":0.0,"gold_gain":0.0,"event_name":"Match and Keep!","player_choice":"0 cards matched","floor":12.0,"gold_loss":0.0,"damage_taken":0.0,"cards_obtained":[]},{"damage_healed":20.0,"max_hp_gain":0.0,"max_hp_loss":0.0,"gold_gain":0.0,"event_name":"The Cleric","player_choice":"Healed","floor":13.0,"gold_loss":35.0,"damage_taken":0.0}],"is_beta":false,"boss_relics":[{"not_picked":["hubris:TerracottaHorce","Painkiller Herb"],"picked":"hubris:Stopwatch"}],"items_purged_floors":[5,10,19],"is_endless":false,"potions_floor_spawned":[7,11,14],"killed_by":"Centurion and Healer","ascension_level":1}}