{"host":"8jwrv7sn1174lfer","time":1613623725,"event":{"mods":["BaseMod","Colored Map","Colored Powertips","Downfall","Highlight Path","Minty Spire (QoL Compilation)","StSLib"],"gold_per_floor":[99,112,122,139,139,139,139,149,149,183,183,183,195,19,29,125,125,125,125,56,75,60,60,84,102,113,22,22,22,22,12,30,30,30,30],"floor_reached":33,"language":"ENG","playtime":1814,"items_purged":[],"score":319,"play_id":"d973f851-40ea-4c0d-a706-52311c532491","local_time":"20210217234845","is_ascension_mode":true,"campfire_choices":[{"data":"Guardian:TwinSlam","floor":1.0,"key":"SMITH"},{"data":"Guardian:WalkerClaw","floor":6.0,"key":"SMITH"},{"data":"Guardian:ChargeCore","floor":9.0,"key":"SMITH"},{"data":"Guardian:FierceBash","floor":12.0,"key":"SMITH"},{"data":"Guardian:HyperBeam_Guardian","floor":18,"key":"SMITH"},{"floor":23,"key":"RECALL"},{"data":"Guardian:BaubleBeam","floor":28,"key":"SMITH"},{"data":"Guardian:PiercingHide","floor":30,"key":"SMITH"}],"circlet_count":0,"master_deck":["Guardian:CurlUp","Guardian:TwinSlam+1","Guardian:WalkerClaw+1","Guardian:VentSteam","Guardian:PrismaticBeam","Guardian:ChargeCore+1","Guardian:FierceBash+1","Guardian:TemporalStrike","Guardian:BaubleBeam+1","Guardian:PiercingHide+1","Guardian:BodySlam","Guardian:RefractedBeam","Guardian:FuturePlans","Guardian:Emergency","Guardian:ShieldSpikes","Guardian:PolyBeam","Guardian:HyperBeam_Guardian+1","Guardian:ChargeCore+1","Guardian:Gem_Lightblue","Guardian:Gem_Red","Guardian:BronzeOrb"],"relics":["Guardian:ModeShifter","StoneCalendar","FossilizedHelix","Eternal Feather","Nunchaku","Pandora\u0027s Box","Lantern","Singing Bowl"],"acts_visited":["Exordium","TheCity"],"potions_floor_usage":[16,16,22,27,33,33],"damage_taken":[{"damage":5.0,"enemies":"2 Louse","floor":2.0,"turns":3.0},{"damage":2.0,"enemies":"Small Slimes","floor":3.0,"turns":4.0},{"damage":7.0,"enemies":"Jaw Worm","floor":4.0,"turns":3.0},{"damage":0.0,"enemies":"Blue Slaver","floor":8.0,"turns":2.0},{"damage":20.0,"enemies":"3 Sentries","floor":10.0,"turns":7.0},{"damage":8,"enemies":"Exordium Thugs","floor":13,"turns":4},{"damage":4,"enemies":"downfall:FleeingMerchant","floor":14,"turns":4},{"damage":0,"enemies":"2 Fungi Beasts","floor":15,"turns":3},{"damage":11,"enemies":"WA_ARCHETYPE_RETAIN","floor":16,"turns":5},{"damage":12,"enemies":"downfall:FleeingMerchant","floor":20,"turns":4},{"damage":23,"enemies":"downfall:LooterAlt2","floor":21,"turns":3},{"damage":16,"enemies":"downfall:FleeingMerchant","floor":22,"turns":4},{"damage":7,"enemies":"Shell Parasite","floor":25,"turns":2},{"damage":0,"enemies":"Sentry and Sphere","floor":26,"turns":3},{"damage":0,"enemies":"downfall:FleeingMerchant","floor":27,"turns":4},{"damage":0,"enemies":"downfall:FleeingMerchant","floor":31,"turns":1},{"damage":12,"enemies":"Cultist and Chosen","floor":32,"turns":4},{"damage":49,"enemies":"DF_ARCHETYPE_CLAW","floor":33,"turns":5}],"seed_played":"-8309655149368415041","potions_obtained":[{"floor":3.0,"key":"bronze:BurnAndBuffPotion"},{"floor":10.0,"key":"Regen Potion"},{"floor":13,"key":"ColorlessPotion"},{"floor":16,"key":"Swift Potion"},{"floor":21,"key":"Strength Potion"},{"floor":29,"key":"CultistPotion"}],"is_trial":false,"path_per_floor":["R","M","M","M","?","R","T","M","R","E","?","R","M","$","M","B",null,"R","?","$","M","$","R","T","M","M","$","R","?","R","$","M","B"],"character_chosen":"GUARDIAN","items_purchased":["Guardian:BaubleBeam","Guardian:Gem_Red","Regen Potion","Guardian:Gem_Red","Singing Bowl","Guardian:BronzeOrb"],"campfire_rested":0,"item_purchase_floors":[14,20,27,31,31,31],"current_hp_per_floor":[72,67,65,58,58,58,58,58,58,38,31,37,29,25,25,23,60,69,69,57,34,18,30,30,23,23,23,35,35,44,44,34,0,0,0],"gold":30,"neow_bonus":"ONE_RARE_RELIC","is_daily":false,"chose_seed":false,"campfire_upgraded":7,"win_rate":0.0,"timestamp":1613623725,"path_taken":["R","M","M","M","?","R","T","M","R","E","?","R","M","?","M","BOSS","R","?","$","M","?","R","T","M","M","$","R","?","R","$","M","BOSS"],"items_purchased_type":["Card","Card","Potion","Card","Relic","Card"],"build_version":"2020-12-22","purchased_purges":0,"victory":false,"max_hp_per_floor":[72,72,72,72,72,72,72,72,72,72,72,72,72,72,72,72,72,72,72,72,72,72,72,72,72,72,72,72,72,72,72,74,74,74,74],"card_choices":[{"not_picked":["Guardian:Gem_Green","Guardian:RollAttack"],"picked":"Guardian:WalkerClaw","floor":2.0},{"not_picked":["Guardian:GemFire","Guardian:Emergency"],"picked":"Guardian:VentSteam","floor":3.0},{"not_picked":["Guardian:PrimingBeam","Guardian:DonusPower"],"picked":"Guardian:PrismaticBeam","floor":4.0},{"not_picked":["Guardian:ShieldSpikes","Guardian:SpikerProtocol"],"picked":"Guardian:ChargeCore","floor":8.0},{"not_picked":["Guardian:TemporalShield","Guardian:Clone"],"picked":"Guardian:FierceBash","floor":10.0},{"not_picked":["Guardian:ShieldCharger","Guardian:Preprogram","Guardian:WalkerClaw"],"picked":"SKIP","floor":13},{"not_picked":["Guardian:PrimingBeam","Guardian:PiercingHide"],"picked":"Guardian:TemporalStrike","floor":14},{"not_picked":["Guardian:ChargeCore","Guardian:CrystalBeam"],"picked":"Guardian:PiercingHide","floor":15},{"not_picked":["Guardian:Incinerate+1","Guardian:MultiBeam","Guardian:Preprogram+1"],"picked":"SKIP","floor":20},{"not_picked":["Guardian:TemporalShield","Guardian:PiercingHide+1"],"picked":"Guardian:Gem_Green","floor":21},{"not_picked":["Guardian:PolyBeam","Guardian:DonusPower"],"picked":"Guardian:Gem_Purple","floor":22},{"not_picked":["Guardian:PiercingHide","Guardian:VentSteam+1"],"picked":"Guardian:Gem_Blue","floor":25},{"not_picked":["Guardian:CrystalBeam","Guardian:RollAttack","Guardian:VentSteam"],"picked":"SKIP","floor":26},{"not_picked":["Guardian:Reroute","Guardian:ArmoredProtocol"],"picked":"Guardian:Gem_Red","floor":27},{"not_picked":["Guardian:RefractedBeam+1","Guardian:Reroute"],"picked":"Guardian:Gem_Lightblue","floor":31},{"not_picked":["Guardian:Reroute","Guardian:GuardianWhirl+1","Guardian:VentSteam"],"picked":"Singing Bowl","floor":32}],"player_experience":798936,"relics_obtained":[{"floor":7.0,"key":"FossilizedHelix"},{"floor":10.0,"key":"Eternal Feather"},{"floor":24,"key":"Lantern"}],"event_choices":[{"cards_removed":["Guardian:Strike_Guardian"],"damage_healed":0.0,"max_hp_gain":0.0,"max_hp_loss":0.0,"gold_gain":0.0,"event_name":"The Cleric","player_choice":"Card Removal","floor":5.0,"gold_loss":0.0,"damage_taken":0.0},{"damage_healed":0.0,"max_hp_gain":0.0,"max_hp_loss":0.0,"gold_gain":0.0,"event_name":"Scrap Ooze","player_choice":"Success","floor":11.0,"gold_loss":0.0,"damage_taken":7.0,"relics_obtained":["Nunchaku"]}],"is_beta":false,"boss_relics":[{"not_picked":["Philosopher\u0027s Stone","Empty Cage"],"picked":"Pandora\u0027s Box"}],"items_purged_floors":[],"is_endless":false,"potions_floor_spawned":[3,10,13,16,21,32],"killed_by":"DF_ARCHETYPE_CLAW","ascension_level":6}}