{"host":"8lno9xwgef3sjccz","time":1613687043,"event":{"mods":["AchievementEnabler","BaseMod","Minty Spire (QoL Compilation)","Relic Stats"],"gold_per_floor":[210,225,244,244,264,264,294,294,294,309,340,353,353,22,22,124,124,138,63,63,74,99,99,116,143,168,168,22,22,50,69,69,166,166,180,192,2,17,36,36,67,67,91,111,111,126,175,0,0,0],"floor_reached":51,"language":"ENG","playtime":3059,"items_purged":["Strike_R"],"score":863,"play_id":"b62847a5-aca5-429c-accd-09e31446fb47","local_time":"20210218172403","is_ascension_mode":true,"campfire_choices":[{"data":"Wild Strike","floor":6,"key":"SMITH"},{"data":"Fire Breathing","floor":8,"key":"SMITH"},{"floor":13,"key":"REST"},{"floor":15,"key":"REST"},{"data":"Uppercut","floor":23,"key":"SMITH"},{"floor":27,"key":"REST"},{"floor":32,"key":"REST"},{"floor":40,"key":"REST"},{"data":"Fiend Fire","floor":42,"key":"SMITH"},{"floor":45,"key":"RECALL"},{"floor":49,"key":"REST"}],"circlet_count":0,"master_deck":["Strike_R","Strike_R","Strike_R+1","Strike_R","Defend_R+1","Defend_R","Defend_R","Bash","True Grit","Shrug It Off+1","Twin Strike+1","Wild Strike+1","Fire Breathing+1","Power Through","Shrug It Off","Headbutt","Shrug It Off+1","Impervious+1","Ghostly Armor+1","Ghostly+1","Ghostly+1","Ghostly+1","Ghostly+1","Ghostly+1","Uppercut+1","Shrug It Off+1","Armaments+1","Spot Weakness+1","Anger+1","Immolate","CurseOfTheBell","Armaments+1","Dual Wield+1","Panache","Intimidate+1","Parasite","Metallicize+1","Bloodletting+1","Fiend Fire+1","Shockwave+1","Spot Weakness+1","Intimidate+1"],"relics":["Burning Blood","Matryoshka","Dream Catcher","StoneCalendar","HornCleat","Toxic Egg 2","Black Star","Pear","Vajra","Mercury Hourglass","Regal Pillow","Oddly Smooth Stone","Bag of Preparation","Pantograph","Singing Bowl","Whetstone","Calling Bell","Strawberry","Letter Opener","Calipers","Orichalcum","Ancient Tea Set","Dead Branch","Red Mask"],"acts_visited":["Exordium","TheCity","TheBeyond"],"potions_floor_usage":[11,16,33,41,41,44,44,44,47],"damage_taken":[{"damage":5,"enemies":"Cultist","floor":1,"turns":4},{"damage":4,"enemies":"2 Louse","floor":2,"turns":3},{"damage":5,"enemies":"Small Slimes","floor":3,"turns":4},{"damage":13,"enemies":"Blue Slaver","floor":5,"turns":3},{"damage":21,"enemies":"Lagavulin","floor":7,"turns":8},{"damage":5,"enemies":"Looter","floor":10,"turns":3},{"damage":39,"enemies":"Gremlin Nob","floor":11,"turns":5},{"damage":0,"enemies":"Lots of Slimes","floor":12,"turns":3},{"damage":9,"enemies":"Slime Boss","floor":16,"turns":7},{"damage":14,"enemies":"3 Byrds","floor":18,"turns":5},{"damage":4,"enemies":"Spheric Guardian","floor":21,"turns":7},{"damage":4,"enemies":"Cultist and Chosen","floor":24,"turns":7},{"damage":11,"enemies":"Book of Stabbing","floor":25,"turns":9},{"damage":0,"enemies":"Slavers","floor":30,"turns":7},{"damage":0,"enemies":"Snake Plant","floor":31,"turns":7},{"damage":44,"enemies":"Collector","floor":33,"turns":12},{"damage":0,"enemies":"3 Darklings","floor":35,"turns":7},{"damage":0,"enemies":"3 Shapes","floor":36,"turns":4},{"damage":0,"enemies":"3 Darklings","floor":38,"turns":7},{"damage":1,"enemies":"Writhing Mass","floor":39,"turns":9},{"damage":15,"enemies":"Nemesis","floor":41,"turns":11},{"damage":3,"enemies":"Spire Growth","floor":44,"turns":7},{"damage":1,"enemies":"3 Darklings","floor":46,"turns":6},{"damage":0,"enemies":"2 Orb Walkers","floor":47,"turns":7},{"damage":45,"enemies":"Donu and Deca","floor":50,"turns":9}],"seed_played":"-8653534085886274511","potions_obtained":[{"floor":1,"key":"SteroidPotion"},{"floor":7,"key":"ColorlessPotion"},{"floor":11,"key":"Energy Potion"},{"floor":12,"key":"EntropicBrew"},{"floor":21,"key":"Regen Potion"},{"floor":38,"key":"SkillPotion"},{"floor":39,"key":"LiquidMemories"},{"floor":46,"key":"EssenceOfSteel"}],"is_trial":false,"path_per_floor":["M","M","M","?","M","R","E","R","T","M","E","M","R","$","R","B",null,"M","?","?","M","T","R","M","E","T","R","$","T","E","M","R","B",null,"M","M","$","M","M","R","E","R","T","M","R","M","?","?","R","B",null],"character_chosen":"IRONCLAD","items_purchased":["Toxic Egg 2","Bag of Preparation","Panache"],"campfire_rested":6,"item_purchase_floors":[14,28,37],"current_hp_per_floor":[80,80,80,64,57,57,42,42,42,43,10,16,40,40,64,61,80,72,72,40,40,50,50,50,45,45,50,50,50,50,50,50,21,57,57,57,57,57,57,57,48,48,48,53,53,58,59,59,59,20],"gold":0,"neow_bonus":"HUNDRED_GOLD","is_daily":false,"chose_seed":false,"campfire_upgraded":4,"win_rate":0.0,"timestamp":1613687043,"path_taken":["M","M","M","?","M","R","E","R","T","M","E","M","R","$","R","BOSS","M","?","?","M","?","R","M","E","T","R","?","?","E","M","R","BOSS","M","M","?","M","M","R","E","R","T","M","R","M","?","?","R","BOSS"],"items_purchased_type":["Relic","Relic","Card"],"build_version":"2020-12-22","purchased_purges":1,"victory":true,"max_hp_per_floor":[80,80,80,80,80,80,80,80,80,80,80,80,80,80,80,80,80,80,80,40,40,50,50,50,50,50,50,50,50,50,50,50,50,57,57,57,57,57,57,57,57,57,57,59,59,59,59,59,59,59],"relic_stats":{"Regal Pillow":0,"Singing Bowl":2,"counters":[25,160],"Dead Branch":[15],"StoneCalendar":[395],"Bag of Preparation":[24],"Whetstone":["Strike_R","Twin Strike"],"Letter Opener":[266],"Orichalcum":[12],"Burning Blood":102,"Mercury Hourglass":[456],"Dream Catcher":6,"Pantograph":0,"Black Star":3,"obtain_stats":[{"Regal Pillow":25,"Pear":22,"Calipers":34,"Singing Bowl":30,"Dead Branch":47,"Vajra":22,"Oddly Smooth Stone":26,"StoneCalendar":9,"Bag of Preparation":28,"Whetstone":30,"Letter Opener":34,"Orichalcum":41,"Ancient Tea Set":41,"Burning Blood":0,"Mercury Hourglass":25,"Calling Bell":34,"Dream Catcher":9,"Matryoshka":7,"HornCleat":11,"Pantograph":29,"Strawberry":34,"Black Star":17,"Red Mask":48,"Toxic Egg 2":14},{"Regal Pillow":13,"Pear":11,"Calipers":16,"Singing Bowl":14,"Dead Branch":24,"Vajra":11,"Oddly Smooth Stone":13,"StoneCalendar":5,"Bag of Preparation":13,"Whetstone":14,"Letter Opener":16,"Orichalcum":21,"Ancient Tea Set":21,"Burning Blood":0,"Mercury Hourglass":13,"Calling Bell":16,"Dream Catcher":5,"Matryoshka":5,"HornCleat":7,"Pantograph":13,"Strawberry":16,"Black Star":9,"Red Mask":24,"Toxic Egg 2":8},{"Regal Pillow":68,"Pear":52,"Calipers":93,"Singing Bowl":74,"Dead Branch":151,"Vajra":52,"Oddly Smooth Stone":68,"StoneCalendar":22,"Bag of Preparation":68,"Whetstone":74,"Letter Opener":93,"Orichalcum":131,"Ancient Tea Set":131,"Burning Blood":0,"Mercury Hourglass":68,"Calling Bell":93,"Dream Catcher":22,"Matryoshka":22,"HornCleat":30,"Pantograph":68,"Strawberry":93,"Black Star":40,"Red Mask":151,"Toxic Egg 2":33}]},"card_choices":[{"not_picked":["Feel No Pain","Dark Embrace"],"picked":"True Grit","floor":1},{"not_picked":["Clash","Warcry"],"picked":"Shrug It Off","floor":2},{"not_picked":["Sword Boomerang","Bloodletting"],"picked":"Twin Strike","floor":3},{"not_picked":["Sever Soul","Second Wind"],"picked":"Wild Strike","floor":5},{"not_picked":["Twin Strike","Uppercut"],"picked":"Fire Breathing","floor":7},{"not_picked":["Twin Strike","Warcry","Shrug It Off"],"picked":"SKIP","floor":10},{"not_picked":["True Grit","Rupture"],"picked":"Power Through","floor":11},{"not_picked":["Wild Strike","Perfected Strike"],"picked":"Shrug It Off","floor":12},{"not_picked":["Heavy Blade","Body Slam"],"picked":"Headbutt","floor":13},{"not_picked":["Clash","Burning Pact+1"],"picked":"Shrug It Off+1","floor":15},{"not_picked":["Offering+1","Immolate"],"picked":"Impervious+1","floor":16},{"not_picked":["Warcry+1","Blood for Blood"],"picked":"Ghostly Armor+1","floor":18},{"not_picked":["Warcry+1","Clash"],"picked":"Uppercut","floor":21},{"not_picked":["Clothesline","Clash","Ghostly Armor+1"],"picked":"SKIP","floor":24},{"not_picked":["Sword Boomerang","Iron Wave","Twin Strike"],"picked":"SKIP","floor":25},{"not_picked":["Heavy Blade","Havoc+1"],"picked":"Shrug It Off+1","floor":27},{"not_picked":["Carnage","Clash+1"],"picked":"Armaments+1","floor":30},{"not_picked":["Perfected Strike","Clash+1"],"picked":"Spot Weakness+1","floor":31},{"not_picked":["Wild Strike","Entrench+1"],"picked":"Anger+1","floor":32},{"not_picked":["Feed","Fiend Fire"],"picked":"Immolate","floor":33},{"not_picked":["Iron Wave+1","Searing Blow"],"picked":"Armaments+1","floor":35},{"not_picked":["Inflame","Perfected Strike+1"],"picked":"Dual Wield+1","floor":36},{"not_picked":["Searing Blow","Reckless Charge"],"picked":"Intimidate+1","floor":38},{"not_picked":["Flex+1","Feed"],"picked":"Metallicize+1","floor":39},{"not_picked":["Body Slam+1","Warcry+1"],"picked":"Bloodletting+1","floor":40},{"not_picked":["Anger+1","Seeing Red+1"],"picked":"Fiend Fire","floor":41},{"not_picked":["Thunderclap","Searing Blow+1","Combust"],"picked":"Singing Bowl","floor":44},{"not_picked":["Warcry+1","Flex+1"],"picked":"Shockwave+1","floor":46},{"not_picked":["Evolve+1","Whirlwind+1"],"picked":"Spot Weakness+1","floor":47},{"not_picked":["Havoc+1","Evolve+1"],"picked":"Intimidate+1","floor":49}],"player_experience":134007,"relics_obtained":[{"floor":7,"key":"Matryoshka"},{"floor":9,"key":"Dream Catcher"},{"floor":9,"key":"StoneCalendar"},{"floor":11,"key":"HornCleat"},{"floor":22,"key":"Pear"},{"floor":22,"key":"Vajra"},{"floor":25,"key":"Mercury Hourglass"},{"floor":25,"key":"Regal Pillow"},{"floor":26,"key":"Oddly Smooth Stone"},{"floor":29,"key":"Pantograph"},{"floor":30,"key":"Singing Bowl"},{"floor":30,"key":"Whetstone"},{"floor":34,"key":"Strawberry"},{"floor":34,"key":"Letter Opener"},{"floor":34,"key":"Calipers"},{"floor":41,"key":"Orichalcum"},{"floor":41,"key":"Ancient Tea Set"},{"floor":47,"key":"Dead Branch"}],"event_choices":[{"damage_healed":0,"gold_gain":0,"player_choice":"Entered Light","damage_taken":16,"max_hp_gain":0,"max_hp_loss":0,"event_name":"Shining Light","floor":4,"gold_loss":0,"cards_upgraded":["Shrug It Off","Defend_R"]},{"cards_removed":["Defend_R"],"damage_healed":0,"gold_gain":0,"player_choice":"Gave Gold","damage_taken":0,"max_hp_gain":0,"max_hp_loss":0,"event_name":"Beggar","floor":19,"gold_loss":75},{"damage_healed":0,"gold_gain":0,"player_choice":"Became a Ghost","damage_taken":0,"max_hp_gain":0,"max_hp_loss":40,"event_name":"Ghosts","floor":20,"gold_loss":0,"cards_obtained":["Ghostly","Ghostly","Ghostly","Ghostly","Ghostly"]},{"damage_healed":0,"gold_gain":0,"player_choice":"Fight","damage_taken":0,"max_hp_gain":0,"max_hp_loss":0,"event_name":"Mysterious Sphere","floor":47,"gold_loss":0},{"damage_healed":0,"gold_gain":0,"player_choice":"Paid","damage_taken":0,"relics_obtained":["Red Mask"],"max_hp_gain":0,"max_hp_loss":0,"event_name":"Tomb of Lord Red Mask","floor":48,"gold_loss":175}],"is_beta":false,"boss_relics":[{"not_picked":["Coffee Dripper","Busted Crown"],"picked":"Black Star"},{"not_picked":["Mark of Pain","SlaversCollar"],"picked":"Calling Bell"}],"items_purged_floors":[14],"is_endless":false,"potions_floor_spawned":[1,7,11,12,21,31,38,39,46],"ascension_level":1}}