{"host":"saki","time":1613626820,"event":{"mods":["ATMod(°¢èªMod)","BaseMod","Energized Spire","Koishi","Marisa£¨ìFÓê¡¡Ä§ÀíÉ³£©","Minty Spire (QoL Compilation)","Nova Terra(ÅµÍÞ¡¤Ì©À­)","Quick Restart","Reimu£¨²©ÀöÁéÃÎ£©","StSLib","TestMod","The Runesmith","Waifu the Spire","Youmu£¨»êÆÇÑýÃÎ£©","Yuyuko","[GremlinLeader]The Maniac","¡¾ÒÅÎï¿¨ÅÆ¡¿REMEMod"],"gold_per_floor":[111,126,126,145,145,145,178,201,201,224,247,247,280,380,380,503,503,519,544,544,563,582,626,641,672,695,746,797,822,151,205,205,348,348,367,1366,1366,435,465,492,492,524,524,566,899,938,938,968,968,967],"floor_reached":51,"language":"ZHS","playtime":3151,"items_purged":[],"score":1038,"play_id":"365841cd-e921-4901-aa56-4121e9eed396","local_time":"20210218134020","is_ascension_mode":false,"campfire_choices":[{"data":"AT_RobotInSpace","floor":6.0,"key":"SMITH"},{"data":"maniac:Infuriate","floor":12.0,"key":"SMITH"},{"data":"maniac:UndyingDesire","floor":15.0,"key":"SMITH"},{"data":"maniac:EndOfTheRoad","floor":32.0,"key":"SMITH"},{"data":"maniac:Deal","floor":47,"key":"SMITH"},{"data":"maniac:Deal+1","floor":49,"key":"SMITH"}],"circlet_count":0,"master_deck":["maniac:ShelteringEdge","maniac:Infuriate+1","maniac:UndyingDesire+1","maniac:BladeShoot+1","maniac:Collecting","maniac:EndOfTheRoad+1","maniac:BladeArtist","maniac:Confront","maniac:BladesInCloak","maniac:TimeForm","maniac:ShelteringEdge+1","maniac:UntravelledPath","maniac:Collecting","maniac:SorceryHour+1","maniac:ReconstructWounds+1","maniac:ManipulatedFaith+1","maniac:Deal+2","maniac:MeleeStrike+1"],"relics":["maniac:DamagedAnvil","maniac:BrokenHorn","testmod-TestBox","AT_ATBox","REME_ComplimentaryCards","testmod-HarvestTotem","Blood Vial","MealTicket","White Beast Statue","Shuriken","AT_ForceNature","TungstenRod","REME_ArchaeologicalTools","Anchor","Gremlin Horn","testmod-RandomTest","Pantograph","testmod-Fanaticism","Whetstone","testmod-Brilliant","Mercury Hourglass","testmod-Prudence","Question Card","Du-Vu Doll","AT_GuinsooRageblade","testmod-Justice"],"acts_visited":["Exordium","TheCity","TheBeyond"],"potions_floor_usage":[38,50],"damage_taken":[{"damage":13.0,"enemies":"Jaw Worm","floor":1.0,"turns":2.0},{"damage":8.0,"enemies":"2 Louse","floor":2.0,"turns":2.0},{"damage":6.0,"enemies":"Cultist","floor":4.0,"turns":3.0},{"damage":51.0,"enemies":"3 Sentries","floor":7.0,"turns":10.0},{"damage":3.0,"enemies":"Large Slime","floor":8.0,"turns":4.0},{"damage":15.0,"enemies":"3 Louse","floor":10.0,"turns":3.0},{"damage":3.0,"enemies":"Gremlin Gang","floor":11.0,"turns":2.0},{"damage":3.0,"enemies":"Gremlin Nob","floor":13.0,"turns":2.0},{"damage":21.0,"enemies":"Slime Boss","floor":16.0,"turns":4.0},{"damage":12.0,"enemies":"3 Byrds","floor":18.0,"turns":7.0},{"damage":6.0,"enemies":"Spheric Guardian","floor":19.0,"turns":2.0},{"damage":3.0,"enemies":"Snecko","floor":20.0,"turns":3.0},{"damage":54.0,"enemies":"Cultist and Chosen","floor":21.0,"turns":5.0},{"damage":37.0,"enemies":"3 Cultists","floor":22.0,"turns":5.0},{"damage":4.0,"enemies":"Slavers","floor":23.0,"turns":1.0},{"damage":8.0,"enemies":"Centurion and Healer","floor":24.0,"turns":4.0},{"damage":38.0,"enemies":"Gremlin Leader","floor":25.0,"turns":3.0},{"damage":0.0,"enemies":"Sentry and Sphere","floor":27.0,"turns":2.0},{"damage":0.0,"enemies":"REME_1_Revenger","floor":28.0,"turns":2.0},{"damage":0.0,"enemies":"Snake Plant","floor":29.0,"turns":1.0},{"damage":3.0,"enemies":"3 Cultists","floor":31.0,"turns":4.0},{"damage":28.0,"enemies":"Champ","floor":33.0,"turns":4.0},{"damage":70.0,"enemies":"3 Darklings","floor":35.0,"turns":3.0},{"damage":17,"enemies":"Orb Walker","floor":39,"turns":4},{"damage":0,"enemies":"4 Shapes","floor":40,"turns":1},{"damage":0,"enemies":"Transient","floor":42,"turns":9},{"damage":148,"enemies":"Nemesis","floor":44,"turns":4},{"damage":68,"enemies":"Giant Head","floor":46,"turns":4},{"damage":33,"enemies":"Nemesis","floor":48,"turns":4},{"damage":70,"enemies":"Time Eater","floor":50,"turns":6}],"seed_played":"-7457881472434108418","potions_obtained":[{"floor":1.0,"key":"SkillPotion"},{"floor":7.0,"key":"Explosive Potion"},{"floor":16.0,"key":"LiquidMemories"},{"floor":18.0,"key":"SkillPotion"},{"floor":19.0,"key":"REME_GoldPotion"},{"floor":21.0,"key":"SpeedPotion"},{"floor":22.0,"key":"FearPotion"},{"floor":23.0,"key":"SpeedPotion"},{"floor":24.0,"key":"Weak Potion"},{"floor":25.0,"key":"AttackPotion"},{"floor":31.0,"key":"Regen Potion"},{"floor":35.0,"key":"REME_GoldPotion"},{"floor":44,"key":"MagicPotion:ReiMu"}],"is_trial":false,"path_per_floor":["M","M","?","M","?","R","E","M","T","M","M","R","E","?","R","B",null,"M","M","M","M","M","E","M","E","T","M","E","M","$","M","R","B",null,"M","?","?","$","M","M","?","M","T","E","?","E","R","E","R","B",null],"character_chosen":"THE_MANIAC","items_purchased":["maniac:BladesInCloak","Blind","maniac:SpectralKnives","maniac:DashForward","maniac:UnseenTerror","maniac:FanTheHammer","Apotheosis","maniac:ShadowContact","maniac:UntravelledPath","maniac:FindAShortcut","maniac:Collecting","maniac:Lacerate","AT_CelerityRune","testmod-EternalityOfKhronos","CultistPotion","Whetstone"],"campfire_rested":0,"item_purchase_floors":[30,30,30,30,30,30,30,38,38,38,38,38,38,38,38,38],"current_hp_per_floor":[179,171,191,185,135,135,84,85,85,74,75,75,76,76,76,59,202,190,188,189,139,106,106,102,68,68,72,76,80,110,111,111,137,202,202,202,202,202,191,195,195,199,199,202,202,202,202,202,202,202],"gold":967,"neow_bonus":"TEN_PERCENT_HP_BONUS","is_daily":false,"chose_seed":false,"campfire_upgraded":6,"win_rate":0.0,"timestamp":1613626820,"path_taken":["M","M","?","M","?","R","E","M","T","M","M","R","E","?","R","BOSS","M","?","M","M","M","E","M","E","T","M","E","M","$","M","R","BOSS","M","?","?","$","?","M","?","M","T","E","?","E","R","E","R","BOSS"],"items_purchased_type":["Card","Card","Card","Card","Card","Card","Card","Card","Card","Card","Card","Card","Card","Card","Potion","Relic"],"build_version":"2020-12-18","purchased_purges":0,"victory":true,"max_hp_per_floor":[192,192,202,202,202,202,202,202,202,202,202,202,202,202,202,202,202,202,202,202,202,202,202,202,202,202,202,202,202,202,202,202,202,202,202,202,202,202,202,202,202,202,202,202,202,202,202,202,202,202],"card_choices":[{"not_picked":["maniac:DashForward","maniac:Confront"],"picked":"maniac:SpectralKnives","floor":1.0},{"not_picked":["maniac:Confront","maniac:MeleeStrike"],"picked":"maniac:ShelteringEdge","floor":2.0},{"not_picked":["maniac:PerceiveDanger","maniac:BladesInCloak","maniac:Confront"],"picked":"SKIP","floor":4.0},{"not_picked":["maniac:DashForward","maniac:Intimidate"],"picked":"maniac:Infuriate","floor":7.0},{"not_picked":["maniac:Quickdraw","maniac:FindAShortcut","maniac:ListenToNone"],"picked":"SKIP","floor":8.0},{"not_picked":["maniac:UntravelledPath","maniac:Confront"],"picked":"maniac:HammerStrike","floor":10.0},{"not_picked":["maniac:BladesInCloak","maniac:DashForward"],"picked":"maniac:UndyingDesire","floor":11.0},{"not_picked":["maniac:TorturousScreams","maniac:UniversalPerception"],"picked":"maniac:BladeShoot","floor":13.0},{"not_picked":["maniac:HammerDown","maniac:Simulacrum"],"picked":"maniac:Collecting","floor":16.0},{"not_picked":["maniac:ColdHeart+1","maniac:SpectralKnives"],"picked":"maniac:WardAndDefend+1","floor":18.0},{"not_picked":["maniac:DashForward","maniac:MortalSteel"],"picked":"maniac:EndOfTheRoad","floor":19.0},{"not_picked":["maniac:WardAndDefend","maniac:GlassScratch+1","maniac:Intimidate+1"],"picked":"SKIP","floor":20.0},{"not_picked":["maniac:UntravelledPath","maniac:WitnessTrueSorcery","maniac:Refine"],"picked":"SKIP","floor":21.0},{"not_picked":["maniac:UntravelledPath","maniac:WitnessTrueSorcery"],"picked":"maniac:Refine","floor":21.0},{"not_picked":["maniac:EndOfTheRoad","maniac:ExpectedMoves+1","maniac:PanickyParry"],"picked":"SKIP","floor":22.0},{"not_picked":["maniac:ExpectedMoves+1","maniac:PanickyParry"],"picked":"maniac:EndOfTheRoad","floor":22.0},{"not_picked":["maniac:ManipulatedFaith","maniac:UntravelledPath"],"picked":"maniac:FindAShortcut","floor":23.0},{"not_picked":["maniac:SpectralFlash","maniac:SecretBackups","maniac:Quickdraw"],"picked":"SKIP","floor":24.0},{"not_picked":["maniac:SpectralFlash","maniac:Quickdraw"],"picked":"maniac:SecretBackups","floor":24.0},{"not_picked":["maniac:ExpectedMoves+1","maniac:Traceback+1"],"picked":"maniac:SpectralKnives","floor":25.0},{"not_picked":["maniac:UntravelledPath","maniac:SecretBackups"],"picked":"maniac:BladeArtist","floor":27.0},{"not_picked":["maniac:SpectralKnives","maniac:FindAShortcut"],"picked":"maniac:MeleeStrike+1","floor":28.0},{"not_picked":["maniac:Traceback","maniac:ListenToNone"],"picked":"maniac:Confront","floor":29.0},{"not_picked":["maniac:FoilArmor","maniac:WardAndDefend"],"picked":"maniac:Retrospect+1","floor":31.0},{"not_picked":["maniac:FanTheHammer","maniac:TwistedEddies"],"picked":"maniac:TimeForm","floor":33.0},{"not_picked":["maniac:ListenToNone+1","maniac:MeleeStrike"],"picked":"maniac:ShelteringEdge+1","floor":35.0},{"not_picked":["maniac:LootBarrage","maniac:SeeingDetails","maniac:PanickyParry"],"picked":"SKIP","floor":39},{"not_picked":["maniac:Confront","maniac:UntravelledPath"],"picked":"maniac:SorceryHour+1","floor":40},{"not_picked":["maniac:FindAShortcut","maniac:Traceback+1"],"picked":"maniac:ReconstructWounds+1","floor":42},{"not_picked":["maniac:WitnessTrueSorcery","maniac:WardAndDefend","maniac:Retrospect+1"],"picked":"maniac:ManipulatedFaith+1","floor":44},{"not_picked":["maniac:UntravelledPath+1","maniac:BladeShoot+1","maniac:Blastwave"],"picked":"maniac:Deal","floor":46},{"not_picked":["maniac:ObscuredAttack","maniac:Confront","maniac:PanickyParry+1"],"picked":"maniac:MeleeStrike+1","floor":48}],"player_experience":297433,"relics_obtained":[{"floor":7.0,"key":"Blood Vial"},{"floor":9.0,"key":"MealTicket"},{"floor":13.0,"key":"White Beast Statue"},{"floor":23.0,"key":"AT_ForceNature"},{"floor":25.0,"key":"REME_ArchaeologicalTools"},{"floor":26.0,"key":"Anchor"},{"floor":28.0,"key":"testmod-RandomTest"},{"floor":43,"key":"Question Card"},{"floor":44,"key":"Du-Vu Doll"},{"floor":46,"key":"AT_GuinsooRageblade"},{"floor":48,"key":"testmod-Justice"}],"event_choices":[{"damage_healed":0.0,"max_hp_gain":5.0,"max_hp_loss":0.0,"gold_gain":0.0,"event_name":"Big Fish","player_choice":"Donut","floor":3.0,"gold_loss":0.0,"damage_taken":0.0},{"damage_healed":0.0,"max_hp_gain":0.0,"max_hp_loss":0.0,"gold_gain":0.0,"event_name":"Golden Idol","player_choice":"Take Damage","floor":5.0,"gold_loss":0.0,"damage_taken":50.0,"relics_obtained":["Golden Idol"]},{"damage_healed":0.0,"max_hp_gain":0.0,"max_hp_loss":0.0,"gold_gain":100.0,"event_name":"Golden Shrine","player_choice":"Pray","floor":14.0,"gold_loss":0.0,"damage_taken":0.0},{"damage_healed":0.0,"max_hp_gain":0.0,"max_hp_loss":0.0,"gold_gain":999.0,"event_name":"MindBloom","player_choice":"Gold","floor":36.0,"gold_loss":0.0,"damage_taken":0.0,"cards_obtained":["Normality","Normality"]},{"cards_removed":["Normality"],"damage_healed":0,"gold_gain":0,"player_choice":"Card Removal","damage_taken":0,"max_hp_gain":0,"max_hp_loss":0,"event_name":"Wheel of Change","floor":37,"gold_loss":0},{"damage_healed":0,"gold_gain":0,"player_choice":"Swap Relic","damage_taken":0,"relics_obtained":["testmod-Prudence"],"max_hp_gain":0,"max_hp_loss":0,"event_name":"¸ø×Ô¼ºµÄºÐ×Ó","floor":41,"relics_lost":["testmod-KeyOfTheVoid"],"gold_loss":0},{"damage_healed":0,"gold_gain":333,"player_choice":"Gave Idol","damage_taken":0,"max_hp_gain":0,"max_hp_loss":0,"event_name":"The Moai Head","floor":45,"relics_lost":["Golden Idol"],"gold_loss":0}],"is_beta":true,"boss_relics":[{"not_picked":["Velvet Choker","Fusion Hammer"],"picked":"testmod-KeyOfTheVoid"},{"not_picked":["Runic Dome","Pandora\u0027s Box"],"picked":"testmod-Fanaticism"}],"items_purged_floors":[],"is_endless":false,"potions_floor_spawned":[1,7,16,18,19,20,21,22,23,24,25,27,28,29,31,33,35,39,40,42,44,46,48],"ascension_level":0}}