{"host":"tzwikg9s6mkzv6w0","time":1613646712,"event":{"mods":["BaseMod","Good Game Mod","Minty Spire (QoL Compilation)","Spicy Shops","StSLib"],"gold_per_floor":[359,359,59,75,75,75,100,100,100,100,135,151,178,197,197,299,299,309,323,334,344,128,159,159,185,185,211,226,226,226,244,244,244,244],"floor_reached":33,"language":"ZHS","playtime":1082,"items_purged":["Strike_R","Strike_R"],"score":390,"play_id":"13002f71-3f90-4356-af0d-7877df652e26","local_time":"20210218191152","is_ascension_mode":true,"campfire_choices":[{"data":"Whirlwind","floor":6.0,"key":"SMITH"},{"data":"Pommel Strike","floor":8.0,"key":"SMITH"},{"data":"Body Slam","floor":15.0,"key":"SMITH"},{"data":"Apotheosis","floor":24.0,"key":"SMITH"},{"data":"Seeing Red","floor":30,"key":"SMITH"},{"floor":32,"key":"RECALL"}],"circlet_count":0,"master_deck":["Strike_R","Defend_R","Defend_R","Defend_R","Defend_R","Bash","Offering","Second Wind","Whirlwind+1","Pommel Strike+1","Burning Pact","Body Slam+1","Flex","Impervious","True Grit+1","Shockwave","Armaments","Apotheosis+1","Demon Form","Shrug It Off+1","Inflame+1","Seeing Red+1","Battle Trance"],"relics":["Burning Blood","REME:ComplimentaryCards","Membership Card","Sling","Potion Belt","HornCleat","Singing Bowl","Bronze Scales","Bag of Preparation","SacredBark","Orrery","Bag of Marbles","Art of War","Sundial","Matryoshka"],"acts_visited":["Exordium","TheCity"],"potions_floor_usage":[25],"damage_taken":[{"damage":9.0,"enemies":"2 Louse","floor":1.0,"turns":3.0},{"damage":8.0,"enemies":"Jaw Worm","floor":4.0,"turns":2.0},{"damage":26.0,"enemies":"Lagavulin","floor":7.0,"turns":5.0},{"damage":16.0,"enemies":"3 Sentries","floor":11.0,"turns":3.0},{"damage":6.0,"enemies":"Cultist","floor":12.0,"turns":2.0},{"damage":32.0,"enemies":"Lagavulin","floor":13.0,"turns":3.0},{"damage":6.0,"enemies":"Blue Slaver","floor":14.0,"turns":1.0},{"damage":21.0,"enemies":"Hexaghost","floor":16.0,"turns":8.0},{"damage":6.0,"enemies":"Shell Parasite","floor":18.0,"turns":2.0},{"damage":16.0,"enemies":"Spheric Guardian","floor":19.0,"turns":5.0},{"damage":6.0,"enemies":"Snake Plant","floor":20.0,"turns":2.0},{"damage":6.0,"enemies":"Centurion and Healer","floor":21.0,"turns":4.0},{"damage":11.0,"enemies":"Gremlin Leader","floor":23.0,"turns":4.0},{"damage":14,"enemies":"Slavers","floor":25,"turns":6},{"damage":13,"enemies":"Gremlin Leader","floor":27,"turns":4},{"damage":6,"enemies":"3 Cultists","floor":28,"turns":3},{"damage":6,"enemies":"Shelled Parasite and Fungi","floor":31,"turns":1},{"damage":64,"enemies":"Champ","floor":33,"turns":7}],"seed_played":"4117322603831193089","potions_obtained":[{"floor":7.0,"key":"FairyPotion"},{"floor":13.0,"key":"HeartOfIron"},{"floor":14.0,"key":"BlessingOfTheForge"},{"floor":18.0,"key":"Energy Potion"},{"floor":20.0,"key":"ColorlessPotion"},{"floor":25,"key":"Weak Potion"},{"floor":27,"key":"Energy Potion"},{"floor":28,"key":"DuplicationPotion"}],"is_trial":false,"path_per_floor":["M","?","$","M","?","R","E","R","T","?","E","M","E","M","R","B",null,"M","M","M","M","$","E","R","E","T","E","M","?","R","M","R","B"],"character_chosen":"IRONCLAD","items_purchased":["Membership Card","Sling","Whirlwind","Apotheosis","Orrery"],"campfire_rested":0,"item_purchase_floors":[3,3,3,22,22],"current_hp_per_floor":[69,69,69,67,55,55,35,35,35,28,20,20,28,30,30,15,76,76,66,68,68,74,71,71,65,65,58,58,58,58,60,60,0,0],"gold":244,"neow_bonus":"TWO_FIFTY_GOLD","is_daily":false,"chose_seed":false,"campfire_upgraded":5,"win_rate":0.0,"timestamp":1613646712,"path_taken":["M","?","?","?","?","R","E","R","T","?","E","M","E","M","R","BOSS","M","M","M","M","$","E","R","E","T","E","M","?","R","M","R","BOSS"],"items_purchased_type":["Relic","Relic","Card","Card","Relic"],"build_version":"2020-12-22","purchased_purges":2,"victory":false,"max_hp_per_floor":[72,72,72,72,72,72,72,72,72,72,74,74,74,76,76,76,76,76,76,78,78,84,86,86,88,88,88,88,88,88,90,90,90,90],"card_choices":[{"not_picked":["Perfected Strike","Body Slam"],"picked":"Second Wind","floor":1.0},{"not_picked":["Shrug It Off","Disarm"],"picked":"Pommel Strike","floor":4.0},{"not_picked":["Heavy Blade","Thunderclap"],"picked":"Burning Pact","floor":7.0},{"not_picked":["Twin Strike","Clothesline","Reckless Charge"],"picked":"Singing Bowl","floor":11.0},{"not_picked":["Warcry","Fire Breathing"],"picked":"Body Slam","floor":12.0},{"not_picked":["Combust","Exhume"],"picked":"Flex","floor":13.0},{"not_picked":["Heavy Blade","Combust","Uppercut"],"picked":"Singing Bowl","floor":14.0},{"not_picked":["Fiend Fire","Berserk"],"picked":"Impervious","floor":16.0},{"not_picked":["Perfected Strike","Headbutt+1"],"picked":"True Grit+1","floor":18.0},{"not_picked":["Twin Strike","Sword Boomerang"],"picked":"Shockwave","floor":19.0},{"not_picked":["True Grit","Warcry","Reckless Charge"],"picked":"Singing Bowl","floor":20.0},{"not_picked":["Twin Strike+1","Flame Barrier"],"picked":"Armaments","floor":21.0},{"not_picked":["Impervious","Carnage","Clash"],"picked":"Singing Bowl","floor":22.0},{"not_picked":["Body Slam","Searing Blow","Wild Strike+1"],"picked":"Singing Bowl","floor":22.0},{"not_picked":["Sever Soul","Shockwave","Sword Boomerang"],"picked":"Singing Bowl","floor":22.0},{"not_picked":["Cleave+1","Clothesline+1"],"picked":"Demon Form","floor":22.0},{"not_picked":["Twin Strike+1","Havoc"],"picked":"Shrug It Off+1","floor":22.0},{"not_picked":["Fire Breathing","Combust","Carnage"],"picked":"Singing Bowl","floor":23.0},{"not_picked":["Fiend Fire","Armaments","Rampage+1"],"picked":"Singing Bowl","floor":25},{"not_picked":["Whirlwind","Perfected Strike+1"],"picked":"Inflame+1","floor":27},{"not_picked":["Iron Wave","Clash"],"picked":"Seeing Red","floor":28},{"not_picked":["Body Slam","Pummel","Second Wind"],"picked":"Singing Bowl","floor":31}],"player_experience":145050,"relics_obtained":[{"floor":7.0,"key":"HornCleat"},{"floor":9.0,"key":"Singing Bowl"},{"floor":11.0,"key":"Bronze Scales"},{"floor":13.0,"key":"Bag of Preparation"},{"floor":23.0,"key":"Bag of Marbles"},{"floor":25,"key":"Art of War"},{"floor":26,"key":"Sundial"},{"floor":27,"key":"Matryoshka"}],"event_choices":[{"cards_removed":["Strike_R"],"damage_healed":0.0,"max_hp_gain":0.0,"max_hp_loss":0.0,"gold_gain":0.0,"event_name":"Living Wall","player_choice":"Forget","floor":2.0,"gold_loss":0.0,"damage_taken":0.0},{"damage_healed":0.0,"max_hp_gain":0.0,"max_hp_loss":0.0,"gold_gain":0.0,"event_name":"Scrap Ooze","player_choice":"Success","floor":5.0,"gold_loss":0.0,"damage_taken":12.0,"relics_obtained":["Potion Belt"]},{"cards_removed":["Strike_R"],"damage_healed":0.0,"max_hp_gain":0.0,"max_hp_loss":0.0,"gold_gain":0.0,"event_name":"Golden Wing","player_choice":"Card Removal","floor":10.0,"gold_loss":0.0,"damage_taken":7.0},{"damage_healed":0,"gold_gain":0,"player_choice":"Read","damage_taken":0,"max_hp_gain":0,"max_hp_loss":0,"event_name":"The Library","floor":29,"gold_loss":0,"cards_obtained":["Battle Trance"]}],"is_beta":false,"boss_relics":[{"not_picked":["Ectoplasm","Cursed Key"],"picked":"SacredBark"}],"items_purged_floors":[3,22],"is_endless":false,"potions_floor_spawned":[7,13,14,18,20,25,27,28],"killed_by":"Champ","ascension_level":4}}