{"host":"38p8qnzhmsyj15s2","time":1613651907,"event":{"mods":["AchievementEnabler","Act Like it!","Aspiration","BaseMod","BetterRewards","Challenge The Spire","Colored Powertips","Conspire","DeckTracker","Defuse TimeMaze Blight","Downfall","Energized Spire","GifTheSpireLib","Googly Eyes","Halation","Hermit","Infinite Spire","Jorbs\u0027s Wanderer Trilogy","Minty Spire (QoL Compilation)","Quick Restart","Random Character Button","Rare Cards Sparkle","Replay The Spire","StSLib","The Hayseed","The Hierophant","The Jungle","TheFirefly","Wandering Minibosses","everything is the same but u backflip on backflip"],"gold_per_floor":[99,118,129,35,210,210,210,210,237,44,57,57,57,57,74,176,176,176,26,26,37,48,76,102,102,133,150,168,443,243,259,269,368,368,368,386,405,405,415,432,432,445,345,345,27,27,39,39,39,74,7,7,7,7,7,7],"floor_reached":54,"language":"ENG","playtime":6238,"items_purged":["Doubt","ReplayTheSpireMod:Doomed","Looming Evil"],"score":877,"play_id":"e430ea4f-6391-4364-ba7b-4dedc8e2ef47","local_time":"20210218123827","is_ascension_mode":false,"campfire_choices":[{"data":"Guardian:DecasProtection","floor":6,"key":"SMITH"},{"data":"Guardian:CurlUp","floor":8,"key":"SMITH"},{"floor":12,"key":"REST"},{"floor":25,"key":"RECALL"},{"floor":30,"key":"REST"},{"floor":35,"key":"DIG"},{"data":"Guardian:BaubleBeam","floor":43,"key":"SMITH"},{"floor":52,"key":"REST"}],"circlet_count":0,"master_deck":["Guardian:Strike_Guardian","Guardian:Strike_Guardian","Guardian:Strike_Guardian","Guardian:Defend_Guardian","Guardian:Defend_Guardian","Guardian:Defend_Guardian","Guardian:Defend_Guardian","Guardian:CurlUp+1","Guardian:TwinSlam","Guardian:Suspension","Guardian:DecasProtection+1","Guardian:SpikerProtocol+1","Guardian:Planning","Guardian:Incinerate","Guardian:EvasiveProtocol","Guardian:EvasiveProtocol","Guardian:RollAttack","Guardian:RevengeProtocol","Guardian:ArmoredProtocol","Guardian:TimeSifter","stsjorbsmod:Procrastination","downfall:Bewildered","Guardian:GuardianWhirl","Guardian:BodySlam+1","Guardian:TimeCapacitor","Guardian:CrystalBeam","Guardian:Preprogram","Regret","Guardian:Recover+1","Guardian:Planning","Guardian:BaubleBeam+1","Uppercut+1","Dual Wield+1","Guardian:TwinSlam","Guardian:TimeSifter","Regret","Evolve+1","Guardian:AncientConstruct","Guardian:PrismaticBeam","Parasite","Guardian:BodySlam","Flame Barrier","Guardian:Repulse"],"relics":["Guardian:ModeShifter","Replay:Bottled Eggs","Vajra","Guardian:PickAxe","halation:EternalFortune","Replay:Ancient Bell","Happy Flower","Mummified Hand","StoneCalendar","sneckomod:BabySnecko","ReplayTheSpireMod:Shallot","Bag of Preparation","aspiration:HiddenCompartment","infinitespire:Bottled Soul","downfall:HeartBlessingRed","downfall:HeartBlessingGreen","aspiration:IroncladSkillbook","halation:WeightlessCrab","downfall:HeartBlessingBlue","halation:Jellyphish","downfall:TeleportStone","Strawberry","infinitespire:Beetle Shell"],"acts_visited":["Exordium","TheCity","TheBeyond","TheEnding"],"potions_floor_usage":[16,16,33,33,33,45,48,48,48],"damage_taken":[{"damage":5,"enemies":"Cultist","floor":2,"turns":5},{"damage":1,"enemies":"Jaw Worm","floor":3,"turns":4},{"damage":5,"enemies":"downfall:FleeingMerchant","floor":4,"turns":4},{"damage":45,"enemies":"3 Sentries","floor":9,"turns":15},{"damage":3,"enemies":"downfall:FleeingMerchant","floor":10,"turns":4},{"damage":2,"enemies":"2 Louse","floor":11,"turns":3},{"damage":16,"enemies":"2 Louse","floor":13,"turns":5},{"damage":17,"enemies":"Large Slime","floor":15,"turns":8},{"damage":3,"enemies":"SI_SHIV_ARCHETYPE","floor":16,"turns":5},{"damage":9,"enemies":"downfall:LooterAlt2","floor":21,"turns":5},{"damage":0,"enemies":"3 Byrds","floor":22,"turns":2},{"damage":16,"enemies":"conspire:SneckoGhost","floor":23,"turns":7},{"damage":0,"enemies":"Gremlin Leader","floor":26,"turns":4},{"damage":13,"enemies":"Centurion and Healer","floor":27,"turns":4},{"damage":11,"enemies":"conspire:HollyBat","floor":28,"turns":6},{"damage":1,"enemies":"Snecko","floor":31,"turns":4},{"damage":0,"enemies":"3 Cultists","floor":32,"turns":4},{"damage":18,"enemies":"DF_ARCHETYPE_CLAW","floor":33,"turns":7},{"damage":3,"enemies":"3 Darklings","floor":36,"turns":6},{"damage":3,"enemies":"3 Shapes","floor":37,"turns":3},{"damage":2,"enemies":"Maw","floor":39,"turns":7},{"damage":2,"enemies":"Sphere and 2 Shapes","floor":40,"turns":4},{"damage":25,"enemies":"Spire Growth","floor":42,"turns":4},{"damage":1,"enemies":"downfall:FleeingMerchant","floor":45,"turns":4},{"damage":12,"enemies":"Writhing Mass","floor":47,"turns":3},{"damage":39,"enemies":"WA_ARCHETYPE_DIVINITY","floor":48,"turns":9},{"damage":79,"enemies":"downfall:CharBossMerchant","floor":50,"turns":7},{"damage":71,"enemies":"downfall:NeowBoss","floor":53,"turns":16},{"damage":27,"enemies":"downfall:NeowBossFinal","floor":54,"turns":5}],"seed_played":"-6192777436920153662","potions_obtained":[{"floor":2,"key":"Milkshake"},{"floor":9,"key":"FearPotion"},{"floor":16,"key":"Strength Potion"},{"floor":23,"key":"BlessingOfTheForge"},{"floor":28,"key":"Venom Potion"},{"floor":37,"key":"LifebloodPotion"},{"floor":40,"key":"Guardian:AcceleratePotion"},{"floor":47,"key":"Venom Potion"}],"is_trial":false,"path_per_floor":["R","M","M","$","?","R","T","R","E","$","M","R","?","?","M","B",null,"R","?","AVR","M","M","E","T","R","E","M","M","?","R","M","M","B",null,"R","M","M","?","M","M","T","M","R","?","$","?","M","B",null,"E","$","R","B","B"],"character_chosen":"GUARDIAN","items_purchased":["Guardian:SpikerProtocol","Guardian:EvasiveProtocol","Guardian:RollAttack","halation:Jellyphish","ColorlessPotion","Guardian:Repulse"],"campfire_rested":3,"item_purchase_floors":[4,10,10,45,45,51],"current_hp_per_floor":[88,83,82,77,77,77,77,77,32,29,27,53,31,34,17,14,91,91,101,101,92,92,76,76,76,76,63,52,52,82,81,81,63,101,101,101,101,101,104,104,104,83,93,93,96,96,88,53,114,55,55,91,24,0,0,0],"gold":7,"neow_bonus":"TEN_PERCENT_HP_BONUS","is_daily":false,"chose_seed":false,"campfire_upgraded":3,"win_rate":0.0,"timestamp":1613651907,"path_taken":["R","M","M","$","?","R","T","R","E","$","M","R","?","?","M","BOSS","R","?","AVR","M","M","E","T","R","E","M","?","?","R","?","M","BOSS","R","M","M","?","?","M","T","M","R","?","$","?","M","BOSS","E","$","R","BOSS","BOSS"],"items_purchased_type":["Card","Card","Card","Relic","Potion","Card"],"build_version":"2020-12-22","purchased_purges":3,"victory":false,"max_hp_per_floor":[88,88,88,88,88,88,88,88,88,88,88,88,88,91,91,91,91,91,101,101,101,101,101,101,101,101,101,101,101,101,101,101,101,101,101,101,101,101,104,104,104,104,114,114,114,114,114,114,114,121,121,121,121,121,121,121],"card_choices":[{"not_picked":["Guardian:RefractedBeam","Guardian:TemporalShield"],"picked":"Guardian:Suspension","floor":2},{"not_picked":["Guardian:VentSteam","Guardian:WalkerClaw"],"picked":"Guardian:Gem_Blue","floor":3},{"not_picked":["Guardian:Recover","Guardian:VentSteam"],"picked":"Guardian:DecasProtection","floor":4},{"not_picked":["Guardian:Suspension","Guardian:Reroute"],"picked":"Guardian:Planning","floor":9},{"not_picked":["Guardian:CrystalBeam","Guardian:SpikerProtocol"],"picked":"Guardian:Incinerate","floor":10},{"not_picked":["Guardian:RollAttack","Guardian:CrystalBeam"],"picked":"Guardian:RevengeProtocol","floor":11},{"not_picked":["Guardian:Gem_Red","Guardian:DonusPower"],"picked":"Guardian:ArmoredProtocol","floor":15},{"not_picked":["Guardian:StasisStrike","Guardian:Gem_Orange"],"picked":"Guardian:TimeSifter","floor":16},{"not_picked":["TheSimpletonMod:Spoilage","stsjorbsmod:Amnesia"],"picked":"Looming Evil","floor":17},{"not_picked":["downfall:Haunted","Shame"],"picked":"stsjorbsmod:Procrastination","floor":17},{"not_picked":["ReplayTheSpireMod:Restless Dread","Doubt"],"picked":"ReplayTheSpireMod:Doomed","floor":17},{"not_picked":["Guardian:Planning","Guardian:ShieldCharger"],"picked":"Guardian:GuardianWhirl","floor":21},{"not_picked":["Guardian:Gem_Purple","Guardian:Incinerate"],"picked":"Guardian:BodySlam+1","floor":22},{"not_picked":["Guardian:Harden","Guardian:StasisField"],"picked":"Guardian:TimeCapacitor","floor":23},{"not_picked":["Guardian:SphericShield","Guardian:DecasProtection"],"picked":"Guardian:CrystalBeam","floor":26},{"not_picked":["Guardian:Gem_Red","Guardian:RollAttack"],"picked":"Guardian:Preprogram","floor":27},{"not_picked":["Guardian:CrystalBeam","Guardian:Recover+1"],"picked":"Guardian:Gem_Green","floor":28},{"not_picked":["Guardian:CrystalBeam","Guardian:GuardianWhirl"],"picked":"Guardian:Recover+1","floor":31},{"not_picked":["Guardian:TimeBomb","Guardian:Gem_Cyan"],"picked":"Guardian:Planning","floor":32},{"not_picked":["Guardian:StasisStrike","Guardian:Gem_Synthetic"],"picked":"Guardian:BaubleBeam","floor":33},{"not_picked":["Searing Blow+1","ReplayTheSpireMod:Strike From Hell","Guardian:Incinerate+1"],"picked":"Uppercut+1","floor":36},{"not_picked":["Disarm+1","Sentinel","Clothesline"],"picked":"Dual Wield+1","floor":37},{"not_picked":["Guardian:RollAttack","True Grit+1","Guardian:EvasiveProtocol+1"],"picked":"Evolve+1","floor":39},{"not_picked":["Rage+1","Headbutt+1","Guardian:Gem_Red"],"picked":"Guardian:Gem_Blue","floor":40},{"not_picked":["Sword Boomerang","True Grit+1","Armaments+1"],"picked":"Guardian:AncientConstruct","floor":42},{"not_picked":["Second Wind","Uppercut","Guardian:Suspension"],"picked":"Guardian:PrismaticBeam","floor":45},{"not_picked":["Heavy Blade+1","Wild Strike","Spot Weakness+1"],"picked":"Guardian:BodySlam","floor":47},{"not_picked":["Inflame+1","Guardian:RefractedBeam","Guardian:ShieldCharger+1"],"picked":"Flame Barrier","floor":50}],"player_experience":14201,"relics_obtained":[{"floor":7,"key":"Replay:Bottled Eggs"},{"floor":9,"key":"Vajra"},{"floor":23,"key":"Bag of Preparation"},{"floor":24,"key":"aspiration:HiddenCompartment"},{"floor":26,"key":"infinitespire:Bottled Soul"},{"floor":35,"key":"halation:WeightlessCrab"},{"floor":39,"key":"halation:EternalFortune"},{"floor":50,"key":"Strawberry"}],"event_choices":[],"is_beta":false,"boss_relics":[{"not_picked":["halation:SmartPhone","halation:Risk"],"picked":"Replay:Ancient Bell"},{"not_picked":["halation:Pancakes","conspire:TopHat"],"picked":"Happy Flower"},{"not_picked":["conspire:Flyswatter","Mirror"],"picked":"Mummified Hand"},{"not_picked":["WingedGreaves","halation:PenCase"],"picked":"StoneCalendar"},{"not_picked":["Black Star","aspiration:RunicSpoon"],"picked":"aspiration:IroncladSkillbook"}],"items_purged_floors":[10,20,45],"is_endless":false,"potions_floor_spawned":[2,9,13,16,23,28,32,37,40,47],"killed_by":"downfall:NeowBossFinal","ascension_level":0}}