{"host":"1dkd4flhdqbv9eyg","time":1613614835,"event":{"mods":["AchievementEnabler","Aspiration","BaseMod","Better Note","DeckTracker","Energized Spire","Evolution","Gold Saver","Minty Spire (QoL Compilation)","Spicy Shops","StSLib"],"gold_per_floor":[672,686,686,701,9,9,28,50,77,91,91,106,123,7,7,102,102,102],"floor_reached":17,"language":"ENG","playtime":1450,"items_purged":["Injury"],"score":199,"play_id":"e23433f7-b593-44f8-82c4-7b5c9520302d","local_time":"20210217182035","is_ascension_mode":false,"campfire_choices":[{"data":"Storm","floor":6,"key":"SMITH"},{"floor":15,"key":"REST"}],"circlet_count":0,"master_deck":["Rebound","Compile Driver","Rebound","Compile Driver","Defend_B","Defend_B","Defend_B","Defend_B","Zap","Dualcast","Defragment","Storm+1","Barrage+1","Glacier","Defragment+1","Fusion","Go for the Eyes+1","Auto Shields","Creative AI","Hello World","Electrodynamics"],"relics":["Cracked Core","EVO:Axolotl","aspiration:Nostalgia","PureWater","Molten Egg 2","Shovel","Gremlin Horn","ClockworkSouvenir","Odd Mushroom","Bronze Scales","aspiration:WatcherSkillbook"],"acts_visited":["Exordium","TheCity"],"potions_floor_usage":[16,16,16],"damage_taken":[{"damage":0,"enemies":"Cultist","floor":1,"turns":2},{"damage":7,"enemies":"2 Louse","floor":2,"turns":2},{"damage":1,"enemies":"Jaw Worm","floor":4,"turns":3},{"damage":11,"enemies":"Large Slime","floor":7,"turns":3},{"damage":17,"enemies":"The Mushroom Lair","floor":8,"turns":3},{"damage":5,"enemies":"Red Slaver","floor":10,"turns":3},{"damage":0,"enemies":"3 Louse","floor":12,"turns":2},{"damage":0,"enemies":"Large Slime","floor":13,"turns":4},{"damage":0,"enemies":"Slime Boss","floor":16,"turns":5}],"seed_played":"3551729034806954806","potions_obtained":[{"floor":7,"key":"Strength Potion"},{"floor":10,"key":"Dexterity Potion"},{"floor":12,"key":"CultistPotion"},{"floor":16,"key":"Fire Potion"}],"is_trial":false,"path_per_floor":["M","M","?","M","$","R","M","?","T","M","?","M","M","$","R","B",null],"character_chosen":"DEFECT","items_purchased":["Glacier","Defragment","Shovel","Gremlin Horn","ClockworkSouvenir","Hello World"],"campfire_rested":1,"item_purchase_floors":[5,5,5,5,5,14],"current_hp_per_floor":[75,68,68,67,67,67,56,39,39,34,34,34,34,34,56,56,75,75],"gold":102,"neow_bonus":"NOSTALGIA","is_daily":false,"chose_seed":false,"campfire_upgraded":1,"win_rate":0.0,"timestamp":1613614835,"path_taken":["M","?","?","M","$","R","M","?","T","M","?","?","M","?","R","BOSS"],"items_purchased_type":["Card","Card","Relic","Relic","Relic","Card"],"build_version":"2020-12-22","purchased_purges":1,"victory":false,"max_hp_per_floor":[75,75,75,75,75,75,75,75,75,75,75,75,75,75,75,75,75,75],"card_choices":[{"not_picked":["Leap","Barrage"],"picked":"Defragment","floor":1},{"not_picked":["Gash","Steam Power"],"picked":"Storm","floor":2},{"not_picked":["Genetic Algorithm","Coolheaded"],"picked":"Barrage+1","floor":4},{"not_picked":["Beam Cell+1","FTL+1"],"picked":"Fusion","floor":7},{"not_picked":["Stack","Coolheaded"],"picked":"Go for the Eyes+1","floor":8},{"not_picked":["Sunder+1","Coolheaded"],"picked":"Auto Shields","floor":10},{"not_picked":["Leap","Aggregate"],"picked":"Creative AI","floor":12},{"not_picked":["Streamline+1","Leap","Blizzard+1"],"picked":"SKIP","floor":13},{"not_picked":["Biased Cognition","Echo Form"],"picked":"Electrodynamics","floor":16}],"player_experience":109977,"relics_obtained":[{"floor":8,"key":"Odd Mushroom"},{"floor":9,"key":"Bronze Scales"}],"event_choices":[{"damage_healed":0,"gold_gain":0,"player_choice":"Fought Mushrooms","damage_taken":0,"max_hp_gain":0,"max_hp_loss":0,"event_name":"Mushrooms","floor":8,"gold_loss":0},{"damage_healed":0,"gold_gain":0,"player_choice":"Forge","damage_taken":0,"max_hp_gain":0,"max_hp_loss":0,"event_name":"Accursed Blacksmith","floor":11,"gold_loss":0,"cards_upgraded":["Defragment"]}],"is_beta":false,"boss_relics":[{"not_picked":["Inserter","energizedSpire:SpiderWeb"],"picked":"aspiration:WatcherSkillbook"}],"items_purged_floors":[14],"is_endless":false,"potions_floor_spawned":[7,10,12,16],"ascension_level":0}}