{"host":"y4fuci1jk2rsxnep","time":1613673013,"event":{"mods":["AchievementEnabler","BaseMod","Colored Powertips","Custom Start","Defuse TimeMaze Blight","Dio Mod","Downfall","Hermit","Hero for Fun","Hubris","Hunter ??","Infinite Spire","Minty Spire (QoL Compilation)","Quick Restart","Reliquary","Remove Card Discount Mod","Replay The Spire","StSLib","The Blackbeard","The Bug Knight","The Mystic","The Runesmith"],"gold_per_floor":[99,99,39,39,39,55,55,55,69,48,62,90,90,117,135,135,135,135],"floor_reached":16,"language":"ENG","playtime":2155,"items_purged":["hexamod:Strike","hexamod:Strike","hexamod:Strike"],"score":92,"play_id":"0638d832-c829-43eb-ad8c-b405f341ed3b","local_time":"20210218193013","is_ascension_mode":false,"campfire_choices":[{"data":"hexamod:Sear","floor":1,"key":"SMITH"},{"data":"hexamod:CatchUp","floor":13,"key":"SMITH"}],"circlet_count":0,"master_deck":["hexamod:Defend+1","hexamod:Defend+1","hexamod:Defend","hexamod:Defend","hexamod:Sear+1","hexamod:Float","hexamod:AdvancingGuard+1","hexamod:SwordOfDarkness","hexamod:PhantomCloak+1","hexamod:DynamicBlow+1","hexamod:ExtraCrispy","hexamod:FifthSeal","hexamod:ThirdSeal","hexamod:SecondSeal","hexamod:SixthSeal","hexamod:CatchUp+1","hexamod:SixthSeal","hexamod:ShieldOfDarkness","hexamod:FirstSeal","hexamod:SpectersWail"],"relics":["hexamod:SpiritBrand","downfall:HeartsMalice","InkBottle"],"acts_visited":["Exordium"],"potions_floor_usage":[16,16,16],"damage_taken":[{"damage":0,"enemies":"Small Slimes","floor":2,"turns":1},{"damage":0,"enemies":"downfall:FleeingMerchant","floor":3,"turns":1},{"damage":0,"enemies":"Cultist","floor":5,"turns":1},{"damage":1,"enemies":"Jaw Worm","floor":6,"turns":4},{"damage":10,"enemies":"Lots of Slimes","floor":9,"turns":6},{"damage":0,"enemies":"downfall:FleeingMerchant","floor":10,"turns":4},{"damage":10,"enemies":"downfall:LooterAlt","floor":11,"turns":4},{"damage":26,"enemies":"3 Louse","floor":12,"turns":5},{"damage":0,"enemies":"Exordium Wildlife","floor":14,"turns":3},{"damage":10,"enemies":"2 Fungi Beasts","floor":15,"turns":6},{"damage":24,"enemies":"IC_STATUS_ARCHETYPE","floor":16,"turns":10}],"seed_played":"-1797393338839734853","potions_obtained":[{"floor":6,"key":"SpeedPotion"},{"floor":9,"key":"LiquidMemories"},{"floor":11,"key":"Guardian:BlockOnCardUsePotion"},{"floor":14,"key":"ColorlessPotion"}],"is_trial":false,"path_per_floor":["R","M","$","?","M","M","T","?","M","$","M","M","R","M","M","B"],"character_chosen":"THE_SPIRIT","items_purchased":["hexamod:PhantomCloak+1"],"campfire_rested":0,"item_purchase_floors":[3],"current_hp_per_floor":[70,70,70,70,70,69,69,69,59,59,49,23,23,23,13,0,0,0],"gold":135,"neow_bonus":"THREE_ENEMY_KILL","is_daily":false,"chose_seed":false,"campfire_upgraded":2,"win_rate":0.0,"timestamp":1613673013,"path_taken":["R","M","$","?","?","M","T","?","?","?","M","M","R","?","M","BOSS"],"items_purchased_type":["Card"],"build_version":"2020-12-22","purchased_purges":3,"victory":false,"max_hp_per_floor":[70,70,70,70,70,70,70,70,70,70,70,70,70,70,70,70,70,70],"card_choices":[{"not_picked":["hexamod:SpectersWail","hexamod:FastForward"],"picked":"hexamod:AdvancingGuard","floor":2},{"not_picked":["hexamod:SpectersWail","hexamod:AdvancingGuard"],"picked":"hexamod:SwordOfDarkness","floor":3},{"not_picked":["hexamod:EmpoweredFlame","hexamod:Again"],"picked":"hexamod:DynamicBlow","floor":5},{"not_picked":["hexamod:BacktrackSmack","hexamod:NightmareGuise"],"picked":"hexamod:ExtraCrispy","floor":6},{"not_picked":["hexamod:NightmareGuise","hexamod:HauntingEcho"],"picked":"hexamod:FifthSeal","floor":9},{"not_picked":["hexamod:HauntingEcho","hexamod:HeatMetal"],"picked":"hexamod:ThirdSeal","floor":10},{"not_picked":["hexamod:ThirdSeal","hexamod:FourthSeal"],"picked":"hexamod:SecondSeal","floor":10},{"not_picked":["hexamod:SecondSeal","hexamod:FirstSeal"],"picked":"hexamod:SixthSeal","floor":11},{"not_picked":["hexamod:BacktrackSmack","hexamod:GhostShield","hexamod:NightmareGuise"],"picked":"SKIP","floor":11},{"not_picked":["hexamod:Hexaguard","hexamod:GhostOfSpireFuture"],"picked":"hexamod:CatchUp","floor":12},{"not_picked":["hexamod:ThirdSeal","hexamod:SecondSeal"],"picked":"hexamod:SixthSeal","floor":12},{"not_picked":["hexamod:SwordOfDarkness","hexamod:GhostShield"],"picked":"hexamod:ShieldOfDarkness","floor":14},{"not_picked":["hexamod:ChargedBarrage","hexamod:GhostLash","hexamod:CatchUp"],"picked":"SKIP","floor":14},{"not_picked":["hexamod:FourthSeal","hexamod:SixthSeal"],"picked":"hexamod:FirstSeal","floor":15},{"not_picked":["hexamod:Hexaguard","hexamod:HauntingEcho"],"picked":"hexamod:SpectersWail","floor":15},{"not_picked":["hexamod:BacktrackSmack","hexamod:FastForward","hexamod:CatchUp"],"picked":"SKIP","floor":15}],"player_experience":654438,"relics_obtained":[{"floor":7,"key":"InkBottle"}],"event_choices":[{"damage_healed":0,"gold_gain":0,"player_choice":"Forge","damage_taken":0,"max_hp_gain":0,"max_hp_loss":0,"event_name":"Accursed Blacksmith","floor":4,"gold_loss":0,"cards_upgraded":["hexamod:AdvancingGuard"]}],"is_beta":false,"boss_relics":[],"items_purged_floors":[10,10,10],"is_endless":false,"potions_floor_spawned":[6,9,11,12,14,15],"killed_by":"IC_STATUS_ARCHETYPE","ascension_level":0}}