{"host":"8rqsnaeml9gxb0kp","time":1613617878,"event":{"mods":["AchievementEnabler","BaseMod","Colored Powertips","Dark Map","Minty Spire (QoL Compilation)","Rare Cards Sparkle","Relic Stats","StSLib","slay the spire mod where everything is the same but ironclad has a cowboy hat"],"gold_per_floor":[115,130,28,28,45,74,88,88,88,88,118,118,144,164,164,242,242,259,275,5,0,11,11,11,11,11,11,11,36,36,52,52,128,128,146,146,146,146,146,158,158,158,205,230,246,246,266,276,276,276,276],"floor_reached":52,"language":"ENG","playtime":3771,"items_purged":[],"score":1751,"play_id":"3ca72d64-f525-4ca0-b8f5-e1d200855637","local_time":"20210217191118","is_ascension_mode":true,"campfire_choices":[{"data":"Limit Break","floor":8.0,"key":"SMITH"},{"floor":12.0,"key":"REST"},{"data":"Pummel","floor":15.0,"key":"SMITH"},{"data":"Limit Break","floor":23.0,"key":"SMITH"},{"data":"Flex","floor":25.0,"key":"SMITH"},{"data":"Shockwave","floor":32.0,"key":"SMITH"},{"data":"Fiend Fire","floor":41.0,"key":"SMITH"},{"data":"Heavy Blade","floor":46.0,"key":"SMITH"},{"data":"Feel No Pain","floor":49.0,"key":"SMITH"}],"circlet_count":0,"master_deck":["AscendersBane","Strike_R","Strike_R","Strike_R","Strike_R","Strike_R","Defend_R","Defend_R","Defend_R","Defend_R","Bash+1","CurseOfTheBell","Anger","Limit Break+1","Spot Weakness","Pommel Strike","Battle Trance","Shrug It Off","Spot Weakness","Thunderclap","Feed","Pummel+1","Limit Break+1","Dual Wield","Flex+1","Anger","Dual Wield+1","Shockwave+1","Fiend Fire+1","Sword Boomerang","Feel No Pain+1","Battle Trance","Heavy Blade+1","Second Wind+1"],"relics":["Calling Bell","MealTicket","Gremlin Horn","Incense Burner","Unceasing Top","HornCleat","Meat on the Bone","Smiling Mask","Coffee Dripper","Kunai","CaptainsWheel","Pen Nib","Busted Crown","Boot","Strawberry","Torii"],"acts_visited":["Exordium","TheCity","TheBeyond"],"potions_floor_usage":[],"damage_taken":[{"damage":14.0,"enemies":"Jaw Worm","floor":1.0,"turns":4.0},{"damage":1.0,"enemies":"Cultist","floor":2.0,"turns":3.0},{"damage":14.0,"enemies":"Small Slimes","floor":5.0,"turns":3.0},{"damage":27.0,"enemies":"3 Sentries","floor":6.0,"turns":9.0},{"damage":8.0,"enemies":"Blue Slaver","floor":7.0,"turns":3.0},{"damage":12.0,"enemies":"Lagavulin","floor":11.0,"turns":5.0},{"damage":1.0,"enemies":"Gremlin Nob","floor":13.0,"turns":4.0},{"damage":1.0,"enemies":"Exordium Wildlife","floor":14.0,"turns":3.0},{"damage":27.0,"enemies":"Hexaghost","floor":16.0,"turns":9.0},{"damage":16.0,"enemies":"Spheric Guardian","floor":18.0,"turns":4.0},{"damage":8.0,"enemies":"2 Thieves","floor":19.0,"turns":4.0},{"damage":34.0,"enemies":"Cultist and Chosen","floor":22.0,"turns":6.0},{"damage":19.0,"enemies":"Gremlin Leader","floor":29.0,"turns":3.0},{"damage":0.0,"enemies":"Chosen and Byrds","floor":31.0,"turns":4.0},{"damage":35.0,"enemies":"Champ","floor":33.0,"turns":10.0},{"damage":13.0,"enemies":"3 Darklings","floor":35.0,"turns":4.0},{"damage":16.0,"enemies":"3 Shapes","floor":40.0,"turns":2.0},{"damage":0.0,"enemies":"Mind Bloom Boss Battle","floor":44.0,"turns":5.0},{"damage":1.0,"enemies":"Sphere and 2 Shapes","floor":45.0,"turns":4.0},{"damage":1.0,"enemies":"Transient","floor":47.0,"turns":6.0},{"damage":2.0,"enemies":"3 Darklings","floor":48.0,"turns":3.0},{"damage":53,"enemies":"Donu and Deca","floor":50,"turns":7},{"damage":13,"enemies":"Time Eater","floor":51,"turns":5}],"seed_played":"-1497068305043821841","potions_obtained":[{"floor":1.0,"key":"Fruit Juice"},{"floor":6.0,"key":"GamblersBrew"},{"floor":11.0,"key":"SpeedPotion"},{"floor":16.0,"key":"PowerPotion"},{"floor":18.0,"key":"BloodPotion"},{"floor":22.0,"key":"Strength Potion"},{"floor":31.0,"key":"Dexterity Potion"},{"floor":40.0,"key":"Weak Potion"},{"floor":44.0,"key":"Explosive Potion"}],"is_trial":false,"path_per_floor":["M","M","$","?","M","E","M","R","T","?","E","R","E","M","R","B",null,"M","M","$","?","M","R","?","R","T","$","?","E","$","M","R","B",null,"M","?","$","T","$","M","R","?","T","?","M","R","M","M","R","B","B",null],"character_chosen":"IRONCLAD","items_purchased":["Spot Weakness","Pommel Strike","Kunai"],"campfire_rested":1,"item_purchase_floors":[3,3,20],"current_hp_per_floor":[54,53,68,73,59,32,24,24,24,24,12,36,47,46,46,31,68,68,60,75,75,44,44,44,44,44,59,59,52,67,67,67,49,78,65,52,67,67,82,69,69,69,76,76,75,75,74,72,72,31,30],"gold":276,"neow_bonus":"BOSS_RELIC","is_daily":false,"chose_seed":false,"campfire_upgraded":8,"win_rate":0.0,"timestamp":1613617878,"path_taken":["M","M","$","?","M","E","M","R","T","?","E","R","E","M","R","BOSS","M","?","$","?","M","R","?","R","T","$","?","E","$","M","R","BOSS","M","?","$","?","$","?","R","?","T","?","M","R","M","M","R","BOSS","BOSS"],"items_purchased_type":["Card","Card","Relic"],"build_version":"2020-12-22","purchased_purges":0,"victory":true,"max_hp_per_floor":[75,75,75,80,80,80,80,80,80,80,80,80,80,80,80,80,80,80,80,80,80,83,83,83,83,83,83,83,83,83,83,83,88,88,88,88,88,88,88,91,91,91,98,98,98,98,98,98,98,98,98],"relic_stats":{"Busted Crown":12,"Gremlin Horn":[14,18],"Torii":6,"counters":[23,110],"MealTicket":90,"Pen Nib":[12],"Kunai":[29],"Smiling Mask":0,"Boot":[4],"obtain_stats":[{"Gremlin Horn":0,"Torii":44,"Pen Nib":29,"Incense Burner":0,"Smiling Mask":13,"Boot":38,"Burning Blood":0,"Calling Bell":0,"CaptainsWheel":26,"HornCleat":9,"Busted Crown":34,"Strawberry":43,"MealTicket":0,"Coffee Dripper":17,"Kunai":20,"Unceasing Top":6,"Meat on the Bone":11},{"Gremlin Horn":0,"Torii":18,"Pen Nib":13,"Incense Burner":0,"Smiling Mask":7,"Boot":16,"Burning Blood":0,"Calling Bell":0,"CaptainsWheel":12,"HornCleat":5,"Busted Crown":15,"Strawberry":17,"MealTicket":0,"Coffee Dripper":9,"Kunai":11,"Unceasing Top":4,"Meat on the Bone":6},{"Gremlin Horn":0,"Torii":85,"Pen Nib":60,"Incense Burner":0,"Smiling Mask":31,"Boot":78,"Burning Blood":0,"Calling Bell":0,"CaptainsWheel":57,"HornCleat":22,"Busted Crown":74,"Strawberry":80,"MealTicket":0,"Coffee Dripper":43,"Kunai":51,"Unceasing Top":19,"Meat on the Bone":27}],"Unceasing Top":[10],"Meat on the Bone":72},"card_choices":[{"not_picked":["Wild Strike","Twin Strike"],"picked":"Anger","floor":1.0},{"not_picked":["Rampage","Second Wind"],"picked":"Limit Break","floor":2.0},{"not_picked":["Headbutt","Bloodletting"],"picked":"Battle Trance","floor":5.0},{"not_picked":["Metallicize","Warcry"],"picked":"Shrug It Off","floor":6.0},{"not_picked":["Power Through","Body Slam"],"picked":"Spot Weakness","floor":7.0},{"not_picked":["Perfected Strike","Hemokinesis"],"picked":"Thunderclap","floor":11.0},{"not_picked":["Armaments","Dark Embrace"],"picked":"Feed","floor":13.0},{"not_picked":["Combust","Havoc"],"picked":"Pummel","floor":14.0},{"not_picked":["Juggernaut","Corruption"],"picked":"Limit Break","floor":16.0},{"not_picked":["Rage","Dropkick"],"picked":"Dual Wield","floor":18.0},{"not_picked":["Evolve+1","Pommel Strike"],"picked":"Flex","floor":19.0},{"not_picked":["Wild Strike","Searing Blow"],"picked":"Anger","floor":22.0},{"not_picked":["Spot Weakness","Battle Trance"],"picked":"Dual Wield+1","floor":29.0},{"not_picked":["Body Slam","Battle Trance"],"picked":"Shockwave","floor":31.0},{"not_picked":["Barricade","Feed"],"picked":"Fiend Fire","floor":33.0},{"not_picked":[],"picked":"Sword Boomerang","floor":35.0},{"not_picked":[],"picked":"Feel No Pain","floor":40.0},{"not_picked":[],"picked":"Battle Trance","floor":44.0},{"not_picked":[],"picked":"Heavy Blade","floor":45.0},{"not_picked":["Rampage"],"picked":"SKIP","floor":47.0},{"not_picked":[],"picked":"Second Wind+1","floor":48.0}],"player_experience":267230,"relics_obtained":[{"floor":0.0,"key":"MealTicket"},{"floor":0.0,"key":"Gremlin Horn"},{"floor":0.0,"key":"Incense Burner"},{"floor":6.0,"key":"Unceasing Top"},{"floor":9.0,"key":"HornCleat"},{"floor":11.0,"key":"Meat on the Bone"},{"floor":13.0,"key":"Smiling Mask"},{"floor":26.0,"key":"CaptainsWheel"},{"floor":29.0,"key":"Pen Nib"},{"floor":38.0,"key":"Boot"},{"floor":43.0,"key":"Strawberry"},{"floor":44.0,"key":"Torii"}],"event_choices":[{"damage_healed":0.0,"max_hp_gain":5.0,"max_hp_loss":0.0,"gold_gain":0.0,"event_name":"Big Fish","player_choice":"Donut","floor":4.0,"gold_loss":0.0,"damage_taken":0.0},{"damage_healed":0.0,"max_hp_gain":0.0,"max_hp_loss":0.0,"gold_gain":0.0,"event_name":"Accursed Blacksmith","player_choice":"Forge","floor":10.0,"gold_loss":0.0,"damage_taken":0.0,"cards_upgraded":["Bash"]},{"damage_healed":0.0,"max_hp_gain":0.0,"max_hp_loss":0.0,"gold_gain":0.0,"event_name":"Masked Bandits","player_choice":"Paid Fearfully","floor":21.0,"gold_loss":5.0,"damage_taken":0.0},{"damage_healed":0.0,"max_hp_gain":0.0,"max_hp_loss":0.0,"gold_gain":0.0,"event_name":"Ghosts","player_choice":"Ignored","floor":24.0,"gold_loss":0.0,"damage_taken":0.0},{"damage_healed":0.0,"max_hp_gain":0.0,"max_hp_loss":0.0,"gold_gain":0.0,"event_name":"Wheel of Change","player_choice":"Damaged","floor":36.0,"gold_loss":0.0,"damage_taken":13.0},{"damage_healed":0.0,"max_hp_gain":0.0,"max_hp_loss":0.0,"gold_gain":0.0,"event_name":"Mysterious Sphere","player_choice":"Ignored","floor":42.0,"gold_loss":0.0,"damage_taken":0.0},{"damage_healed":0.0,"max_hp_gain":0.0,"max_hp_loss":0.0,"gold_gain":0.0,"event_name":"MindBloom","player_choice":"Fight","floor":44.0,"gold_loss":0.0,"damage_taken":0.0}],"is_beta":false,"boss_relics":[{"not_picked":["Empty Cage","Sozu"],"picked":"Coffee Dripper"},{"not_picked":["SacredBark","Tiny House"],"picked":"Busted Crown"}],"items_purged_floors":[],"is_endless":false,"potions_floor_spawned":[1,6,11,16,18,22,31,40,44],"ascension_level":20}}