{"host":"7cp3z5w0tcrrm8ys","time":1613645826,"event":{"mods":["AchievementEnabler","BaseMod","DeckTracker","Minty Spire (QoL Compilation)","StSLib","SuperFastMode"],"gold_per_floor":[115,125,140,140,81,81,124,148,148,69,108,108,144,163,163,252,252,252,252,7,7,7,7,7,7,7,7,7,7,7,7,7,7,7],"floor_reached":33,"language":"KOR","playtime":1185,"items_purged":[],"score":654,"play_id":"46d00fe1-7cb7-44d4-a0c1-c802c53a8686","local_time":"20210218195706","is_ascension_mode":true,"campfire_choices":[{"data":"Rupture","floor":6,"key":"SMITH"},{"data":"Bash","floor":12,"key":"SMITH"},{"data":"Spot Weakness","floor":15,"key":"SMITH"},{"floor":23,"key":"REST"},{"data":"Flame Barrier","floor":32,"key":"SMITH"}],"circlet_count":0,"master_deck":["AscendersBane","Strike_R","Strike_R","Strike_R","Strike_R","Strike_R","Defend_R","Defend_R","Defend_R","Defend_R","Bash+1","Pommel Strike","Hemokinesis","Rupture+1","Injury","Reaper","Spot Weakness+1","Pommel Strike","Second Wind","Impervious","Headbutt+1","Flame Barrier+1","J.A.X.","Impatience","Intimidate+1","Heavy Blade+1","Iron Wave+1","Sword Boomerang"],"relics":["Burning Blood","Bag of Preparation","Golden Idol","Red Skull","Boot","Sundial","Letter Opener","StrikeDummy","Ectoplasm","Orichalcum","MealTicket","Singing Bowl","Anchor"],"acts_visited":["Exordium","TheCity"],"potions_floor_usage":[7,11,16,16,20,24,24,29,30,31],"damage_taken":[{"damage":7,"enemies":"2 Louse","floor":1,"turns":4},{"damage":3,"enemies":"Small Slimes","floor":2,"turns":4},{"damage":4,"enemies":"Jaw Worm","floor":3,"turns":4},{"damage":24,"enemies":"Lagavulin","floor":7,"turns":4},{"damage":39,"enemies":"Lots of Slimes","floor":8,"turns":6},{"damage":39,"enemies":"3 Sentries","floor":11,"turns":8},{"damage":10,"enemies":"Gremlin Nob","floor":13,"turns":3},{"damage":15,"enemies":"Large Slime","floor":14,"turns":4},{"damage":17,"enemies":"Hexaghost","floor":16,"turns":7},{"damage":34,"enemies":"3 Byrds","floor":18,"turns":6},{"damage":15,"enemies":"Chosen","floor":19,"turns":5},{"damage":43,"enemies":"Slavers","floor":24,"turns":5},{"damage":13,"enemies":"Centurion and Healer","floor":25,"turns":5},{"damage":31,"enemies":"Gremlin Leader","floor":27,"turns":7},{"damage":22,"enemies":"Shelled Parasite and Fungi","floor":28,"turns":4},{"damage":36,"enemies":"Slavers","floor":29,"turns":4},{"damage":31,"enemies":"Cultist and Chosen","floor":30,"turns":7},{"damage":22,"enemies":"Centurion and Healer","floor":31,"turns":5},{"damage":93,"enemies":"Collector","floor":33,"turns":8}],"seed_played":"7400508490194650097","potions_obtained":[{"floor":1,"key":"Energy Potion"},{"floor":7,"key":"LiquidBronze"},{"floor":8,"key":"BloodPotion"},{"floor":11,"key":"SpeedPotion"},{"floor":18,"key":"Fire Potion"},{"floor":27,"key":"DuplicationPotion"},{"floor":29,"key":"AttackPotion"},{"floor":30,"key":"Regen Potion"}],"is_trial":false,"path_per_floor":["M","M","M","?","?","R","E","M","T","?","E","R","E","M","R","B",null,"M","M","$","?","?","R","E","M","T","E","M","E","M","M","R","B"],"character_chosen":"IRONCLAD","items_purchased":["Flame Barrier","Fruit Juice","Swift Potion"],"campfire_rested":1,"item_purchase_floors":[20,20,20],"current_hp_per_floor":[67,70,72,72,72,72,54,36,36,36,36,36,32,35,35,31,64,42,37,42,42,30,54,38,50,50,66,60,72,47,72,72,0,0],"gold":7,"neow_bonus":"RANDOM_COMMON_RELIC","is_daily":false,"chose_seed":false,"campfire_upgraded":4,"win_rate":0.0,"timestamp":1613645826,"path_taken":["M","M","M","?","?","R","E","M","T","?","E","R","E","?","R","BOSS","M","M","$","?","?","R","E","M","T","E","?","E","M","M","R","BOSS"],"items_purchased_type":["Card","Potion","Potion"],"build_version":"2020-12-22","purchased_purges":0,"victory":false,"max_hp_per_floor":[75,75,75,75,75,75,75,75,75,75,75,75,75,75,75,75,75,75,75,80,80,80,80,80,80,80,80,82,84,84,86,86,86,86],"card_choices":[{"not_picked":["Disarm","Seeing Red"],"picked":"Pommel Strike","floor":1},{"not_picked":["Second Wind","Sever Soul"],"picked":"Hemokinesis","floor":2},{"not_picked":["Thunderclap","True Grit"],"picked":"Rupture","floor":3},{"not_picked":["Evolve","Heavy Blade"],"picked":"Reaper","floor":7},{"not_picked":["Perfected Strike","Wild Strike","Burning Pact"],"picked":"SKIP","floor":8},{"not_picked":["Rampage","Clash"],"picked":"Spot Weakness","floor":11},{"not_picked":["Burning Pact","Perfected Strike"],"picked":"Pommel Strike","floor":13},{"not_picked":["Perfected Strike","Pommel Strike"],"picked":"Second Wind","floor":14},{"not_picked":["Barricade","Bludgeon"],"picked":"Impervious","floor":16},{"not_picked":["True Grit","Combust"],"picked":"Headbutt+1","floor":18},{"not_picked":["Wild Strike","Twin Strike","Havoc"],"picked":"SKIP","floor":19},{"not_picked":["Uppercut","Rampage"],"picked":"Intimidate+1","floor":24},{"not_picked":["Anger","Inflame"],"picked":"Heavy Blade+1","floor":25},{"not_picked":["Searing Blow","Clash"],"picked":"Iron Wave+1","floor":27},{"not_picked":["Demon Form","Intimidate","Uppercut+1"],"picked":"Singing Bowl","floor":28},{"not_picked":["Rampage","Reckless Charge","Limit Break"],"picked":"Singing Bowl","floor":29},{"not_picked":["Anger+1","Pommel Strike"],"picked":"Sword Boomerang","floor":30},{"not_picked":["Burning Pact","Dropkick","Inflame+1"],"picked":"Singing Bowl","floor":31}],"player_experience":817244,"relics_obtained":[{"floor":7,"key":"Red Skull"},{"floor":9,"key":"Boot"},{"floor":11,"key":"Letter Opener"},{"floor":13,"key":"StrikeDummy"},{"floor":24,"key":"Orichalcum"},{"floor":26,"key":"MealTicket"},{"floor":27,"key":"Singing Bowl"},{"floor":29,"key":"Anchor"}],"event_choices":[{"damage_healed":0,"gold_gain":0,"player_choice":"Take Wound","damage_taken":0,"relics_obtained":["Golden Idol"],"max_hp_gain":0,"max_hp_loss":0,"event_name":"Golden Idol","floor":4,"gold_loss":0,"cards_obtained":["Injury"]},{"damage_healed":0,"gold_gain":0,"player_choice":"Left Gold","damage_taken":0,"max_hp_gain":0,"max_hp_loss":0,"event_name":"World of Goop","floor":5,"gold_loss":59},{"damage_healed":0,"gold_gain":0,"player_choice":"Paid Gold","damage_taken":0,"relics_obtained":["Sundial"],"max_hp_gain":0,"max_hp_loss":0,"event_name":"WeMeetAgain","floor":10,"gold_loss":79},{"damage_healed":0,"gold_gain":0,"player_choice":"Obtain J.A.X.","damage_taken":0,"max_hp_gain":0,"max_hp_loss":0,"event_name":"Drug Dealer","floor":21,"gold_loss":0,"cards_obtained":["J.A.X."]},{"damage_healed":0,"gold_gain":0,"player_choice":"CARD ","damage_taken":12,"max_hp_gain":0,"max_hp_loss":0,"event_name":"Knowing Skull","floor":22,"potions_obtained":[],"gold_loss":0,"cards_obtained":["Impatience"]}],"is_beta":false,"boss_relics":[{"not_picked":["Snecko Eye","Runic Cube"],"picked":"Ectoplasm"}],"items_purged_floors":[],"is_endless":false,"potions_floor_spawned":[1,7,8,11,18,27,29,30],"killed_by":"Collector","ascension_level":20}}