{"host":"6dypmz777xraikqf","time":1613648246,"event":{"mods":["AchievementEnabler","BaseMod","BetterRewards","Colored Map","Colored Powertips","Downfall","Highlight Path","Hubris","Infinite Spire","Minty Spire (QoL Compilation)","Replay The Spire","StSLib"],"gold_per_floor":[116,136,156,156,171,199,213,213,213,213,213,230,250,263,263,365,365,320,332,45,58,74,74,85,85,85,85,85],"floor_reached":27,"language":"ENG","playtime":1837,"items_purged":[],"score":265,"play_id":"9c0e76ac-b8be-4ff1-86ee-7a200a290db3","local_time":"20210218113726","is_ascension_mode":true,"campfire_choices":[{"floor":8,"key":"REST"},{"data":"Capacitor","floor":11,"key":"SMITH"},{"floor":15,"key":"REST"},{"floor":23,"key":"REST"},{"floor":25,"key":"REST"}],"circlet_count":0,"master_deck":["Zap+1","Dualcast","Heatsinks","Force Field","Steam","Undo","Ball Lightning","Capacitor+1","Cold Snap","FIFO Queue","Fission","ReplayTheSpireMod:Calculation Training","ReplaySort","Hello World","ReplayTheSpireMod:GoodbyeWorld","Meteor Strike","Storm","Aggregate","FIFO Queue","Reinforced Body","Coolheaded","Hello World","Self Repair+1"],"relics":["Cracked Core","hubris:ToyBattleship","infinitespire:Beetle Shell","Mirror","Replay:Grab Bag","Replay:Bronze Core","Sozu","Pandora\u0027s Box","Shovel","Molten Egg 2"],"acts_visited":["Exordium","TheCity"],"potions_floor_usage":[6,6,16,16],"damage_taken":[{"damage":1,"enemies":"2 Louse","floor":1,"turns":2},{"damage":6,"enemies":"Cultist","floor":2,"turns":4},{"damage":30,"enemies":"infinitespire:Voidling","floor":3,"turns":5},{"damage":2,"enemies":"2 Fungi Beasts","floor":5,"turns":4},{"damage":25,"enemies":"Lagavulin","floor":6,"turns":8},{"damage":1,"enemies":"Red Slaver","floor":7,"turns":5},{"damage":1,"enemies":"Lots of Slimes","floor":12,"turns":4},{"damage":6,"enemies":"Blue Slaver","floor":13,"turns":3},{"damage":6,"enemies":"Exordium Wildlife","floor":14,"turns":5},{"damage":11,"enemies":"Hexaghost","floor":16,"turns":10},{"damage":21,"enemies":"2 Thieves","floor":18,"turns":5},{"damage":1,"enemies":"Shell Parasite","floor":19,"turns":9},{"damage":26,"enemies":"Snake Plant","floor":21,"turns":5},{"damage":11,"enemies":"Centurion and Healer","floor":22,"turns":11},{"damage":22,"enemies":"3 Cultists","floor":24,"turns":8},{"damage":40,"enemies":"Gremlin Leader","floor":27,"turns":6}],"seed_played":"-5648062324766264051","potions_obtained":[{"floor":1,"key":"champ:CounterPotion"},{"floor":3,"key":"BlessingOfTheForge"},{"floor":6,"key":"LiquidBronze"},{"floor":14,"key":"BlessingOfTheForge"}],"is_trial":false,"path_per_floor":["M","M","M","?","M","E","M","R","T","T","R","M","M","M","R","B",null,"M","M","$","M","M","R","M","R","T","E"],"character_chosen":"DEFECT","items_purchased":["Shovel"],"campfire_rested":4,"item_purchase_floors":[20],"current_hp_per_floor":[74,68,50,50,48,23,22,44,44,44,44,43,37,31,53,42,75,54,53,53,27,16,38,16,38,38,0,0],"gold":85,"neow_bonus":"THREE_CARDS","is_daily":false,"chose_seed":false,"campfire_upgraded":1,"win_rate":0.0,"timestamp":1613648246,"path_taken":["M","M","M","?","M","E","?","R","T","?","R","M","M","M","R","BOSS","M","M","$","M","?","R","M","R","T","E"],"items_purchased_type":["Relic"],"build_version":"2020-12-22","purchased_purges":0,"victory":false,"max_hp_per_floor":[75,75,75,75,75,75,75,75,75,75,75,75,75,75,75,75,75,75,75,75,75,75,75,75,75,75,75,75],"card_choices":[{"not_picked":["BasicCrystalCard","Barrage"],"picked":"Heatsinks","floor":0},{"not_picked":["Streamline","Leap"],"picked":"Force Field","floor":1},{"not_picked":["Gash","Melter"],"picked":"Steam","floor":2},{"not_picked":["Conserve Battery","Leap"],"picked":"Undo","floor":3},{"not_picked":["Barrage","ReplayTheSpireMod:Repulse"],"picked":"Ball Lightning","floor":5},{"not_picked":["Genetic Algorithm","Leap"],"picked":"Capacitor","floor":6},{"not_picked":["All For One","Streamline","Go for the Eyes"],"picked":"SKIP","floor":7},{"not_picked":["Gash","Leap"],"picked":"Cold Snap","floor":12},{"not_picked":["Compile Driver","Sweeping Beam","Beam Cell"],"picked":"SKIP","floor":13},{"not_picked":["Sweeping Beam","Compile Driver"],"picked":"FIFO Queue","floor":14},{"not_picked":["Meteor Strike","Reboot"],"picked":"Fission","floor":16},{"not_picked":["Redo","ReplayTheSpireMod:GoodbyeWorld"],"picked":"Reinforced Body","floor":18},{"not_picked":["Steam Power","Panic Button+1"],"picked":"Coolheaded","floor":19},{"not_picked":["Sunder","Streamline","Redo+1"],"picked":"SKIP","floor":21},{"not_picked":["BasicCrystalCard","Cold Snap"],"picked":"Hello World","floor":22},{"not_picked":["Stack","Auto Shields"],"picked":"Self Repair+1","floor":24}],"player_experience":259431,"relics_obtained":[{"floor":6,"key":"hubris:ToyBattleship"},{"floor":9,"key":"infinitespire:Beetle Shell"},{"floor":10,"key":"Mirror"},{"floor":26,"key":"Molten Egg 2"}],"event_choices":[{"damage_healed":0,"gold_gain":0,"player_choice":"Upgraded","damage_taken":0,"max_hp_gain":0,"max_hp_loss":0,"event_name":"Upgrade Shrine","floor":4,"gold_loss":0,"cards_upgraded":["Zap"]}],"is_beta":false,"boss_relics":[{"not_picked":["Replay:Wanted Poster","Tiny House"],"picked":"Replay:Grab Bag"},{"not_picked":["ChewingGum","hubris:GrandSneckoEye"],"picked":"Replay:Bronze Core"},{"not_picked":["infinitespire:Cupcake","Velvet Choker"],"picked":"Sozu"},{"not_picked":["FrozenCore","Calling Bell"],"picked":"Pandora\u0027s Box"}],"items_purged_floors":[],"is_endless":false,"potions_floor_spawned":[1,3,6,14,21,24],"killed_by":"Gremlin Leader","ascension_level":4}}