{"host":"p7cjtxxrilhp4dw7","time":1613688645,"event":{"mods":["BaseMod","Block Reminder","Colored Map","Curses Come First","Downfall","Highlight Path","Minty Spire (QoL Compilation)","StSLib"],"gold_per_floor":[99,115,135,151,251,251,251,151,217,252,302,352,252,280,296,394,394,394,407,481,631,648,548,626,626,643,662,662,682,698,731,749,847,847,847,857,339,389,158,208,208,222,222,291,321,321,352,40,54,54,54,54,54,54],"floor_reached":52,"language":"ENG","playtime":8337,"items_purged":["bronze:Strike","bronze:Strike"],"score":930,"play_id":"9633fa81-d3e7-4197-ac72-18cadb8c9522","local_time":"20210218155045","is_ascension_mode":true,"campfire_choices":[{"data":"bronze:Replicate","floor":1,"key":"SMITH"},{"floor":6,"key":"RECALL"},{"data":"bronze:Branch","floor":8,"key":"SMITH"},{"data":"bronze:FineTuning","floor":13,"key":"SMITH"},{"data":"bronze:SpaghettiCode","floor":18,"key":"SMITH"},{"data":"bronze:Invalidate","floor":23,"key":"SMITH"},{"data":"bronze:BronzeArmor","floor":25,"key":"SMITH"},{"data":"bronze:Iterate","floor":28,"key":"SMITH"},{"data":"bronze:FindAndReplace","floor":35,"key":"SMITH"},{"data":"expansioncontent:DashGenerateEvil","floor":43,"key":"SMITH"},{"floor":46,"key":"DIG"}],"circlet_count":0,"master_deck":["bronze:Strike","bronze:Defend","bronze:Defend","bronze:Defend","bronze:Defend","bronze:Replicate+1","bronze:Goto","bronze:Repair","bronze:Branch+1","bronze:Fortify","bronze:BronzeArmor+1","bronze:Invalidate+1","bronze:Iterate+1","bronze:SpaghettiCode+1","bronze:OilSpill+1","bronze:Overheat+1","bronze:Shell+1","bronze:FindAndReplace+1","bronze:CloningBeam","expansioncontent:QuickStudy","bronze:Deprecate","bronze:SpaghettiCode+1","expansioncontent:DashGenerateEvil+1","bronze:BitShift+1"],"relics":["bronze:PlatinumCore","downfall:CloakOfManyFaces","CultistMask","FaceOfCleric","NlothsMask","GremlinMask","SsserpentHead","downfall:HeartBlessingRed","Gremlin Horn","Bag of Marbles","downfall:HeartBlessingGreen","Omamori","Calling Bell","Strawberry","Darkstone Periapt","Incense Burner","downfall:HeartBlessingBlue","The Courier","Sundial","TheAbacus","Shuriken","Nunchaku","DollysMirror","Kunai","Shovel","Ornamental Fan","Blood Vial","Potion Belt","Thread and Needle"],"acts_visited":["Exordium","TheCity","TheBeyond","TheEnding"],"potions_floor_usage":[5,5,10,29,31,33,50,50,50],"damage_taken":[{"damage":1,"enemies":"Jaw Worm","floor":2,"turns":3},{"damage":2,"enemies":"Cultist","floor":3,"turns":3},{"damage":3,"enemies":"2 Louse","floor":4,"turns":2},{"damage":3,"enemies":"downfall:FaceTrader","floor":5,"turns":11},{"damage":6,"enemies":"downfall:LooterAlt","floor":9,"turns":4},{"damage":5,"enemies":"Lagavulin","floor":10,"turns":6},{"damage":9,"enemies":"3 Sentries","floor":14,"turns":9},{"damage":0,"enemies":"Red Slaver","floor":15,"turns":2},{"damage":0,"enemies":"SI_SHIV_ARCHETYPE","floor":16,"turns":9},{"damage":0,"enemies":"Chosen","floor":19,"turns":3},{"damage":5,"enemies":"3 Byrds","floor":22,"turns":6},{"damage":6,"enemies":"Sentry and Sphere","floor":26,"turns":4},{"damage":9,"enemies":"Chosen and Byrds","floor":27,"turns":5},{"damage":6,"enemies":"Centurion and Healer","floor":29,"turns":6},{"damage":4,"enemies":"Snake Plant","floor":30,"turns":4},{"damage":26,"enemies":"Gremlin Leader","floor":31,"turns":5},{"damage":1,"enemies":"3 Cultists","floor":32,"turns":4},{"damage":69,"enemies":"DF_ARCHETYPE_CLAW","floor":33,"turns":12},{"damage":0,"enemies":"Orb Walker","floor":36,"turns":4},{"damage":0,"enemies":"downfall:FleeingMerchant","floor":37,"turns":4},{"damage":0,"enemies":"downfall:FleeingMerchant","floor":39,"turns":4},{"damage":1,"enemies":"3 Darklings","floor":42,"turns":3},{"damage":2,"enemies":"Sphere and 2 Shapes","floor":44,"turns":4},{"damage":0,"enemies":"Reptomancer","floor":45,"turns":6},{"damage":44,"enemies":"Giant Head","floor":47,"turns":8},{"damage":0,"enemies":"Maw","floor":49,"turns":5},{"damage":15,"enemies":"IC_BLOCK_ARCHETYPE","floor":50,"turns":6},{"damage":151,"enemies":"downfall:CharBossMerchant","floor":52,"turns":8}],"seed_played":"9076405706477620207","potions_obtained":[{"floor":2,"key":"champ:CounterPotion"},{"floor":3,"key":"Weak Potion"},{"floor":5,"key":"PowerPotion"},{"floor":15,"key":"champ:CounterPotion"},{"floor":16,"key":"FearPotion"},{"floor":26,"key":"Fire Potion"},{"floor":29,"key":"bronze:FreeFunctionsPotion"},{"floor":36,"key":"SteroidPotion"},{"floor":45,"key":"CultistPotion"}],"is_trial":false,"path_per_floor":["R","M","M","M","?","R","T","R","M","E","?","?","R","E","M","B",null,"R","M","T","?","M","R","T","R","M","M","R","M","M","E","M","B",null,"R","M","$","?","?","?","T","M","R","M","E","R","E","$","M","B",null,"E"],"character_chosen":"THE_AUTOMATON","items_purchased":["expansioncontent:QuickStudy","TheAbacus","Shuriken","Nunchaku","DollysMirror","Kunai","expansioncontent:DashGenerateEvil","Thread and Needle"],"campfire_rested":0,"item_purchase_floors":[37,37,37,39,39,39,39,48],"current_hp_per_floor":[77,76,75,77,75,75,75,75,72,75,68,68,68,67,68,76,89,89,90,90,90,91,101,101,101,96,94,94,96,101,84,92,31,108,108,109,110,110,111,111,111,111,111,113,114,114,76,76,79,67,117,0,0,0],"gold":54,"neow_bonus":"TEN_PERCENT_HP_BONUS","is_daily":false,"chose_seed":false,"campfire_upgraded":9,"win_rate":0.0,"timestamp":1613688645,"path_taken":["R","M","M","M","?","R","T","R","?","E","?","?","R","E","M","BOSS","R","M","?","?","M","R","T","R","M","M","R","M","M","E","M","BOSS","R","M","$","?","?","?","T","M","R","?","E","R","E","$","M","BOSS","E"],"items_purchased_type":["Card","Relic","Relic","Relic","Relic","Relic","Card","Relic"],"build_version":"2020-12-22","purchased_purges":2,"victory":false,"max_hp_per_floor":[77,77,77,77,77,77,77,77,78,79,79,79,79,80,81,82,89,89,90,90,90,91,101,101,101,102,103,103,104,105,106,107,108,108,108,109,110,110,111,111,111,112,112,113,114,114,115,115,116,117,117,117,117,117],"card_choices":[{"not_picked":["bronze:Shield","bronze:Frontload"],"picked":"bronze:Repair","floor":2},{"not_picked":["bronze:DelayedSlice","bronze:Allocate"],"picked":"bronze:Branch","floor":3},{"not_picked":["bronze:Turbo","bronze:ShipIt","bronze:Overheat"],"picked":"SKIP","floor":4},{"not_picked":["bronze:DelayedGuard","bronze:DelayedSlice"],"picked":"bronze:Fortify","floor":5},{"not_picked":["bronze:ForceShield","bronze:DarkDash"],"picked":"bronze:BronzeArmor","floor":9},{"not_picked":["bronze:Break","bronze:DarkDash"],"picked":"bronze:FineTuning","floor":10},{"not_picked":["bronze:BugBarrage","bronze:Overheat"],"picked":"bronze:Invalidate","floor":14},{"not_picked":["bronze:BuggyMess","bronze:ClassDefault"],"picked":"bronze:Iterate","floor":15},{"not_picked":["bronze:AlphaBuild","bronze:RecursiveStrike"],"picked":"bronze:SpaghettiCode","floor":16},{"not_picked":["bronze:DigitalCarnage","bronze:WildBeam","bronze:Repair"],"picked":"SKIP","floor":19},{"not_picked":["bronze:FineTuning","bronze:Shield"],"picked":"bronze:OilSpill+1","floor":22},{"not_picked":["bronze:Invalidate","bronze:DelayedGuard","bronze:CleanCode"],"picked":"SKIP","floor":26},{"not_picked":["bronze:Branch","bronze:Backtrace+1","bronze:Constructor"],"picked":"SKIP","floor":27},{"not_picked":["bronze:Fortify","bronze:Frontload"],"picked":"bronze:Overheat+1","floor":29},{"not_picked":["bronze:BronzeArmor+1","bronze:Philosophize+1","bronze:WildBeam"],"picked":"SKIP","floor":30},{"not_picked":["bronze:Optimize","bronze:Safeguard+1"],"picked":"bronze:Shell+1","floor":31},{"not_picked":["bronze:Invalidate","bronze:NullPointer","bronze:OilSpill"],"picked":"SKIP","floor":32},{"not_picked":["bronze:Break","bronze:SpaghettiCode"],"picked":"bronze:FindAndReplace","floor":33},{"not_picked":["bronze:Separator","bronze:MaxOutput+1"],"picked":"bronze:CloningBeam","floor":36},{"not_picked":["bronze:Overheat+1","bronze:Turbo+1","bronze:Format"],"picked":"SKIP","floor":37},{"not_picked":["bronze:Frontload+1","bronze:BuggyMess"],"picked":"bronze:Deprecate","floor":39},{"not_picked":["bronze:CutThrough","bronze:Invalidate","bronze:Allocate+1"],"picked":"SKIP","floor":42},{"not_picked":["bronze:Turbo","bronze:Backtrace+1","bronze:CutThrough"],"picked":"SKIP","floor":44},{"not_picked":["bronze:WildBeam+1","bronze:ShipIt"],"picked":"bronze:BitShift+1","floor":45},{"not_picked":["bronze:Break","bronze:Shield","bronze:MaxOutput+1"],"picked":"SKIP","floor":47},{"not_picked":["bronze:Turbo","bronze:Safeguard","bronze:BugBarrage"],"picked":"SKIP","floor":49}],"player_experience":821026,"relics_obtained":[{"floor":5,"key":"downfall:CloakOfManyFaces"},{"floor":10,"key":"Gremlin Horn"},{"floor":14,"key":"Omamori"},{"floor":17,"key":"Strawberry"},{"floor":17,"key":"Darkstone Periapt"},{"floor":17,"key":"Incense Burner"},{"floor":24,"key":"The Courier"},{"floor":31,"key":"Sundial"},{"floor":41,"key":"Shovel"},{"floor":45,"key":"Ornamental Fan"},{"floor":46,"key":"Blood Vial"},{"floor":47,"key":"Potion Belt"}],"event_choices":[{"damage_healed":0,"gold_gain":0,"player_choice":"Success","damage_taken":7,"relics_obtained":["Bag of Marbles"],"max_hp_gain":0,"max_hp_loss":0,"event_name":"Scrap Ooze","floor":11,"gold_loss":0},{"cards_removed":["bronze:FineTuning"],"damage_healed":0,"gold_gain":0,"player_choice":"Removed Skill","damage_taken":0,"max_hp_gain":0,"max_hp_loss":0,"event_name":"Falling","floor":38,"gold_loss":0}],"is_beta":false,"boss_relics":[{"not_picked":["Runic Pyramid","Empty Cage"],"picked":"Calling Bell"},{"not_picked":["bronze:MakeshiftBattery","Black Star"],"picked":"bronze:PlatinumCore"}],"items_purged_floors":[37,48],"is_endless":false,"potions_floor_spawned":[2,3,5,15,16,26,27,29,30,36,45],"killed_by":"downfall:CharBossMerchant","ascension_level":1}}