{"host":"p1xsuo25udtrkbq2","time":1613633892,"event":{"mods":["BaseMod","Colored Map","Googly Eyes","Highlight Path","Minty Spire (QoL Compilation)","Quick Restart","Rare Cards Sparkle","Relic Stats","Slay the Relics Exporter","StSLib","everything is the same but u backflip on backflip"],"gold_per_floor":[118,118,134,35,54,84,84,112,135,154,154,154,11,22,22,123,123,140,140,140],"floor_reached":19,"language":"ENG","playtime":781,"items_purged":["Strike_B"],"score":303,"play_id":"13419265-b7c7-48ce-b5c7-a3828a9d276a","local_time":"20210218023812","is_ascension_mode":true,"campfire_choices":[{"floor":12,"key":"REST"},{"data":"Consume","floor":15,"key":"SMITH"}],"circlet_count":0,"master_deck":["AscendersBane","Strike_B","Strike_B","Defend_B","Defend_B","Defend_B","Defend_B","Zap","Dualcast","Electrodynamics","Consume+1","Ball Lightning+1","Coolheaded","Lockon+1","Steam","Chill","Cold Snap","Thunder Strike","Ball Lightning"],"relics":["Cracked Core","Whetstone","Vajra","DataDisk","OrangePellets","Snecko Eye"],"acts_visited":["Exordium","TheCity"],"potions_floor_usage":[8],"damage_taken":[{"damage":14.0,"enemies":"Small Slimes","floor":1.0,"turns":5.0},{"damage":0.0,"enemies":"2 Louse","floor":3.0,"turns":1.0},{"damage":12.0,"enemies":"Jaw Worm","floor":5.0,"turns":4.0},{"damage":23,"enemies":"3 Sentries","floor":6,"turns":4},{"damage":0,"enemies":"Gremlin Nob","floor":8,"turns":2},{"damage":3,"enemies":"Looter","floor":10,"turns":2},{"damage":0,"enemies":"2 Fungi Beasts","floor":14,"turns":2},{"damage":14,"enemies":"Hexaghost","floor":16,"turns":9},{"damage":6,"enemies":"3 Byrds","floor":18,"turns":2},{"damage":6,"enemies":"Shell Parasite","floor":19,"turns":3}],"seed_played":"-1257363799038356781","potions_obtained":[{"floor":1.0,"key":"Swift Potion"},{"floor":3.0,"key":"Weak Potion"},{"floor":6,"key":"AttackPotion"},{"floor":14,"key":"ColorlessPotion"},{"floor":18,"key":"Energy Potion"}],"is_trial":false,"path_per_floor":["M","?","M","$","M","E","?","E","T","M","?","R","$","M","R","B",null,"M","M"],"character_chosen":"DEFECT","items_purchased":["Coolheaded","OrangePellets"],"campfire_rested":1,"item_purchase_floors":[4,13],"current_hp_per_floor":[54,68,68,68,56,33,26,26,26,23,23,43,43,43,43,29,58,52,46,46],"gold":140,"neow_bonus":"THREE_RARE_CARDS","is_daily":false,"chose_seed":true,"campfire_upgraded":1,"win_rate":0.0,"timestamp":1613633892,"path_taken":["M","?","M","$","M","E","?","E","T","M","?","R","?","M","R","BOSS","M","M"],"items_purchased_type":["Card","Relic"],"build_version":"2020-12-22","purchased_purges":1,"victory":false,"max_hp_per_floor":[68,68,68,68,68,68,68,68,68,68,68,68,68,68,68,68,68,68,68,68],"relic_stats":{"OrangePellets":[0],"counters":[10,34],"Snecko Eye":[12,6,10,6],"Whetstone":["Lockon","Ball Lightning"],"obtain_stats":[{"OrangePellets":13,"DataDisk":9,"Vajra":8,"Snecko Eye":17,"Whetstone":6,"Cracked Core":0},{"OrangePellets":6,"DataDisk":5,"Vajra":5,"Snecko Eye":8,"Whetstone":4,"Cracked Core":0},{"OrangePellets":18,"DataDisk":16,"Vajra":16,"Snecko Eye":29,"Whetstone":14,"Cracked Core":0}]},"card_choices":[{"not_picked":["Meteor Strike","Fission"],"picked":"Electrodynamics","floor":0.0},{"not_picked":["Leap","Loop"],"picked":"Consume","floor":1.0},{"not_picked":["Chill","Go for the Eyes"],"picked":"Ball Lightning","floor":3.0},{"not_picked":["Melter","Sweeping Beam"],"picked":"Lockon","floor":5},{"not_picked":["Rebound","Ball Lightning"],"picked":"Steam","floor":6},{"not_picked":["Fusion","Scrape"],"picked":"Chill","floor":8},{"not_picked":["Redo","Beam Cell","Gash"],"picked":"SKIP","floor":10},{"not_picked":["Sunder","Beam Cell"],"picked":"Cold Snap","floor":14},{"not_picked":["Electrodynamics","Amplify"],"picked":"Thunder Strike","floor":16},{"not_picked":["Doom and Gloom","Chaos"],"picked":"Ball Lightning","floor":18}],"player_experience":1104547,"relics_obtained":[{"floor":6,"key":"Whetstone"},{"floor":8,"key":"Vajra"},{"floor":9,"key":"DataDisk"}],"event_choices":[{"damage_healed":22.0,"max_hp_gain":0.0,"max_hp_loss":0.0,"gold_gain":0.0,"event_name":"Big Fish","player_choice":"Banana","floor":2.0,"gold_loss":0.0,"damage_taken":0.0},{"cards_removed":["Strike_B"],"damage_healed":0,"gold_gain":0,"player_choice":"Card Removal","damage_taken":7,"max_hp_gain":0,"max_hp_loss":0,"event_name":"Golden Wing","floor":7,"gold_loss":0},{"damage_healed":0,"gold_gain":0,"player_choice":"Searched \u00270\u0027 times","damage_taken":0,"max_hp_gain":0,"max_hp_loss":0,"event_name":"Dead Adventurer","floor":11,"gold_loss":0}],"is_beta":false,"boss_relics":[{"not_picked":["Runic Dome","SacredBark"],"picked":"Snecko Eye"}],"items_purged_floors":[4],"is_endless":false,"potions_floor_spawned":[1,3,6,14,18],"killed_by":"Shell Parasite","ascension_level":10}}