{"host":"7hgb9mjb8q1kiawz","time":1613673234,"event":{"mods":["BaseMod","Better Third Choice","Colored Map","Marisa????????","Minty Spire (QoL Compilation)","Replay The Spire","StSLib","The Cursed","The Disciple","The Servant 0.9.4"],"gold_per_floor":[118,118,118,43,57,90,103,103,103,121,133,160,18,46,46,46,46],"floor_reached":16,"language":"ENG","playtime":1573,"items_purged":["Strike_G"],"score":283,"play_id":"aadc58c4-9e82-4af0-80d7-aa61af4527ee","local_time":"20210218193354","is_ascension_mode":true,"campfire_choices":[{"data":"Prepared","floor":8,"key":"SMITH"},{"floor":15,"key":"REST"}],"circlet_count":0,"master_deck":["AscendersBane","Strike_G","Strike_G","Strike_G","Strike_G","Defend_G","Defend_G","Defend_G","Defend_G","Defend_G","Survivor","Neutralize","Dagger Spray","Hidden Blade","Tactician","Prepared+1","Dagger Spray","Prepared","Slice","ReplayTheSpireMod:Scrap Shanks+1","Footwork+1","Deflect"],"relics":["Ring of the Snake","NeowsBlessing","Dream Catcher","Ice Cream","Eternal Feather","Frozen Egg 2","ReplayFunnel"],"acts_visited":["Exordium"],"potions_floor_usage":[12,12,14],"damage_taken":[{"damage":0,"enemies":"Cultist","floor":1,"turns":1},{"damage":0,"enemies":"Jaw Worm","floor":5,"turns":1},{"damage":0,"enemies":"3 Sentries","floor":6,"turns":1},{"damage":2,"enemies":"Small Slimes","floor":7,"turns":4},{"damage":13,"enemies":"3 Louse","floor":10,"turns":2},{"damage":3,"enemies":"Blue Slaver","floor":11,"turns":5},{"damage":25,"enemies":"Lagavulin","floor":12,"turns":7},{"damage":20,"enemies":"3 Sentries","floor":14,"turns":6},{"damage":45,"enemies":"Hexaghost","floor":16,"turns":14}],"seed_played":"-442714556950403862","potions_obtained":[{"floor":5,"key":"SpeedPotion"},{"floor":10,"key":"PowerPotion"},{"floor":14,"key":"Milkshake"}],"is_trial":false,"path_per_floor":["M","T","?","$","M","E","M","R","T","M","M","E","$","E","R","B"],"character_chosen":"THE_SILENT","items_purchased":["ReplayTheSpireMod:Scrap Shanks+1","Regen Potion"],"campfire_rested":1,"item_purchase_floors":[13,13],"current_hp_per_floor":[59,59,59,59,59,59,57,57,57,44,41,16,16,11,42,0,0],"gold":46,"neow_bonus":"THREE_ENEMY_KILL","is_daily":false,"chose_seed":false,"campfire_upgraded":1,"win_rate":0.0,"timestamp":1613673234,"path_taken":["M","?","?","$","M","E","?","R","T","M","M","E","?","E","R","BOSS"],"items_purchased_type":["Card","Potion"],"build_version":"2020-12-22","purchased_purges":1,"victory":false,"max_hp_per_floor":[66,66,66,66,66,66,66,66,66,66,66,66,66,66,66,66,66],"card_choices":[{"not_picked":["Acrobatics","PiercingWail"],"picked":"Dagger Spray","floor":1},{"not_picked":["Underhanded Strike","Bane"],"picked":"Hidden Blade","floor":5},{"not_picked":["Acrobatics","Hidden Blade"],"picked":"Tactician","floor":6},{"not_picked":["Toxin Wave","Slice"],"picked":"Prepared","floor":7},{"not_picked":["Atom Bomb","Bane"],"picked":"Dagger Spray","floor":10},{"not_picked":["Outmaneuver","Sneak Up"],"picked":"Prepared","floor":11},{"not_picked":["Phantasmal Killer","ReplayTheSpireMod:Speed Training"],"picked":"Slice","floor":12},{"not_picked":["Quick Slash","Bane"],"picked":"Footwork+1","floor":14},{"not_picked":["Underhanded Strike","Dodge and Roll"],"picked":"Deflect","floor":15}],"player_experience":841293,"relics_obtained":[{"floor":2,"key":"Dream Catcher"},{"floor":6,"key":"Ice Cream"},{"floor":9,"key":"Eternal Feather"},{"floor":12,"key":"Frozen Egg 2"},{"floor":14,"key":"ReplayFunnel"}],"event_choices":[{"damage_healed":0,"gold_gain":0,"player_choice":"0 cards matched","damage_taken":0,"max_hp_gain":0,"max_hp_loss":0,"event_name":"Match and Keep!","floor":3,"gold_loss":0,"cards_obtained":[]}],"is_beta":false,"boss_relics":[],"items_purged_floors":[4],"is_endless":false,"potions_floor_spawned":[5,10,14],"killed_by":"Hexaghost","ascension_level":19}}