{"host":"gjx3pzun7o2nz979","time":1613683940,"event":{"mods":["AchievementEnabler","BaseMod","Colored Map","Colored Powertips","Downfall","Hermit","Highlight Path","Hubris","Marisa????????","Minty Spire (QoL Compilation)","Replay The Spire","StSLib","SuperFastMode","The Bug Knight","The Cursed","The Disciple","The Hierophant","The Necromancer","The Servant 0.9.4"],"gold_per_floor":[13,32,49,66,66,66,92,0,23,33,47,67,67,85,45,142,142,162,162,162,162],"floor_reached":20,"language":"ENG","playtime":2949,"items_purged":[],"score":178,"play_id":"d33a958e-6575-417d-a88b-ecc42f96d82c","local_time":"20210218163220","is_ascension_mode":false,"campfire_choices":[{"data":"ClearTheMind","floor":6,"key":"SMITH"},{"floor":13,"key":"REST"}],"circlet_count":0,"master_deck":["Strike_P","Strike_P","Strike_P","Strike_P+1","Defend_P","Defend_P+1","Defend_P","Defend_P","Eruption","Prostrate","CarveReality","ClearTheMind+1","Consecrate","Enlightenment","Evaluate","PathToVictory","ConjureBlade","Replay:Anticipation+1"],"relics":["PureWater","Replay:Purple Gloves","PreservedInsect","Honey Jar","hubris:Towel"],"acts_visited":["Exordium","TheCity"],"potions_floor_usage":[7,11,14,16],"damage_taken":[{"damage":7.0,"enemies":"Cultist","floor":1.0,"turns":3.0},{"damage":0,"enemies":"Small Slimes","floor":2,"turns":3},{"damage":0,"enemies":"2 Louse","floor":3,"turns":2},{"damage":1,"enemies":"Red Slaver","floor":4,"turns":2},{"damage":1,"enemies":"Gremlin Nob","floor":7,"turns":3},{"damage":5,"enemies":"3 Louse","floor":10,"turns":3},{"damage":0,"enemies":"2 Fungi Beasts","floor":11,"turns":2},{"damage":6,"enemies":"Gremlin Gang","floor":12,"turns":4},{"damage":0,"enemies":"Blue Slaver","floor":14,"turns":5},{"damage":50,"enemies":"Slime Boss","floor":16,"turns":10},{"damage":0,"enemies":"Spheric Guardian","floor":18,"turns":2},{"damage":77,"enemies":"Chosen and Byrds","floor":20,"turns":8}],"seed_played":"-8303460691928979585","potions_obtained":[{"floor":1.0,"key":"Fire Potion"},{"floor":2,"key":"Block Potion"},{"floor":7,"key":"Strength Potion"},{"floor":11,"key":"Dexterity Potion"},{"floor":14,"key":"Cursed Concoction"}],"is_trial":false,"path_per_floor":["M","M","M","M","?","R","E","$","T","M","M","M","R","M","R_BF","B",null,"M","?","M"],"character_chosen":"WATCHER","items_purchased":["Enlightenment"],"campfire_rested":1,"item_purchase_floors":[8],"current_hp_per_floor":[65,65,65,64,64,64,63,63,63,58,58,52,72,72,72,22,72,72,72,0,0],"gold":162,"neow_bonus":"ONE_RARE_RELIC","is_daily":false,"chose_seed":false,"campfire_upgraded":1,"win_rate":0.0,"timestamp":1613683940,"path_taken":["M","M","M","?","?","R","E","$","T","M","M","M","R","M","R_BF","BOSS","M","?","M"],"items_purchased_type":["Card"],"build_version":"2020-12-22","purchased_purges":0,"victory":false,"max_hp_per_floor":[72,72,72,72,72,72,72,72,72,72,72,72,72,72,72,72,72,72,72,72,72],"card_choices":[{"not_picked":["Replay:Battleflow","LikeWater"],"picked":"Prostrate","floor":1.0},{"not_picked":["PathToVictory","WaveOfTheHand"],"picked":"CarveReality","floor":2},{"not_picked":["EmptyBody","Wallop"],"picked":"ClearTheMind","floor":3},{"not_picked":["Vengeance","Replay:AtTheReady","Protect"],"picked":"SKIP","floor":4},{"not_picked":["Establishment","Nirvana"],"picked":"Consecrate","floor":7},{"not_picked":["DeceiveReality","Tantrum","EmptyFist"],"picked":"SKIP","floor":10},{"not_picked":["Replay:BluntJabs","Worship"],"picked":"Evaluate","floor":11},{"not_picked":["Evaluate","EmptyFist"],"picked":"PathToVictory","floor":12},{"not_picked":["Replay:Battleflow","WheelKick","BowlingBash"],"picked":"SKIP","floor":14},{"not_picked":["Blasphemy","Replay:LoomingThreat"],"picked":"ConjureBlade","floor":16},{"not_picked":["Halt+1","BowlingBash","TalkToTheHand"],"picked":"Replay:Anticipation+1","floor":18}],"player_experience":105779,"relics_obtained":[{"floor":7,"key":"PreservedInsect"}],"event_choices":[{"cards_removed":["Vigilance"],"damage_healed":0,"gold_gain":0,"player_choice":"Offered Basic","damage_taken":0,"max_hp_gain":0,"max_hp_loss":0,"event_name":"Bonfire Elementals","floor":5,"gold_loss":0},{"damage_healed":0,"gold_gain":0,"player_choice":"Upgraded Two","damage_taken":0,"max_hp_gain":0,"max_hp_loss":0,"event_name":"Designer","floor":15,"gold_loss":40,"cards_upgraded":["Defend_P","Strike_P"]}],"is_beta":false,"boss_relics":[{"not_picked":["Tiny House","Fusion Hammer"],"picked":"Honey Jar"}],"items_purged_floors":[],"is_endless":false,"potions_floor_spawned":[1,2,7,11,14],"killed_by":"Chosen and Byrds","ascension_level":0}}