{"host":"ace4y8wgj0fxngh2","time":1613611695,"event":{"mods":["BaseMod","Colored Map","Colored Powertips","Minty Spire (QoL Compilation)","StSLib"],"gold_per_floor":[114,16,16,30,42,58,73,73,96,114,139,158,175,175,175],"floor_reached":14,"language":"ENG","playtime":774,"items_purged":["Strike_G"],"score":96,"play_id":"2dfb75f7-4ce9-42de-a8d3-0d2aa7b66b96","local_time":"20210217202815","is_ascension_mode":false,"campfire_choices":[{"data":"Finisher","floor":8,"key":"SMITH"}],"circlet_count":0,"master_deck":["Strike_G","Strike_G","Strike_G","Strike_G","Defend_G","Defend_G","Defend_G","Defend_G","Survivor","Neutralize","Underhanded Strike","Prepared","Flying Knee","Wraith Form v2","Poisoned Stab","Finisher+1","Acrobatics","Deadly Poison","Catalyst","Dagger Throw","PiercingWail","Poisoned Stab"],"relics":["Ring of the Snake","Oddly Smooth Stone","Centennial Puzzle"],"acts_visited":["Exordium"],"potions_floor_usage":[11],"damage_taken":[{"damage":4,"enemies":"Cultist","floor":1,"turns":3},{"damage":2,"enemies":"Jaw Worm","floor":4,"turns":6},{"damage":7,"enemies":"2 Louse","floor":5,"turns":2},{"damage":1,"enemies":"2 Fungi Beasts","floor":6,"turns":3},{"damage":8,"enemies":"Red Slaver","floor":7,"turns":3},{"damage":9,"enemies":"Blue Slaver","floor":10,"turns":3},{"damage":9,"enemies":"3 Sentries","floor":11,"turns":5},{"damage":14,"enemies":"Gremlin Gang","floor":12,"turns":4},{"damage":12,"enemies":"2 Fungi Beasts","floor":13,"turns":2},{"damage":16,"enemies":"Gremlin Nob","floor":14,"turns":2}],"seed_played":"-6262718298631714100","potions_obtained":[{"floor":4,"key":"GamblersBrew"},{"floor":7,"key":"Explosive Potion"},{"floor":11,"key":"SkillPotion"},{"floor":12,"key":"Strength Potion"}],"is_trial":false,"path_per_floor":["M","$","?","M","M","M","M","R","T","M","E","M","M","E"],"character_chosen":"THE_SILENT","items_purchased":["Flying Knee"],"campfire_rested":0,"item_purchase_floors":[2],"current_hp_per_floor":[66,66,66,64,57,56,48,48,48,39,30,16,4,0,0],"gold":175,"neow_bonus":"THREE_CARDS","is_daily":false,"chose_seed":false,"campfire_upgraded":1,"win_rate":0.0,"timestamp":1613611695,"path_taken":["M","?","?","M","M","M","M","R","T","M","E","M","M","E"],"items_purchased_type":["Card"],"build_version":"2020-12-22","purchased_purges":1,"victory":false,"max_hp_per_floor":[70,70,70,70,70,70,70,70,70,70,70,70,70,70,70],"card_choices":[{"not_picked":["Dash","Calculated Gamble"],"picked":"Underhanded Strike","floor":0},{"not_picked":["Cloak And Dagger","Underhanded Strike"],"picked":"Prepared","floor":1},{"not_picked":["Blade Dance","Bane"],"picked":"Poisoned Stab","floor":4},{"not_picked":["Backflip","Prepared"],"picked":"Finisher","floor":5},{"not_picked":["Distraction","Footwork"],"picked":"Acrobatics","floor":6},{"not_picked":["Calculated Gamble","Predator"],"picked":"Deadly Poison","floor":7},{"not_picked":["Dagger Spray","Prepared"],"picked":"Catalyst","floor":10},{"not_picked":["After Image","Malaise"],"picked":"Dagger Throw","floor":11},{"not_picked":["Acrobatics","Underhanded Strike"],"picked":"PiercingWail","floor":12},{"not_picked":["Acrobatics","Dagger Spray"],"picked":"Poisoned Stab","floor":13}],"player_experience":155744,"relics_obtained":[{"floor":9,"key":"Oddly Smooth Stone"},{"floor":11,"key":"Centennial Puzzle"}],"event_choices":[{"damage_healed":0,"gold_gain":0,"cards_transformed":["Defend_G"],"player_choice":"Change","damage_taken":0,"max_hp_gain":0,"max_hp_loss":0,"event_name":"Living Wall","floor":3,"gold_loss":0,"cards_obtained":["Wraith Form v2"]}],"is_beta":false,"boss_relics":[],"items_purged_floors":[2],"is_endless":false,"potions_floor_spawned":[4,7,11,12,13],"killed_by":"Gremlin Nob","ascension_level":0}}