{"host":"37dk0reb6x0du8wx","time":1613624906,"event":{"mods":["BaseMod","Colored Map","DeckTracker","Minty Spire (QoL Compilation)","Quick Restart","StSLib","The Poker Player"],"gold_per_floor":[110,110,110,133,58,58,58,58,58,58,92,118,131,162,162,282,282,305,505,523,546,567,567,580,580,607,28,28,51,51,75,75,75,75,75],"floor_reached":33,"language":"KOR","playtime":1415,"items_purged":["PokerPlayerMod:Diamond2","PokerPlayerMod:Spade1"],"score":330,"play_id":"b0667749-ba38-40eb-aa4b-150282876cc3","local_time":"20210218140826","is_ascension_mode":false,"metric_token":478,"campfire_choices":[{"data":"PokerPlayerMod:Diamond3","floor":6,"key":"SMITH"},{"data":"PokerPlayerMod:Spade3","floor":8,"key":"SMITH"},{"data":"PokerPlayerMod:Club2","floor":10,"key":"SMITH"},{"data":"PokerPlayerMod:Club3","floor":15,"key":"SMITH"},{"data":"PokerPlayerMod:Diamond4","floor":23,"key":"SMITH"},{"data":"PokerPlayerMod:Spade4","floor":28,"key":"SMITH"},{"floor":30,"key":"REST"},{"data":"PokerPlayerMod:Club4","floor":32,"key":"SMITH"}],"circlet_count":0,"master_deck":["PokerPlayerMod:Diamond5","PokerPlayerMod:Diamond5","PokerPlayerMod:Diamond5","PokerPlayerMod:Spade2","PokerPlayerMod:Spade5","PokerPlayerMod:Spade4","PokerPlayerMod:Club1","PokerPlayerMod:Club5","PokerPlayerMod:Heart2","PokerPlayerMod:TrumpStrike","PokerPlayerMod:BadJoker","PokerPlayerMod:Mulligan","PokerPlayerMod:Club9","PokerPlayerMod:Diamond4","PokerPlayerMod:HiddenCard","PokerPlayerMod:JackOfSpades","PokerPlayerMod:HiddenCard","PokerPlayerMod:WildCard","PokerPlayerMod:ItsShowtime","PokerPlayerMod:Trickery+1","PokerPlayerMod:Heart9"],"relics":["PokerPlayerMod:DeckCase","NeowsBlessing","Golden Idol","Pantograph","Regal Pillow","Vajra","PokerPlayerMod:FairLicense","Velvet Choker","Potion Belt","Girya"],"acts_visited":["Exordium","TheCity"],"potions_floor_usage":[33,33,33],"damage_taken":[{"damage":0,"enemies":"Jaw Worm","floor":1,"turns":1},{"damage":0,"enemies":"Small Slimes","floor":4,"turns":1},{"damage":0,"enemies":"3 Sentries","floor":11,"turns":1},{"damage":0,"enemies":"Cultist","floor":13,"turns":2},{"damage":13,"enemies":"Lagavulin","floor":14,"turns":4},{"damage":0,"enemies":"Slime Boss","floor":16,"turns":6},{"damage":2,"enemies":"Spheric Guardian","floor":18,"turns":3},{"damage":1,"enemies":"2 Thieves","floor":20,"turns":2},{"damage":9,"enemies":"Snake Plant","floor":21,"turns":2},{"damage":0,"enemies":"3 Cultists","floor":22,"turns":3},{"damage":16,"enemies":"Cultist and Chosen","floor":24,"turns":5},{"damage":0,"enemies":"Snecko","floor":29,"turns":4},{"damage":17,"enemies":"Centurion and Healer","floor":31,"turns":5},{"damage":60,"enemies":"Automaton","floor":33,"turns":8}],"seed_played":"-7799886601979782681","potions_obtained":[{"floor":4,"key":"Block Potion"},{"floor":13,"key":"EssenceOfSteel"},{"floor":16,"key":"GamblersBrew"},{"floor":31,"key":"Dexterity Potion"}],"is_trial":false,"path_per_floor":["M","?","?","M","$","R","$","R","T","R","E","T","M","E","R","B",null,"M","?","M","M","M","R","M","?","T","$","R","M","R","M","R","B"],"character_chosen":"THE_POKER_PLAYER","items_purchased":["PokerPlayerMod:Heart9","Girya"],"campfire_rested":1,"item_purchase_floors":[27,27],"current_hp_per_floor":[52,48,48,48,48,48,48,48,48,48,48,48,48,35,35,48,48,46,46,45,36,40,40,27,27,27,27,27,39,48,46,46,0,0,0],"gold":75,"neow_bonus":"THREE_ENEMY_KILL","is_daily":false,"chose_seed":false,"campfire_upgraded":7,"win_rate":0.0,"timestamp":1613624906,"path_taken":["M","?","?","M","$","R","$","R","T","R","E","?","M","E","R","BOSS","M","?","?","M","?","R","?","?","T","$","R","M","R","?","R","BOSS"],"items_purchased_type":["Card","Relic"],"build_version":"2020-12-22","purchased_purges":2,"victory":false,"max_hp_per_floor":[52,48,48,48,48,48,48,48,48,48,48,48,48,48,48,48,48,48,48,48,48,48,48,48,48,48,48,48,48,48,48,48,48,48,48],"card_choices":[{"not_picked":["PokerPlayerMod:SpadeStrike","PokerPlayerMod:ClubsClub","PokerPlayerMod:Spade1"],"picked":"SKIP","floor":1},{"not_picked":["PokerPlayerMod:ClubStrike","PokerPlayerMod:Fold"],"picked":"PokerPlayerMod:Diamond4","floor":4},{"not_picked":["PokerPlayerMod:WasteCollection","PokerPlayerMod:Manipulation"],"picked":"PokerPlayerMod:HiddenCard","floor":11},{"not_picked":["PokerPlayerMod:Diamond3","PokerPlayerMod:Heart2"],"picked":"PokerPlayerMod:JackOfSpades","floor":13},{"not_picked":["PokerPlayerMod:Spade1","PokerPlayerMod:Diamond2"],"picked":"PokerPlayerMod:HiddenCard","floor":14},{"not_picked":["PokerPlayerMod:StackedDeck","PokerPlayerMod:WasteCollection"],"picked":"PokerPlayerMod:WildCard","floor":16},{"not_picked":["PokerPlayerMod:Spade1","PokerPlayerMod:Extraction","PokerPlayerMod:DartThrow"],"picked":"SKIP","floor":18},{"not_picked":["PokerPlayerMod:Spade3","PokerPlayerMod:ClubsClub","PokerPlayerMod:Configure"],"picked":"SKIP","floor":20},{"not_picked":["PokerPlayerMod:Raise","PokerPlayerMod:Club2"],"picked":"PokerPlayerMod:ItsShowtime","floor":21},{"not_picked":["PokerPlayerMod:SpadeStrike","PokerPlayerMod:CloakAndDiamond"],"picked":"PokerPlayerMod:Trickery+1","floor":22},{"not_picked":["PokerPlayerMod:ClubsClub","PokerPlayerMod:Trickery","PokerPlayerMod:ClubStrike+1"],"picked":"SKIP","floor":24},{"not_picked":["PokerPlayerMod:Overdeal+1","PokerPlayerMod:DamnStraight+1","PokerPlayerMod:Raise"],"picked":"SKIP","floor":29},{"not_picked":["PokerPlayerMod:Heart3","PokerPlayerMod:Club2","PokerPlayerMod:FlyingCard"],"picked":"SKIP","floor":31}],"player_experience":221744,"relics_obtained":[{"floor":9,"key":"Pantograph"},{"floor":11,"key":"Regal Pillow"},{"floor":12,"key":"Vajra"},{"floor":14,"key":"PokerPlayerMod:FairLicense"},{"floor":26,"key":"Potion Belt"}],"event_choices":[{"damage_healed":0,"gold_gain":0,"player_choice":"Lose Max HP","damage_taken":0,"relics_obtained":["Golden Idol"],"max_hp_gain":0,"max_hp_loss":4,"event_name":"Golden Idol","floor":2,"gold_loss":0},{"cards_removed":["PokerPlayerMod:Diamond1"],"damage_healed":0,"gold_gain":0,"player_choice":"Trade","damage_taken":0,"max_hp_gain":0,"max_hp_loss":0,"event_name":"PokerPlayerMod:ExordiumClub","floor":3,"gold_loss":0,"cards_obtained":["PokerPlayerMod:Club9"]},{"damage_healed":0,"gold_gain":200,"player_choice":"Gold","damage_taken":0,"max_hp_gain":0,"max_hp_loss":0,"event_name":"Wheel of Change","floor":19,"gold_loss":0},{"damage_healed":0,"gold_gain":0,"player_choice":"Forge","damage_taken":0,"max_hp_gain":0,"max_hp_loss":0,"event_name":"Accursed Blacksmith","floor":25,"gold_loss":0,"cards_upgraded":["PokerPlayerMod:Diamond5"]}],"is_beta":false,"boss_relics":[{"not_picked":["SacredBark","Tiny House"],"picked":"Velvet Choker"}],"items_purged_floors":[5,27],"is_endless":false,"potions_floor_spawned":[4,13,16,24,31],"killed_by":"Automaton","ascension_level":0}}