{"host":"xb2tau8pgi8aflss","time":1613655752,"event":{"mods":["AchievementEnabler","BaseMod","Hermit","Minty Spire (QoL Compilation)","StSLib","SuperFastMode"],"gold_per_floor":[361,31,31,46,121,121,151,6,6,41,58,58,58,74,74,175,175,190,203,203,215,230,230,230,230],"floor_reached":24,"language":"KOR","playtime":808,"items_purged":[],"score":288,"play_id":"42574edc-c284-4960-bd3f-d19f438ca7ce","local_time":"20210218224232","is_ascension_mode":true,"campfire_choices":[{"data":"Conserve Battery","floor":6.0,"key":"SMITH"},{"floor":12,"key":"REST"},{"data":"Capacitor","floor":15,"key":"SMITH"},{"data":"Dualcast","floor":23,"key":"SMITH"}],"circlet_count":0,"master_deck":["Strike_B","Strike_B","Strike_B","Defend_B","Defend_B","Defend_B","Defend_B","Zap","Dualcast+1","Capacitor+1","Conserve Battery+1","Rebound","BootSequence","Force Field","Fusion+1","Consume+1","Echo Form","Conserve Battery+1","Sweeping Beam+1","Streamline","BootSequence+1","Fission+1"],"relics":["Cracked Core","Mummified Hand","HornCleat","Cables","DataDisk","Toxic Egg 2","Anchor","Eternal Feather","Nuclear Battery"],"acts_visited":["Exordium","TheCity"],"potions_floor_usage":[19,24,24,24],"damage_taken":[{"damage":4.0,"enemies":"2 Louse","floor":1.0,"turns":3.0},{"damage":0.0,"enemies":"Cultist","floor":4.0,"turns":4.0},{"damage":18,"enemies":"Lagavulin","floor":7,"turns":8},{"damage":25,"enemies":"3 Sentries","floor":10,"turns":7},{"damage":0,"enemies":"Small Slimes","floor":11,"turns":3},{"damage":0,"enemies":"Exordium Wildlife","floor":14,"turns":3},{"damage":13,"enemies":"Slime Boss","floor":16,"turns":9},{"damage":0,"enemies":"2 Thieves","floor":18,"turns":4},{"damage":6,"enemies":"3 Byrds","floor":19,"turns":3},{"damage":10,"enemies":"Sentry and Sphere","floor":21,"turns":4},{"damage":0,"enemies":"Centurion and Healer","floor":22,"turns":6},{"damage":78,"enemies":"Gremlin Leader","floor":24,"turns":8}],"seed_played":"1194195068723155700","potions_obtained":[{"floor":1.0,"key":"Regen Potion"},{"floor":11,"key":"ColorlessPotion"},{"floor":14,"key":"DistilledChaos"},{"floor":16,"key":"LiquidBronze"},{"floor":21,"key":"Fire Potion"}],"is_trial":false,"path_per_floor":["M","$","?","M","?","R","E","$","T","E","M","R","?","M","R","B",null,"M","M","?","M","M","R","E"],"character_chosen":"DEFECT","items_purchased":["Mummified Hand","Conserve Battery","Rebound","DataDisk"],"campfire_rested":1,"item_purchase_floors":[2,2,2,8],"current_hp_per_floor":[64,64,64,64,53,53,35,35,35,10,10,30,30,30,39,26,58,58,52,52,42,42,54,0,0],"gold":230,"neow_bonus":"TWO_FIFTY_GOLD","is_daily":false,"chose_seed":false,"campfire_upgraded":3,"win_rate":0.0,"timestamp":1613655752,"path_taken":["M","$","?","?","?","R","E","$","T","E","M","R","?","M","R","BOSS","M","?","?","?","M","R","E"],"items_purchased_type":["Relic","Card","Card","Relic"],"build_version":"2020-12-22","purchased_purges":0,"victory":false,"max_hp_per_floor":[68,68,68,68,68,68,68,68,68,68,68,68,68,68,68,68,68,68,68,68,68,68,68,68,68],"card_choices":[{"not_picked":["Turbo","Redo"],"picked":"Capacitor","floor":1.0},{"not_picked":["Compile Driver","Coolheaded"],"picked":"BootSequence","floor":4.0},{"not_picked":["Streamline","Rainbow"],"picked":"Force Field","floor":7},{"not_picked":["Go for the Eyes","Beam Cell"],"picked":"Fusion+1","floor":10},{"not_picked":["Compile Driver","Coolheaded+1"],"picked":"Consume+1","floor":11},{"not_picked":["Cold Snap","Rip and Tear","Ball Lightning"],"picked":"SKIP","floor":14},{"not_picked":["Biased Cognition","Thunder Strike"],"picked":"Echo Form","floor":16},{"not_picked":["Gash","Sweeping Beam"],"picked":"Conserve Battery+1","floor":18},{"not_picked":["Leap+1","Steam+1"],"picked":"Sweeping Beam+1","floor":19},{"not_picked":["Beam Cell","Turbo+1"],"picked":"BootSequence+1","floor":21},{"not_picked":["Go for the Eyes+1","Gash"],"picked":"Fission+1","floor":22}],"player_experience":847955,"relics_obtained":[{"floor":3.0,"key":"HornCleat"},{"floor":7,"key":"Cables"},{"floor":9,"key":"Toxic Egg 2"},{"floor":10,"key":"Anchor"}],"event_choices":[{"damage_healed":0.0,"max_hp_gain":0.0,"max_hp_loss":0.0,"gold_gain":0.0,"event_name":"Wheel of Change","player_choice":"Relic","floor":3.0,"gold_loss":0.0,"damage_taken":0.0},{"damage_healed":0.0,"max_hp_gain":0.0,"max_hp_loss":0.0,"gold_gain":75.0,"event_name":"World of Goop","player_choice":"Gather Gold","floor":5.0,"gold_loss":0.0,"damage_taken":11.0},{"damage_healed":0,"gold_gain":0,"player_choice":"Gave Potion","damage_taken":0,"relics_obtained":["Eternal Feather"],"max_hp_gain":0,"max_hp_loss":0,"event_name":"WeMeetAgain","floor":13,"gold_loss":0},{"damage_healed":0,"gold_gain":0,"cards_transformed":["Strike_B"],"player_choice":"Transformed","damage_taken":0,"max_hp_gain":0,"max_hp_loss":0,"event_name":"Transmorgrifier","floor":20,"gold_loss":0,"cards_obtained":["Streamline"]}],"is_beta":false,"boss_relics":[{"not_picked":["Ectoplasm","Coffee Dripper"],"picked":"Nuclear Battery"}],"items_purged_floors":[],"is_endless":false,"potions_floor_spawned":[1,11,14,16,21],"killed_by":"Gremlin Leader","ascension_level":8}}