{"host":"ttx8tv95o5vka1nm","time":1613642833,"event":{"mods":["AchievementEnabler","BaseMod","Better Altar","Better Sensory Stone","Better Skull","Better Vampires","BetterRewards","Colored Map","Defuse TimeMaze Blight","Energized Spire","Evolution","Hubris","Infinite Spire","Minty Spire (QoL Compilation)","Relic Filter Mod","Relic Sorter","Reliquary","Replay The Spire","Shade Mod","Shop Mod","Spicy Shops","StSLib","The Blue Laboratory","Wandering Minibosses"],"gold_per_floor":[114,126,140,215,215,215,248,248,248,281,298,46,78,90,90,193,193,211,211,230,240,240,265,265,300,300,326,376,570,21,21,21,126,126,126,17,73,103,103],"floor_reached":38,"language":"ENG","playtime":2203,"items_purged":["Strike_G","ReplayTheSpireMod:Splinters"],"score":706,"play_id":"17bc5664-6ef3-45fb-94a0-cfd47af7ff7c","local_time":"20210218200713","is_ascension_mode":true,"campfire_choices":[{"data":"Skewer","floor":6,"key":"SMITH"},{"floor":8,"key":"DIG"},{"floor":15,"key":"REST"},{"floor":24,"key":"REST"},{"data":"Accuracy","floor":32,"key":"SMITH"},{"data":"Accuracy","floor":35,"key":"SMITH"}],"circlet_count":0,"master_deck":["Sucker Punch","Sucker Punch","Strike_G","Defend_G","Defend_G","Defend_G","Defend_G","Defend_G","Survivor","Neutralize","Flying Knee","Skewer+1","Blade Dance","Accuracy+1","Accuracy+1","Infinite Blades+1","Cloak And Dagger","Backstab","ReplayTheSpireMod:Shiv Toss","Hidden Blade+1","Dagger Spray","infinitespire:Gouge","Cloak And Dagger","Masterful Stab","hubris:InfiniteBlow+27","Finisher+1","Backflip+1","Concentrate","Leg Sweep","Poison Darts","Infinite Blades"],"relics":["Ring of the Snake","hubris:Icosahedron","EVO:Axolotl","Shovel","Replay:Wax Seal","Kunai","reliquary:Stiletto","ReplayFunnel","WristBlade","hubris:TenFootPole","betterAltar:BloodRelic","Counterbalance","Replay:Bandana","MerchantsRug","Lee\u0027s Waffle","PreservedInsect","Bloody Idol","SlaversCollar","hubris:EmptyBottle","hubris:GlazedTorus"],"acts_visited":["Exordium","TheCity","TheEnding"],"potions_floor_usage":[23,23,27,27,37,37],"damage_taken":[{"damage":2,"enemies":"Cultist","floor":1,"turns":4},{"damage":2,"enemies":"Small Slimes","floor":2,"turns":4},{"damage":2,"enemies":"Jaw Worm","floor":3,"turns":4},{"damage":16,"enemies":"Gremlin Nob","floor":7,"turns":4},{"damage":3,"enemies":"Lagavulin","floor":10,"turns":7},{"damage":4,"enemies":"Large Slime","floor":11,"turns":4},{"damage":3,"enemies":"Gremlin Nob","floor":13,"turns":3},{"damage":9,"enemies":"Blue Slaver","floor":14,"turns":2},{"damage":16,"enemies":"Slime Boss","floor":16,"turns":8},{"damage":0,"enemies":"Spheric Guardian","floor":18,"turns":2},{"damage":9,"enemies":"2 Thieves","floor":20,"turns":3},{"damage":12,"enemies":"Snecko","floor":21,"turns":4},{"damage":26,"enemies":"Slavers","floor":23,"turns":2},{"damage":2,"enemies":"Gremlin Leader","floor":25,"turns":5},{"damage":12,"enemies":"Nightmare","floor":27,"turns":5},{"damage":0,"enemies":"3 Cultists","floor":28,"turns":3},{"damage":0,"enemies":"hubris:MusketHawk","floor":33,"turns":1},{"damage":5,"enemies":"Shield and Spear","floor":37,"turns":3},{"damage":84,"enemies":"The Heart","floor":38,"turns":5}],"seed_played":"4305329902367982266","potions_obtained":[{"floor":1,"key":"Doom Potion"},{"floor":7,"key":"FearPotion"},{"floor":13,"key":"Weak Potion"},{"floor":25,"key":"Energy Potion"},{"floor":27,"key":"blueLaboratory:EnvenomedCoating"},{"floor":28,"key":"blueLaboratory:RememoryPotion"},{"floor":33,"key":"Swift Potion"}],"is_trial":false,"path_per_floor":["M","M","M","?","?","R","E","R","T","E","M","$","E","M","R","B",null,"M","?","M","M","AVR","E","R","E","T","NM","M","?","$","?","R","B",null,"R","$","E","B"],"character_chosen":"THE_SILENT","items_purchased":["Infinite Blades+1","Cloak And Dagger","Backstab","MerchantsRug","Lee\u0027s Waffle","Leg Sweep","PreservedInsect","Infinite Blades","hubris:EmptyBottle"],"campfire_rested":2,"item_purchase_floors":[12,12,12,30,30,30,30,36,36],"current_hp_per_floor":[61,59,57,46,46,46,30,30,30,27,23,23,20,11,32,16,57,57,57,48,36,36,10,31,29,29,19,21,21,77,47,47,56,72,72,72,77,0,0],"gold":103,"neow_bonus":"REMOVE_CARD","is_daily":false,"chose_seed":false,"campfire_upgraded":3,"win_rate":0.0,"timestamp":1613642833,"path_taken":["M","M","M","?","?","R","E","R","T","E","M","?","E","M","R","BOSS","M","?","M","M","AVR","E","R","E","T","NM","M","?","$","?","R","BOSS","R","$","E","BOSS"],"items_purchased_type":["Card","Card","Card","Relic","Relic","Card","Relic","Card","Relic"],"build_version":"2020-12-22","purchased_purges":2,"victory":false,"max_hp_per_floor":[70,70,70,70,70,70,70,70,70,70,70,70,70,70,70,70,70,70,70,70,70,70,70,70,70,70,70,70,70,77,77,77,77,77,77,77,77,77,77],"card_choices":[{"not_picked":["Quick Slash","Prepared"],"picked":"Flying Knee","floor":1},{"not_picked":["Dagger Spray","Blade Dance"],"picked":"Skewer","floor":2},{"not_picked":["Prepared","ReplayTheSpireMod:The Works"],"picked":"Blade Dance","floor":3},{"not_picked":["Dagger Spray","Quick Slash"],"picked":"Accuracy","floor":7},{"not_picked":["Flying Knee","Sucker Punch","Underhanded Strike"],"picked":"SKIP","floor":10},{"not_picked":["Dash","Skewer"],"picked":"Accuracy","floor":11},{"not_picked":["Flechettes","Glass Knife"],"picked":"ReplayTheSpireMod:Shiv Toss","floor":13},{"not_picked":["Acrobatics","Underhanded Strike","Prepared"],"picked":"SKIP","floor":14},{"not_picked":["hubris:SlightOfHand+1","Bouncing Flask","Quick Slash+1"],"picked":"SKIP","floor":18},{"not_picked":["Deadly Poison","Replay:Poison Smokescreen"],"picked":"Hidden Blade+1","floor":20},{"not_picked":["Deadly Poison","Dagger Throw"],"picked":"Dagger Spray","floor":21},{"not_picked":["Underhanded Strike","Hidden Blade+1"],"picked":"Cloak And Dagger","floor":23},{"not_picked":["Night Terror","A Thousand Cuts"],"picked":"Masterful Stab","floor":25},{"not_picked":["ReplayTheSpireMod:Black Plague","infinitespire:SevenWalls"],"picked":"hubris:InfiniteBlow+27","floor":27},{"not_picked":["Slice","Eviscerate"],"picked":"Finisher+1","floor":27},{"not_picked":["Quick Slash","Outmaneuver"],"picked":"Backflip+1","floor":28},{"not_picked":["ReplayTheSpireMod:Shiv Toss","Dagger Throw+1"],"picked":"Concentrate","floor":29},{"not_picked":["Corpse Explosion","Wraith Form v2"],"picked":"Poison Darts","floor":33},{"not_picked":["Flechettes+1","Riddle With Holes","Deflect+1"],"picked":"SKIP","floor":37}],"player_experience":803507,"relics_obtained":[{"floor":7,"key":"Shovel"},{"floor":8,"key":"Replay:Wax Seal"},{"floor":9,"key":"Kunai"},{"floor":10,"key":"reliquary:Stiletto"},{"floor":13,"key":"ReplayFunnel"},{"floor":23,"key":"hubris:TenFootPole"},{"floor":25,"key":"Blood Vial"},{"floor":26,"key":"Counterbalance"},{"floor":27,"key":"Replay:Bandana"},{"floor":37,"key":"hubris:GlazedTorus"}],"event_choices":[{"damage_healed":0,"gold_gain":75,"player_choice":"Gather Gold","damage_taken":11,"max_hp_gain":0,"max_hp_loss":0,"event_name":"World of Goop","floor":4,"gold_loss":0},{"damage_healed":0,"gold_gain":0,"player_choice":" Idol RottenVial Potion ","damage_taken":61,"relics_obtained":["Bloody Idol","betterAltar:BloodRelic"],"max_hp_gain":77,"max_hp_loss":47,"event_name":"betterAltar:BetterAltar","floor":31,"potions_obtained":["betterAltar:AltarPotion"],"relics_lost":["Blood Vial"],"gold_loss":0}],"is_beta":false,"boss_relics":[{"not_picked":["Coffee Dripper","hubris:RunicObelisk"],"picked":"WristBlade"},{"not_picked":["energizedSpire:PogoStick","hubris:GrandSneckoEye"],"picked":"SlaversCollar"}],"items_purged_floors":[22,30],"is_endless":true,"potions_floor_spawned":[1,7,13,25,27,28,33],"killed_by":"The Heart","ascension_level":7}}