{"host":"bxn2em57qlx5u4i0","time":1613610679,"event":{"mods":["BaseMod","Colored Map","Colored Powertips","Highlight Path","Minty Spire (QoL Compilation)","Random Character Button","Relic Sorter","Relic Stats","StSLib","SuperFastMode"],"gold_per_floor":[119,133,133,147,19,19,44,44,44,76,91,91,124,141,141,212,212,223,223,235,248,265,265,300,300,300,313,340,340,368,384,384,384,384],"floor_reached":33,"language":"ENG","playtime":1229,"items_purged":["Strike_G"],"score":804,"play_id":"3d72c261-1506-416e-a456-8514dde15466","local_time":"20210217201119","is_ascension_mode":true,"campfire_choices":[{"data":"Dagger Spray","floor":6.0,"key":"SMITH"},{"data":"Tools of the Trade","floor":8.0,"key":"SMITH"},{"floor":12.0,"key":"REST"},{"data":"Storm of Steel","floor":15.0,"key":"SMITH"},{"data":"Reflex","floor":23.0,"key":"SMITH"},{"floor":32,"key":"REST"}],"circlet_count":0,"master_deck":["AscendersBane","Strike_G","Strike_G","Strike_G","Defend_G","Defend_G","Defend_G","Defend_G","Defend_G","Survivor","Neutralize","Storm of Steel+1","Dagger Spray+1","Blade Dance","Tools of the Trade+1","Reflex+1","Dagger Throw","Acrobatics","Venomology","Backflip","Crippling Poison+1","Adrenaline","Calculated Gamble+1","Necronomicurse","Terror+1"],"relics":["Ring of the Snake","FossilizedHelix","Pocketwatch","Strawberry","Potion Belt","Snecko Eye","Bronze Scales","The Courier","MutagenicStrength","InkBottle","Dream Catcher","Necronomicon","Gremlin Horn"],"acts_visited":["Exordium","TheCity"],"potions_floor_usage":[24,28,30,30,33,33,33,33],"damage_taken":[{"damage":0.0,"enemies":"2 Louse","floor":1.0,"turns":3.0},{"damage":1.0,"enemies":"Cultist","floor":2.0,"turns":3.0},{"damage":0.0,"enemies":"Jaw Worm","floor":4.0,"turns":4.0},{"damage":18.0,"enemies":"Lagavulin","floor":7.0,"turns":6.0},{"damage":31.0,"enemies":"Gremlin Nob","floor":10.0,"turns":5.0},{"damage":0.0,"enemies":"Large Slime","floor":11.0,"turns":5.0},{"damage":10.0,"enemies":"3 Sentries","floor":13.0,"turns":5.0},{"damage":0.0,"enemies":"Looter","floor":14.0,"turns":2.0},{"damage":0.0,"enemies":"Slime Boss","floor":16.0,"turns":6.0},{"damage":0.0,"enemies":"Spheric Guardian","floor":18.0,"turns":3.0},{"damage":11.0,"enemies":"Shell Parasite","floor":20.0,"turns":3.0},{"damage":0.0,"enemies":"Centurion and Healer","floor":21.0,"turns":4.0},{"damage":0.0,"enemies":"Chosen and Byrds","floor":22.0,"turns":4.0},{"damage":14,"enemies":"Slavers","floor":24,"turns":4},{"damage":0,"enemies":"3 Cultists","floor":27,"turns":4},{"damage":9,"enemies":"Gremlin Leader","floor":28,"turns":3},{"damage":0,"enemies":"Slavers","floor":30,"turns":3},{"damage":0,"enemies":"Snecko","floor":31,"turns":3},{"damage":59,"enemies":"Champ","floor":33,"turns":8}],"seed_played":"7831307798510723047","potions_obtained":[{"floor":2.0,"key":"AttackPotion"},{"floor":11.0,"key":"SpeedPotion"},{"floor":13.0,"key":"ColorlessPotion"},{"floor":14.0,"key":"CunningPotion"},{"floor":20.0,"key":"Dexterity Potion"},{"floor":22.0,"key":"EssenceOfSteel"},{"floor":30,"key":"ColorlessPotion"}],"is_trial":false,"path_per_floor":["M","M","?","M","$","R","E","R","T","E","M","R","E","M","R","B",null,"M","?","M","M","M","R","E","?","T","M","E","?","E","M","R","B"],"character_chosen":"THE_SILENT","items_purchased":["AttackPotion"],"campfire_rested":2,"item_purchase_floors":[5],"current_hp_per_floor":[59,58,58,58,58,58,40,40,40,16,16,37,27,27,27,27,62,62,62,51,51,51,51,37,37,37,37,28,7,7,7,28,0,0],"gold":384,"neow_bonus":"ONE_RANDOM_RARE_CARD","is_daily":false,"chose_seed":false,"campfire_upgraded":4,"win_rate":0.0,"timestamp":1613610679,"path_taken":["M","M","?","M","?","R","E","R","T","E","M","R","E","?","R","BOSS","M","?","M","M","?","R","E","?","T","M","E","?","E","M","R","BOSS"],"items_purchased_type":["Potion"],"build_version":"2020-12-22","purchased_purges":1,"victory":false,"max_hp_per_floor":[66,66,66,66,66,66,66,66,66,73,73,73,73,73,73,73,73,73,73,73,73,73,73,73,73,73,73,73,73,73,73,73,73,73],"relic_stats":{"Dream Catcher":1,"Gremlin Horn":[0,0],"counters":[19,78],"Bronze Scales":[78],"Snecko Eye":[103,108,101,103],"Necronomicon":[1],"obtain_stats":[{"Potion Belt":13,"Gremlin Horn":30,"The Courier":24,"Dream Catcher":28,"Strawberry":10,"Bronze Scales":19,"MutagenicStrength":25,"Snecko Eye":17,"Necronomicon":29,"FossilizedHelix":7,"InkBottle":26,"Ring of the Snake":0,"Pocketwatch":9},{"Potion Belt":7,"Gremlin Horn":17,"The Courier":14,"Dream Catcher":16,"Strawberry":5,"Bronze Scales":10,"MutagenicStrength":14,"Snecko Eye":9,"Necronomicon":16,"FossilizedHelix":4,"InkBottle":14,"Ring of the Snake":0,"Pocketwatch":4},{"Potion Belt":31,"Gremlin Horn":67,"The Courier":57,"Dream Catcher":64,"Strawberry":21,"Bronze Scales":42,"MutagenicStrength":57,"Snecko Eye":39,"Necronomicon":64,"FossilizedHelix":16,"InkBottle":57,"Ring of the Snake":0,"Pocketwatch":16}],"InkBottle":[15],"Ring of the Snake":[38],"Pocketwatch":[24]},"card_choices":[{"not_picked":["Deflect","PiercingWail"],"picked":"Dagger Spray","floor":1.0},{"not_picked":["Bane","Deflect"],"picked":"Blade Dance","floor":2.0},{"not_picked":["Concentrate","Bane","Dodge and Roll"],"picked":"SKIP","floor":4.0},{"not_picked":["Blade Dance","Acrobatics"],"picked":"Tools of the Trade","floor":7.0},{"not_picked":["Infinite Blades","Quick Slash"],"picked":"Reflex","floor":10.0},{"not_picked":["Cloak And Dagger","Sucker Punch"],"picked":"Dagger Throw","floor":11.0},{"not_picked":["Finisher","Poisoned Stab","Flying Knee"],"picked":"SKIP","floor":13.0},{"not_picked":["Prepared","Quick Slash"],"picked":"Acrobatics","floor":14.0},{"not_picked":["Grand Finale","Wraith Form v2"],"picked":"Venomology","floor":16.0},{"not_picked":["Slice+1","Distraction"],"picked":"Backflip","floor":18.0},{"not_picked":["Slice","Acrobatics","Poisoned Stab"],"picked":"SKIP","floor":20.0},{"not_picked":["Distraction","Backstab","Poisoned Stab"],"picked":"SKIP","floor":21.0},{"not_picked":["Slice","Escape Plan"],"picked":"Crippling Poison+1","floor":22.0},{"not_picked":["Dodge and Roll","Riddle With Holes"],"picked":"Adrenaline","floor":24},{"not_picked":["Endless Agony","All Out Attack","Deflect"],"picked":"SKIP","floor":27},{"not_picked":["Dagger Throw","Cloak And Dagger"],"picked":"Calculated Gamble+1","floor":28},{"not_picked":["Catalyst","Tools of the Trade"],"picked":"Terror+1","floor":30},{"not_picked":["Escape Plan+1","Flechettes","Blade Dance+1"],"picked":"SKIP","floor":31}],"player_experience":3033966,"relics_obtained":[{"floor":7.0,"key":"FossilizedHelix"},{"floor":9.0,"key":"Pocketwatch"},{"floor":10.0,"key":"Strawberry"},{"floor":13.0,"key":"Potion Belt"},{"floor":19.0,"key":"Bronze Scales"},{"floor":24,"key":"The Courier"},{"floor":26,"key":"InkBottle"},{"floor":28,"key":"Dream Catcher"},{"floor":29,"key":"Necronomicon"},{"floor":30,"key":"Gremlin Horn"}],"event_choices":[{"cards_removed":["Strike_G"],"damage_healed":0.0,"max_hp_gain":0.0,"max_hp_loss":0.0,"gold_gain":0.0,"event_name":"Purifier","player_choice":"Purged","floor":3.0,"gold_loss":0.0,"damage_taken":0.0},{"damage_healed":0.0,"max_hp_gain":0.0,"max_hp_loss":0.0,"gold_gain":0.0,"event_name":"Wheel of Change","player_choice":"Relic","floor":19.0,"gold_loss":0.0,"damage_taken":0.0},{"damage_healed":0,"gold_gain":0,"player_choice":"Inject Mutagens","damage_taken":0,"relics_obtained":["MutagenicStrength"],"max_hp_gain":0,"max_hp_loss":0,"event_name":"Drug Dealer","floor":25,"gold_loss":0},{"damage_healed":0,"gold_gain":0,"player_choice":"Obtained Book","damage_taken":21,"max_hp_gain":0,"max_hp_loss":0,"event_name":"Cursed Tome","floor":29,"gold_loss":0}],"is_beta":false,"boss_relics":[{"not_picked":["Calling Bell","Tiny House"],"picked":"Snecko Eye"}],"items_purged_floors":[5],"is_endless":false,"potions_floor_spawned":[2,11,13,14,20,22,30,31],"killed_by":"Champ","ascension_level":20}}