{"host":"5xkp6lbjk85sl3i7","time":1613680978,"event":{"mods":["BaseMod","Better Match","Better Note","Colored Powertips","Downfall","Hermit","Highlight Path","Minty Spire (QoL Compilation)","Quick Restart","Replay The Spire","StSLib","The Disciple"],"gold_per_floor":[99,26,38,52,71,71,118,161,183,95,107,133,145,15,31,131,131,203,216,216,16,36,67,93,293,309,309,323,348,367,416,428,527,527,527,543,543,543,558,558,558,154,174,202,222,250,250,263,280,280,280,280],"floor_reached":50,"language":"ENG","playtime":8792,"items_purged":["champ:FanOfKnives","Looming Evil"],"score":621,"play_id":"22475cd2-e8c2-4923-9047-4247f5305efc","local_time":"20210218154258","is_ascension_mode":false,"campfire_choices":[{"floor":1,"key":"RECALL"},{"data":"champ:Taunt","floor":6,"key":"SMITH"},{"floor":10,"key":"REST"},{"data":"champ:FanOfKnives","floor":13,"key":"SMITH"},{"floor":27,"key":"REST"},{"data":"expansioncontent:QuickStudy","floor":35,"key":"SMITH"},{"data":"champ:BerserkersShout","floor":40,"key":"SMITH"},{"floor":47,"key":"REST"}],"circlet_count":0,"master_deck":["champ:Strike","champ:Strike","champ:Strike","champ:Strike","champ:Defend","champ:Defend","champ:Defend","champ:Defend","champ:Execute","champ:Taunt+1","champ:BerserkersShout+1","champ:GladiatorStyle+1","champ:Haymaker","champ:ShieldSlam","champ:FanOfKnives+1","champ:Shatter","champ:EnGarde","champ:Encircle","champ:PerfectedStrike","champ:FocusedBerserking+1","champ:EnragedBash","champ:StrikeOfGenius","champ:BerserkersShout","champ:ArenaPreparation","expansioncontent:QuickStudy+1","champ:BerserkersShout","champ:PerfectedStrike+1","champ:AdrenalArmor","champ:CrookedStrike","champ:Haymaker","champ:StrikeOfGenius","champ:CrownThrow+1","champ:EnGarde+1","champ:Shatter","expansioncontent:StudyTheSpire","champ:BerserkersShout","champ:HeartStrike+1","champ:Improvising","champ:GutPunch+1","champ:SteelEdge","champ:PerfectedStrike","champ:Duel+1"],"relics":["champ:ChampionCrown","MawBank","Toy Ornithopter","downfall:HeartBlessingRed","Ring of Peace","Ring of Fury","Sozu","Kunai","PreservedInsect","Durian","Bronze Scales","Runic Pyramid","Peace Pipe","Replay:Bottled Flurry","ReplayTheSpireMod:Ninjato","Boot","StrikeDummy","Vajra"],"acts_visited":["Exordium","TheCity","TheBeyond"],"potions_floor_usage":[14,16,33],"damage_taken":[{"damage":10,"enemies":"downfall:FleeingMerchant","floor":2,"turns":4},{"damage":20,"enemies":"Small Slimes","floor":3,"turns":4},{"damage":6,"enemies":"Jaw Worm","floor":4,"turns":3},{"damage":14,"enemies":"Cultist","floor":5,"turns":4},{"damage":76,"enemies":"Lagavulin","floor":8,"turns":6},{"damage":6,"enemies":"2 Fungi Beasts","floor":9,"turns":3},{"damage":16,"enemies":"Red Slaver","floor":12,"turns":3},{"damage":30,"enemies":"downfall:FleeingMerchant","floor":14,"turns":4},{"damage":0,"enemies":"Exordium Wildlife","floor":15,"turns":2},{"damage":60,"enemies":"SI_SHIV_ARCHETYPE","floor":16,"turns":7},{"damage":0,"enemies":"Spheric Guardian","floor":19,"turns":2},{"damage":35,"enemies":"downfall:FleeingMerchant","floor":21,"turns":4},{"damage":30,"enemies":"Shell Parasite","floor":22,"turns":5},{"damage":70,"enemies":"Book of Stabbing","floor":23,"turns":5},{"damage":32,"enemies":"Sentry and Sphere","floor":26,"turns":3},{"damage":52,"enemies":"Snecko","floor":28,"turns":5},{"damage":59,"enemies":"Slavers","floor":29,"turns":4},{"damage":33,"enemies":"Snake Plant","floor":30,"turns":3},{"damage":15,"enemies":"Chosen and Byrds","floor":32,"turns":3},{"damage":114,"enemies":"WA_ARCHETYPE_CALM","floor":33,"turns":8},{"damage":50,"enemies":"3 Shapes","floor":36,"turns":4},{"damage":33,"enemies":"3 Darklings","floor":39,"turns":4},{"damage":30,"enemies":"downfall:FleeingMerchant","floor":42,"turns":4},{"damage":75,"enemies":"Spire Growth","floor":43,"turns":6},{"damage":47,"enemies":"Giant Head","floor":44,"turns":6},{"damage":10,"enemies":"Transient","floor":45,"turns":5},{"damage":35,"enemies":"Reptomancer","floor":46,"turns":3},{"damage":47,"enemies":"Writhing Mass","floor":48,"turns":5},{"damage":39,"enemies":"Sphere and 2 Shapes","floor":49,"turns":10},{"damage":95,"enemies":"IC_BLOCK_ARCHETYPE","floor":50,"turns":4}],"seed_played":"-8962636111856461787","potions_obtained":[{"floor":4,"key":"champ:OpenerPotion"},{"floor":8,"key":"Cursed Concoction"},{"floor":15,"key":"ColorlessPotion"}],"is_trial":false,"path_per_floor":["R","$","M","M","M","R","T","E","M","R","?","M","R","$","M","B",null,"R","M","?","$","M","E","T","?","M","R","M","E","M","T","M","B",null,"R","M","?","?","M","R","T","$","M","E","M","E","R","M","M","B"],"character_chosen":"THE_CHAMP","items_purchased":["champ:GladiatorStyle+1","champ:FocusedBerserking+1","expansioncontent:QuickStudy","ReplayTheSpireMod:Ninjato","Boot","expansioncontent:StudyTheSpire","champ:BerserkersShout"],"campfire_rested":3,"item_purchase_floors":[2,14,21,42,42,42,42],"current_hp_per_floor":[99,99,99,93,89,89,89,53,52,81,81,75,75,75,75,45,99,99,99,99,84,74,59,59,59,52,81,64,40,67,67,72,29,104,104,94,94,94,76,76,76,66,46,34,34,24,55,28,35,0,0,0],"gold":280,"neow_bonus":"TEN_PERCENT_HP_BONUS","is_daily":false,"chose_seed":false,"campfire_upgraded":4,"win_rate":0.0,"timestamp":1613680978,"path_taken":["R","$","M","M","M","R","T","E","M","R","?","M","R","$","M","BOSS","R","M","?","$","?","E","T","?","M","R","M","E","?","?","M","BOSS","R","M","?","?","?","R","T","$","M","E","M","E","R","M","M","BOSS"],"items_purchased_type":["Card","Card","Card","Relic","Relic","Card","Card"],"build_version":"2020-12-22","purchased_purges":2,"victory":false,"max_hp_per_floor":[99,99,99,99,99,99,99,99,99,99,99,99,99,99,99,99,99,99,99,99,99,99,99,99,99,99,99,99,104,104,104,104,104,104,104,104,104,104,104,104,104,104,104,104,104,104,104,104,104,104,104,104],"card_choices":[{"not_picked":["champ:Parry","champ:Shatter"],"picked":"champ:BerserkersShout","floor":2},{"not_picked":["champ:AdrenalArmor","champ:FlashCut"],"picked":"champ:Haymaker","floor":3},{"not_picked":["champ:RapidStrikes","champ:Haymaker"],"picked":"champ:ShieldSlam","floor":4},{"not_picked":["champ:BladeFlurry","champ:AdrenalArmor"],"picked":"champ:FanOfKnives","floor":5},{"not_picked":["champ:ShieldThrow","champ:ShieldSlam"],"picked":"champ:Shatter","floor":8},{"not_picked":["champ:Circumvent","champ:FlashCut"],"picked":"champ:EnGarde","floor":9},{"not_picked":["champ:Haymaker","champ:DeathBlow"],"picked":"champ:Encircle","floor":12},{"not_picked":["champ:GutPunch","champ:GladiatorStyle"],"picked":"champ:PerfectedStrike","floor":14},{"not_picked":["champ:GutPunch","champ:BringItOn"],"picked":"champ:EnragedBash","floor":15},{"not_picked":["champ:Devastate","champ:LastStand"],"picked":"champ:StrikeOfGenius","floor":16},{"not_picked":["champ:Endure","champ:FalseCounter+1"],"picked":"champ:BerserkersShout","floor":19},{"not_picked":["champ:PerfectedStrike","champ:Haymaker"],"picked":"champ:ArenaPreparation","floor":21},{"not_picked":["champ:SetATrap","champ:StanceDance"],"picked":"champ:BerserkersShout","floor":22},{"not_picked":["champ:FlashCut","champ:ShieldThrow","champ:Circumvent"],"picked":"SKIP","floor":23},{"not_picked":["champ:PreciseThrust+1","champ:GutPunch"],"picked":"champ:PerfectedStrike+1","floor":26},{"not_picked":["champ:EnGarde","champ:Haymaker"],"picked":"champ:AdrenalArmor","floor":28},{"not_picked":["champ:ShieldWall","champ:SetATrap+1"],"picked":"champ:StrikeOfGenius","floor":29},{"not_picked":["champ:RisingSlash","champ:TornadoPunch+1"],"picked":"champ:CrookedStrike","floor":30},{"not_picked":["champ:ShieldWall","champ:Backstep"],"picked":"champ:Haymaker","floor":32},{"not_picked":["champ:ShieldThrow","champ:TripleStrike"],"picked":"champ:StrikeOfGenius","floor":33},{"not_picked":["champ:FalseCounter","champ:BringItOn"],"picked":"champ:CrownThrow+1","floor":36},{"not_picked":["champ:DeathBlow","champ:FocusedBerserking+1"],"picked":"champ:EnGarde+1","floor":39},{"not_picked":["champ:BringItOn+1","champ:FancyFootwork+1"],"picked":"champ:Shatter","floor":42},{"not_picked":["champ:CrownThrow+1","champ:FancyFootwork+1"],"picked":"champ:HeartStrike+1","floor":43},{"not_picked":["champ:ShieldWall","champ:TornadoPunch+1"],"picked":"champ:Improvising","floor":44},{"not_picked":["champ:Circumvent","champ:EnGarde"],"picked":"champ:GutPunch+1","floor":45},{"not_picked":["champ:RapidStrikes+1","champ:Backstep"],"picked":"champ:SteelEdge","floor":46},{"not_picked":["champ:FlashCut+1","champ:ShieldWall"],"picked":"champ:PerfectedStrike","floor":48},{"not_picked":["champ:CrownThrow+1","champ:TornadoPunch+1"],"picked":"champ:Duel+1","floor":49}],"player_experience":808676,"relics_obtained":[{"floor":7,"key":"MawBank"},{"floor":8,"key":"Toy Ornithopter"},{"floor":11,"key":"Ring of Peace"},{"floor":11,"key":"Ring of Fury"},{"floor":23,"key":"Kunai"},{"floor":24,"key":"PreservedInsect"},{"floor":29,"key":"Durian"},{"floor":31,"key":"Bronze Scales"},{"floor":37,"key":"Peace Pipe"},{"floor":41,"key":"Replay:Bottled Flurry"},{"floor":44,"key":"StrikeDummy"},{"floor":46,"key":"Vajra"}],"event_choices":[{"cards_removed":["Looming Evil"],"damage_healed":0,"gold_gain":0,"player_choice":"Give","damage_taken":0,"max_hp_gain":0,"max_hp_loss":0,"event_name":"betterNote:BetterNote","floor":20,"gold_loss":0,"cards_obtained":["hexamod:Strike"]},{"damage_healed":0,"gold_gain":200,"player_choice":"Gold","damage_taken":0,"max_hp_gain":0,"max_hp_loss":0,"event_name":"Wheel of Change","floor":25,"gold_loss":0},{"cards_removed":["champ:StrikeOfGenius"],"damage_healed":0,"gold_gain":0,"player_choice":"Removed Power","damage_taken":0,"max_hp_gain":0,"max_hp_loss":0,"event_name":"Falling","floor":38,"gold_loss":0}],"is_beta":false,"boss_relics":[{"not_picked":["SlaversCollar","Calling Bell"],"picked":"Sozu"},{"not_picked":["Snecko Eye","Painkiller Herb"],"picked":"Runic Pyramid"}],"items_purged_floors":[14,42],"is_endless":false,"potions_floor_spawned":[4,8,15,22,23,28,32,33,36,44,45,48],"killed_by":"IC_BLOCK_ARCHETYPE","ascension_level":0}}