{"host":"7s2d9a8gejctdvjm","time":1613660079,"event":{"mods":["BaseMod","Downfall","Hermit","Marisa????????","Minty Spire (QoL Compilation)","StSLib","The Servant 0.9.4"],"gold_per_floor":[99,115,127,127,145,162,188,188,288,299,319,351,365,397,409,511,511,411,426,444,354,354,365,365,365,365,365,377,394,394,413,426,521,521,521,532,549,567,234,34,59,70,70,83,68,84,103,132,149,149,149,175,29,29,29,29],"floor_reached":57,"language":"ENG","playtime":5044,"items_purged":["champ:Defend"],"score":1501,"play_id":"8c29adf9-3cbc-47bc-92a5-e36b62f92e7f","local_time":"20210218065439","is_ascension_mode":false,"campfire_choices":[{"data":"champ:HeavySlash","floor":1,"key":"SMITH"},{"data":"champ:StrikeOfGenius","floor":8,"key":"SMITH"},{"data":"champ:TornadoPunch","floor":18,"key":"SMITH"},{"data":"champ:Backstep","floor":25,"key":"SMITH"},{"data":"champ:StanceDance","floor":27,"key":"SMITH"},{"data":"champ:IronFortress","floor":30,"key":"SMITH"},{"floor":35,"key":"RECALL"},{"data":"champ:IronFortress","floor":40,"key":"SMITH"},{"floor":54,"key":"REST"}],"circlet_count":0,"master_deck":["champ:Defend","champ:Execute+1","champ:Taunt","champ:HeavySlash+1","champ:FocusedBerserking","champ:Backstep+1","champ:StrikeOfGenius+1","champ:FancyFootwork","champ:StanceDance+1","champ:ShieldThrow","champ:IronFortress+1","champ:BringItOn","champ:HeartStrike","champ:TornadoPunch+1","champ:EnGarde","champ:GladiatorForm","champ:PerfectedStrike+1","champ:ShieldThrow+1","champ:Circumvent+1","champ:IronFortress+1","champ:StanceDance+1","champ:EnGarde+1","champ:FaceSlap+1","champ:BringItOn+1","champ:CrownThrow+1","champ:Haymaker+1","champ:UltimateStance","champ:BringItOn+1","champ:FocusedDefense+1","Parasite","champ:GutPunch+1","champ:CrownThrow+1","champ:FanOfKnives+1","champ:FancyFootwork+1","champ:CrownThrow+1","champ:CrownThrow+1","champ:BladeFlurry+1"],"relics":["champ:ChampionCrown","Juzu Bracelet","Oddly Smooth Stone","StoneCalendar","Astrolabe","downfall:HeartBlessingGreen","SlaversCollar","downfall:HeartBlessingBlue","downfall:HeartBlessingRed","Ancient Tea Set","Gambling Chip","Mango","Pen Nib"],"acts_visited":["Exordium","TheCity","TheBeyond","TheEnding"],"potions_floor_usage":[12,16,16,23,33,37,37,45,48,48,56],"damage_taken":[{"damage":10,"enemies":"Small Slimes","floor":2,"turns":4},{"damage":31,"enemies":"Jaw Worm","floor":3,"turns":4},{"damage":1,"enemies":"2 Louse","floor":5,"turns":2},{"damage":20,"enemies":"downfall:LooterAlt","floor":6,"turns":4},{"damage":34,"enemies":"downfall:Heads","floor":9,"turns":5},{"damage":30,"enemies":"Exordium Thugs","floor":10,"turns":4},{"damage":10,"enemies":"Large Slime","floor":11,"turns":5},{"damage":19,"enemies":"Lagavulin","floor":12,"turns":5},{"damage":22,"enemies":"2 Fungi Beasts","floor":13,"turns":3},{"damage":17,"enemies":"3 Sentries","floor":14,"turns":7},{"damage":10,"enemies":"Exordium Thugs","floor":15,"turns":3},{"damage":27,"enemies":"WA_ARCHETYPE_RETAIN","floor":16,"turns":6},{"damage":32,"enemies":"downfall:LooterAlt2","floor":19,"turns":5},{"damage":20,"enemies":"Chosen","floor":20,"turns":4},{"damage":10,"enemies":"downfall:FleeingMerchant","floor":21,"turns":4},{"damage":24,"enemies":"Snecko","floor":23,"turns":6},{"damage":23,"enemies":"Centurion and Healer","floor":28,"turns":5},{"damage":5,"enemies":"3 Cultists","floor":29,"turns":4},{"damage":22,"enemies":"Snake Plant","floor":31,"turns":3},{"damage":13,"enemies":"Snecko","floor":32,"turns":4},{"damage":40,"enemies":"SI_MIRROR_ARCHETYPE","floor":33,"turns":7},{"damage":32,"enemies":"3 Shapes","floor":36,"turns":4},{"damage":28,"enemies":"Orb Walker","floor":37,"turns":4},{"damage":5,"enemies":"4 Shapes","floor":38,"turns":6},{"damage":19,"enemies":"Writhing Mass","floor":42,"turns":6},{"damage":45,"enemies":"Spire Growth","floor":44,"turns":6},{"damage":10,"enemies":"downfall:FleeingMerchant","floor":45,"turns":4},{"damage":21,"enemies":"4 Shapes","floor":46,"turns":6},{"damage":5,"enemies":"3 Darklings","floor":47,"turns":6},{"damage":0,"enemies":"downfall:FleeingMerchant","floor":48,"turns":2},{"damage":0,"enemies":"Spire Growth","floor":49,"turns":4},{"damage":86,"enemies":"DF_ARCHETYPE_ORBS","floor":50,"turns":10},{"damage":88,"enemies":"downfall:CharBossMerchant","floor":52,"turns":7},{"damage":50,"enemies":"downfall:NeowBoss","floor":55,"turns":16},{"damage":40,"enemies":"downfall:NeowBossFinal","floor":56,"turns":11}],"seed_played":"4825302354595436505","potions_obtained":[{"floor":3,"key":"GamblersBrew"},{"floor":5,"key":"Block Potion"},{"floor":9,"key":"CultistPotion"},{"floor":13,"key":"champ:CounterPotion"},{"floor":16,"key":"FearPotion"},{"floor":19,"key":"Block Potion"},{"floor":22,"key":"CultistPotion"},{"floor":23,"key":"Fruit Juice"},{"floor":28,"key":"Dexterity Potion"},{"floor":33,"key":"Fruit Juice"},{"floor":37,"key":"Fruit Juice"},{"floor":44,"key":"AttackPotion"},{"floor":46,"key":"LiquidMemories"}],"is_trial":false,"path_per_floor":["R","M","M","?","M","M","T","R","?","M","M","E","M","E","M","B",null,"R","M","M","$","?","M","T","R","?","R","M","M","R","M","M","B",null,"R","M","M","M","?","R","T","M","?","M","$","M","M","?","M","B",null,"E","$","R","B","B",null],"character_chosen":"THE_CHAMP","items_purchased":["Gambling Chip","Pen Nib"],"campfire_rested":1,"item_purchase_floors":[48,53],"current_hp_per_floor":[90,90,79,84,83,73,73,73,59,49,49,35,28,21,21,13,95,95,78,78,78,78,69,69,69,69,69,61,61,61,49,36,20,100,100,73,65,65,124,134,134,125,125,95,95,79,79,79,79,5,134,60,60,104,69,34],"gold":29,"neow_bonus":"ONE_RANDOM_RARE_CARD","is_daily":false,"chose_seed":false,"campfire_upgraded":7,"win_rate":0.0,"timestamp":1613660079,"path_taken":["R","M","M","?","M","M","T","R","?","M","M","E","M","E","M","BOSS","R","M","M","$","?","M","T","R","?","R","M","M","R","M","M","BOSS","R","M","M","M","?","R","T","M","?","M","$","M","M","?","M","BOSS","E","$","R","BOSS","BOSS"],"items_purchased_type":["Relic","Relic"],"build_version":"2020-12-22","purchased_purges":1,"victory":true,"max_hp_per_floor":[90,90,90,95,95,95,95,95,95,95,95,95,95,95,95,95,95,95,95,95,95,95,100,100,100,100,100,100,100,100,100,100,100,100,100,100,110,110,124,134,134,134,134,134,134,134,134,134,134,134,134,148,148,148,148,148],"card_choices":[{"not_picked":["champ:BladeFlurry","champ:EnGarde"],"picked":"champ:FocusedBerserking","floor":2},{"not_picked":["champ:BladeFlurry","champ:RapidStrikes","champ:Endure"],"picked":"SKIP","floor":3},{"not_picked":["champ:EnGarde","champ:Haymaker"],"picked":"champ:Backstep","floor":5},{"not_picked":["champ:BringItOn","champ:Backstep"],"picked":"champ:StrikeOfGenius","floor":6},{"not_picked":["champ:Circumvent","champ:GladiatorStyle"],"picked":"champ:StanceDance","floor":9},{"not_picked":["champ:BladeFlurry","champ:CrownThrow"],"picked":"champ:ShieldThrow","floor":10},{"not_picked":["champ:PreciseThrust","champ:BladeFlurry"],"picked":"champ:IronFortress","floor":11},{"not_picked":["champ:FlashCut","champ:BerserkersShout"],"picked":"champ:BringItOn","floor":12},{"not_picked":["champ:DefensiveShout","champ:Encircle"],"picked":"champ:HeartStrike","floor":13},{"not_picked":["champ:AdrenalArmor","champ:BladeFlurry"],"picked":"champ:TornadoPunch","floor":14},{"not_picked":["champ:EnragedBash","champ:SetATrap"],"picked":"champ:EnGarde","floor":15},{"not_picked":["champ:LastStand","champ:Improvising"],"picked":"champ:GladiatorForm","floor":16},{"not_picked":["champ:GutPunch","champ:BladeFlurry"],"picked":"champ:IronFortress","floor":19},{"not_picked":["champ:AdrenalArmor","champ:PerfectedStrike","champ:DeathBlow"],"picked":"SKIP","floor":20},{"not_picked":["champ:BerserkersShout+1","champ:CrownThrow+1"],"picked":"champ:StanceDance+1","floor":21},{"not_picked":["champ:DancingMaster","champ:BladeFlurry"],"picked":"champ:EnGarde+1","floor":23},{"not_picked":["champ:CalledShot","champ:Backstep"],"picked":"champ:FaceSlap+1","floor":28},{"not_picked":["champ:DefensiveShout","champ:GutPunch"],"picked":"champ:BringItOn+1","floor":29},{"not_picked":["champ:ShieldSlam","champ:FalseCounter"],"picked":"champ:CrownThrow+1","floor":31},{"not_picked":["champ:AdrenalArmor","champ:PreciseThrust+1"],"picked":"champ:Haymaker+1","floor":32},{"not_picked":["champ:IgnorePain","champ:SteelEdge"],"picked":"champ:UltimateStance","floor":33},{"not_picked":["champ:DefensiveShout","champ:BladeFlurry+1"],"picked":"champ:BringItOn+1","floor":36},{"not_picked":["champ:Backstep+1","champ:FaceSlap"],"picked":"champ:FocusedDefense+1","floor":37},{"not_picked":["champ:EndlessRage","champ:PerfectedStrike","champ:Haymaker"],"picked":"SKIP","floor":38},{"not_picked":["champ:Haymaker","champ:FanOfKnives+1"],"picked":"champ:GutPunch+1","floor":42},{"not_picked":["champ:TripleStrike","champ:Circumvent+1"],"picked":"champ:CrownThrow+1","floor":44},{"not_picked":["champ:CrookedStrike+1","champ:Encircle"],"picked":"champ:FanOfKnives+1","floor":45},{"not_picked":["champ:SetATrap","champ:Encircle+1"],"picked":"champ:FancyFootwork+1","floor":46},{"not_picked":["champ:GutPunch+1","champ:Backstep+1"],"picked":"champ:CrownThrow+1","floor":47},{"not_picked":["champ:TornadoPunch","champ:CrownThrow","champ:DefensiveShout"],"picked":"SKIP","floor":48},{"not_picked":["champ:Shatter","champ:Haymaker"],"picked":"champ:CrownThrow+1","floor":49},{"not_picked":["champ:GladiatorForm","champ:SwordThrow"],"picked":"champ:BladeFlurry+1","floor":52}],"player_experience":43553,"relics_obtained":[{"floor":7,"key":"Juzu Bracelet"},{"floor":12,"key":"Oddly Smooth Stone"},{"floor":14,"key":"StoneCalendar"},{"floor":41,"key":"Ancient Tea Set"},{"floor":52,"key":"Mango"}],"event_choices":[{"damage_healed":0,"gold_gain":0,"player_choice":"Donut","damage_taken":0,"max_hp_gain":5,"max_hp_loss":0,"event_name":"Big Fish","floor":4,"gold_loss":0},{"cards_removed":["champ:Strike"],"damage_healed":0,"gold_gain":0,"player_choice":"Offered Basic","damage_taken":0,"max_hp_gain":0,"max_hp_loss":0,"event_name":"Bonfire Elementals","floor":26,"gold_loss":0}],"is_beta":false,"boss_relics":[{"not_picked":["Fusion Hammer","Sozu"],"picked":"Astrolabe"},{"not_picked":["Empty Cage","Snecko Eye"],"picked":"SlaversCollar"}],"items_purged_floors":[21],"is_endless":false,"potions_floor_spawned":[3,5,9,13,15,16,19,23,28,33,37,44,46],"ascension_level":0}}