{"host":"u2qrfxkm3wve0vp3","time":1613645498,"event":{"mods":["AchievementEnabler","BaseMod","Downfall","Hermit","Marisa£®ÏF”Í°°ƒß¿Ì…≥£©","Minty Spire (QoL Compilation)","Quick Restart","Shop Mod","StSLib","Td1madao Mod","The Cursed","The Marked","The Poker Player","The Senshi","The Servant 0.9.4"],"gold_per_floor":[111,111,61,36,36,36,111,111,111,141,159,191,116,130,130,225,225,240,259,18,18,33,65,77,92,168,168,188,188,188,188,188],"floor_reached":31,"language":"ZHS","playtime":827,"items_purged":["theMarked:Strike","theMarked:Strike"],"score":288,"play_id":"ac4aa85b-cea6-495a-98e0-3b3bd710eb25","local_time":"20210218185138","is_ascension_mode":false,"campfire_choices":[{"data":"theMarked:SoldierOfQuellstein","floor":6,"key":"SMITH"},{"data":"theMarked:EmpowerWeapon","floor":8,"key":"SMITH"},{"data":"theMarked:Panic","floor":15,"key":"SMITH"},{"data":"theMarked:Indomitable","floor":27,"key":"SMITH"},{"data":"theMarked:Challenge","floor":29,"key":"SMITH"}],"circlet_count":0,"master_deck":["theMarked:Strike","theMarked:Strike","theMarked:Defend","theMarked:Defend","theMarked:Defend","theMarked:SoldierOfQuellstein+1","theMarked:Panic+1","theMarked:EmpowerWeapon+1","theMarked:SwordAndMagic+1","theMarked:EternalStudent","theMarked:Levitate","theMarked:Challenge+1","theMarked:Parry","theMarked:Indomitable+1"],"relics":["theMarked:ArtifactOfAir","NeowsBlessing","Molten Egg 2","Bag of Marbles","Black Star","Bird Faced Urn","FossilizedHelix","Pantograph"],"acts_visited":["Exordium","TheCity"],"potions_floor_usage":[12,12,23,31],"damage_taken":[{"damage":0,"enemies":"2 Louse","floor":1,"turns":1},{"damage":0,"enemies":"3 Sentries","floor":10,"turns":1},{"damage":0,"enemies":"Small Slimes","floor":11,"turns":1},{"damage":16,"enemies":"Gremlin Nob","floor":12,"turns":3},{"damage":0,"enemies":"Cultist","floor":14,"turns":2},{"damage":30,"enemies":"Hexaghost","floor":16,"turns":5},{"damage":0,"enemies":"Chosen","floor":18,"turns":3},{"damage":17,"enemies":"Shell Parasite","floor":19,"turns":6},{"damage":24,"enemies":"Snake Plant","floor":22,"turns":3},{"damage":9,"enemies":"Gremlin Leader","floor":23,"turns":4},{"damage":17,"enemies":"Chosen and Byrds","floor":24,"turns":7},{"damage":0,"enemies":"Snecko","floor":25,"turns":5},{"damage":0,"enemies":"Snake Plant","floor":28,"turns":3},{"damage":13,"enemies":"Book of Stabbing","floor":31,"turns":3}],"seed_played":"-5419161536253283851","potions_obtained":[{"floor":10,"key":"Strength Potion"},{"floor":11,"key":"PowerPotion"},{"floor":12,"key":"Regen Potion"},{"floor":14,"key":"Strength Potion"},{"floor":19,"key":"AttackPotion"},{"floor":23,"key":"Fire Potion"}],"is_trial":false,"path_per_floor":["M","?","?","$","?","R","?","R","T","E","M","E","$","M","R","B",null,"M","M","$","?","M","E","M","M","T","R","M","R","?","E"],"character_chosen":"THE_DEFAULT","items_purchased":["theMarked:EmpowerWeapon","theMarked:Levitate"],"campfire_rested":0,"item_purchase_floors":[4,20],"current_hp_per_floor":[72,65,65,65,70,70,59,59,59,59,59,43,43,43,43,13,77,77,60,60,60,36,27,10,10,10,10,10,10,10,0,0],"gold":188,"neow_bonus":"THREE_ENEMY_KILL","is_daily":false,"chose_seed":false,"campfire_upgraded":5,"win_rate":0.0,"timestamp":1613645498,"path_taken":["M","?","?","$","?","R","?","R","T","E","M","E","$","M","R","BOSS","M","M","$","?","M","E","M","M","T","R","?","R","?","E"],"items_purchased_type":["Card","Card"],"build_version":"2020-12-22","purchased_purges":2,"victory":false,"max_hp_per_floor":[72,72,72,72,77,77,77,77,77,77,77,77,77,77,77,77,77,77,77,77,77,77,77,77,77,77,77,77,77,77,77,77],"card_choices":[{"not_picked":["theMarked:Aftermath","theMarked:Frustration"],"picked":"theMarked:Panic","floor":1},{"not_picked":["theMarked:ElectricStrings+1","theMarked:TwofoldDefense","theMarked:ResourceFulStrike+1"],"picked":"SKIP","floor":10},{"not_picked":["theMarked:WastefulAttack+1","theMarked:BanishingWave+1","theMarked:Improvise"],"picked":"SKIP","floor":11},{"not_picked":["theMarked:Standoff","theMarked:ChainLightning+1"],"picked":"theMarked:SwordAndMagic+1","floor":12},{"not_picked":["theMarked:WastefulAttack+1","theMarked:TwofoldDefense","theMarked:SwordAndMagic+1"],"picked":"SKIP","floor":14},{"not_picked":["theMarked:Toughness","theMarked:Defy+1"],"picked":"theMarked:EternalStudent","floor":16},{"not_picked":["theMarked:RepellingDischarge","theMarked:EmpowerWeapon","theMarked:StartUp+1"],"picked":"SKIP","floor":18},{"not_picked":["theMarked:RepellingDischarge","theMarked:HeightenedSenses","theMarked:Frustration+1"],"picked":"SKIP","floor":19},{"not_picked":["theMarked:WastefulAttack+1","theMarked:ComboAttacks","theMarked:BanishingWave+1"],"picked":"SKIP","floor":22},{"not_picked":["theMarked:Electrocute+1","theMarked:PowerFlow"],"picked":"theMarked:Parry","floor":23},{"not_picked":["theMarked:ShockingTouch+1","theMarked:TheMission","theMarked:Determination"],"picked":"SKIP","floor":24},{"not_picked":["theMarked:Memento","theMarked:ChainLightning+1"],"picked":"theMarked:Indomitable","floor":25},{"not_picked":["theMarked:Improvise+1","theMarked:WastefulAttack+1","theMarked:BanishingWave+1"],"picked":"SKIP","floor":28}],"player_experience":355442,"relics_obtained":[{"floor":10,"key":"Molten Egg 2"},{"floor":12,"key":"Bag of Marbles"},{"floor":23,"key":"Bird Faced Urn"},{"floor":23,"key":"FossilizedHelix"},{"floor":26,"key":"Pantograph"}],"event_choices":[{"cards_removed":["theMarked:Defend"],"damage_healed":0,"gold_gain":0,"player_choice":"Card Removal","damage_taken":7,"max_hp_gain":0,"max_hp_loss":0,"event_name":"Golden Wing","floor":2,"gold_loss":0},{"cards_removed":["theMarked:Strike"],"damage_healed":0,"gold_gain":0,"player_choice":"Card Removal","damage_taken":0,"max_hp_gain":0,"max_hp_loss":0,"event_name":"The Cleric","floor":3,"gold_loss":50},{"damage_healed":0,"gold_gain":0,"player_choice":"Donut","damage_taken":0,"max_hp_gain":5,"max_hp_loss":0,"event_name":"Big Fish","floor":5,"gold_loss":0},{"damage_healed":0,"gold_gain":75,"player_choice":"Gather Gold","damage_taken":11,"max_hp_gain":0,"max_hp_loss":0,"event_name":"World of Goop","floor":7,"gold_loss":0},{"damage_healed":0,"gold_gain":0,"player_choice":"1 cards matched","damage_taken":0,"max_hp_gain":0,"max_hp_loss":0,"event_name":"Match and Keep!","floor":21,"gold_loss":0,"cards_obtained":["theMarked:Challenge"]},{"damage_healed":0,"gold_gain":0,"player_choice":"Bought 0 Potions","damage_taken":0,"max_hp_gain":0,"max_hp_loss":0,"event_name":"The Woman in Blue","floor":30,"gold_loss":0}],"is_beta":false,"boss_relics":[{"not_picked":["Pandora\u0027s Box","SacredBark"],"picked":"Black Star"}],"items_purged_floors":[13,20],"is_endless":false,"potions_floor_spawned":[10,11,12,14,19,23,25],"killed_by":"Book of Stabbing","ascension_level":0}}