{"host":"fuszjwm6fqgjjp4d","time":1613679053,"event":{"mods":["BaseMod","Colored Map","Minty Spire (QoL Compilation)","Permanent Neow","Relic Sorter","Relic Stats","StSLib"],"gold_per_floor":[111,111,111,126,21,47,47,81,106,106,106,137,157,173,173,250,250,261,273,0,20,32,32,32],"floor_reached":23,"language":"ENG","playtime":420,"items_purged":[],"score":522,"play_id":"b7903cdf-c7c4-42cf-879c-754d63d271ee","local_time":"20210218141053","is_ascension_mode":true,"campfire_choices":[{"data":"Static Discharge","floor":7,"key":"SMITH"},{"data":"Lockon","floor":10,"key":"SMITH"},{"data":"Storm","floor":15,"key":"SMITH"}],"circlet_count":0,"master_deck":["AscendersBane","Strike_B","Strike_B","Strike_B","Strike_B","Defend_B","Defend_B","Defend_B","Defend_B","Zap+1","Dualcast","Consume+1","Static Discharge+1","Lockon+1","Coolheaded","Ball Lightning","Electrodynamics","Ball Lightning","Lockon","Storm+1","Fission","Self Repair","Loop","Creative AI"],"relics":["Cracked Core","MealTicket","Pantograph","Letter Opener","Centennial Puzzle","Prayer Wheel","Mango","Coffee Dripper","Eternal Feather"],"acts_visited":["Exordium","TheCity"],"potions_floor_usage":[6,23,23],"damage_taken":[{"damage":2,"enemies":"Jaw Worm","floor":1,"turns":4},{"damage":6,"enemies":"2 Louse","floor":4,"turns":2},{"damage":14,"enemies":"Gremlin Nob","floor":6,"turns":3},{"damage":4,"enemies":"Lagavulin","floor":8,"turns":5},{"damage":6,"enemies":"Gremlin Nob","floor":12,"turns":3},{"damage":0,"enemies":"Cultist","floor":13,"turns":2},{"damage":9,"enemies":"Red Slaver","floor":14,"turns":2},{"damage":0,"enemies":"Slime Boss","floor":16,"turns":6},{"damage":8,"enemies":"Chosen","floor":18,"turns":3},{"damage":33,"enemies":"Shell Parasite","floor":19,"turns":3},{"damage":14,"enemies":"Centurion and Healer","floor":21,"turns":2},{"damage":22,"enemies":"Snake Plant","floor":22,"turns":2},{"damage":29,"enemies":"Slavers","floor":23,"turns":1}],"seed_played":"967931908339886938","potions_obtained":[{"floor":4,"key":"Swift Potion"},{"floor":8,"key":"FocusPotion"},{"floor":12,"key":"PotionOfCapacity"}],"is_trial":false,"path_per_floor":["M","?","?","M","$","E","R","E","T","R","T","E","M","M","R","B",null,"M","M","$","M","M","E"],"character_chosen":"DEFECT","items_purchased":["Lockon","Coolheaded","Eternal Feather"],"campfire_rested":0,"item_purchase_floors":[5,5,20],"current_hp_per_floor":[62,62,57,51,66,52,52,48,48,48,48,56,56,47,47,72,82,74,41,56,49,27,0,0],"gold":32,"neow_bonus":"UPGRADE_CARD","is_daily":false,"chose_seed":false,"campfire_upgraded":3,"win_rate":0.0,"timestamp":1613679053,"path_taken":["M","?","?","M","$","E","R","E","T","R","?","E","M","M","R","BOSS","M","M","$","M","M","E"],"items_purchased_type":["Card","Card","Relic"],"build_version":"2020-12-22","purchased_purges":0,"victory":false,"max_hp_per_floor":[71,71,71,71,71,71,71,71,71,71,71,85,85,85,85,85,85,85,85,85,85,85,85,85],"relic_stats":{"Centennial Puzzle":[21],"counters":[13,38],"Pantograph":25,"MealTicket":30,"Prayer Wheel":6,"Eternal Feather":0,"Letter Opener":[20],"obtain_stats":[{"Centennial Puzzle":9,"Pantograph":6,"MealTicket":3,"Prayer Wheel":11,"Mango":12,"Eternal Feather":20,"Coffee Dripper":17,"Letter Opener":8,"Cracked Core":0},{"Centennial Puzzle":4,"Pantograph":3,"MealTicket":1,"Prayer Wheel":4,"Mango":5,"Eternal Feather":10,"Coffee Dripper":8,"Letter Opener":4,"Cracked Core":0},{"Centennial Puzzle":14,"Pantograph":9,"MealTicket":4,"Prayer Wheel":14,"Mango":17,"Eternal Feather":33,"Coffee Dripper":27,"Letter Opener":14,"Cracked Core":0}]},"card_choices":[{"not_picked":["Streamline","Redo"],"picked":"Consume","floor":1},{"not_picked":["Conserve Battery","Rip and Tear"],"picked":"Static Discharge","floor":4},{"not_picked":["Chaos","Turbo","Darkness"],"picked":"SKIP","floor":6},{"not_picked":["Cold Snap","Go for the Eyes"],"picked":"Ball Lightning","floor":8},{"not_picked":["Reinforced Body","Compile Driver"],"picked":"Electrodynamics","floor":12},{"not_picked":["Chaos","Hologram"],"picked":"Ball Lightning","floor":13},{"not_picked":["Self Repair","Gash"],"picked":"Lockon","floor":13},{"not_picked":["Reprogram","Rebound"],"picked":"Storm","floor":14},{"not_picked":["Skim","Steam","Hello World"],"picked":"SKIP","floor":14},{"not_picked":["All For One","Multi-Cast"],"picked":"Fission","floor":16},{"not_picked":["BootSequence","Chaos","Rip and Tear+1"],"picked":"SKIP","floor":18},{"not_picked":["Leap","Darkness","Go for the Eyes"],"picked":"SKIP","floor":18},{"not_picked":["Rebound","Hologram"],"picked":"Self Repair","floor":19},{"not_picked":["Sweeping Beam","Rebound"],"picked":"Loop","floor":19},{"not_picked":["Streamline","Conserve Battery","Melter"],"picked":"SKIP","floor":21},{"not_picked":["Go for the Eyes+1","Compile Driver","Tempest"],"picked":"SKIP","floor":21},{"not_picked":["Steam","Gash"],"picked":"Creative AI","floor":22},{"not_picked":["Conserve Battery+1","Barrage","Genetic Algorithm"],"picked":"SKIP","floor":22}],"player_experience":1496851,"relics_obtained":[{"floor":6,"key":"Pantograph"},{"floor":8,"key":"Letter Opener"},{"floor":9,"key":"Centennial Puzzle"},{"floor":11,"key":"Prayer Wheel"},{"floor":12,"key":"Mango"}],"event_choices":[{"damage_healed":0,"gold_gain":0,"player_choice":"Grow","damage_taken":0,"max_hp_gain":0,"max_hp_loss":0,"event_name":"Living Wall","floor":2,"gold_loss":0,"cards_upgraded":["Consume"]},{"damage_healed":0,"gold_gain":0,"player_choice":"Success","damage_taken":5,"relics_obtained":["MealTicket"],"max_hp_gain":0,"max_hp_loss":0,"event_name":"Scrap Ooze","floor":3,"gold_loss":0}],"is_beta":false,"boss_relics":[{"not_picked":["Snecko Eye","Runic Pyramid"],"picked":"Coffee Dripper"}],"items_purged_floors":[],"is_endless":false,"potions_floor_spawned":[4,8,12,16,19,22],"killed_by":"Slavers","ascension_level":20}}