{"host":"nv0c20v7c30k7ue5","time":1613614183,"event":{"mods":["2.2 Compatiblity","BaseMod","Bestiary","Colored Map","Colored Powertips","Downfall","Highlight Path","Jorbs\u0027s Wanderer Trilogy","Minty Spire (QoL Compilation)","Morshu Shopkeeper - ENHANCED","Relic Sorter","Relic Stats","StSLib","Unceasing Turn Reminder"],"gold_per_floor":[99,117,135,150,150,160,160,177,188,188,188,203,26,126,145,145,145],"floor_reached":16,"language":"ENG","playtime":1065,"items_purged":[],"score":96,"play_id":"3cba4ad4-e9c7-4de8-a1ea-f0ede7e54e0e","local_time":"20210217210943","is_ascension_mode":false,"campfire_choices":[{"data":"bronze:Deprecate","floor":1,"key":"SMITH"},{"data":"bronze:Constructor","floor":11,"key":"SMITH"}],"circlet_count":0,"master_deck":["bronze:Strike","bronze:Strike","bronze:Strike","bronze:Defend","bronze:Defend","bronze:Defend","bronze:Replicate+1","bronze:Goto+1","bronze:Deprecate+1","bronze:Branch","bronze:Overheat","bronze:WildBeam+1","bronze:Branch","bronze:Iterate","bronze:Constructor+1","bronze:Frontload","bronze:BuggyMess","expansioncontent:StudyTheSpire+1","bronze:Constructor","bronze:DelayedGuard"],"relics":["bronze:BronzeCore","Mango"],"acts_visited":["Exordium"],"potions_floor_usage":[14,14,16],"damage_taken":[{"damage":2,"enemies":"Cultist","floor":2,"turns":6},{"damage":0,"enemies":"Small Slimes","floor":3,"turns":4},{"damage":5,"enemies":"2 Louse","floor":4,"turns":3},{"damage":16,"enemies":"Large Slime","floor":6,"turns":7},{"damage":7,"enemies":"Lots of Slimes","floor":8,"turns":6},{"damage":14,"enemies":"Blue Slaver","floor":9,"turns":3},{"damage":0,"enemies":"2 Fungi Beasts","floor":12,"turns":3},{"damage":0,"enemies":"downfall:FleeingMerchant","floor":13,"turns":4},{"damage":21,"enemies":"downfall:Heads","floor":14,"turns":7},{"damage":12,"enemies":"Exordium Thugs","floor":15,"turns":7},{"damage":17,"enemies":"DF_ARCHETYPE_STREAMLINE","floor":16,"turns":3}],"seed_played":"8160406830139498506","potions_obtained":[{"floor":6,"key":"EssenceOfSteel"},{"floor":8,"key":"Swift Potion"},{"floor":14,"key":"Ancient Potion"},{"floor":15,"key":"AttackPotion"}],"is_trial":false,"path_per_floor":["R","M","M","M","?","M","T","M","M","?","R","M","$","?","M","B"],"character_chosen":"THE_AUTOMATON","items_purchased":["expansioncontent:StudyTheSpire"],"campfire_rested":0,"item_purchase_floors":[13],"current_hp_per_floor":[70,68,68,63,63,47,61,54,40,40,40,40,40,19,7,0,0],"gold":145,"neow_bonus":"THREE_CARDS","is_daily":false,"chose_seed":false,"campfire_upgraded":2,"win_rate":0.0,"timestamp":1613614183,"path_taken":["R","M","M","M","?","M","T","?","M","?","R","M","?","?","M","BOSS"],"items_purchased_type":["Card"],"build_version":"2020-12-22","purchased_purges":0,"victory":false,"max_hp_per_floor":[70,70,70,70,70,70,84,84,84,84,84,84,84,84,84,84,84],"relic_stats":{"counters":[11,53],"obtain_stats":[{"bronze:BronzeCore":0,"Mango":7},{"bronze:BronzeCore":0,"Mango":4},{"bronze:BronzeCore":0,"Mango":20}]},"card_choices":[{"not_picked":["bronze:Iterate","bronze:BuggyMess"],"picked":"bronze:Deprecate","floor":0},{"not_picked":["bronze:Iterate","bronze:Deprecate"],"picked":"bronze:Branch","floor":2},{"not_picked":["bronze:ClassDefault","bronze:CleanCode"],"picked":"bronze:Overheat","floor":3},{"not_picked":["bronze:Shield","bronze:CutThrough"],"picked":"bronze:WildBeam","floor":4},{"not_picked":["bronze:Deprecate","bronze:DigitalCarnage","bronze:OilSpill"],"picked":"SKIP","floor":6},{"not_picked":["bronze:BuggyMess","bronze:Mutator"],"picked":"bronze:Iterate","floor":8},{"not_picked":["bronze:FineTuning","bronze:DelayedSlice"],"picked":"bronze:Constructor","floor":9},{"not_picked":["bronze:Branch","bronze:Repulsor"],"picked":"bronze:Frontload","floor":12},{"not_picked":["bronze:Branch","bronze:Iterate"],"picked":"bronze:BuggyMess","floor":13},{"not_picked":["bronze:Overheat","bronze:Turbo"],"picked":"bronze:DelayedGuard","floor":14},{"not_picked":["bronze:Overload","bronze:Frontload","bronze:FineTuning"],"picked":"SKIP","floor":15}],"player_experience":137646,"relics_obtained":[{"floor":7,"key":"Mango"}],"event_choices":[],"is_beta":false,"boss_relics":[],"items_purged_floors":[],"is_endless":false,"potions_floor_spawned":[6,8,14,15],"killed_by":"DF_ARCHETYPE_STREAMLINE","ascension_level":0}}