{"host":"rhakyh2m1vy6smuu","time":1613664611,"event":{"mods":["BaseMod","Minty Spire (QoL Compilation)","StSLib","The Cursed"],"gold_per_floor":[362,362,389,389,405,405,432,432,432,460,55,74,6,6,6,106,106,121,139,49,49,49,49,69,69,122,138,138,138,157,177,177,280,280,290,250,266,280,291,291,320,337,361,68,68,91,124,133,133,133,133,133,27,61,61,61],"floor_reached":55,"language":"ENG","playtime":2773,"items_purged":["TheCursedMod:Strike_TheCursed"],"score":940,"play_id":"df74e1f5-7525-41e8-8065-5ab0d0725885","local_time":"20210218091011","is_ascension_mode":true,"campfire_choices":[{"data":"TheCursedMod:CursedWand","floor":6,"key":"SMITH"},{"data":"TheCursedMod:SmokeScreen","floor":15,"key":"SMITH"},{"data":"TheCursedMod:ReleasedStrength","floor":23,"key":"SMITH"},{"data":"TheCursedMod:SpitefulPlan","floor":25,"key":"SMITH"},{"data":"TheCursedMod:FleshFromBone","floor":29,"key":"SMITH"},{"floor":32,"key":"REST"},{"floor":40,"key":"REST"},{"floor":45,"key":"REST"},{"floor":49,"key":"RECALL"},{"data":"TheCursedMod:CircleOfAbyss","floor":52,"key":"SMITH"}],"circlet_count":0,"master_deck":["TheCursedMod:Strike_TheCursed+1","TheCursedMod:Strike_TheCursed+1","TheCursedMod:Defend_TheCursed","TheCursedMod:Defend_TheCursed","TheCursedMod:Defend_TheCursed","TheCursedMod:CursedWand+1","TheCursedMod:CleanUpWorkshop","TheCursedMod:Dregs","TheCursedMod:SmokeScreen+1","TheCursedMod:WearCloak","TheCursedMod:SpitefulPlan+1","TheCursedMod:CircleOfAmplification","TheCursedMod:ReleasedStrength+1","TheCursedMod:FleshFromBone+1","TheCursedMod:Obscuration","TheCursedMod:CursedBoomerang+1","Parasite","TheCursedMod:CollectTribute","TheCursedMod:CursedAmulet+1","TheCursedMod:HellfireBreathing+1","TheCursedMod:RavingStaff+1","TheCursedMod:TacticalStrike+1","TheCursedMod:SpitefulStrike+1","TheCursedMod:HellfireBreathing","TheCursedMod:OutForBlood","TheCursedMod:VitalStrike+1","TheCursedMod:CursedStaff+1","TheCursedMod:ManaBullet+1","TheCursedMod:SpitefulStrike+1","TheCursedMod:AbyssShockwave+1","TheCursedMod:CursedShiv+1","TheCursedMod:DemonSword+1","TheCursedMod:CircleOfAbyss+1","Parasite","TheCursedMod:SurpriseAttack+1","Doubt","TheCursedMod:Hemoplague","TheCursedMod:ForbiddenAlchemy"],"relics":["TheCursedMod:BlackMagic101","Bag of Marbles","Sundial","TheCursedMod:Tack","Toy Ornithopter","Molten Egg 2","Potion Belt","ClockworkSouvenir","TheCursedMod:FourLeafCloverCharm","TheCursedMod:OminousMark","Blood Vial","CeramicFish","Lantern","Boot"],"acts_visited":["Exordium","TheCity","TheBeyond","TheEnding"],"potions_floor_usage":[7,10,27,33,33,38,41,41,50,50,50,55,55,55],"damage_taken":[{"damage":1,"enemies":"Small Slimes","floor":1,"turns":4},{"damage":9,"enemies":"Jaw Worm","floor":5,"turns":4},{"damage":0,"enemies":"Gremlin Nob","floor":7,"turns":2},{"damage":15,"enemies":"3 Sentries","floor":10,"turns":12},{"damage":1,"enemies":"2 Louse","floor":12,"turns":2},{"damage":25,"enemies":"Hexaghost","floor":16,"turns":11},{"damage":0,"enemies":"3 Byrds","floor":18,"turns":4},{"damage":1,"enemies":"Chosen","floor":19,"turns":4},{"damage":20,"enemies":"3 Cultists","floor":24,"turns":5},{"damage":4,"enemies":"Cultist and Chosen","floor":27,"turns":4},{"damage":12,"enemies":"Centurion and Healer","floor":30,"turns":6},{"damage":2,"enemies":"3 Cultists","floor":31,"turns":5},{"damage":0,"enemies":"Automaton","floor":33,"turns":7},{"damage":19,"enemies":"3 Darklings","floor":35,"turns":4},{"damage":0,"enemies":"3 Shapes","floor":37,"turns":4},{"damage":25,"enemies":"Transient","floor":38,"turns":5},{"damage":5,"enemies":"Maw","floor":39,"turns":5},{"damage":19,"enemies":"Giant Head","floor":41,"turns":7},{"damage":14,"enemies":"Spire Growth","floor":42,"turns":4},{"damage":27,"enemies":"4 Shapes","floor":46,"turns":2},{"damage":11,"enemies":"Writhing Mass","floor":47,"turns":5},{"damage":28,"enemies":"Time Eater","floor":50,"turns":7},{"damage":38,"enemies":"Shield and Spear","floor":54,"turns":5},{"damage":66,"enemies":"The Heart","floor":55,"turns":3}],"seed_played":"-1480074660817244584","potions_obtained":[{"floor":1,"key":"AttackPotion"},{"floor":7,"key":"LiquidMemories"},{"floor":12,"key":"Ancient Potion"},{"floor":16,"key":"DuplicationPotion"},{"floor":24,"key":"Fire Potion"},{"floor":31,"key":"Swift Potion"},{"floor":36,"key":"TheCursedMod:DregsPotion"},{"floor":36,"key":"Weak Potion"},{"floor":36,"key":"Strength Potion"},{"floor":37,"key":"FearPotion"},{"floor":39,"key":"Swift Potion"},{"floor":41,"key":"FearPotion"},{"floor":47,"key":"EssenceOfSteel"}],"is_trial":false,"path_per_floor":["M","?","T","?","M","R","E","?","T","E","$","M","$","?","R","B",null,"M","M","?","$","?","R","M","R","T","M","?","R","M","M","R","B",null,"M","?","M","M","M","R","E","M","T","$","R","M","M","?","R","B",null,"R","$","E","B"],"character_chosen":"THE_CURSED","items_purchased":["Potion Belt","ClockworkSouvenir","TheCursedMod:FleshFromBone","TheCursedMod:CursedBoomerang+1","TheCursedMod:DemonSword+1","Lantern","TheCursedMod:Hemoplague","LiquidBronze"],"campfire_rested":3,"item_purchase_floors":[11,11,11,13,44,44,53,53],"current_hp_per_floor":[67,53,53,46,37,37,37,37,37,27,27,26,26,43,43,18,56,56,55,55,55,55,55,35,35,35,36,36,36,24,22,42,52,64,45,45,45,25,20,40,31,19,19,19,39,14,5,68,68,40,61,61,61,25,0,0],"gold":61,"neow_bonus":"TWO_FIFTY_GOLD","is_daily":false,"chose_seed":false,"campfire_upgraded":6,"win_rate":0.0,"timestamp":1613664611,"path_taken":["M","?","?","?","M","R","E","?","T","E","$","?","$","?","R","BOSS","M","M","?","?","?","R","M","R","T","M","?","R","M","M","R","BOSS","M","?","M","M","M","R","E","?","T","$","R","M","M","?","R","BOSS","R","$","E","BOSS"],"items_purchased_type":["Relic","Relic","Card","Card","Card","Relic","Card","Potion"],"build_version":"2020-12-22","purchased_purges":1,"victory":false,"max_hp_per_floor":[68,68,68,68,68,68,68,68,68,68,68,68,68,68,68,68,68,68,68,68,68,68,68,68,68,68,68,68,68,68,68,68,68,68,68,68,68,68,68,68,68,68,68,68,68,68,68,68,68,68,68,68,68,68,68,68],"card_choices":[{"not_picked":["TheCursedMod:SaltUponWound","TheCursedMod:CircleOfBlood"],"picked":"TheCursedMod:SmokeScreen","floor":1},{"not_picked":["TheCursedMod:RapidMovement","TheCursedMod:CursedArmor"],"picked":"TheCursedMod:WearCloak","floor":5},{"not_picked":["TheCursedMod:Stretching","TheCursedMod:Wield"],"picked":"TheCursedMod:SpitefulPlan","floor":7},{"not_picked":["TheCursedMod:CursedAmulet","TheCursedMod:Wield+1"],"picked":"TheCursedMod:ReleasedStrength","floor":10},{"not_picked":["TheCursedMod:DoubleShield","TheCursedMod:EmpowerCircles"],"picked":"TheCursedMod:Obscuration","floor":12},{"not_picked":["TheCursedMod:VoidForm","TheCursedMod:OutForBlood"],"picked":"TheCursedMod:CollectTribute","floor":16},{"not_picked":["TheCursedMod:Torture","TheCursedMod:Obscuration"],"picked":"TheCursedMod:CursedAmulet+1","floor":18},{"not_picked":["TheCursedMod:SpitefulStrike+1","TheCursedMod:SoulReap+1"],"picked":"TheCursedMod:HellfireBreathing","floor":19},{"not_picked":["TheCursedMod:CircleOfFocus+1","TheCursedMod:FleshFromBone"],"picked":"TheCursedMod:RavingStaff+1","floor":24},{"not_picked":["TheCursedMod:CursedAmulet","TheCursedMod:CircleOfFocus"],"picked":"TheCursedMod:TacticalStrike+1","floor":27},{"not_picked":["TheCursedMod:OutForBlood","TheCursedMod:CircleOfBlood"],"picked":"TheCursedMod:SpitefulStrike+1","floor":30},{"not_picked":["TheCursedMod:SpitefulPray+1","TheCursedMod:SpitefulPlan"],"picked":"TheCursedMod:HellfireBreathing","floor":31},{"not_picked":["TheCursedMod:DemonicPact","TheCursedMod:ParallelWorld"],"picked":"TheCursedMod:OutForBlood","floor":33},{"not_picked":["TheCursedMod:Obscuration+1","TheCursedMod:CircleOfWindfury+1"],"picked":"TheCursedMod:VitalStrike+1","floor":35},{"not_picked":["TheCursedMod:Grudge","TheCursedMod:CircleOfBlood"],"picked":"TheCursedMod:CursedStaff+1","floor":37},{"not_picked":["TheCursedMod:CursedMace+1","TheCursedMod:CursedBoomerang+1"],"picked":"TheCursedMod:ManaBullet+1","floor":38},{"not_picked":["TheCursedMod:RavingStaff+1","TheCursedMod:Stretching"],"picked":"TheCursedMod:SpitefulStrike+1","floor":39},{"not_picked":["TheCursedMod:Grudge","TheCursedMod:CursedArmor+1"],"picked":"TheCursedMod:AbyssShockwave+1","floor":41},{"not_picked":["TheCursedMod:WearCloak","TheCursedMod:Stigma+1"],"picked":"TheCursedMod:CursedShiv+1","floor":42},{"not_picked":["TheCursedMod:Wield+1","TheCursedMod:CircleOfCorruption"],"picked":"TheCursedMod:CircleOfAbyss","floor":46},{"not_picked":["TheCursedMod:Wield+1","TheCursedMod:Obscuration"],"picked":"TheCursedMod:SurpriseAttack+1","floor":47},{"not_picked":["TheCursedMod:CircleOfFocus+1","TheCursedMod:Stigma+1"],"picked":"TheCursedMod:ForbiddenAlchemy","floor":54}],"player_experience":1576269,"relics_obtained":[{"floor":3,"key":"Bag of Marbles"},{"floor":7,"key":"TheCursedMod:Tack"},{"floor":9,"key":"Toy Ornithopter"},{"floor":10,"key":"Molten Egg 2"},{"floor":41,"key":"Blood Vial"},{"floor":43,"key":"CeramicFish"},{"floor":54,"key":"Boot"}],"event_choices":[{"damage_healed":0,"gold_gain":0,"player_choice":"Entered Light","damage_taken":14,"max_hp_gain":0,"max_hp_loss":0,"event_name":"Shining Light","floor":2,"gold_loss":0,"cards_upgraded":["TheCursedMod:Strike_TheCursed","TheCursedMod:Strike_TheCursed"]},{"damage_healed":0,"gold_gain":0,"player_choice":"Success","damage_taken":7,"relics_obtained":["Sundial"],"max_hp_gain":0,"max_hp_loss":0,"event_name":"Scrap Ooze","floor":4,"gold_loss":0},{"damage_healed":0,"gold_gain":0,"cards_transformed":["TheCursedMod:Defend_TheCursed"],"player_choice":"Change","damage_taken":0,"max_hp_gain":0,"max_hp_loss":0,"event_name":"Living Wall","floor":8,"gold_loss":0,"cards_obtained":["TheCursedMod:CircleOfAmplification"]},{"damage_healed":17,"gold_gain":0,"player_choice":"Healed and dodged fight","damage_taken":0,"max_hp_gain":0,"max_hp_loss":0,"event_name":"Mushrooms","floor":14,"gold_loss":0,"cards_obtained":["Parasite"]},{"cards_removed":["TheCursedMod:Strike_TheCursed"],"damage_healed":0,"gold_gain":0,"player_choice":"Upgrade and Remove","damage_taken":0,"max_hp_gain":0,"max_hp_loss":0,"event_name":"Designer","floor":20,"gold_loss":90,"cards_upgraded":["TheCursedMod:HellfireBreathing"]},{"damage_healed":0,"gold_gain":0,"player_choice":"Ignored","damage_taken":0,"max_hp_gain":0,"max_hp_loss":0,"event_name":"Ghosts","floor":22,"gold_loss":0},{"damage_healed":0,"gold_gain":0,"player_choice":"Ignored","damage_taken":0,"max_hp_gain":0,"max_hp_loss":0,"event_name":"Cursed Tome","floor":28,"gold_loss":0},{"damage_healed":0,"gold_gain":0,"player_choice":"Bought 3 Potions","damage_taken":0,"max_hp_gain":0,"max_hp_loss":0,"event_name":"The Woman in Blue","floor":36,"gold_loss":0},{"damage_healed":63,"gold_gain":0,"player_choice":"Heal","damage_taken":0,"max_hp_gain":0,"max_hp_loss":0,"event_name":"MindBloom","floor":48,"gold_loss":0,"cards_obtained":["Doubt"]}],"is_beta":false,"boss_relics":[{"not_picked":["Astrolabe","SacredBark"],"picked":"TheCursedMod:FourLeafCloverCharm"},{"not_picked":["Fusion Hammer","Velvet Choker"],"picked":"TheCursedMod:OminousMark"}],"items_purged_floors":[11],"is_endless":false,"potions_floor_spawned":[1,7,12,16,24,31,37,39,41,47],"killed_by":"The Heart","ascension_level":5}}