{"host":"pyelotildgrd5mks","time":1613640971,"event":{"mods":["BaseMod","Downfall","Minty Spire (QoL Compilation)","Quick Restart","Replay The Spire","StSLib"],"gold_per_floor":[112,112,112,126,143,173,173,173,173,173,173],"floor_reached":10,"language":"ZHS","playtime":181,"items_purged":[],"score":99,"play_id":"779a0c15-9f55-483a-b301-6f41e1b9a21a","local_time":"20210218173611","is_ascension_mode":true,"campfire_choices":[{"data":"Coolheaded","floor":8,"key":"SMITH"}],"circlet_count":0,"master_deck":["AscendersBane","Strike_B","Strike_B","Strike_B","Defend_B","Defend_B","Defend_B","Defend_B","Zap","Dualcast","Coolheaded+1"],"relics":["Cracked Core","NeowsBlessing","Replay:Bottled Steam","Emotion Chip","Prayer Wheel"],"acts_visited":["Exordium"],"potions_floor_usage":[],"damage_taken":[{"damage":0,"enemies":"Small Slimes","floor":1,"turns":1},{"damage":0,"enemies":"Cultist","floor":4,"turns":1},{"damage":0,"enemies":"Jaw Worm","floor":5,"turns":1},{"damage":58,"enemies":"Replay:BlueRogue","floor":6,"turns":9},{"damage":0,"enemies":"Lagavulin","floor":10,"turns":2}],"seed_played":"-2976648611617195144","potions_obtained":[{"floor":1,"key":"Weak Potion"},{"floor":3,"key":"Venom Potion"},{"floor":3,"key":"PotionOfCapacity"}],"is_trial":false,"path_per_floor":["M","?","?","M","M","E","?","R","T","E"],"character_chosen":"DEFECT","items_purchased":[],"campfire_rested":0,"item_purchase_floors":[],"current_hp_per_floor":[68,61,61,61,61,3,3,3,3,3,3],"gold":173,"neow_bonus":"THREE_ENEMY_KILL","is_daily":false,"chose_seed":false,"campfire_upgraded":1,"win_rate":0.0,"timestamp":1613640971,"path_taken":["M","?","?","M","?","E","?","R","T","E"],"items_purchased_type":[],"build_version":"2020-12-22","purchased_purges":0,"victory":false,"max_hp_per_floor":[75,75,75,75,75,75,75,75,75,75,75],"card_choices":[{"not_picked":["ReplayTheSpireMod:Reroute Power","Redo"],"picked":"Coolheaded","floor":1},{"not_picked":["Barrage","Panic Button","ReplayTheSpireMod:GoodbyeWorld"],"picked":"SKIP","floor":4},{"not_picked":["Beam Cell","Coolheaded","Capacitor"],"picked":"SKIP","floor":5},{"not_picked":["BootSequence","Blizzard"],"picked":"ReplayTheSpireMod:Fabricate Wheel","floor":6}],"player_experience":716147,"relics_obtained":[{"floor":6,"key":"Replay:Bottled Steam"},{"floor":9,"key":"Emotion Chip"}],"event_choices":[{"cards_removed":["Strike_B"],"damage_healed":0,"gold_gain":0,"player_choice":"Card Removal","damage_taken":7,"max_hp_gain":0,"max_hp_loss":0,"event_name":"Golden Wing","floor":2,"gold_loss":0},{"damage_healed":0,"gold_gain":0,"player_choice":"Got Potions","damage_taken":0,"max_hp_gain":0,"max_hp_loss":0,"event_name":"Lab","floor":3,"gold_loss":0},{"damage_healed":0,"gold_gain":0,"player_choice":"Ignored","damage_taken":0,"max_hp_gain":0,"max_hp_loss":0,"event_name":"Liars Game","floor":7,"gold_loss":0}],"is_beta":false,"boss_relics":[],"items_purged_floors":[],"is_endless":false,"potions_floor_spawned":[1,6],"killed_by":"Lagavulin","ascension_level":10}}