{"host":"z4j51vjvl4ssilsu","time":1613614119,"event":{"mods":["AchievementEnabler","Act Like it!","Aspiration","BaseMod","Better Altar","Better Match","Better Note","Better Sensory Stone","Better Silent Start","Better Skull","Better Synergies","Better Third Choice","Better Vampires","Better-Laid Plans","BetterRewards","Block Reminder","CapriCore","Colored Powertips","Conspire","DeckTracker","Disable Question Mark Monsters","Elementarium","Emptier Cage","Energized Spire","Gensokyo","GifTheSpireLib","Gold Saver","GungeonMod","Halation","Hallownest","Hubris","Infinite Spire","Ironclad Rager","Marisa????????","Marked Mod","Mimic Mod","Minty Spire (QoL Compilation)","MostiFishMod","Permanent Neow","Quick Restart","RRrroohrrRGHHhhh!!","Reliquary","Replay The Spire","SCP261 Mod","SacredBarkPlus","Smile Girya","Spicy Shops","StS++","StSLib","Stuff the Spire","The Bug Knight","The Cursed","The Elementalist","The Marked","The Servant 0.9.4","Transform Curses","Unceasing Turn Reminder","Wandering Minibosses"],"gold_per_floor":[865,883,883,883,900,928,928,909,909,959,979,979,50,69,69,172,172,135,60,60,60],"floor_reached":20,"language":"ENG","playtime":1774,"items_purged":[],"score":199,"play_id":"eea6774d-4db2-499e-991a-3e2248dd4cff","local_time":"20210217230839","is_ascension_mode":false,"campfire_choices":[{"floor":7.0,"key":"REST"},{"floor":15.0,"key":"REST"}],"circlet_count":0,"master_deck":["HollowMod:NailStrikeStart","HollowMod:NailStrikeStart","HollowMod:NailStrikeStart","HollowMod:NailStrikeStart","HollowMod:QuickDashStart","HollowMod:QuickDashStart","HollowMod:QuickDashStart","HollowMod:QuickDashStart","HollowMod:FocusHealStart","HollowMod:PogoStrike","HollowMod:ElderbugsWisdom","HollowMod:SoulEater","HollowMod:GoodIntentions","Thinking Ahead","HollowMod:SharpenedNail","HollowMod:QuirrelsAssistance","HollowMod:CloakDash","HollowMod:ChannelNail","HollowMod:ZotesMagnificence","HollowMod:DungDefenderAura","HollowMod:HornetsHelp","HollowMod:CycloneSlash+1","HollowMod:SoulSplash+1"],"relics":["HollowMod:VesselMask","DaveBox","SynthV:TestCard","infinitespire:CheckeredPen","StSpp:BoiledEgg","infinitespire:Lucky Rock","halation:LettersToHer","reliquary:Stiletto","Ring of Chaos"],"acts_visited":["Hallownest:Greenpath","Hallownest:CityofTears"],"potions_floor_usage":[],"damage_taken":[{"damage":4.0,"enemies":"Hallownest:2_Baldur","floor":1.0,"turns":6.0},{"damage":17.0,"enemies":"Hallownest:monsterHuskGuard","floor":2.0,"turns":7.0},{"damage":0.0,"enemies":"Hallownest:monsterHuskWarrior","floor":5.0,"turns":6.0},{"damage":62.0,"enemies":"Hallownest:eliteCrystalGuardian","floor":6.0,"turns":9.0},{"damage":20.0,"enemies":"Hallownest:Guard_and_Warrior","floor":8.0,"turns":6.0},{"damage":6.0,"enemies":"Hallownest:monsterFoolEater","floor":11.0,"turns":3.0},{"damage":3.0,"enemies":"Hallownest:Wandering_and_Horned","floor":14.0,"turns":3.0},{"damage":52.0,"enemies":"Hallownest:BossHornet","floor":16.0,"turns":13.0},{"damage":55,"enemies":"Hallownest:Guard_and_Sentry","floor":18,"turns":9},{"damage":26,"enemies":"Hallownest:2_Mistakes","floor":20,"turns":4}],"seed_played":"-4478303773308285041","potions_obtained":[{"floor":5.0,"key":"Doom Potion"},{"floor":14.0,"key":"Milkshake"},{"floor":16.0,"key":"Milkshake"},{"floor":18,"key":"SCP261:SweetSwarmPotion"}],"is_trial":false,"path_per_floor":["M","M","?","?","M","E","R","M","T","?","M","?","$","M","R","B",null,"M","?","M"],"character_chosen":"THE_BUGKNIGHT","items_purchased":["StSpp:BoiledEgg","infinitespire:Lucky Rock","halation:LettersToHer","reliquary:Stiletto","HollowMod:ZotesMagnificence"],"campfire_rested":2,"item_purchase_floors":[13,13,13,13,13],"current_hp_per_floor":[75,70,70,75,75,22,44,34,34,34,28,28,28,25,47,7,75,20,20,0,0],"gold":60,"neow_bonus":"ONE_RANDOM_RARE_CARD","is_daily":false,"chose_seed":false,"campfire_upgraded":0,"win_rate":0.0,"timestamp":1613614119,"path_taken":["M","M","?","?","?","E","R","M","T","?","M","?","$","M","R","BOSS","M","?","?"],"items_purchased_type":["Relic","Relic","Relic","Relic","Card"],"build_version":"2020-12-22","purchased_purges":0,"victory":false,"max_hp_per_floor":[75,75,75,75,75,75,75,75,75,75,75,75,75,75,75,75,75,75,75,75,75],"card_choices":[{"not_picked":["HollowMod:TaintedHusks","HollowMod:RecoilStrike"],"picked":"HollowMod:SoulEater","floor":1.0},{"not_picked":["HollowMod:SharpenedShadows","HollowMod:DashSlash","HollowMod:SoulStrike","HollowMod:ShadowDash"],"picked":"HollowMod:GoodIntentions","floor":2.0},{"not_picked":["hubris:Ssssneak","Madness","StSpp:Resilience","ReplayTheSpireMod:Uncanny Aura"],"picked":"Thinking Ahead","floor":3.0},{"not_picked":["HollowMod:GrimmsGift","HollowMod:InfectedAttack","HollowMod:VengefulVoid","HollowMod:FastStrike"],"picked":"HollowMod:SharpenedNail","floor":5.0},{"not_picked":["HollowMod:CycloneSlash","HollowMod:TaintedHusks","HollowMod:HowlingWraiths","HollowMod:SiblingsShadow"],"picked":"HollowMod:QuirrelsAssistance","floor":6.0},{"not_picked":["HollowMod:NewLittleFool","HollowMod:PureNailStrike","HollowMod:Grubsong","HollowMod:ShapeofUnn"],"picked":"HollowMod:CloakDash","floor":8.0},{"not_picked":["HollowMod:DreamGate","HollowMod:LifebloodCocoon","HollowMod:SiblingsSouls","HollowMod:MawleksShell"],"picked":"HollowMod:ChannelNail","floor":11.0},{"not_picked":["HollowMod:NewLittleFool","HollowMod:DoubleDash","HollowMod:DescendingDark","HollowMod:InfectedCysts"],"picked":"HollowMod:DungDefenderAura","floor":14.0},{"not_picked":["HollowMod:NewInfectedGuardian","HollowMod:theNailsmith","HollowMod:ZotesMagnificence","HollowMod:SoulMaster"],"picked":"HollowMod:HornetsHelp","floor":16.0},{"not_picked":["HollowMod:AbyssShriek","HollowMod:HuntersJournal+1","HollowMod:SoulSplash","HollowMod:DashSlash"],"picked":"HollowMod:CycloneSlash+1","floor":18},{"not_picked":["HollowMod:DoubleDash+1","HollowMod:DescendingDark+1","HollowMod:HowlingWraiths+1","HollowMod:TaintedHusks+1"],"picked":"HollowMod:SoulSplash+1","floor":19}],"player_experience":326603,"relics_obtained":[{"floor":1.0,"key":"SynthV:TestCard"},{"floor":6.0,"key":"HollowMod:KingsBrand"},{"floor":9.0,"key":"infinitespire:CheckeredPen"}],"event_choices":[{"damage_healed":0.0,"max_hp_gain":0.0,"max_hp_loss":0.0,"gold_gain":1.0,"event_name":"betterStone:BetterStone","player_choice":"1","floor":3.0,"gold_loss":0.0,"damage_taken":0.0},{"damage_healed":0,"gold_gain":0,"player_choice":"2","damage_taken":0,"max_hp_gain":0,"max_hp_loss":0,"event_name":"betterMatch:BetterMatch","floor":19,"gold_loss":0,"cards_obtained":["betterMatch:CommonCard"]}],"is_beta":false,"boss_relics":[{"not_picked":["hubris:RunicObelisk","StSpp:FireArrow"],"picked":"Ring of Chaos"}],"items_purged_floors":[],"is_endless":false,"potions_floor_spawned":[5,14,16,18],"killed_by":"Hallownest:2_Mistakes","ascension_level":0}}