{"host":"1dhlu4qzehvrzpot","time":1613656945,"event":{"mods":["2.2 Compatiblity","AchievementEnabler","BaseMod","Block Reminder","Minty Spire (QoL Compilation)","Permanent Neow","Quick Restart","Rare Cards Sparkle","Relic Stats","Say the Spire","Slay-I","StSLib","SuperFastMode"],"gold_per_floor":[17,33,53,66,80,80,106,106,179,179,217,90,108,148,148,272,272,296,320,341,79,97,97,12,27,27,27,27],"floor_reached":27,"language":"ENG","playtime":986,"items_purged":["Injury"],"score":356,"play_id":"baabf1b3-14b8-48b3-8a32-0a70fcc6f9fc","local_time":"20210218150225","is_ascension_mode":true,"campfire_choices":[{"data":"Scrape","floor":6,"key":"SMITH"},{"data":"FTL","floor":10,"key":"SMITH"},{"data":"Beam Cell","floor":15,"key":"SMITH"},{"data":"White Noise","floor":23,"key":"SMITH"}],"circlet_count":0,"master_deck":["AscendersBane","Strike_B","Strike_B","Strike_B","Strike_B","Defend_B","Defend_B","Defend_B","Defend_B","Zap","Dualcast","Chill","FTL+1","Cold Snap","Compile Driver","Rebound","Gash","Gash","Scrape+1","Coolheaded","All For One","Beam Cell+1","Hologram","Streamline","Gash","Beam Cell","White Noise+1","Stack","Self Repair","Glacier+1","Streamline","Leap+1","Steam"],"relics":["Cracked Core","Prayer Wheel","Mango","Golden Idol","Symbiotic Virus","StoneCalendar","Boot","Nuclear Battery","Kunai","Meat on the Bone","Shovel"],"acts_visited":["Exordium","TheCity"],"potions_floor_usage":[4,13,14,16,19,25,27],"damage_taken":[{"damage":0,"enemies":"Cultist","floor":1,"turns":4},{"damage":0,"enemies":"Small Slimes","floor":2,"turns":3},{"damage":12,"enemies":"Jaw Worm","floor":3,"turns":2},{"damage":1,"enemies":"Blue Slaver","floor":4,"turns":3},{"damage":3,"enemies":"2 Fungi Beasts","floor":5,"turns":3},{"damage":20,"enemies":"Lagavulin","floor":7,"turns":6},{"damage":4,"enemies":"3 Sentries","floor":11,"turns":8},{"damage":0,"enemies":"3 Louse","floor":13,"turns":2},{"damage":10,"enemies":"Gremlin Nob","floor":14,"turns":3},{"damage":23,"enemies":"The Guardian","floor":16,"turns":8},{"damage":5,"enemies":"Chosen","floor":18,"turns":2},{"damage":3,"enemies":"3 Byrds","floor":19,"turns":3},{"damage":1,"enemies":"Cultist and Chosen","floor":20,"turns":4},{"damage":0,"enemies":"Snecko","floor":22,"turns":3},{"damage":1,"enemies":"Centurion and Healer","floor":25,"turns":6},{"damage":77,"enemies":"Gremlin Leader","floor":27,"turns":6}],"seed_played":"-1874103668794210879","potions_obtained":[{"floor":1,"key":"Weak Potion"},{"floor":2,"key":"AttackPotion"},{"floor":4,"key":"Energy Potion"},{"floor":7,"key":"BlessingOfTheForge"},{"floor":16,"key":"DistilledChaos"},{"floor":19,"key":"SkillPotion"},{"floor":25,"key":"SpeedPotion"}],"is_trial":false,"path_per_floor":["M","M","M","M","M","R","E","?","T","R","E","$","M","E","R","B",null,"M","M","M","$","M","R","?","M","T","E"],"character_chosen":"DEFECT","items_purchased":["Beam Cell","Kunai"],"campfire_rested":0,"item_purchase_floors":[12,21],"current_hp_per_floor":[68,68,56,55,52,52,46,46,46,46,42,42,42,32,32,9,69,64,61,60,60,67,67,67,73,73,0,0],"gold":27,"neow_bonus":"ONE_RARE_RELIC","is_daily":false,"chose_seed":false,"campfire_upgraded":4,"win_rate":0.0,"timestamp":1613656945,"path_taken":["M","M","?","M","M","R","E","?","T","R","E","$","M","E","R","BOSS","M","M","M","$","M","R","?","M","T","E"],"items_purchased_type":["Card","Relic"],"build_version":"2020-12-22","purchased_purges":1,"victory":false,"max_hp_per_floor":[75,75,75,75,75,75,89,89,89,89,89,89,89,89,89,89,89,89,89,89,89,89,89,89,89,89,89,89],"relic_stats":{"Shovel":0,"counters":[16,66],"Golden Idol":66,"Prayer Wheel":11,"StoneCalendar":[52],"Kunai":[11],"Boot":[44],"obtain_stats":[{"Shovel":26,"Golden Idol":8,"Prayer Wheel":0,"Mango":7,"StoneCalendar":11,"Kunai":21,"Cracked Core":0,"Symbiotic Virus":9,"Boot":14,"Nuclear Battery":17,"Meat on the Bone":24},{"Shovel":15,"Golden Idol":6,"Prayer Wheel":0,"Mango":6,"StoneCalendar":7,"Kunai":13,"Cracked Core":0,"Symbiotic Virus":6,"Boot":9,"Nuclear Battery":10,"Meat on the Bone":14},{"Shovel":60,"Golden Idol":21,"Prayer Wheel":0,"Mango":21,"StoneCalendar":29,"Kunai":51,"Cracked Core":0,"Symbiotic Virus":21,"Boot":34,"Nuclear Battery":42,"Meat on the Bone":54}],"Meat on the Bone":0},"card_choices":[{"not_picked":["Heatsinks","Hello World"],"picked":"Chill","floor":1},{"not_picked":["Sunder","Loop"],"picked":"FTL","floor":1},{"not_picked":["Hologram","Coolheaded"],"picked":"Cold Snap","floor":2},{"not_picked":["Coolheaded","Turbo"],"picked":"Compile Driver","floor":2},{"not_picked":["Sweeping Beam","Leap"],"picked":"Rebound","floor":3},{"not_picked":["Hologram","Melter","Static Discharge"],"picked":"SKIP","floor":3},{"not_picked":["Tempest","Coolheaded"],"picked":"Gash","floor":4},{"not_picked":["Gash","BootSequence","Rebound"],"picked":"SKIP","floor":4},{"not_picked":["BootSequence","Rebound"],"picked":"Gash","floor":4},{"not_picked":["Steam Power","Static Discharge"],"picked":"Scrape","floor":5},{"not_picked":["Chaos","Machine Learning"],"picked":"Coolheaded","floor":5},{"not_picked":["Reinforced Body","Rebound","Melter"],"picked":"SKIP","floor":7},{"not_picked":["Fission","Gash"],"picked":"All For One","floor":11},{"not_picked":["Reinforced Body","Leap","Steam Power"],"picked":"SKIP","floor":13},{"not_picked":["Reprogram","Steam","Beam Cell"],"picked":"SKIP","floor":13},{"not_picked":["Turbo","Skim"],"picked":"Hologram","floor":14},{"not_picked":["Melter+1","Cold Snap"],"picked":"Streamline","floor":18},{"not_picked":["Reprogram+1","Steam+1"],"picked":"Gash","floor":18},{"not_picked":["Chaos","Barrage"],"picked":"Beam Cell","floor":19},{"not_picked":["Cold Snap","Leap"],"picked":"White Noise","floor":19},{"not_picked":["Conserve Battery+1","Hello World"],"picked":"Stack","floor":20},{"not_picked":["Lockon+1","Chaos"],"picked":"Self Repair","floor":20},{"not_picked":["Cold Snap","Conserve Battery"],"picked":"Glacier+1","floor":22},{"not_picked":["Tempest","Rip and Tear"],"picked":"Streamline","floor":22},{"not_picked":["Reinforced Body+1","Defragment"],"picked":"Leap+1","floor":25},{"not_picked":["Stack","Turbo"],"picked":"Steam","floor":25}],"player_experience":543447,"relics_obtained":[{"floor":7,"key":"Mango"},{"floor":9,"key":"Symbiotic Virus"},{"floor":11,"key":"StoneCalendar"},{"floor":14,"key":"Boot"},{"floor":26,"key":"Shovel"}],"event_choices":[{"damage_healed":0,"gold_gain":0,"player_choice":"Take Wound","damage_taken":0,"relics_obtained":["Golden Idol"],"max_hp_gain":0,"max_hp_loss":0,"event_name":"Golden Idol","floor":8,"gold_loss":0,"cards_obtained":["Injury"]},{"damage_healed":0,"gold_gain":0,"player_choice":"Obtained Relic","damage_taken":0,"relics_obtained":["Meat on the Bone"],"max_hp_gain":0,"max_hp_loss":0,"event_name":"Addict","floor":24,"gold_loss":85}],"is_beta":false,"boss_relics":[{"not_picked":["Tiny House","Velvet Choker"],"picked":"Nuclear Battery"}],"items_purged_floors":[12],"is_endless":false,"potions_floor_spawned":[1,2,4,7,16,19,25],"killed_by":"Gremlin Leader","ascension_level":10}}