{"host":"1ycuxm9gov0tl9zf","time":1613606908,"event":{"mods":["Act Like it!","BaseMod","Colored Powertips","Downfall","Gensokyo","GifTheSpireLib","Hallownest","Marisa£®ÏF”Í°°ƒß¿Ì…≥£©","Minty Spire (QoL Compilation)","Remilia£®¿Ÿ√◊¿Ú—«£©","Replay The Spire","Shop Mod","StSLib","The Administrix","The Animator","The Bug Knight"],"gold_per_floor":[112,38,38,38,63,397,397,14,90,90,90,90,90,110,110,234,234,250,263,117,132,4,4,4,4],"floor_reached":24,"language":"ZHS","playtime":2004,"items_purged":["Injury"],"score":192,"play_id":"abaa9c3c-0957-4c9f-aac3-8193dd9ae061","local_time":"20210218080828","is_ascension_mode":false,"campfire_choices":[{"data":"Infinite Blades","floor":7,"key":"SMITH"},{"floor":10,"key":"REST"},{"floor":13,"key":"RECALL"},{"data":"Underhanded Strike","floor":15,"key":"SMITH"},{"data":"Endless Agony","floor":23,"key":"SMITH"}],"circlet_count":0,"master_deck":["Strike_G","Strike_G","Strike_G","Strike_G","Defend_G","Defend_G","Defend_G","Defend_G","Defend_G","Survivor","Neutralize","Dodge and Roll","Underhanded Strike+1","Prepared","Sucker Punch","Infinite Blades+1","Endless Agony","Endless Agony+1","Well Laid Plans","Prepared+1","Envenom","Choke+1","Calculated Gamble+1","Dodge and Roll+1","HandOfGreed","Specialist","Deep Breath+1"],"relics":["Ring of the Snake","Golden Idol","Old Coin","Toxic Egg 2","Replay:WaspNest","ReplayTheSpireMod:DimensionalGlitch","Pet Ghost","ReplayTheSpireMod:ShopPack"],"acts_visited":["Exordium","TheCity"],"potions_floor_usage":[16,16,16,21],"damage_taken":[{"damage":0,"enemies":"2 Louse","floor":1,"turns":4},{"damage":4,"enemies":"Jaw Worm","floor":5,"turns":6},{"damage":35,"enemies":"3 Sentries","floor":6,"turns":13},{"damage":0,"enemies":"Small Slimes","floor":14,"turns":3},{"damage":37,"enemies":"Slime Boss","floor":16,"turns":12},{"damage":8,"enemies":"Chosen","floor":18,"turns":5},{"damage":3,"enemies":"Shell Parasite","floor":19,"turns":7},{"damage":35,"enemies":"Snecko","floor":21,"turns":6},{"damage":5,"enemies":"Centurion and Healer","floor":24,"turns":2}],"seed_played":"-6063077097696849524","potions_obtained":[{"floor":6,"key":"Adrenaline Potion"},{"floor":12,"key":"CultistPotion"},{"floor":12,"key":"Toxic Potion"},{"floor":19,"key":"Fire Potion"}],"is_trial":false,"path_per_floor":["M","$","?","T","M","E","R","$","T","R","?","?","R","M","R","B",null,"M","M","$","M","$","R","M"],"character_chosen":"THE_SILENT","items_purchased":["Underhanded Strike","Prepared","Toxic Egg 2","Endless Agony","Pet Ghost","ReplayTheSpireMod:ShopPack"],"campfire_rested":1,"item_purchase_floors":[2,2,8,8,20,22],"current_hp_per_floor":[77,77,77,77,73,38,38,38,38,61,61,61,61,61,61,24,77,69,66,66,31,31,31,26,26],"gold":4,"neow_bonus":"TEN_PERCENT_HP_BONUS","is_daily":false,"chose_seed":false,"campfire_upgraded":3,"win_rate":0.0,"timestamp":1613606908,"path_taken":["M","$","?","?","M","E","R","$","T","R","?","?","R","M","R","BOSS","M","M","$","M","$","R","M"],"items_purchased_type":["Card","Card","Relic","Card","Relic","Relic"],"build_version":"2020-12-22","purchased_purges":1,"victory":false,"max_hp_per_floor":[77,77,77,77,77,77,77,77,77,77,77,77,77,77,77,77,77,77,77,77,77,77,77,77,77],"card_choices":[{"not_picked":["Outmaneuver","Blade Dance"],"picked":"Dodge and Roll","floor":1},{"not_picked":["Masterful Stab","Eviscerate"],"picked":"Sucker Punch","floor":5},{"not_picked":["ReplayTheSpireMod:Tripwire","Terror"],"picked":"Infinite Blades","floor":6},{"not_picked":["Dagger Throw","Toxin Wave+1"],"picked":"Prepared+1","floor":14},{"not_picked":["Venomology+1","Doppelganger+1"],"picked":"Envenom","floor":16},{"not_picked":["Dagger Spray","Blade Dance+1"],"picked":"Choke+1","floor":18},{"not_picked":["Reflex+1","Blur+1"],"picked":"Calculated Gamble+1","floor":19},{"not_picked":["Dagger Spray","Dagger Throw+1"],"picked":"Dodge and Roll+1","floor":21},{"not_picked":["ReplayUltimateDefense","Chrysalis"],"picked":"HandOfGreed","floor":22},{"not_picked":["Panacea","Mind Blast"],"picked":"Specialist","floor":22},{"not_picked":["The Bomb","PanicButton"],"picked":"Deep Breath","floor":22}],"player_experience":3695,"relics_obtained":[{"floor":6,"key":"Old Coin"},{"floor":9,"key":"Replay:WaspNest"}],"event_choices":[{"damage_healed":0,"gold_gain":0,"player_choice":"Take Wound","damage_taken":0,"relics_obtained":["Golden Idol"],"max_hp_gain":0,"max_hp_loss":0,"event_name":"Golden Idol","floor":3,"gold_loss":0,"cards_obtained":["Injury"]},{"damage_healed":0,"gold_gain":0,"cards_transformed":["Strike_G"],"player_choice":"Change","damage_taken":0,"max_hp_gain":0,"max_hp_loss":0,"event_name":"Living Wall","floor":11,"gold_loss":0,"cards_obtained":["Well Laid Plans"]},{"damage_healed":0,"gold_gain":0,"player_choice":"Got Potions","damage_taken":0,"max_hp_gain":0,"max_hp_loss":0,"event_name":"Lab","floor":12,"gold_loss":0}],"is_beta":false,"boss_relics":[{"not_picked":["Fusion Hammer","Snecko Scales"],"picked":"ReplayTheSpireMod:DimensionalGlitch"}],"items_purged_floors":[8],"is_endless":false,"potions_floor_spawned":[6,14,19],"killed_by":"Centurion and Healer","ascension_level":0}}