{"host":"ace4y8wgj0fxngh2","time":1613625202,"event":{"mods":["BaseMod","Colored Map","Colored Powertips","Minty Spire (QoL Compilation)","StSLib"],"gold_per_floor":[116,116,132,132,143,178,188,222,222,233,233,46,46,57,57,152,152,168,183,200,220,220,220,252,252,252,268,284,7,7,20,20,20,20],"floor_reached":33,"language":"ENG","playtime":1825,"items_purged":["Strike_G","Defend_G"],"score":281,"play_id":"be3e37bb-7277-478c-bee7-91916cb23ea2","local_time":"20210218001322","is_ascension_mode":false,"campfire_choices":[{"data":"Noxious Fumes","floor":11,"key":"SMITH"},{"data":"Noxious Fumes","floor":13,"key":"SMITH"},{"floor":15,"key":"REST"},{"data":"Catalyst","floor":23,"key":"SMITH"},{"floor":25,"key":"REST"},{"floor":32,"key":"REST"}],"circlet_count":0,"master_deck":["Strike_G","Strike_G","Strike_G","Strike_G+1","Defend_G","Defend_G","Defend_G","Defend_G","Survivor","Neutralize","Backstab+1","Dagger Throw","Bane","Infinite Blades","Noxious Fumes+1","Crippling Poison","PiercingWail","Catalyst+1","Noxious Fumes+1","Corpse Explosion","Backstab+1","Endless Agony","Underhanded Strike+1","Infinite Blades+1","Infinite Blades","Quick Slash","Deadly Poison"],"relics":["Ring of the Snake","Mummified Hand","Bag of Preparation","Pantograph","Ninja Scroll","Black Star","Gremlin Horn","Potion Belt","Ornamental Fan","Whetstone","Happy Flower"],"acts_visited":["Exordium","TheCity"],"potions_floor_usage":[8,20,24,24,24,33,33],"damage_taken":[{"damage":0,"enemies":"Small Slimes","floor":1,"turns":3},{"damage":4,"enemies":"Cultist","floor":3,"turns":4},{"damage":0,"enemies":"2 Louse","floor":5,"turns":2},{"damage":22,"enemies":"Gremlin Nob","floor":6,"turns":5},{"damage":2,"enemies":"Exordium Thugs","floor":7,"turns":4},{"damage":26,"enemies":"Lagavulin","floor":8,"turns":5},{"damage":0,"enemies":"Lots of Slimes","floor":10,"turns":2},{"damage":0,"enemies":"2 Fungi Beasts","floor":14,"turns":2},{"damage":34,"enemies":"Hexaghost","floor":16,"turns":8},{"damage":18,"enemies":"Spheric Guardian","floor":18,"turns":5},{"damage":0,"enemies":"3 Byrds","floor":19,"turns":2},{"damage":7,"enemies":"Centurion and Healer","floor":20,"turns":4},{"damage":12,"enemies":"Chosen and Byrds","floor":21,"turns":5},{"damage":33,"enemies":"Book of Stabbing","floor":24,"turns":5},{"damage":2,"enemies":"Cultist and Chosen","floor":27,"turns":4},{"damage":5,"enemies":"Snecko","floor":28,"turns":4},{"damage":0,"enemies":"Chosen and Byrds","floor":31,"turns":3},{"damage":64,"enemies":"Champ","floor":33,"turns":11}],"seed_played":"2948666787609319633","potions_obtained":[{"floor":1,"key":"FearPotion"},{"floor":8,"key":"SteroidPotion"},{"floor":16,"key":"Block Potion"},{"floor":18,"key":"Weak Potion"},{"floor":22,"key":"DistilledChaos"},{"floor":27,"key":"Fire Potion"},{"floor":28,"key":"Poison Potion"}],"is_trial":false,"path_per_floor":["M","?","M","?","M","E","M","E","T","M","R","$","R","M","R","B",null,"M","M","M","M","?","R","E","R","T","M","M","$","T","M","R","B"],"character_chosen":"THE_SILENT","items_purchased":["Catalyst","Noxious Fumes","Whetstone","Quick Slash"],"campfire_rested":3,"item_purchase_floors":[12,12,29,29],"current_hp_per_floor":[63,73,69,69,69,47,45,19,19,19,19,19,19,19,40,31,73,55,55,48,36,36,36,3,24,24,22,17,17,17,17,38,0,0],"gold":20,"neow_bonus":"THREE_RARE_CARDS","is_daily":false,"chose_seed":false,"campfire_upgraded":3,"win_rate":0.0,"timestamp":1613625202,"path_taken":["M","?","?","?","M","E","?","E","T","M","R","$","R","M","R","BOSS","M","M","?","M","?","R","E","R","T","M","M","$","?","?","R","BOSS"],"items_purchased_type":["Card","Card","Relic","Card"],"build_version":"2020-12-22","purchased_purges":2,"victory":false,"max_hp_per_floor":[63,73,73,73,73,73,73,73,73,73,73,73,73,73,73,73,73,73,73,73,73,73,73,73,73,73,73,73,73,73,73,73,73,73],"card_choices":[{"not_picked":["Malaise","Venomology"],"picked":"Phantasmal Killer","floor":0},{"not_picked":["Acrobatics","Reflex"],"picked":"Backstab","floor":1},{"not_picked":["Backflip","Cloak And Dagger"],"picked":"Dagger Throw","floor":3},{"not_picked":["Dodge and Roll","Backflip"],"picked":"Bane","floor":5},{"not_picked":["Malaise","Caltrops"],"picked":"Infinite Blades","floor":6},{"not_picked":["Deflect","Bane"],"picked":"Noxious Fumes","floor":7},{"not_picked":["Skewer","Leg Sweep"],"picked":"Crippling Poison","floor":8},{"not_picked":["Cloak And Dagger","Prepared"],"picked":"PiercingWail","floor":10},{"not_picked":["Backflip","Dodge and Roll","All Out Attack"],"picked":"SKIP","floor":14},{"not_picked":["Doppelganger","Adrenaline"],"picked":"Corpse Explosion","floor":16},{"not_picked":["Dagger Spray+1","Cloak And Dagger"],"picked":"Backstab+1","floor":18},{"not_picked":["Backflip","Acrobatics"],"picked":"Endless Agony","floor":19},{"not_picked":["Dagger Spray","Sucker Punch+1","Eviscerate"],"picked":"SKIP","floor":20},{"not_picked":["Dodge and Roll+1","Dagger Throw"],"picked":"Underhanded Strike+1","floor":21},{"not_picked":["PiercingWail","Outmaneuver"],"picked":"Infinite Blades+1","floor":24},{"not_picked":["Calculated Gamble","Reflex","Quick Slash"],"picked":"SKIP","floor":27},{"not_picked":["Heel Hook","Backstab"],"picked":"Infinite Blades","floor":28},{"not_picked":["Predator","Flechettes"],"picked":"Deadly Poison","floor":31}],"player_experience":157981,"relics_obtained":[{"floor":4,"key":"Mummified Hand"},{"floor":6,"key":"Bag of Preparation"},{"floor":8,"key":"Pantograph"},{"floor":9,"key":"Ninja Scroll"},{"floor":24,"key":"Gremlin Horn"},{"floor":24,"key":"Potion Belt"},{"floor":26,"key":"Ornamental Fan"},{"floor":30,"key":"Happy Flower"}],"event_choices":[{"cards_removed":["Phantasmal Killer"],"damage_healed":0,"gold_gain":0,"player_choice":"Offered Rare","damage_taken":0,"max_hp_gain":10,"max_hp_loss":0,"event_name":"Bonfire Elementals","floor":2,"gold_loss":0},{"damage_healed":0,"gold_gain":0,"player_choice":"Relic","damage_taken":0,"max_hp_gain":0,"max_hp_loss":0,"event_name":"Wheel of Change","floor":4,"gold_loss":0},{"damage_healed":0,"gold_gain":0,"player_choice":"Got Potions","damage_taken":0,"max_hp_gain":0,"max_hp_loss":0,"event_name":"Lab","floor":22,"gold_loss":0}],"is_beta":false,"boss_relics":[{"not_picked":["Sozu","Runic Dome"],"picked":"Black Star"}],"items_purged_floors":[12,29],"is_endless":false,"potions_floor_spawned":[1,8,16,18,19,27,28],"killed_by":"Champ","ascension_level":0}}