{"host":"g3js2eermvvpeiqn","time":1613635260,"event":{"mods":["BaseMod","DeckTracker","Downfall","Minty Spire (QoL Compilation)","Quick Restart","StSLib"],"gold_per_floor":[114,114,128,128,144,144,144,144,171,171,189,29,304,343,343,439,439,454,467,467,467,467,482,482,496,496,57,57,98,98,134,134,224,224,249,262,275,275,291,291,135,135,160,200,200,46,46,62,62,62,62,62,62,21,60,60,60],"floor_reached":56,"language":"ENG","playtime":2674,"items_purged":["Strike_R","Strike_R+1"],"score":1847,"play_id":"17e5eb30-a0e9-4165-84da-df1611bfa365","local_time":"20210218020100","is_ascension_mode":true,"campfire_choices":[{"data":"Bash","floor":6.0,"key":"SMITH"},{"data":"Twin Strike","floor":10.0,"key":"SMITH"},{"data":"Uppercut","floor":15.0,"key":"SMITH"},{"data":"Offering","floor":24.0,"key":"SMITH"},{"data":"Inflame","floor":30.0,"key":"SMITH"},{"floor":32.0,"key":"REST"},{"data":"Limit Break","floor":40.0,"key":"SMITH"},{"floor":45.0,"key":"RECALL"},{"data":"Limit Break","floor":49.0,"key":"SMITH"},{"data":"Dual Wield","floor":53,"key":"SMITH"}],"circlet_count":0,"master_deck":["AscendersBane","Defend_R+1","Defend_R+1","Defend_R+1","Defend_R+1","Bash+1","Cleave","Twin Strike+1","Headbutt","Inflame+1","Uppercut+1","Offering+1","Twin Strike","Heavy Blade+1","Headbutt","Feed","Seeing Red","Limit Break+1","Dual Wield+1","Flex","Flame Barrier+1","Limit Break+1","Armaments+1","Inflame","Pommel Strike"],"relics":["Burning Blood","Omamori","Golden Idol","Orichalcum","Slimebound:PreparedRelic","Bronze Scales","Sozu","Gremlin Horn","Gambling Chip","Guardian:BottledAnomaly","Paper Frog","Red Skull","Eternal Feather","Empty Cage","Guardian:PocketSentry","Smiling Mask","Nunchaku","Thread and Needle"],"acts_visited":["Exordium","TheCity","TheBeyond","TheEnding"],"potions_floor_usage":[],"damage_taken":[{"damage":15.0,"enemies":"Small Slimes","floor":1.0,"turns":5.0},{"damage":11.0,"enemies":"2 Louse","floor":3.0,"turns":3.0},{"damage":0.0,"enemies":"Cultist","floor":5.0,"turns":3.0},{"damage":1.0,"enemies":"Looter","floor":11.0,"turns":2.0},{"damage":28.0,"enemies":"Lagavulin","floor":14.0,"turns":6.0},{"damage":16.0,"enemies":"Hexaghost","floor":16.0,"turns":6.0},{"damage":14.0,"enemies":"2 Thieves","floor":18.0,"turns":4.0},{"damage":2.0,"enemies":"3 Byrds","floor":19.0,"turns":3.0},{"damage":6.0,"enemies":"Snecko","floor":23.0,"turns":2.0},{"damage":0.0,"enemies":"Centurion and Healer","floor":25.0,"turns":4.0},{"damage":21.0,"enemies":"Book of Stabbing","floor":29.0,"turns":3.0},{"damage":15.0,"enemies":"Slavers","floor":31.0,"turns":2.0},{"damage":20.0,"enemies":"Automaton","floor":33.0,"turns":3.0},{"damage":2.0,"enemies":"Orb Walker","floor":35.0,"turns":2.0},{"damage":6.0,"enemies":"3 Darklings","floor":36.0,"turns":2.0},{"damage":6.0,"enemies":"Transient","floor":37.0,"turns":6.0},{"damage":11.0,"enemies":"Sphere and 2 Shapes","floor":39.0,"turns":3.0},{"damage":20.0,"enemies":"Nemesis","floor":44.0,"turns":3.0},{"damage":20.0,"enemies":"Jaw Worm Horde","floor":48.0,"turns":3.0},{"damage":12.0,"enemies":"Awakened One","floor":50.0,"turns":4.0},{"damage":66.0,"enemies":"Time Eater","floor":51.0,"turns":5.0},{"damage":28,"enemies":"Shield and Spear","floor":55,"turns":4},{"damage":60,"enemies":"The Heart","floor":56,"turns":3}],"seed_played":"8243722192747966798","potions_obtained":[{"floor":14.0,"key":"Fruit Juice"}],"is_trial":false,"path_per_floor":["M","?","M","?","M","R","?","T","T","R","M","$","?","E","R","B",null,"M","M","?","?","T","M","R","M","T","$","?","E","R","E","R","B",null,"M","M","M","?","M","R","$","T","T","E","R","$","?","M","R","B","B",null,"R","$","E","B"],"character_chosen":"IRONCLAD","items_purchased":["Inflame","Guardian:BottledAnomaly","Paper Frog","Flex","Limit Break","Inflame"],"campfire_rested":1,"item_purchase_floors":[12,27,27,41,46,54],"current_hp_per_floor":[59,59,54,43,49,49,54,54,54,54,59,59,59,42,42,32,67,59,63,63,63,63,63,63,69,69,69,69,54,54,45,77,63,74,78,81,81,81,79,84,84,84,84,73,85,85,83,69,81,75,15,66,78,78,59,0,0],"gold":60,"neow_bonus":"RANDOM_COMMON_RELIC","is_daily":false,"chose_seed":false,"campfire_upgraded":8,"win_rate":0.0,"timestamp":1613635260,"path_taken":["M","?","M","?","M","R","?","?","T","R","M","$","?","E","R","BOSS","M","?","?","?","?","M","R","M","T","$","?","E","R","E","R","BOSS","M","M","M","?","M","R","?","?","T","E","R","?","?","?","R","BOSS","BOSS","R","$","E","BOSS"],"items_purchased_type":["Card","Relic","Relic","Card","Card","Card"],"build_version":"2020-12-22","purchased_purges":2,"victory":false,"max_hp_per_floor":[75,68,68,68,68,68,73,73,73,73,73,73,73,78,78,78,78,78,78,78,78,78,78,78,78,78,78,78,78,78,78,78,78,78,78,81,81,81,84,84,84,84,84,87,87,87,83,83,83,83,83,83,83,83,86,86,86],"card_choices":[{"not_picked":["Body Slam","Entrench"],"picked":"Cleave","floor":1.0},{"not_picked":["Evolve","True Grit"],"picked":"Twin Strike","floor":3.0},{"not_picked":["Entrench","Second Wind"],"picked":"Headbutt","floor":5.0},{"not_picked":["Wild Strike","Iron Wave","Fire Breathing"],"picked":"SKIP","floor":11.0},{"not_picked":["Body Slam","Rage"],"picked":"Uppercut","floor":14.0},{"not_picked":["Immolate","Juggernaut"],"picked":"Offering","floor":16.0},{"not_picked":["Havoc+1","Spot Weakness"],"picked":"Twin Strike","floor":18.0},{"not_picked":["Cleave","Sword Boomerang"],"picked":"Heavy Blade+1","floor":19.0},{"not_picked":["Ghostly Armor","Searing Blow","Body Slam"],"picked":"SKIP","floor":23.0},{"not_picked":["Body Slam","Anger"],"picked":"Headbutt","floor":25.0},{"not_picked":["Entrench","Evolve","Wild Strike"],"picked":"SKIP","floor":29.0},{"not_picked":["Entrench","Thunderclap","Clothesline"],"picked":"SKIP","floor":31.0},{"not_picked":["Corruption","Fiend Fire"],"picked":"Feed","floor":33.0},{"not_picked":["Headbutt","Clash"],"picked":"Seeing Red","floor":35.0},{"not_picked":["Entrench","Rage","True Grit+1"],"picked":"SKIP","floor":36.0},{"not_picked":["True Grit","Warcry"],"picked":"Limit Break","floor":37.0},{"not_picked":["Fire Breathing","Twin Strike"],"picked":"Dual Wield","floor":39.0},{"not_picked":["Body Slam","Infernal Blade"],"picked":"Flame Barrier+1","floor":44.0},{"not_picked":["Clothesline+1","Perfected Strike"],"picked":"Armaments+1","floor":48.0},{"not_picked":["Fire Breathing","Juggernaut"],"picked":"Pommel Strike","floor":55}],"player_experience":1457842,"relics_obtained":[{"floor":8.0,"key":"Slimebound:PreparedRelic"},{"floor":14.0,"key":"Bronze Scales"},{"floor":22.0,"key":"Gremlin Horn"},{"floor":26.0,"key":"Gambling Chip"},{"floor":29.0,"key":"Red Skull"},{"floor":31.0,"key":"Eternal Feather"},{"floor":42.0,"key":"Guardian:PocketSentry"},{"floor":43.0,"key":"Smiling Mask"},{"floor":44.0,"key":"Nunchaku"},{"floor":55,"key":"Thread and Needle"}],"event_choices":[{"damage_healed":0.0,"max_hp_gain":0.0,"max_hp_loss":7.0,"gold_gain":0.0,"event_name":"Golden Idol","player_choice":"Lose Max HP","floor":2.0,"gold_loss":0.0,"damage_taken":0.0,"relics_obtained":["Golden Idol"]},{"damage_healed":0.0,"max_hp_gain":0.0,"max_hp_loss":0.0,"gold_gain":0.0,"event_name":"Scrap Ooze","player_choice":"Success","floor":4.0,"gold_loss":0.0,"damage_taken":11.0,"relics_obtained":["Orichalcum"]},{"damage_healed":0.0,"max_hp_gain":5.0,"max_hp_loss":0.0,"gold_gain":0.0,"event_name":"Big Fish","player_choice":"Donut","floor":7.0,"gold_loss":0.0,"damage_taken":0.0},{"damage_healed":0.0,"max_hp_gain":0.0,"max_hp_loss":0.0,"gold_gain":275.0,"event_name":"Golden Shrine","player_choice":"Desecrate","floor":13.0,"gold_loss":0.0,"damage_taken":0.0,"cards_obtained":["Regret"]},{"damage_healed":0.0,"max_hp_gain":0.0,"max_hp_loss":0.0,"gold_gain":0.0,"event_name":"Back to Basics","player_choice":"Simplicity","floor":21.0,"gold_loss":0.0,"damage_taken":0.0,"cards_upgraded":["Strike_R","Strike_R","Strike_R","Strike_R","Defend_R","Defend_R","Defend_R","Defend_R"]},{"damage_healed":0.0,"max_hp_gain":0.0,"max_hp_loss":0.0,"gold_gain":0.0,"event_name":"Vampires","player_choice":"Ignored","floor":28.0,"gold_loss":0.0,"damage_taken":0.0},{"cards_removed":["Strike_R"],"damage_healed":0.0,"max_hp_gain":0.0,"max_hp_loss":0.0,"gold_gain":0.0,"event_name":"Purifier","player_choice":"Purged","floor":38.0,"gold_loss":0.0,"damage_taken":0.0},{"damage_healed":0.0,"max_hp_gain":0.0,"max_hp_loss":4.0,"gold_gain":0.0,"event_name":"Winding Halls","player_choice":"Max HP","floor":47.0,"gold_loss":0.0,"damage_taken":0.0}],"is_beta":false,"boss_relics":[{"not_picked":["Runic Cube","Pandora\u0027s Box"],"picked":"Sozu"},{"not_picked":["Runic Pyramid","Coffee Dripper"],"picked":"Empty Cage"}],"items_purged_floors":[12,41],"is_endless":false,"potions_floor_spawned":[14,19,31,39,48],"killed_by":"The Heart","ascension_level":20}}