{"host":"y76clbnovzmw9ubx","time":1613609968,"event":{"mods":["AchievementEnabler","BaseMod","Minty Spire (QoL Compilation)","Permanent Neow","Relic Stats"],"gold_per_floor":[129,149,163,177,11,46,46,81,158,158,182,217,58,88,88,160,160,179,195,206,216,216,216,248,248,275,275,307,54,54,83,83,154,154,174,185,204,0,11,39,62,99,111,136,174,206,244,256,268,280,292,304,316,45,73,73,73],"floor_reached":56,"language":"ENG","playtime":4580,"items_purged":["Strike_G"],"score":2610,"play_id":"e552e459-9563-4271-9071-c1c10f87ee77","local_time":"20210217195928","is_ascension_mode":true,"campfire_choices":[{"floor":10,"key":"REST"},{"data":"Dagger Spray","floor":15,"key":"SMITH"},{"data":"Noxious Fumes","floor":23,"key":"SMITH"},{"data":"Neutralize","floor":25,"key":"SMITH"},{"data":"Survivor","floor":27,"key":"SMITH"},{"data":"Footwork","floor":32,"key":"SMITH"},{"floor":49,"key":"RECALL"},{"data":"1","floor":53,"key":"LIFT"}],"circlet_count":0,"master_deck":["AscendersBane","Strike_G+1","Defend_G+1","Defend_G+1","Defend_G+1","Defend_G+1","Survivor+1","Neutralize+1","Dagger Spray+1","Dagger Throw","Endless Agony","Catalyst+1","Blade Dance+1","Poisoned Stab","Cloak And Dagger+1","Blade Dance+1","Cloak And Dagger+1","Malaise+1","Calculated Gamble+1","Well Laid Plans+1","Bouncing Flask+1","Bouncing Flask+1","Dodge and Roll+1","Noxious Fumes+1","PiercingWail+1","Catalyst+1","Footwork+1","Bullet Time+1","Ghostly+1","Ghostly+1","Ghostly+1","Cloak And Dagger+1","Escape Plan+1","Catalyst+1","Crippling Poison+1","Backflip+1","Finisher","PiercingWail+1","Good Instincts+1","PiercingWail+1"],"relics":["Ring of the Snake","Sling","Toxic Egg 2","FossilizedHelix","Meat on the Bone","Happy Flower","Toy Ornithopter","Regal Pillow","Astrolabe","Tiny Chest","Strawberry","Paper Crane","Coffee Dripper","Red Mask","MawBank","Girya","Juzu Bracelet","PreservedInsect","Gambling Chip","Lee\u0027s Waffle","Anchor"],"acts_visited":["Exordium","TheCity","TheBeyond","TheEnding"],"potions_floor_usage":[1,6,6,6,8,14,20,28,31,36,41,44,47,50,50,56],"damage_taken":[{"damage":0,"enemies":"Cultist","floor":1,"turns":3},{"damage":0,"enemies":"2 Louse","floor":2,"turns":3},{"damage":0,"enemies":"Jaw Worm","floor":3,"turns":4},{"damage":9,"enemies":"Gremlin Gang","floor":4,"turns":3},{"damage":0,"enemies":"Gremlin Nob","floor":6,"turns":1},{"damage":12,"enemies":"Lagavulin","floor":8,"turns":6},{"damage":0,"enemies":"3 Sentries","floor":12,"turns":4},{"damage":0,"enemies":"Lagavulin","floor":14,"turns":3},{"damage":19,"enemies":"Slime Boss","floor":16,"turns":12},{"damage":9,"enemies":"3 Byrds","floor":18,"turns":4},{"damage":0,"enemies":"Spheric Guardian","floor":19,"turns":3},{"damage":0,"enemies":"Snecko","floor":20,"turns":5},{"damage":7,"enemies":"Centurion and Healer","floor":21,"turns":6},{"damage":8,"enemies":"Book of Stabbing","floor":24,"turns":4},{"damage":0,"enemies":"Slavers","floor":28,"turns":4},{"damage":10,"enemies":"Gremlin Leader","floor":31,"turns":7},{"damage":1,"enemies":"Automaton","floor":33,"turns":7},{"damage":0,"enemies":"3 Shapes","floor":35,"turns":3},{"damage":28,"enemies":"3 Darklings","floor":36,"turns":5},{"damage":0,"enemies":"Spire Growth","floor":37,"turns":4},{"damage":7,"enemies":"Jaw Worm Horde","floor":39,"turns":5},{"damage":0,"enemies":"Giant Head","floor":40,"turns":5},{"damage":0,"enemies":"Sphere and 2 Shapes","floor":41,"turns":7},{"damage":0,"enemies":"Reptomancer","floor":42,"turns":5},{"damage":14,"enemies":"3 Darklings","floor":44,"turns":5},{"damage":0,"enemies":"Giant Head","floor":45,"turns":5},{"damage":0,"enemies":"Jaw Worm Horde","floor":46,"turns":4},{"damage":0,"enemies":"Reptomancer","floor":47,"turns":4},{"damage":36,"enemies":"Awakened One","floor":50,"turns":17},{"damage":3,"enemies":"Time Eater","floor":51,"turns":7},{"damage":0,"enemies":"Shield and Spear","floor":55,"turns":7},{"damage":65,"enemies":"The Heart","floor":56,"turns":3}],"seed_played":"-6524319094698710336","potions_obtained":[{"floor":0,"key":"EntropicBrew"},{"floor":0,"key":"ColorlessPotion"},{"floor":2,"key":"SteroidPotion"},{"floor":6,"key":"BlessingOfTheForge"},{"floor":12,"key":"Strength Potion"},{"floor":16,"key":"AttackPotion"},{"floor":24,"key":"DistilledChaos"},{"floor":28,"key":"Block Potion"},{"floor":37,"key":"GamblersBrew"},{"floor":40,"key":"Weak Potion"},{"floor":44,"key":"GhostInAJar"},{"floor":45,"key":"AttackPotion"},{"floor":47,"key":"FearPotion"}],"is_trial":false,"path_per_floor":["M","M","M","M","$","E","?","E","T","R","T","E","$","E","R","B",null,"M","M","M","M","?","R","E","R","T","R","E","$","?","E","R","B",null,"M","M","M","?","M","E","M","E","T","M","E","M","E","?","R","B","B",null,"R","$","E","B"],"character_chosen":"THE_SILENT","items_purchased":["Sling","Cloak And Dagger+1","Blade Dance+1","Footwork","Bullet Time+1","SteroidPotion","Strength Potion","Lee\u0027s Waffle"],"campfire_rested":1,"item_purchase_floors":[5,13,13,29,29,54,54,54],"current_hp_per_floor":[59,59,59,50,50,50,43,31,31,50,50,50,50,55,55,36,59,50,50,55,48,48,48,40,40,40,40,52,52,36,26,26,25,33,33,21,21,21,26,26,31,31,31,22,22,22,27,27,27,13,22,33,33,43,43,0,0],"gold":73,"neow_bonus":"THREE_SMALL_POTIONS","is_daily":false,"chose_seed":false,"campfire_upgraded":5,"win_rate":0.0,"timestamp":1613609968,"path_taken":["M","?","M","M","$","E","?","E","T","R","?","E","$","E","R","BOSS","M","M","M","?","?","R","E","R","T","R","E","$","?","E","R","BOSS","M","M","M","?","M","E","M","E","T","M","E","M","E","?","R","BOSS","BOSS","R","$","E","BOSS"],"items_purchased_type":["Relic","Card","Card","Card","Card","Potion","Potion","Relic"],"build_version":"2020-12-22","purchased_purges":1,"victory":false,"max_hp_per_floor":[66,66,66,66,66,66,66,66,66,66,66,66,66,66,66,66,66,66,66,66,66,66,66,66,66,66,66,73,73,36,36,36,36,36,36,36,36,36,36,36,36,36,36,36,36,36,36,36,36,36,36,36,36,43,43,43,43],"relic_stats":{"Regal Pillow":0,"Lee\u0027s Waffle":10,"Happy Flower":[48],"counters":[32,165],"Astrolabe":["Calculated Gamble","Well Laid Plans","Bouncing Flask"],"PreservedInsect":138,"Juzu Bracelet":0,"MawBank":168,"Gambling Chip":[14],"Tiny Chest":0,"obtain_stats":[{"Girya":42,"Regal Pillow":14,"Lee\u0027s Waffle":54,"Happy Flower":11,"Astrolabe":17,"PreservedInsect":45,"Juzu Bracelet":43,"Paper Crane":31,"Sling":5,"MawBank":40,"Anchor":55,"Strawberry":28,"Gambling Chip":47,"Tiny Chest":24,"Coffee Dripper":34,"Red Mask":38,"Toxic Egg 2":6,"FossilizedHelix":8,"Toy Ornithopter":12,"Ring of the Snake":0,"Meat on the Bone":9},{"Girya":24,"Regal Pillow":8,"Lee\u0027s Waffle":30,"Happy Flower":6,"Astrolabe":9,"PreservedInsect":26,"Juzu Bracelet":24,"Paper Crane":16,"Sling":4,"MawBank":22,"Anchor":31,"Strawberry":15,"Gambling Chip":28,"Tiny Chest":14,"Coffee Dripper":17,"Red Mask":20,"Toxic Egg 2":5,"FossilizedHelix":6,"Toy Ornithopter":7,"Ring of the Snake":0,"Meat on the Bone":6},{"Girya":113,"Regal Pillow":27,"Lee\u0027s Waffle":155,"Happy Flower":20,"Astrolabe":39,"PreservedInsect":123,"Juzu Bracelet":113,"Paper Crane":72,"Sling":13,"MawBank":101,"Anchor":162,"Strawberry":65,"Gambling Chip":131,"Tiny Chest":61,"Coffee Dripper":79,"Red Mask":91,"Toxic Egg 2":14,"FossilizedHelix":20,"Toy Ornithopter":24,"Ring of the Snake":0,"Meat on the Bone":20}],"Toy Ornithopter":44,"Ring of the Snake":[65],"Meat on the Bone":48},"card_choices":[{"not_picked":["Outmaneuver","PiercingWail"],"picked":"Dagger Spray","floor":1},{"not_picked":["Deflect","Tactician"],"picked":"Dagger Throw","floor":2},{"not_picked":["Concentrate","Outmaneuver","Crippling Poison"],"picked":"SKIP","floor":3},{"not_picked":["Acrobatics","Calculated Gamble"],"picked":"Endless Agony","floor":4},{"not_picked":["Tools of the Trade","Masterful Stab"],"picked":"Catalyst+1","floor":6},{"not_picked":["Calculated Gamble+1","Backflip+1"],"picked":"Blade Dance+1","floor":8},{"not_picked":["Backstab","Tactician+1"],"picked":"Poisoned Stab","floor":12},{"not_picked":["Finisher","Calculated Gamble+1"],"picked":"Cloak And Dagger+1","floor":14},{"not_picked":["Phantasmal Killer+1","Die Die Die"],"picked":"Malaise+1","floor":16},{"not_picked":["Backstab","Endless Agony"],"picked":"Bouncing Flask+1","floor":18},{"not_picked":["Tactician+1","Reflex+1"],"picked":"Dodge and Roll+1","floor":19},{"not_picked":["Masterful Stab","Quick Slash+1"],"picked":"Noxious Fumes","floor":20},{"not_picked":["Flechettes","Underhanded Strike"],"picked":"PiercingWail+1","floor":21},{"not_picked":["Dagger Spray","Leg Sweep+1"],"picked":"Catalyst+1","floor":24},{"not_picked":["Slice","Acrobatics+1","Blade Dance+1"],"picked":"SKIP","floor":28},{"not_picked":["Dodge and Roll+1","Dagger Throw"],"picked":"Cloak And Dagger+1","floor":31},{"not_picked":["Underhanded Strike+1","Tactician+1"],"picked":"Escape Plan+1","floor":35},{"not_picked":["Blade Dance+1","Concentrate+1","Flying Knee"],"picked":"SKIP","floor":36},{"not_picked":["Backflip+1","Dagger Spray"],"picked":"Catalyst+1","floor":37},{"not_picked":["Blade Dance+1","Flying Knee","Eviscerate"],"picked":"SKIP","floor":39},{"not_picked":["Flying Knee+1","All Out Attack","Reflex+1"],"picked":"SKIP","floor":40},{"not_picked":["Cloak And Dagger+1","Deadly Poison+1","Flying Knee"],"picked":"SKIP","floor":41},{"not_picked":["Eviscerate+1","Heel Hook"],"picked":"Crippling Poison+1","floor":42},{"not_picked":["Flying Knee","All Out Attack"],"picked":"Backflip+1","floor":44},{"not_picked":["Endless Agony","Storm of Steel+1"],"picked":"Finisher","floor":45},{"not_picked":["Bane","Slice","Tactician+1"],"picked":"SKIP","floor":46},{"not_picked":["Heel Hook+1","Sucker Punch"],"picked":"PiercingWail+1","floor":47},{"not_picked":["Jack Of All Trades+1","Violence+1"],"picked":"Good Instincts+1","floor":48},{"not_picked":["Underhanded Strike","Outmaneuver+1"],"picked":"PiercingWail+1","floor":55}],"player_experience":3254875,"relics_obtained":[{"floor":6,"key":"Toxic Egg 2"},{"floor":8,"key":"FossilizedHelix"},{"floor":9,"key":"Meat on the Bone"},{"floor":11,"key":"Happy Flower"},{"floor":12,"key":"Toy Ornithopter"},{"floor":14,"key":"Regal Pillow"},{"floor":24,"key":"Tiny Chest"},{"floor":28,"key":"Strawberry"},{"floor":31,"key":"Paper Crane"},{"floor":40,"key":"MawBank"},{"floor":42,"key":"Girya"},{"floor":43,"key":"Juzu Bracelet"},{"floor":45,"key":"PreservedInsect"},{"floor":47,"key":"Gambling Chip"},{"floor":55,"key":"Anchor"}],"event_choices":[{"cards_removed":["Strike_G"],"damage_healed":0,"gold_gain":0,"player_choice":"Card Removal","damage_taken":7,"max_hp_gain":0,"max_hp_loss":0,"event_name":"Golden Wing","floor":7,"gold_loss":0},{"damage_healed":0,"gold_gain":0,"player_choice":"Simplicity","damage_taken":0,"max_hp_gain":0,"max_hp_loss":0,"event_name":"Back to Basics","floor":22,"gold_loss":0,"cards_upgraded":["Strike_G","Defend_G","Defend_G","Defend_G","Defend_G"]},{"damage_healed":0,"gold_gain":0,"player_choice":"Became a Ghost","damage_taken":0,"max_hp_gain":0,"max_hp_loss":37,"event_name":"Ghosts","floor":30,"gold_loss":0,"cards_obtained":["Ghostly","Ghostly","Ghostly"]},{"damage_healed":0,"gold_gain":0,"player_choice":"Paid","damage_taken":0,"relics_obtained":["Red Mask"],"max_hp_gain":0,"max_hp_loss":0,"event_name":"Tomb of Lord Red Mask","floor":38,"gold_loss":204},{"damage_healed":0,"gold_gain":0,"player_choice":"Memory 1","damage_taken":0,"max_hp_gain":0,"max_hp_loss":0,"event_name":"SensoryStone","floor":48,"gold_loss":0}],"is_beta":false,"boss_relics":[{"not_picked":["SacredBark","Calling Bell"],"picked":"Astrolabe"},{"not_picked":["Snecko Eye","Empty Cage"],"picked":"Coffee Dripper"}],"items_purged_floors":[13],"is_endless":false,"potions_floor_spawned":[2,4,6,12,16,19,24,28,37,40,44,45,46,47],"killed_by":"The Heart","ascension_level":20}}