{"host":"9kaxb8gkmgtddido","time":1613657498,"event":{"mods":["2.2 Compatiblity","AchievementEnabler","AlwaysNeverKeys","Aspiration","BaseMod","Card Forge","Colored Map","Colored Powertips","Custom Start","DeckTracker","Gremlin Mod","Gremlin Skip","Hubris","Mimic Mod","Minty Spire (QoL Compilation)","Permanent Neow","Quick Restart","Rare Cards Sparkle","Relic Filter","Replay The Spire","Shop Mod","StSLib","SuperFastMode","Synergy Search","TheBandit"],"gold_per_floor":[16,16,16,16,31,31,63,63,103,103,115,150,5,18,18,120,120,139,139,151,167,147,181,181,212,287,306,306,306],"floor_reached":28,"language":"ENG","playtime":1096,"items_purged":["Defend_G"],"score":364,"play_id":"3d6bd177-4080-4803-837b-c1a0e0a8349d","local_time":"20210218221138","is_ascension_mode":true,"campfire_choices":[{"data":"Adrenaline","floor":6.0,"key":"SMITH"},{"data":"Accuracy","floor":8.0,"key":"SMITH"},{"data":"Neutralize","floor":10.0,"key":"SMITH"},{"data":"1","floor":15.0,"key":"LIFT"},{"floor":24.0,"key":"REST"}],"circlet_count":0,"master_deck":["Strike_G","Strike_G","Strike_G","Strike_G","Strike_G","Defend_G","Defend_G","Defend_G","Survivor","Neutralize+1","Adrenaline+1","Dagger Throw","Unload+1","Accuracy+1","Dagger Throw","After Image+1","Prepared","Hidden Blade","Infinite Blades","Blade Dance","Backstab","Cloak And Dagger","Backstab","Hidden Blade","A Thousand Cuts+1","Underhanded Strike+1","Deflect","Night Terror"],"relics":["Ring of the Snake","Hammer of Thor","Seething Fire","Anvil of the Gods","Vajra","ReplayFunnel","Girya","HoveringKite","Bag of Preparation","Bronze Scales","Frozen Egg 2"],"acts_visited":["Exordium","TheCity"],"potions_floor_usage":[28],"damage_taken":[{"damage":0.0,"enemies":"Small Slimes","floor":1.0,"turns":3.0},{"damage":4.0,"enemies":"Jaw Worm","floor":5.0,"turns":2.0},{"damage":15.0,"enemies":"3 Sentries","floor":7.0,"turns":9.0},{"damage":0.0,"enemies":"Cultist","floor":9.0,"turns":6.0},{"damage":0.0,"enemies":"Cultist","floor":11.0,"turns":2.0},{"damage":0.0,"enemies":"Gremlin Nob","floor":12.0,"turns":2.0},{"damage":0.0,"enemies":"Exordium Wildlife","floor":14.0,"turns":2.0},{"damage":10.0,"enemies":"Slime Boss","floor":16.0,"turns":6.0},{"damage":9.0,"enemies":"2 Thieves","floor":18.0,"turns":3.0},{"damage":0.0,"enemies":"Shell Parasite","floor":20.0,"turns":2.0},{"damage":32.0,"enemies":"Shelled Parasite and Fungi","floor":21.0,"turns":4.0},{"damage":12.0,"enemies":"Book of Stabbing","floor":23.0,"turns":3.0},{"damage":17.0,"enemies":"Slavers","floor":25.0,"turns":2.0},{"damage":4.0,"enemies":"Snecko","floor":27.0,"turns":4.0},{"damage":22,"enemies":"Gremlin Leader","floor":28,"turns":4}],"seed_played":"-8775349743806461398","potions_obtained":[{"floor":1.0,"key":"GamblersBrew"},{"floor":12.0,"key":"Swift Potion"},{"floor":21.0,"key":"EssenceOfSteel"},{"floor":22.0,"key":"CunningPotion"},{"floor":23.0,"key":"Regen Potion"},{"floor":27.0,"key":"EssenceOfSteel"}],"is_trial":false,"path_per_floor":["M","?","?","$","M","R","E","R","MIM","R","M","E","$","M","R","B",null,"M","?","M","M","?","E","R","E","T","M","E"],"character_chosen":"THE_SILENT","items_purchased":["Backstab"],"campfire_rested":1,"item_purchase_floors":[13],"current_hp_per_floor":[70,70,70,70,66,66,51,51,51,51,51,51,51,51,51,41,63,54,54,54,22,22,10,31,19,19,15,0,0],"gold":306,"neow_bonus":"THREE_RARE_CARDS","is_daily":false,"chose_seed":false,"campfire_upgraded":3,"win_rate":0.0,"timestamp":1613657498,"path_taken":["M","?","?","?","M","R","E","R","MIM","R","M","E","$","?","R","BOSS","M","?","M","M","?","E","R","E","T","?","E"],"items_purchased_type":["Card"],"build_version":"2020-12-22","purchased_purges":1,"victory":false,"max_hp_per_floor":[70,70,70,70,70,70,70,70,70,70,70,70,70,70,70,70,70,70,70,70,70,70,70,70,70,70,70,70,70],"card_choices":[{"not_picked":["Envenom","Glass Knife"],"picked":"Adrenaline","floor":0.0},{"not_picked":["Setup","hubris:SlightOfHand"],"picked":"Dagger Throw","floor":1.0},{"not_picked":["Eviscerate","Dodge and Roll"],"picked":"Accuracy","floor":5.0},{"not_picked":["Fluid Movement","Dodge and Roll"],"picked":"Dagger Throw","floor":7.0},{"not_picked":["Flying Knee","Dash"],"picked":"After Image","floor":9.0},{"not_picked":["Deadly Poison","PiercingWail"],"picked":"Prepared","floor":11.0},{"not_picked":["Slice","Deadly Poison"],"picked":"Cloak And Dagger","floor":12.0},{"not_picked":["Dagger Spray","hubris:SlightOfHand"],"picked":"Hidden Blade","floor":14.0},{"not_picked":["Venomology","Corpse Explosion"],"picked":"A Thousand Cuts","floor":16.0},{"not_picked":["Bane","Deadly Poison"],"picked":"Underhanded Strike","floor":18.0},{"not_picked":["Quick Slash","Dagger Spray","Dash"],"picked":"SKIP","floor":20.0},{"not_picked":["Replay:Poison Smokescreen+1","Escape Plan"],"picked":"Deflect","floor":21.0},{"not_picked":["Skewer","Dodge and Roll","Deadly Poison"],"picked":"SKIP","floor":23.0},{"not_picked":["hubris:SlightOfHand","Riddle With Holes","Flechettes"],"picked":"SKIP","floor":25.0},{"not_picked":["Dagger Spray","ReplayTheSpireMod:The Works"],"picked":"Night Terror","floor":27.0}],"player_experience":684892,"relics_obtained":[{"floor":7.0,"key":"Vajra"},{"floor":9.0,"key":"ReplayFunnel"},{"floor":12.0,"key":"Girya"},{"floor":23.0,"key":"Bag of Preparation"},{"floor":25.0,"key":"Bronze Scales"},{"floor":26.0,"key":"Frozen Egg 2"}],"event_choices":[{"damage_healed":0.0,"max_hp_gain":0.0,"max_hp_loss":0.0,"gold_gain":0.0,"event_name":"The Woman in Blue","player_choice":"Bought 1 Potion","floor":22.0,"gold_loss":0.0,"damage_taken":0.0}],"is_beta":false,"boss_relics":[{"not_picked":["Ectoplasm","SlaversCollar"],"picked":"HoveringKite"}],"items_purged_floors":[13],"is_endless":false,"potions_floor_spawned":[1,12,21,23,27],"killed_by":"Gremlin Leader","ascension_level":5}}