{"host":"ty9fb48q9oru32qm","time":1613644173,"event":{"mods":["2.2 Compatiblity","AchievementEnabler","Act Like it!","Astrologer","BaseMod","Beaked The Cultist","Better Synergies","Block Reminder","Colored Powertips","Conspire","DeckTracker","Downfall","Ekko","Friendly Minions","GifTheSpireLib","Hermit","Hubris","Infinite Spire","Jorbs\u0027s Wanderer Trilogy","Marisa????????","Minty Spire (QoL Compilation)","Permanent Neow","Quick Restart","Random Character Button","Reliquary","Replay The Spire","Somnambulant","StSLib","Stuff the Spire","The Cursed","The Marked","The Runesmith","TheVacant"],"gold_per_floor":[111,127,127,52,149,177,194,222,222,238,238,256,286,298,298,395,395,376,376,386,386,402,402,435,435,458,484,495,528,528,540,540,641,641,658,658,678,26,41,70,70,99,99,118,135,151,168,181,181,181,181,181,59,88,88,88],"floor_reached":55,"language":"ENG","playtime":5322,"items_purged":["Strike_G","Defend_G","Strike_G"],"score":845,"play_id":"33765d51-ec8a-4fbf-ad7e-390cc6a24963","local_time":"20210218112933","is_ascension_mode":true,"campfire_choices":[{"floor":11.0,"key":"REST"},{"data":"A Thousand Cuts","floor":23.0,"key":"SMITH"},{"data":"Accuracy","floor":30.0,"key":"SMITH"},{"floor":49.0,"key":"RECALL"},{"data":"After Image","floor":52.0,"key":"SMITH"}],"circlet_count":0,"master_deck":["Strike_G","Strike_G","Defend_G","Defend_G","Defend_G","Survivor","Neutralize","Infinite Blades","Blade Dance","Bouncing Flask","StuffTheSpire:DoubleShiv","StuffTheSpire:DoubleShiv+1","Dash","ReplayTheSpireMod:Speed Training","StuffTheSpire:Python","Cloak And Dagger+1","Poisoned Stab","A Thousand Cuts+1","Accuracy+1","hubris:Sniper+1","Dagger Throw","hubris:SlightOfHand+1","Backstab+1","After Image+1","Fluid Movement+1","Backflip+1","Parasite","Cloak And Dagger+1","Footwork+1","infinitespire:Collect","Parasite","Toxin Wave"],"relics":["Ring of the Snake","Ring of Panic","Ring of Peace","Snake Skull","reliquary:Knoch","The Courier","Sozu","Boot","hubris:BottledHeart","reliquary:RoseTintedGlasses","StuffTheSpire:Experiment12","reliquary:RadioactivePellet","HoveringKite","reliquary:CitrusReamer","beaked:ShinyBauble","StoneCalendar","infinitespire:PuzzleCube","Regal Pillow","conspire:SlowCooker","StuffTheSpire:Gunfinga","Orichalcum","Bag of Marbles","hubris:Metronome"],"acts_visited":["Exordium","TheCity","TheBeyond","TheEnding"],"potions_floor_usage":[],"damage_taken":[{"damage":5.0,"enemies":"Small Slimes","floor":1.0,"turns":4.0},{"damage":0.0,"enemies":"2 Louse","floor":2.0,"turns":4.0},{"damage":3.0,"enemies":"Replay:BlueRogue","floor":6.0,"turns":5.0},{"damage":0.0,"enemies":"Jaw Worm","floor":7.0,"turns":5.0},{"damage":8.0,"enemies":"Lagavulin","floor":8.0,"turns":5.0},{"damage":0.0,"enemies":"Large Slime","floor":10.0,"turns":5.0},{"damage":0.0,"enemies":"3 Louse","floor":12.0,"turns":3.0},{"damage":2.0,"enemies":"3 Sentries","floor":13.0,"turns":8.0},{"damage":1.0,"enemies":"Exordium Thugs","floor":14.0,"turns":5.0},{"damage":29.0,"enemies":"The Guardian","floor":16.0,"turns":9.0},{"damage":0.0,"enemies":"2 Thieves","floor":18.0,"turns":4.0},{"damage":9.0,"enemies":"Shell Parasite","floor":20.0,"turns":4.0},{"damage":0.0,"enemies":"Snecko","floor":22.0,"turns":4.0},{"damage":0.0,"enemies":"Book of Stabbing","floor":24.0,"turns":4.0},{"damage":0.0,"enemies":"Replay:Snechameleon","floor":27.0,"turns":5.0},{"damage":0.0,"enemies":"Sentry and Sphere","floor":28.0,"turns":5.0},{"damage":0.0,"enemies":"conspire:MimicChest","floor":29.0,"turns":5.0},{"damage":0.0,"enemies":"Snake Plant","floor":31.0,"turns":3.0},{"damage":0.0,"enemies":"hubris:MusketHawk","floor":33.0,"turns":6.0},{"damage":0.0,"enemies":"3 Darklings","floor":35.0,"turns":3.0},{"damage":0.0,"enemies":"3 Shapes","floor":37.0,"turns":4.0},{"damage":0.0,"enemies":"Writhing Mass","floor":39.0,"turns":6.0},{"damage":0.0,"enemies":"Nemesis","floor":40.0,"turns":5.0},{"damage":0.0,"enemies":"Reptomancer","floor":42.0,"turns":5.0},{"damage":0.0,"enemies":"Jaw Worm Horde","floor":44.0,"turns":4.0},{"damage":0.0,"enemies":"3 Darklings","floor":45.0,"turns":6.0},{"damage":0.0,"enemies":"Writhing Mass","floor":46.0,"turns":4.0},{"damage":0.0,"enemies":"Sphere and 2 Shapes","floor":47.0,"turns":3.0},{"damage":0.0,"enemies":"Transient","floor":48.0,"turns":5.0},{"damage":0.0,"enemies":"Replay:Hell Engine","floor":50.0,"turns":8.0},{"damage":0.0,"enemies":"Shield and Spear","floor":54.0,"turns":6.0},{"damage":2,"enemies":"The Heart","floor":55,"turns":3}],"seed_played":"-5937375559023069233","potions_obtained":[{"floor":6.0,"key":"hexamod:SoulburnPotion"},{"floor":7.0,"key":"Fire Potion"},{"floor":10.0,"key":"FearPotion"},{"floor":13.0,"key":"SteroidPotion"}],"is_trial":false,"path_per_floor":["M","M","?","$","?","E","M","E","T","M","R","M","E","M","R","B",null,"M","?","M","?","M","R","E","?","T","E","M","?","R","M","R","B",null,"M","?","M","$","M","E","AVR","E","T","M","M","M","M","M","R","B",null,"R","$","E","B"],"character_chosen":"THE_SILENT","items_purchased":["reliquary:CitrusReamer","beaked:ShinyBauble","StoneCalendar","Bag of Marbles"],"campfire_rested":1,"item_purchase_floors":[38,38,38,53],"current_hp_per_floor":[65,65,65,65,37,34,34,26,26,26,47,47,45,44,65,36,70,70,70,61,61,61,61,61,1,1,1,1,1,1,1,1,1,1,1,1,1,1,1,1,1,1,1,1,1,1,1,1,1,1,1,1,1,1,0,0],"gold":88,"neow_bonus":"REMOVE_CARD","is_daily":false,"chose_seed":false,"campfire_upgraded":3,"win_rate":0.0,"timestamp":1613644173,"path_taken":["M","M","?","$","?","E","M","E","T","M","R","M","E","M","R","BOSS","M","?","M","?","?","R","E","?","T","E","M","?","R","M","R","BOSS","M","?","?","?","M","E","AVR","E","T","M","M","M","?","?","R","BOSS","R","$","E","BOSS"],"items_purchased_type":["Relic","Relic","Relic","Relic"],"build_version":"2020-12-22","purchased_purges":3,"victory":false,"max_hp_per_floor":[70,70,70,70,70,70,70,70,70,70,70,70,70,70,70,70,70,70,70,70,70,70,70,70,1,1,1,1,1,1,1,1,1,1,1,1,1,1,1,1,1,1,1,1,1,1,1,1,1,1,1,1,1,1,1,1],"card_choices":[{"not_picked":["Choke","StuffTheSpire:Python"],"picked":"Infinite Blades","floor":1.0},{"not_picked":["Bouncing Flask","conspire:DoublingDagger"],"picked":"Blade Dance","floor":2.0},{"not_picked":["Dagger Spray","Slice"],"picked":"Bouncing Flask","floor":5.0},{"not_picked":["Underhanded Strike","Crippling Poison"],"picked":"StuffTheSpire:DoubleShiv","floor":5.0},{"not_picked":["StuffTheSpire:ClusterCrunch","Corpse Explosion"],"picked":"StuffTheSpire:DoubleShiv","floor":6.0},{"not_picked":["Prepared","StuffTheSpire:Sprint"],"picked":"Dash","floor":7.0},{"not_picked":["Dodge and Roll","hubris:Counter"],"picked":"ReplayTheSpireMod:Speed Training","floor":8.0},{"not_picked":["Dagger Spray","Prepared"],"picked":"StuffTheSpire:Python","floor":10.0},{"not_picked":["Replay:Bag of Tricks","Backflip"],"picked":"Cloak And Dagger","floor":12.0},{"not_picked":["Bane","Quick Slash","Dodge and Roll"],"picked":"SKIP","floor":13.0},{"not_picked":["Backflip","Sucker Punch"],"picked":"Poisoned Stab","floor":14.0},{"not_picked":["Bullet Time","Glass Knife"],"picked":"A Thousand Cuts","floor":16.0},{"not_picked":["Slice+1","Concentrate"],"picked":"Accuracy","floor":18.0},{"not_picked":["All Out Attack","StuffTheSpire:BumpUp"],"picked":"hubris:Sniper+1","floor":20.0},{"not_picked":["ReplayTheSpireMod:Exploit Weakness+1","Outmaneuver"],"picked":"Dagger Throw","floor":22.0},{"not_picked":["Heel Hook+1","Distraction","Outmaneuver"],"picked":"SKIP","floor":24.0},{"not_picked":["Calculated Gamble","Replay:Bag of Tricks"],"picked":"hubris:SlightOfHand+1","floor":27.0},{"not_picked":["Poisoned Stab+1","StuffTheSpire:Fury","Dagger Spray"],"picked":"SKIP","floor":28.0},{"not_picked":["Tactician","Predator"],"picked":"Backstab+1","floor":29.0},{"not_picked":["StuffTheSpire:Injection+1","Bane+1","Blade Dance"],"picked":"SKIP","floor":31.0},{"not_picked":["A Thousand Cuts","infinitespire:Neurotoxin"],"picked":"After Image","floor":33.0},{"not_picked":["Sucker Punch+1","ReplayTheSpireMod:Shiv Toss"],"picked":"Fluid Movement+1","floor":35.0},{"not_picked":["Acrobatics","hubris:SlightOfHand+1"],"picked":"Backflip+1","floor":37.0},{"not_picked":["Distraction+1","Infinite Blades"],"picked":"Cloak And Dagger+1","floor":39.0},{"not_picked":["StuffTheSpire:Fury+1","StuffTheSpire:Injection"],"picked":"Footwork+1","floor":40.0},{"not_picked":["Underhanded Strike+1","StuffTheSpire:FinalStruggle","Heel Hook"],"picked":"SKIP","floor":42.0},{"not_picked":["Sucker Punch","Dagger Spray+1","Predator+1"],"picked":"SKIP","floor":44.0},{"not_picked":["Sucker Punch+1","Heel Hook","Underhanded Strike"],"picked":"SKIP","floor":45.0},{"not_picked":["Backflip+1","Footwork"],"picked":"Toxin Wave","floor":46.0},{"not_picked":["StuffTheSpire:Incursion+1","Outmaneuver","Acrobatics+1"],"picked":"SKIP","floor":47.0},{"not_picked":["StuffTheSpire:ClusterCrunch","Underhanded Strike+1","Acrobatics"],"picked":"SKIP","floor":48.0},{"not_picked":["Dagger Throw+1","hubris:SlightOfHand+1","Leg Sweep"],"picked":"SKIP","floor":54.0}],"player_experience":296711,"relics_obtained":[{"floor":3.0,"key":"Ring of Panic"},{"floor":3.0,"key":"Ring of Peace"},{"floor":6.0,"key":"Snake Skull"},{"floor":8.0,"key":"reliquary:Knoch"},{"floor":13.0,"key":"The Courier"},{"floor":24.0,"key":"Boot"},{"floor":26.0,"key":"reliquary:RoseTintedGlasses"},{"floor":27.0,"key":"StuffTheSpire:Experiment12"},{"floor":29.0,"key":"reliquary:RadioactivePellet"},{"floor":40.0,"key":"infinitespire:PuzzleCube"},{"floor":42.0,"key":"StuffTheSpire:Gunfinga"},{"floor":43.0,"key":"Orichalcum"},{"floor":54.0,"key":"hubris:Metronome"}],"event_choices":[{"cards_removed":["Defend_G"],"damage_healed":0.0,"max_hp_gain":0.0,"max_hp_loss":0.0,"gold_gain":0.0,"event_name":"Purifier","player_choice":"Purged","floor":21.0,"gold_loss":0.0,"damage_taken":0.0},{"damage_healed":0.0,"max_hp_gain":0.0,"max_hp_loss":0.0,"gold_gain":0.0,"event_name":"Wheel of Change","player_choice":"Damaged","floor":36.0,"gold_loss":0.0,"damage_taken":0.0}],"is_beta":false,"boss_relics":[{"not_picked":["Velvet Choker","StuffTheSpire:RunicHypercube"],"picked":"Sozu"},{"not_picked":["Snecko Eye","Kintsugi"],"picked":"HoveringKite"}],"items_purged_floors":[4,38,41],"is_endless":false,"potions_floor_spawned":[6,7,10,13,14,18,24,28,31,33,35,39,42,44,45,47],"killed_by":"The Heart","ascension_level":2}}