{"host":"rq6soridv5n2augj","time":1613636863,"event":{"mods":["BaseMod","Downfall","Googly Eyes","Hermit","Marisa????????","Minty Spire (QoL Compilation)","READ ME - Guardian Mod","Remilia??????","Replay The Spire","StSLib","The Animator","The Cursed","The Hierophant","The Necromancer","The Senshi","The Servant 0.9.4"],"gold_per_floor":[165,165,1,176,202,202,229,31,31,61,161,161,179,13,25,25,25,25],"floor_reached":16,"language":"ENG","playtime":800,"items_purged":["Doubt","Slimebound:Tackle"],"score":99,"play_id":"071b2aea-1a80-4a7c-8f8d-d52003a42126","local_time":"20210218002743","is_ascension_mode":true,"campfire_choices":[{"floor":12,"key":"REST"}],"circlet_count":0,"master_deck":["Slimebound:Strike_Slimebound","Slimebound:Strike_Slimebound","Slimebound:Defend_Slimebound","Slimebound:Defend_Slimebound","Slimebound:Split","Slimebound:CorrosiveSpit","Slimebound:AcidTongue","Slimebound:DisruptingSlam","expansioncontent:QuickStudy","Slimebound:SplitMire","Slimebound:LeadByExample","Slimebound:LevelUp","Slimebound:SplitMire+1","Slimebound:DuplicatedForm+1","Slimebound:SlimeSlap","Slimebound:HauntingLick","Slimebound:LeechEnergy","Slimebound:SplitLeeching","Slimebound:Repurpose"],"relics":["Slimebound:AbsorbEndCombat","downfall:HeartsMalice","Oddly Smooth Stone","Ancient Tea Set","Bag of Marbles"],"acts_visited":["Exordium"],"potions_floor_usage":[11,16,16,16],"damage_taken":[{"damage":0,"enemies":"Small Slimes","floor":2,"turns":1},{"damage":0,"enemies":"downfall:FleeingMerchant","floor":3,"turns":1},{"damage":0,"enemies":"Jaw Worm","floor":6,"turns":1},{"damage":3,"enemies":"downfall:FleeingMerchant","floor":8,"turns":4},{"damage":19,"enemies":"Gremlin Nob","floor":10,"turns":3},{"damage":48,"enemies":"downfall:Heads","floor":11,"turns":6},{"damage":3,"enemies":"2 Louse","floor":13,"turns":2},{"damage":15,"enemies":"downfall:FleeingMerchant","floor":14,"turns":4},{"damage":0,"enemies":"2 Fungi Beasts","floor":15,"turns":1},{"damage":53,"enemies":"IC_STATUS_ARCHETYPE","floor":16,"turns":4}],"seed_played":"-6796831091146613529","potions_obtained":[{"floor":10,"key":"Block Potion"},{"floor":11,"key":"Weak Potion"},{"floor":13,"key":"PowerPotion"}],"is_trial":false,"path_per_floor":["R","M","$","?","T","M","T","$","?","E","?","R","M","$","M","B"],"character_chosen":"SLIMEBOUND","items_purchased":["expansioncontent:QuickStudy","Slimebound:LevelUp","Slimebound:SplitMire+1","Fire Potion"],"campfire_rested":1,"item_purchase_floors":[3,8,8,14],"current_hp_per_floor":[65,65,65,65,65,65,65,64,64,51,9,28,27,20,20,0,0,0],"gold":25,"neow_bonus":"THREE_ENEMY_KILL","is_daily":false,"chose_seed":false,"campfire_upgraded":0,"win_rate":0.0,"timestamp":1613636863,"path_taken":["R","M","$","?","?","M","T","$","?","E","?","R","M","?","M","BOSS"],"items_purchased_type":["Card","Card","Card","Potion"],"build_version":"2020-12-22","purchased_purges":2,"victory":false,"max_hp_per_floor":[65,65,65,65,65,65,65,65,65,65,65,65,65,65,65,65,65,65],"card_choices":[{"not_picked":["Slimebound:SlimeSpikes","Slimebound:SpikyOuterGoop"],"picked":"Slimebound:AcidTongue","floor":2},{"not_picked":["Slimebound:FormOfPuddle","Slimebound:ProtectTheBoss"],"picked":"Slimebound:DisruptingSlam","floor":3},{"not_picked":["Slimebound:GoopTackle","Slimebound:SlimeSpikes"],"picked":"Slimebound:SplitMire","floor":6},{"not_picked":["Slimebound:Nibble","Slimebound:SamplingLick"],"picked":"Slimebound:LeadByExample","floor":8},{"not_picked":["Slimebound:RejuvenatingLick","Slimebound:SplitAcid"],"picked":"Slimebound:DuplicatedForm","floor":10},{"not_picked":["Slimebound:FinishingTackle","Slimebound:LeechingTouch"],"picked":"Slimebound:HauntingLick","floor":11},{"not_picked":["Slimebound:FormOfPuddle","Slimebound:GoopTackle"],"picked":"Slimebound:LeechEnergy","floor":13},{"not_picked":["Slimebound:FinishingTackle","Slimebound:SplitMire"],"picked":"Slimebound:SplitLeeching","floor":14},{"not_picked":["Slimebound:LevelUp","Slimebound:SlimeSpikes"],"picked":"Slimebound:Repurpose","floor":15}],"player_experience":400987,"relics_obtained":[{"floor":5,"key":"Oddly Smooth Stone"},{"floor":7,"key":"Ancient Tea Set"},{"floor":10,"key":"Bag of Marbles"}],"event_choices":[],"is_beta":false,"boss_relics":[],"items_purged_floors":[8,14],"is_endless":false,"potions_floor_spawned":[10,11,13,15],"killed_by":"IC_STATUS_ARCHETYPE","ascension_level":1}}