{"host":"g3js2eermvvpeiqn","time":1613672640,"event":{"mods":["BaseMod","DeckTracker","Downfall","Minty Spire (QoL Compilation)","Quick Restart","StSLib"],"gold_per_floor":[109,124,138,63,63,91,91,109,109,184,184,184,209,4,4,76,76,92,109,109,109,109],"floor_reached":21,"language":"ENG","playtime":744,"items_purged":["Pain"],"score":374,"play_id":"454fd4a6-2a24-4df1-96f9-5aa49f3f76ad","local_time":"20210218122400","is_ascension_mode":true,"campfire_choices":[{"floor":7.0,"key":"REST"},{"data":"Bash","floor":11.0,"key":"SMITH"},{"data":"Disarm","floor":15.0,"key":"SMITH"}],"circlet_count":0,"master_deck":["AscendersBane","Strike_R","Strike_R","Defend_R","Defend_R","Defend_R","Bash+1","Disarm+1","Thunderclap","Sword Boomerang","Limit Break","Exhume","Headbutt","Demon Form","Pommel Strike+1","Wild Strike+1","Disarm+1","Spot Weakness"],"relics":["Burning Blood","NeowsBlessing","WarpedTongs","Dream Catcher","Bottled Lightning","Letter Opener","Astrolabe"],"acts_visited":["Exordium","TheCity"],"potions_floor_usage":[],"damage_taken":[{"damage":0.0,"enemies":"Cultist","floor":1.0,"turns":1.0},{"damage":0.0,"enemies":"Jaw Worm","floor":2.0,"turns":1.0},{"damage":0.0,"enemies":"Small Slimes","floor":3.0,"turns":1.0},{"damage":60.0,"enemies":"3 Sentries","floor":6.0,"turns":9.0},{"damage":9.0,"enemies":"Exordium Thugs","floor":8.0,"turns":4.0},{"damage":10.0,"enemies":"Gremlin Nob","floor":13.0,"turns":3.0},{"damage":22.0,"enemies":"Hexaghost","floor":16.0,"turns":11.0},{"damage":36,"enemies":"Spheric Guardian","floor":18,"turns":5},{"damage":24,"enemies":"Chosen","floor":19,"turns":4},{"damage":18,"enemies":"Centurion and Healer","floor":21,"turns":2}],"seed_played":"-3915686586219826625","potions_obtained":[{"floor":6.0,"key":"Block Potion"},{"floor":8.0,"key":"LiquidMemories"},{"floor":16.0,"key":"LiquidBronze"},{"floor":19,"key":"sneckomod:MuddlingPotion"}],"is_trial":false,"path_per_floor":["M","M","M","?","?","E","R","M","T","?","R","T","E","$","R","B",null,"M","M","?","M"],"character_chosen":"IRONCLAD","items_purchased":["Headbutt","LiquidMemories"],"campfire_rested":1,"item_purchase_floors":[14,14],"current_hp_per_floor":[74,75,75,75,75,21,43,40,40,29,29,29,25,25,25,9,59,29,11,11,0,0],"gold":109,"neow_bonus":"THREE_ENEMY_KILL","is_daily":false,"chose_seed":false,"campfire_upgraded":2,"win_rate":0.0,"timestamp":1613672640,"path_taken":["M","M","?","?","?","E","R","?","T","?","R","?","E","?","R","BOSS","M","M","?","M"],"items_purchased_type":["Card","Potion"],"build_version":"2020-12-22","purchased_purges":1,"victory":false,"max_hp_per_floor":[75,75,75,75,75,75,75,75,75,75,75,75,75,75,75,75,75,75,75,75,75,75],"card_choices":[{"not_picked":["Headbutt","Warcry"],"picked":"Disarm","floor":1.0},{"not_picked":["Armaments","Iron Wave"],"picked":"Thunderclap","floor":2.0},{"not_picked":["Flex","Clash"],"picked":"Sword Boomerang","floor":3.0},{"not_picked":["Bludgeon","Iron Wave"],"picked":"Limit Break","floor":6.0},{"not_picked":["Armaments","Anger"],"picked":"Exhume","floor":8.0},{"not_picked":["Searing Blow","Sword Boomerang","Perfected Strike"],"picked":"SKIP","floor":13.0},{"not_picked":["Feed","Exhume"],"picked":"Demon Form","floor":16.0},{"not_picked":["True Grit","Anger"],"picked":"Spot Weakness","floor":18},{"not_picked":["Havoc","Anger","Evolve"],"picked":"SKIP","floor":19}],"player_experience":1487407,"relics_obtained":[{"floor":6.0,"key":"Dream Catcher"},{"floor":12.0,"key":"Bottled Lightning"},{"floor":13.0,"key":"Letter Opener"}],"event_choices":[{"cards_removed":["Strike_R"],"damage_healed":0.0,"max_hp_gain":0.0,"max_hp_loss":0.0,"gold_gain":0.0,"event_name":"The Cleric","player_choice":"Card Removal","floor":4.0,"gold_loss":75.0,"damage_taken":0.0},{"damage_healed":0.0,"max_hp_gain":0.0,"max_hp_loss":0.0,"gold_gain":0.0,"event_name":"Accursed Blacksmith","player_choice":"Rummage","floor":5.0,"gold_loss":0.0,"damage_taken":0.0,"relics_obtained":["WarpedTongs"],"cards_obtained":["Pain"]},{"damage_healed":0.0,"max_hp_gain":0.0,"max_hp_loss":0.0,"gold_gain":75.0,"event_name":"World of Goop","player_choice":"Gather Gold","floor":10.0,"gold_loss":0.0,"damage_taken":11.0},{"damage_healed":0,"gold_gain":0,"player_choice":"Ignored","damage_taken":0,"max_hp_gain":0,"max_hp_loss":0,"event_name":"Cursed Tome","floor":20,"gold_loss":0}],"is_beta":false,"boss_relics":[{"not_picked":["Coffee Dripper","Busted Crown"],"picked":"Astrolabe"}],"items_purged_floors":[14],"is_endless":false,"potions_floor_spawned":[6,8,16,19],"killed_by":"Centurion and Healer","ascension_level":20}}