{"host":"49pjgf1q9ev52n8z","time":1613606512,"event":{"mods":["BaseMod","Bestiary","Colored Map","Keyboard Shortcuts","Minty Spire (QoL Compilation)","Practice Mode","Relic Stats","StSLib"],"gold_per_floor":[117,135,153,165,175,175,205,205,228,247,273,293,293,293,293,398,398,412,412,422,422,522,522,549,568,617,230,246,277,277,20,20,119,119,130,180,190,78,7,38,50,89,127,159,19,19,30,48,48,48],"floor_reached":51,"language":"ENG","playtime":5495,"items_purged":["MasterReality"],"score":1065,"play_id":"119d1d10-9520-4e6b-931f-17d554f71a08","local_time":"20210217160152","is_ascension_mode":true,"campfire_choices":[{"data":"Eruption","floor":6.0,"key":"SMITH"},{"data":"Adaptation","floor":8.0,"key":"SMITH"},{"data":"SashWhip","floor":13.0,"key":"SMITH"},{"data":"Study","floor":15.0,"key":"SMITH"},{"data":"Ghostly","floor":23.0,"key":"SMITH"},{"data":"Ghostly","floor":30.0,"key":"SMITH"},{"floor":32.0,"key":"REST"},{"data":"Ghostly","floor":41,"key":"SMITH"},{"floor":49,"key":"REST"}],"circlet_count":0,"master_deck":["Strike_P","Strike_P+1","Defend_P","Defend_P+1","Defend_P","Defend_P","Eruption+1","Vigilance","EmptyFist+1","EmptyMind","SashWhip+1","BowlingBash","ClearTheMind","Adaptation+1","Study+1","FollowUp","Ghostly+1","Ghostly+1","Ghostly+1","Ghostly","Ghostly+1","BattleHymn","MentalFortress+1","Adaptation","Crescendo","MasterReality","ThirdEye+1","Tantrum","MentalFortress+1"],"relics":["PureWater","Bag of Marbles","PreservedInsect","Whetstone","Empty Cage","Orichalcum","Ancient Tea Set","Nunchaku","OrangePellets","TungstenRod","Medical Kit","SlaversCollar","Peace Pipe","War Paint","MawBank","Regal Pillow","Art of War","Bag of Preparation"],"acts_visited":["Exordium","TheCity","TheBeyond"],"potions_floor_usage":[44,50],"damage_taken":[{"damage":7.0,"enemies":"Jaw Worm","floor":1.0,"turns":3.0},{"damage":0.0,"enemies":"Small Slimes","floor":2.0,"turns":2.0},{"damage":0.0,"enemies":"Cultist","floor":3.0,"turns":2.0},{"damage":0.0,"enemies":"2 Fungi Beasts","floor":4.0,"turns":2.0},{"damage":1.0,"enemies":"Looter","floor":5.0,"turns":4.0},{"damage":0.0,"enemies":"Gremlin Nob","floor":7.0,"turns":2.0},{"damage":6.0,"enemies":"Red Slaver","floor":10.0,"turns":3.0},{"damage":0.0,"enemies":"Lagavulin","floor":11.0,"turns":2.0},{"damage":0.0,"enemies":"Exordium Wildlife","floor":12.0,"turns":1.0},{"damage":20.0,"enemies":"Slime Boss","floor":16.0,"turns":5.0},{"damage":0.0,"enemies":"Chosen","floor":18.0,"turns":1.0},{"damage":18.0,"enemies":"Shell Parasite","floor":20.0,"turns":3.0},{"damage":2.0,"enemies":"Gremlin Leader","floor":24.0,"turns":4.0},{"damage":17.0,"enemies":"Cultist and Chosen","floor":25.0,"turns":7.0},{"damage":0.0,"enemies":"Snake Plant","floor":28.0,"turns":5.0},{"damage":0.0,"enemies":"Slavers","floor":29.0,"turns":5.0},{"damage":15.0,"enemies":"Collector","floor":33.0,"turns":9.0},{"damage":0,"enemies":"3 Darklings","floor":35,"turns":6},{"damage":0,"enemies":"Mind Bloom Boss Battle","floor":36,"turns":5},{"damage":0,"enemies":"Orb Walker","floor":37,"turns":3},{"damage":0,"enemies":"Nemesis","floor":40,"turns":5},{"damage":0,"enemies":"Giant Head","floor":42,"turns":7},{"damage":6,"enemies":"Maw","floor":44,"turns":9},{"damage":4,"enemies":"Sphere and 2 Shapes","floor":47,"turns":6},{"damage":1,"enemies":"Jaw Worm Horde","floor":48,"turns":4},{"damage":4,"enemies":"Donu and Deca","floor":50,"turns":10}],"seed_played":"-6672554366296949064","potions_obtained":[{"floor":2.0,"key":"FearPotion"},{"floor":3.0,"key":"Swift Potion"},{"floor":4.0,"key":"BottledMiracle"},{"floor":11.0,"key":"StancePotion"},{"floor":20.0,"key":"AttackPotion"},{"floor":25.0,"key":"SneckoOil"},{"floor":29.0,"key":"SpeedPotion"},{"floor":33,"key":"FairyPotion"},{"floor":44,"key":"Energy Potion"}],"is_trial":false,"path_per_floor":["M","M","M","M","M","R","E","R","T","M","E","M","R","?","R","B",null,"M","?","M","?","?","R","E","M","T","$","M","E","R","$","R","B",null,"M","?","M","$","?","E","R","E","T","M","$","?","M","M","R","B",null],"character_chosen":"WATCHER","items_purchased":["Nunchaku","BattleHymn","OrangePellets","Block Potion","Adaptation","Crescendo","Medical Kit","Tantrum","Bag of Preparation"],"campfire_rested":2,"item_purchase_floors":[27,27,27,27,31,31,31,38,45],"current_hp_per_floor":[58,58,58,58,57,57,57,57,57,51,51,51,51,72,72,52,75,75,75,57,41,41,41,39,22,22,22,22,22,22,22,34,19,36,36,36,36,36,36,36,36,36,36,30,30,30,26,25,41,37],"gold":48,"neow_bonus":"TWENTY_PERCENT_HP_BONUS","is_daily":false,"chose_seed":false,"campfire_upgraded":7,"win_rate":0.0,"timestamp":1613606512,"path_taken":["M","M","M","M","M","R","E","R","T","M","E","M","R","?","R","BOSS","M","?","?","?","?","R","E","M","T","$","M","E","R","$","R","BOSS","BOSS","M","?","M","$","?","E","R","E","T","?","?","?","?","M","R","BOSS"],"items_purchased_type":["Relic","Card","Relic","Potion","Card","Card","Relic","Card","Relic"],"build_version":"2020-12-22","purchased_purges":1,"victory":true,"max_hp_per_floor":[86,86,86,86,86,86,86,86,86,86,86,86,86,86,86,86,83,83,83,83,41,41,41,41,41,41,41,41,41,41,41,41,41,41,41,41,41,41,41,41,41,41,41,41,41,41,41,41,41,41],"relic_stats":{"Regal Pillow":4,"counters":[26,115],"PreservedInsect":286,"Bag of Preparation":[6],"Whetstone":["Strike_P","EmptyFist"],"Orichalcum":[264],"War Paint":["Ghostly","Defend_P"],"Medical Kit":[13],"MawBank":60,"Peace Pipe":0,"OrangePellets":[7],"Nunchaku":[15],"Art of War":[4],"obtain_stats":[{"Regal Pillow":42,"PreservedInsect":9,"Bag of Preparation":45,"Whetstone":11,"Orichalcum":24,"War Paint":39,"Empty Cage":17,"Ancient Tea Set":26,"Medical Kit":31,"MawBank":40,"Peace Pipe":36,"OrangePellets":27,"SlaversCollar":34,"Nunchaku":27,"Bag of Marbles":7,"Art of War":43,"PureWater":0,"TungstenRod":29},{"Regal Pillow":22,"PreservedInsect":6,"Bag of Preparation":23,"Whetstone":8,"Orichalcum":13,"War Paint":20,"Empty Cage":10,"Ancient Tea Set":14,"Medical Kit":16,"MawBank":21,"Peace Pipe":19,"OrangePellets":14,"SlaversCollar":17,"Nunchaku":14,"Bag of Marbles":6,"Art of War":22,"PureWater":0,"TungstenRod":16},{"Regal Pillow":86,"PreservedInsect":15,"Bag of Preparation":95,"Whetstone":20,"Orichalcum":34,"War Paint":74,"Empty Cage":26,"Ancient Tea Set":41,"Medical Kit":51,"MawBank":79,"Peace Pipe":71,"OrangePellets":41,"SlaversCollar":60,"Nunchaku":41,"Bag of Marbles":15,"Art of War":86,"PureWater":0,"TungstenRod":51}],"TungstenRod":7},"card_choices":[{"not_picked":["FlurryOfBlows","JustLucky"],"picked":"EmptyFist","floor":1.0},{"not_picked":["WaveOfTheHand","Weave"],"picked":"EmptyMind","floor":2.0},{"not_picked":["Halt","CrushJoints"],"picked":"SashWhip","floor":3.0},{"not_picked":["Worship","FlyingSleeves"],"picked":"BowlingBash","floor":4.0},{"not_picked":["EmptyBody","Evaluate"],"picked":"ClearTheMind","floor":5.0},{"not_picked":["Collect","CarveReality"],"picked":"Adaptation","floor":7.0},{"not_picked":["EmptyFist","CrushJoints"],"picked":"Study","floor":10.0},{"not_picked":["Brilliance","Indignation"],"picked":"FollowUp","floor":11.0},{"not_picked":["ClearTheMind","Wallop","Sanctity"],"picked":"SKIP","floor":12.0},{"not_picked":["Omniscience","Ragnarok"],"picked":"MasterReality","floor":16.0},{"not_picked":["Study+1","BowlingBash","Halt"],"picked":"SKIP","floor":18.0},{"not_picked":["Consecrate","Halt","Evaluate"],"picked":"SKIP","floor":20.0},{"not_picked":["FlurryOfBlows","Indignation","Halt"],"picked":"SKIP","floor":24.0},{"not_picked":["FollowUp","Protect+1","Study"],"picked":"SKIP","floor":25.0},{"not_picked":["MentalFortress","Halt","ClearTheMind"],"picked":"SKIP","floor":28.0},{"not_picked":["ReachHeaven","InnerPeace"],"picked":"MentalFortress+1","floor":29.0},{"not_picked":["SpiritShield","Omniscience"],"picked":"MasterReality","floor":33},{"not_picked":["Protect","BowlingBash+1","FlurryOfBlows"],"picked":"SKIP","floor":35},{"not_picked":["BowlingBash+1","EmptyFist+1"],"picked":"ThirdEye+1","floor":36},{"not_picked":["Evaluate+1","EmptyBody+1","FollowUp+1"],"picked":"SKIP","floor":37},{"not_picked":["LikeWater","Halt+1"],"picked":"MentalFortress+1","floor":40},{"not_picked":["Halt+1","WheelKick","SashWhip+1"],"picked":"SKIP","floor":42},{"not_picked":["CutThroughFate","Worship+1","Adaptation+1"],"picked":"SKIP","floor":44},{"not_picked":["FollowUp","BowlingBash","Evaluate+1"],"picked":"SKIP","floor":47},{"not_picked":["Perseverance+1","ClearTheMind+1","Judgement"],"picked":"SKIP","floor":48}],"player_experience":844109,"relics_obtained":[{"floor":7.0,"key":"Bag of Marbles"},{"floor":9.0,"key":"PreservedInsect"},{"floor":11.0,"key":"Whetstone"},{"floor":24.0,"key":"Orichalcum"},{"floor":26.0,"key":"Ancient Tea Set"},{"floor":29.0,"key":"TungstenRod"},{"floor":36,"key":"Peace Pipe"},{"floor":40,"key":"MawBank"},{"floor":42,"key":"Regal Pillow"},{"floor":43,"key":"Art of War"}],"event_choices":[{"damage_healed":21.0,"max_hp_gain":0.0,"max_hp_loss":0.0,"gold_gain":0.0,"event_name":"Mushrooms","player_choice":"Healed and dodged fight","floor":14.0,"gold_loss":0.0,"damage_taken":0.0,"cards_obtained":["Parasite"]},{"cards_removed":["Strike_P"],"damage_healed":0.0,"max_hp_gain":0.0,"max_hp_loss":0.0,"gold_gain":0.0,"event_name":"Purifier","player_choice":"Purged","floor":19.0,"gold_loss":0.0,"damage_taken":0.0},{"damage_healed":0.0,"max_hp_gain":0.0,"max_hp_loss":42.0,"gold_gain":0.0,"event_name":"Ghosts","player_choice":"Became a Ghost","floor":21.0,"gold_loss":0.0,"damage_taken":0.0,"cards_obtained":["Ghostly","Ghostly","Ghostly","Ghostly","Ghostly"]},{"damage_healed":0.0,"max_hp_gain":0.0,"max_hp_loss":0.0,"gold_gain":100.0,"event_name":"Golden Shrine","player_choice":"Pray","floor":22.0,"gold_loss":0.0,"damage_taken":0.0},{"damage_healed":0,"gold_gain":0,"player_choice":"Fight","damage_taken":0,"max_hp_gain":0,"max_hp_loss":0,"event_name":"MindBloom","floor":36,"gold_loss":0},{"damage_healed":0,"gold_gain":0,"player_choice":"Paid Gold","damage_taken":0,"relics_obtained":["War Paint"],"max_hp_gain":0,"max_hp_loss":0,"event_name":"WeMeetAgain","floor":39,"gold_loss":71},{"damage_healed":0,"gold_gain":0,"player_choice":"Ignored","damage_taken":0,"max_hp_gain":0,"max_hp_loss":0,"event_name":"SecretPortal","floor":46,"gold_loss":0}],"is_beta":false,"boss_relics":[{"not_picked":["Cursed Key","Ectoplasm"],"picked":"Empty Cage"},{"not_picked":["VioletLotus","Calling Bell"],"picked":"SlaversCollar"}],"items_purged_floors":[38],"is_endless":false,"potions_floor_spawned":[2,3,4,11,20,25,29,33,37,44],"ascension_level":5}}