{"host":"d52brwsy6af8zvaq","time":1613625643,"event":{"mods":["AchievementEnabler","BaseMod","Bestiary","Highlight Path","Minty Spire (QoL Compilation)","Quick Restart","Relic Stats","ojb\u0027s Better Paths Mod"],"gold_per_floor":[213,213,52,68,82,82,116,116,116,116,130,130,142,173,173,251,251,151,151,151,76,87,118,133,133,133],"floor_reached":25,"language":"ENG","playtime":925,"items_purged":["Strike_B"],"score":508,"play_id":"e545b47f-5696-457e-9e85-ab66c5d67614","local_time":"20210217222043","is_ascension_mode":true,"campfire_choices":[{"data":"Defragment","floor":6.0,"key":"SMITH"},{"data":"Sunder","floor":8.0,"key":"SMITH"},{"floor":12.0,"key":"DIG"},{"floor":15.0,"key":"DIG"}],"circlet_count":0,"master_deck":["AscendersBane","Strike_B","Strike_B","Strike_B","Defend_B","Defend_B","Defend_B","Defend_B","Zap","Dualcast","Gash","Glacier","Sunder+1","Defragment+1","Leap","Conserve Battery","Cold Snap","Gash","Capacitor","Biased Cognition","Redo+1","Beam Cell"],"relics":["Cracked Core","FossilizedHelix","Ice Cream","Shovel","Omamori","Torii","Pen Nib","Calling Bell","Bag of Preparation","Ornamental Fan","CaptainsWheel","Lizard Tail"],"acts_visited":["Exordium","TheCity"],"potions_floor_usage":[],"damage_taken":[{"damage":2.0,"enemies":"Cultist","floor":1.0,"turns":4.0},{"damage":2.0,"enemies":"Jaw Worm","floor":4.0,"turns":3.0},{"damage":8.0,"enemies":"2 Louse","floor":5.0,"turns":2.0},{"damage":11.0,"enemies":"Gremlin Nob","floor":7.0,"turns":3.0},{"damage":0.0,"enemies":"Looter","floor":11.0,"turns":3.0},{"damage":0.0,"enemies":"Large Slime","floor":13.0,"turns":5.0},{"damage":0.0,"enemies":"Lagavulin","floor":14.0,"turns":7.0},{"damage":24.0,"enemies":"Hexaghost","floor":16.0,"turns":12.0},{"damage":9.0,"enemies":"2 Thieves","floor":18.0,"turns":5.0},{"damage":0.0,"enemies":"Shell Parasite","floor":22.0,"turns":2.0},{"damage":38.0,"enemies":"Slavers","floor":23.0,"turns":8.0},{"damage":0.0,"enemies":"Centurion and Healer","floor":24.0,"turns":9.0},{"damage":52,"enemies":"Gremlin Leader","floor":25,"turns":5}],"seed_played":"3552543416766427573","potions_obtained":[{"floor":1.0,"key":"LiquidMemories"},{"floor":5.0,"key":"SpeedPotion"},{"floor":13.0,"key":"DistilledChaos"},{"floor":14.0,"key":"PowerPotion"},{"floor":22.0,"key":"Ancient Potion"},{"floor":23.0,"key":"PotionOfCapacity"}],"is_trial":false,"path_per_floor":["M","?","$","M","M","R","E","R","T","?","M","R","M","E","R","B",null,"M","?","?","$","M","E","M","E"],"character_chosen":"DEFECT","items_purchased":["Glacier","Sunder"],"campfire_rested":0,"item_purchase_floors":[3,3],"current_hp_per_floor":[62,62,62,60,52,52,41,41,41,36,36,36,36,36,36,12,56,47,47,47,47,47,9,9,0,0],"gold":133,"neow_bonus":"HUNDRED_GOLD","is_daily":false,"chose_seed":false,"campfire_upgraded":2,"win_rate":0.0,"timestamp":1613625643,"path_taken":["M","?","$","M","M","R","E","R","T","?","M","R","M","E","R","BOSS","M","?","?","$","M","E","M","E"],"items_purchased_type":["Card","Card"],"build_version":"2020-12-22","purchased_purges":1,"victory":false,"max_hp_per_floor":[71,71,71,71,71,71,71,71,71,71,71,71,71,71,71,71,71,71,71,71,71,71,71,71,71,71],"relic_stats":{"Lizard Tail":35,"Shovel":2,"Torii":10,"counters":[13,68],"Ornamental Fan":[8],"Pen Nib":[5],"Bag of Preparation":[10],"obtain_stats":[{"Ice Cream":9,"Calling Bell":17,"CaptainsWheel":17,"Lizard Tail":23,"Shovel":10,"Torii":14,"Ornamental Fan":17,"Pen Nib":15,"Omamori":12,"Bag of Preparation":17,"Cracked Core":0,"FossilizedHelix":7},{"Ice Cream":4,"Calling Bell":8,"CaptainsWheel":8,"Lizard Tail":11,"Shovel":4,"Torii":7,"Ornamental Fan":8,"Pen Nib":7,"Omamori":5,"Bag of Preparation":8,"Cracked Core":0,"FossilizedHelix":4},{"Ice Cream":12,"Calling Bell":39,"CaptainsWheel":39,"Lizard Tail":54,"Shovel":12,"Torii":27,"Ornamental Fan":39,"Pen Nib":27,"Omamori":15,"Bag of Preparation":39,"Cracked Core":0,"FossilizedHelix":12}]},"card_choices":[{"not_picked":["Hologram","Turbo"],"picked":"Gash","floor":1.0},{"not_picked":["Go for the Eyes","Skim"],"picked":"Defragment","floor":4.0},{"not_picked":["FTL","Streamline"],"picked":"Leap","floor":5.0},{"not_picked":["Glacier","Undo"],"picked":"Conserve Battery","floor":7.0},{"not_picked":["Chill","Barrage"],"picked":"Cold Snap","floor":11.0},{"not_picked":["Reboot","Cold Snap"],"picked":"Gash","floor":13.0},{"not_picked":["Heatsinks","Ball Lightning"],"picked":"Capacitor","floor":14.0},{"not_picked":["Meteor Strike","Rainbow"],"picked":"Biased Cognition","floor":16.0},{"not_picked":["Force Field","Steam Power+1"],"picked":"Redo+1","floor":18.0},{"not_picked":["Undo","Hologram","Blizzard"],"picked":"SKIP","floor":22.0},{"not_picked":["Undo","Rip and Tear"],"picked":"Beam Cell","floor":23.0},{"not_picked":["Chill","Beam Cell","Scrape"],"picked":"SKIP","floor":24.0}],"player_experience":2304977,"relics_obtained":[{"floor":7.0,"key":"FossilizedHelix"},{"floor":9.0,"key":"Ice Cream"},{"floor":12.0,"key":"Omamori"},{"floor":14.0,"key":"Torii"},{"floor":15.0,"key":"Pen Nib"},{"floor":17.0,"key":"Bag of Preparation"},{"floor":17.0,"key":"Ornamental Fan"},{"floor":17.0,"key":"CaptainsWheel"},{"floor":23.0,"key":"Lizard Tail"}],"event_choices":[{"damage_healed":0.0,"max_hp_gain":0.0,"max_hp_loss":0.0,"gold_gain":0.0,"event_name":"Golden Wing","player_choice":"Ignored","floor":2.0,"gold_loss":0.0,"damage_taken":0.0},{"damage_healed":0.0,"max_hp_gain":0.0,"max_hp_loss":0.0,"gold_gain":0.0,"event_name":"Scrap Ooze","player_choice":"Success","floor":10.0,"gold_loss":0.0,"damage_taken":5.0,"relics_obtained":["Shovel"]},{"damage_healed":0.0,"max_hp_gain":0.0,"max_hp_loss":0.0,"gold_gain":0.0,"event_name":"Vampires","player_choice":"Ignored","floor":19.0,"gold_loss":0.0,"damage_taken":0.0},{"damage_healed":0.0,"max_hp_gain":0.0,"max_hp_loss":0.0,"gold_gain":0.0,"event_name":"Forgotten Altar","player_choice":"Smashed Altar","floor":20.0,"gold_loss":0.0,"damage_taken":0.0,"cards_obtained":["Decay"]}],"is_beta":false,"boss_relics":[{"not_picked":["Runic Dome","Philosopher\u0027s Stone"],"picked":"Calling Bell"}],"items_purged_floors":[21],"is_endless":false,"potions_floor_spawned":[1,5,13,14,22,23,24],"killed_by":"Gremlin Leader","ascension_level":20}}