{"host":"gg","time":1613685952,"event":{"mods":["BaseMod","Colored Map","Googly Eyes","Minty Spire (QoL Compilation)","Relic Stats","The IronCluck"],"gold_per_floor":[111,111,124,124,124,150,168,196,222,239,239,265,277,316,328,417,429,453,476,488,488],"floor_reached":20,"language":"ENG","playtime":1092,"items_purged":[],"score":654,"play_id":"d7456fbb-ded5-44d7-8838-611cde4f66e6","local_time":"20210218140552","is_ascension_mode":true,"campfire_choices":[{"data":"Eruption","floor":11,"key":"SMITH"},{"data":"CrushJoints","floor":13,"key":"SMITH"},{"data":"Adaptation","floor":15,"key":"SMITH"}],"circlet_count":0,"master_deck":["AscendersBane","Strike_P","Strike_P","Strike_P","Strike_P+1","Defend_P","Defend_P+1","Defend_P","Eruption+1","Vigilance","CrushJoints+1","Consecrate","Wallop","FlurryOfBlows","ReachHeaven","Halt","Adaptation+1","Vault","EmptyFist","ThirdEye"],"relics":["PureWater","NeowsBlessing","Lantern","Bag of Marbles","Omamori","MawBank","Toy Ornithopter","Runic Pyramid"],"acts_visited":["Exordium","TheCity"],"potions_floor_usage":[8,18],"damage_taken":[{"damage":0,"enemies":"Jaw Worm","floor":1,"turns":1},{"damage":0,"enemies":"2 Louse","floor":3,"turns":2},{"damage":0,"enemies":"Lagavulin","floor":6,"turns":1},{"damage":0,"enemies":"Small Slimes","floor":7,"turns":2},{"damage":0,"enemies":"3 Sentries","floor":8,"turns":3},{"damage":0,"enemies":"Blue Slaver","floor":10,"turns":1},{"damage":0,"enemies":"Gremlin Nob","floor":12,"turns":2},{"damage":14,"enemies":"Lagavulin","floor":14,"turns":5},{"damage":0,"enemies":"Slime Boss","floor":16,"turns":3},{"damage":2,"enemies":"3 Byrds","floor":18,"turns":6},{"damage":17,"enemies":"2 Thieves","floor":19,"turns":3},{"damage":59,"enemies":"Snecko","floor":20,"turns":7}],"seed_played":"-1287046008132155910","potions_obtained":[{"floor":6,"key":"Block Potion"},{"floor":7,"key":"PowerPotion"},{"floor":8,"key":"SmokeBomb"},{"floor":12,"key":"LiquidBronze"},{"floor":16,"key":"Block Potion"}],"is_trial":false,"path_per_floor":["M","?","M","?","?","E","M","E","T","M","R","E","R","E","R","B",null,"M","M","M"],"character_chosen":"WATCHER","items_purchased":[],"campfire_rested":0,"item_purchase_floors":[],"current_hp_per_floor":[61,54,54,59,37,37,37,37,37,37,37,37,37,23,23,23,61,64,47,0,0],"gold":488,"neow_bonus":"THREE_ENEMY_KILL","is_daily":false,"chose_seed":false,"campfire_upgraded":3,"win_rate":0.0,"timestamp":1613685952,"path_taken":["M","?","M","?","?","E","M","E","T","M","R","E","R","E","R","BOSS","M","M","M"],"items_purchased_type":[],"build_version":"2020-12-18","purchased_purges":0,"victory":false,"max_hp_per_floor":[68,68,68,73,73,73,73,73,73,73,73,73,73,73,73,73,73,73,73,73,73],"relic_stats":{"counters":[12,36],"MawBank":96,"obtain_stats":[{"Lantern":6,"NeowsBlessing":0,"Bag of Marbles":8,"Omamori":9,"PureWater":0,"MawBank":12,"Toy Ornithopter":14,"Runic Pyramid":17},{"Lantern":3,"NeowsBlessing":0,"Bag of Marbles":5,"Omamori":5,"PureWater":0,"MawBank":7,"Toy Ornithopter":8,"Runic Pyramid":9},{"Lantern":4,"NeowsBlessing":0,"Bag of Marbles":9,"Omamori":9,"PureWater":0,"MawBank":12,"Toy Ornithopter":17,"Runic Pyramid":20}],"Toy Ornithopter":5},"card_choices":[{"not_picked":["FollowUp","Evaluate"],"picked":"CrushJoints","floor":1},{"not_picked":["FlyingSleeves","Prostrate"],"picked":"Consecrate","floor":3},{"not_picked":["LikeWater","Prostrate"],"picked":"Wallop","floor":6},{"not_picked":["Evaluate","FlyingSleeves"],"picked":"FlurryOfBlows","floor":7},{"not_picked":["Nirvana","Swivel"],"picked":"ReachHeaven","floor":8},{"not_picked":["Indignation","Crescendo","SashWhip"],"picked":"SKIP","floor":10},{"not_picked":["Establishment","CrushJoints"],"picked":"Halt","floor":12},{"not_picked":["Halt","PathToVictory"],"picked":"Adaptation","floor":14},{"not_picked":["SpiritShield","Establishment"],"picked":"Vault","floor":16},{"not_picked":["ClearTheMind","BowlingBash"],"picked":"EmptyFist","floor":18},{"not_picked":["EmptyMind","WindmillStrike"],"picked":"ThirdEye","floor":19}],"player_experience":1350946,"relics_obtained":[{"floor":6,"key":"Lantern"},{"floor":8,"key":"Bag of Marbles"},{"floor":9,"key":"Omamori"},{"floor":12,"key":"MawBank"},{"floor":14,"key":"Toy Ornithopter"}],"event_choices":[{"cards_removed":["Defend_P"],"damage_healed":0,"gold_gain":0,"player_choice":"Card Removal","damage_taken":7,"max_hp_gain":0,"max_hp_loss":0,"event_name":"Golden Wing","floor":2,"gold_loss":0},{"damage_healed":0,"gold_gain":0,"player_choice":"Donut","damage_taken":0,"max_hp_gain":5,"max_hp_loss":0,"event_name":"Big Fish","floor":4,"gold_loss":0},{"damage_healed":0,"gold_gain":0,"player_choice":"Entered Light","damage_taken":22,"max_hp_gain":0,"max_hp_loss":0,"event_name":"Shining Light","floor":5,"gold_loss":0,"cards_upgraded":["Strike_P","Defend_P"]}],"is_beta":true,"boss_relics":[{"not_picked":["Busted Crown","Runic Dome"],"picked":"Runic Pyramid"}],"items_purged_floors":[],"is_endless":false,"potions_floor_spawned":[6,7,8,12,16],"killed_by":"Snecko","ascension_level":20}}