{"host":"en4narc5947t7k9n","time":1613653197,"event":{"mods":["AchievementEnabler","BaseMod","Colored Map","Minty Spire (QoL Compilation)","SuperFastMode"],"gold_per_floor":[119,49,66,19,31,66,66,80,80,80,140,155,182,182,182,286,286,306,306,68,84,94,107,107,107,107,175,185,284,284,284,284,284,284],"floor_reached":33,"language":"KOR","playtime":2251,"items_purged":[],"score":257,"play_id":"25eaa06c-9368-448a-a8ab-9799205d2c99","local_time":"20210218215957","is_ascension_mode":false,"campfire_choices":[{"data":"Crippling Poison","floor":7,"key":"SMITH"},{"data":"Blade Dance","floor":10,"key":"SMITH"},{"data":"Bullet Time","floor":15,"key":"SMITH"},{"data":"Storm of Steel","floor":24,"key":"SMITH"},{"floor":32,"key":"REST"}],"circlet_count":0,"master_deck":["Defend_G","Defend_G","Defend_G","Defend_G","Survivor","Neutralize","Leg Sweep","Noxious Fumes","Crippling Poison+1","Bane","Blade Dance+1","Backflip","Bullet Time+1","Cloak And Dagger","Tactician","Storm of Steel+1","Malaise+1","Night Terror+1","Accuracy+1","Cloak And Dagger","Acrobatics","Choke","Terror","Flechettes+1","Envenom","Doppelganger"],"relics":["Ring of the Snake","NeowsBlessing","Regal Pillow","PreservedInsect","Blue Candle","Juzu Bracelet","Nloth\u0027s Gift","Sundial","HornCleat","Darkstone Periapt"],"acts_visited":["Exordium","TheCity"],"potions_floor_usage":[11,16,16,16,21,23,31],"damage_taken":[{"damage":0,"enemies":"2 Louse","floor":1,"turns":1},{"damage":0,"enemies":"Jaw Worm","floor":3,"turns":1},{"damage":0,"enemies":"Cultist","floor":5,"turns":1},{"damage":35,"enemies":"Gremlin Nob","floor":6,"turns":5},{"damage":2,"enemies":"Exordium Thugs","floor":8,"turns":5},{"damage":0,"enemies":"3 Sentries","floor":11,"turns":6},{"damage":0,"enemies":"3 Louse","floor":12,"turns":2},{"damage":11,"enemies":"3 Sentries","floor":13,"turns":6},{"damage":20,"enemies":"The Guardian","floor":16,"turns":12},{"damage":5,"enemies":"3 Byrds","floor":18,"turns":7},{"damage":17,"enemies":"Shell Parasite","floor":21,"turns":6},{"damage":18,"enemies":"Snecko","floor":22,"turns":6},{"damage":4,"enemies":"Cultist and Chosen","floor":23,"turns":6},{"damage":7,"enemies":"Centurion and Healer","floor":28,"turns":5},{"damage":21,"enemies":"Chosen and Byrds","floor":31,"turns":6},{"damage":46,"enemies":"Collector","floor":33,"turns":7}],"seed_played":"-2520895317477997727","potions_obtained":[{"floor":5,"key":"Fire Potion"},{"floor":8,"key":"ColorlessPotion"},{"floor":11,"key":"GamblersBrew"},{"floor":13,"key":"Block Potion"},{"floor":16,"key":"ColorlessPotion"},{"floor":18,"key":"SmokeBomb"},{"floor":22,"key":"Dexterity Potion"},{"floor":28,"key":"SmokeBomb"}],"is_trial":false,"path_per_floor":["M","$","M","$","M","E","R","M","T","R","?","M","E","?","R","B",null,"M","?","$","M","M","M","R","?","T","T","M","?","?","M","R","B"],"character_chosen":"THE_SILENT","items_purchased":["Noxious Fumes","Bane","Sundial"],"campfire_rested":1,"item_purchase_floors":[2,4,20],"current_hp_per_floor":[70,70,70,70,70,35,35,33,33,33,33,33,22,27,27,7,75,70,70,70,53,35,31,31,31,31,31,24,24,24,3,40,0,0],"gold":284,"neow_bonus":"THREE_ENEMY_KILL","is_daily":false,"chose_seed":false,"campfire_upgraded":4,"win_rate":0.0,"timestamp":1613653197,"path_taken":["M","$","M","$","M","E","R","M","T","R","?","M","E","?","R","BOSS","M","?","$","M","M","M","R","?","T","?","M","?","?","M","R","BOSS"],"items_purchased_type":["Card","Card","Relic"],"build_version":"2020-12-22","purchased_purges":0,"victory":false,"max_hp_per_floor":[70,70,70,70,70,70,70,70,70,70,70,70,70,75,75,75,75,75,75,75,75,75,75,75,75,75,75,75,75,75,75,75,75,75],"card_choices":[{"not_picked":["PiercingWail","Quick Slash"],"picked":"Leg Sweep","floor":1},{"not_picked":["Eviscerate","Leg Sweep"],"picked":"Crippling Poison","floor":3},{"not_picked":["Well Laid Plans","Predator","Underhanded Strike"],"picked":"SKIP","floor":5},{"not_picked":["Heel Hook","Leg Sweep"],"picked":"Blade Dance","floor":6},{"not_picked":["Eviscerate","Quick Slash"],"picked":"Backflip","floor":8},{"not_picked":["Cloak And Dagger","Distraction"],"picked":"Bullet Time","floor":11},{"not_picked":["Sucker Punch","Well Laid Plans"],"picked":"Cloak And Dagger","floor":12},{"not_picked":["Backflip","Slice"],"picked":"Tactician","floor":13},{"not_picked":["Corpse Explosion","Glass Knife"],"picked":"Storm of Steel","floor":16},{"not_picked":["Flying Knee+1","Quick Slash+1"],"picked":"Cloak And Dagger","floor":18},{"not_picked":["Dodge and Roll","Cloak And Dagger"],"picked":"Acrobatics","floor":21},{"not_picked":["Escape Plan+1","Endless Agony"],"picked":"Choke","floor":22},{"not_picked":["Skewer+1","Predator"],"picked":"Terror","floor":23},{"not_picked":["Malaise","Dagger Throw"],"picked":"Flechettes+1","floor":28}],"player_experience":64685,"relics_obtained":[{"floor":6,"key":"Regal Pillow"},{"floor":9,"key":"PreservedInsect"},{"floor":11,"key":"Blue Candle"},{"floor":13,"key":"Juzu Bracelet"},{"floor":26,"key":"HornCleat"},{"floor":27,"key":"Darkstone Periapt"}],"event_choices":[{"damage_healed":0,"gold_gain":0,"player_choice":"Searched \u00271\u0027 times","damage_taken":0,"max_hp_gain":0,"max_hp_loss":0,"event_name":"Dead Adventurer","floor":11,"gold_loss":0},{"damage_healed":0,"gold_gain":0,"player_choice":"Donut","damage_taken":0,"max_hp_gain":5,"max_hp_loss":0,"event_name":"Big Fish","floor":14,"gold_loss":0},{"damage_healed":0,"gold_gain":0,"player_choice":"Traded Relic","damage_taken":0,"relics_obtained":["Nloth\u0027s Gift"],"max_hp_gain":0,"max_hp_loss":0,"event_name":"N\u0027loth","floor":19,"relics_lost":["Astrolabe"],"gold_loss":0},{"cards_removed":["Strike_G"],"damage_healed":0,"gold_gain":0,"player_choice":"Offered Basic","damage_taken":0,"max_hp_gain":0,"max_hp_loss":0,"event_name":"Bonfire Elementals","floor":25,"gold_loss":0},{"damage_healed":0,"gold_gain":99,"player_choice":"Stole From Cult","damage_taken":0,"max_hp_gain":0,"max_hp_loss":0,"event_name":"Nest","floor":29,"gold_loss":0},{"damage_healed":0,"gold_gain":0,"cards_transformed":["Strike_G","Defend_G"],"player_choice":"Became Test Subject","damage_taken":0,"max_hp_gain":0,"max_hp_loss":0,"event_name":"Drug Dealer","floor":30,"gold_loss":0,"cards_obtained":["Envenom","Doppelganger"]}],"is_beta":false,"boss_relics":[{"not_picked":["Snecko Eye","HoveringKite"],"picked":"Astrolabe"}],"items_purged_floors":[],"is_endless":false,"potions_floor_spawned":[5,8,11,13,16,18,22,28],"killed_by":"Collector","ascension_level":0}}