{"host":"jsd6g3c2vo13e69c","time":1614379797,"event":{"mods":["2.2 Compatiblity","Act Like it!","BaseMod","Better Altar","Better Match","Better Note","Better Sensory Stone","Better Third Choice","BetterRewards","Colored Map","Colored Powertips","Downfall","Friendly Minions","GifTheSpireLib","Googly Eyes","Gremlin Mod","Hermit","Hubris","Infinite Spire","Melee Mod","Minty Spire (QoL Compilation)","Permanent Neow","Quick Restart","Random Character Button","Replay The Spire","Shop Mod","Spire Arcade","StSLib","The Cursed","The Disciple","The Forsaken","thorton"],"gold_per_floor":[0,18,30,30,49,49,76,92,103,116,135,310,330,344,360,360,360,360],"floor_reached":16,"language":"ENG","playtime":4117,"items_purged":[],"score":100,"play_id":"a2ebd474-f2da-44e5-9eea-3d5cb36b69a9","local_time":"20210226174957","is_ascension_mode":false,"campfire_choices":[{"data":"hexamod:Sear","floor":1,"key":"SMITH"}],"circlet_count":0,"master_deck":["hexamod:Strike","hexamod:Strike","hexamod:Strike+1","hexamod:Strike","hexamod:Defend","hexamod:Defend","hexamod:Defend","hexamod:Defend","hexamod:Sear+1","hexamod:Float","hexamod:BurningTouch","hubris:InfiniteBlow+9","hexamod:SearingWound","hexamod:SpectersWail","hexamod:SixthSeal","Doubt","hexamod:SoulSteal"],"relics":["hexamod:SpiritBrand","Blue Candle"],"acts_visited":["Exordium"],"potions_floor_usage":[15,16,16],"damage_taken":[{"damage":0,"enemies":"Cultist","floor":2,"turns":3},{"damage":0,"enemies":"Small Slimes","floor":3,"turns":3},{"damage":0,"enemies":"2 Louse","floor":5,"turns":3},{"damage":0,"enemies":"Large Slime","floor":8,"turns":2},{"damage":13,"enemies":"Exordium Thugs","floor":9,"turns":3},{"damage":0,"enemies":"2 Fungi Beasts","floor":10,"turns":2},{"damage":7,"enemies":"3 Louse","floor":11,"turns":2},{"damage":10,"enemies":"Blue Slaver","floor":13,"turns":3},{"damage":3,"enemies":"Exordium Thugs","floor":14,"turns":4},{"damage":0,"enemies":"Lots of Slimes","floor":15,"turns":2},{"damage":49,"enemies":"DF_ARCHETYPE_STREAMLINE","floor":16,"turns":6}],"seed_played":"-4633233420683480687","potions_obtained":[{"floor":2,"key":"Regen Potion"},{"floor":3,"key":"LiquidBronze"},{"floor":5,"key":"Strength Potion"},{"floor":11,"key":"Block Potion"},{"floor":14,"key":"Explosive Potion"}],"is_trial":false,"path_per_floor":["R","M","M","?","M","?","T","M","M","M","M","?","M","M","M","B"],"character_chosen":"THE_SPIRIT","items_purchased":[],"campfire_rested":0,"item_purchase_floors":[],"current_hp_per_floor":[84,84,84,79,79,58,58,58,45,45,38,38,28,25,25,0,0,0],"gold":360,"neow_bonus":"TWENTY_PERCENT_HP_BONUS","is_daily":false,"chose_seed":false,"campfire_upgraded":1,"win_rate":0.0,"timestamp":1614379797,"path_taken":["R","M","M","?","M","?","T","M","M","M","M","?","M","M","M","BOSS"],"items_purchased_type":[],"build_version":"2020-12-22","purchased_purges":0,"victory":false,"max_hp_per_floor":[84,84,84,84,84,84,84,84,84,84,84,84,84,84,84,84,84,84],"card_choices":[{"not_picked":["hexamod:SuperheatedStrike","hexamod:HeatMetal","hexamod:SpectralAdrenaline"],"picked":"SKIP","floor":2},{"not_picked":["hexamod:SuperheatedStrike","hexamod:InspiringFlames"],"picked":"hexamod:BurningTouch","floor":3},{"not_picked":["hexamod:HeatMetal","hexamod:SuperheatedStrike","hexamod:ShieldOfDarkness"],"picked":"SKIP","floor":5},{"not_picked":["infinitespire:Execution","ReplayTheSpireMod:Book of Names"],"picked":"hubris:InfiniteBlow+9","floor":6},{"not_picked":["hexamod:GhostOfSpirePast","hexamod:GhostLash"],"picked":"hexamod:SearingWound","floor":8},{"not_picked":["hexamod:Firestarter","hexamod:ShieldOfDarkness","hexamod:HauntingEcho"],"picked":"SKIP","floor":9},{"not_picked":["hexamod:ThermalTransfer","hexamod:SpectersWail","hexamod:Again"],"picked":"SKIP","floor":10},{"not_picked":["hexamod:ThermalTransfer","hexamod:Again"],"picked":"hexamod:SpectersWail","floor":10},{"not_picked":["hexamod:SuperheatedStrike","hexamod:SecondSeal"],"picked":"hexamod:SixthSeal","floor":11},{"not_picked":["hexamod:HauntingEcho","hexamod:Firestarter","hexamod:InspiringFlames"],"picked":"SKIP","floor":13},{"not_picked":["hexamod:Firestarter","hexamod:GhostShield","hexamod:Again"],"picked":"SKIP","floor":14},{"not_picked":["hexamod:NightmareGuise","hexamod:BurningTouch"],"picked":"hexamod:SoulSteal","floor":15}],"player_experience":505824,"relics_obtained":[],"event_choices":[],"is_beta":false,"boss_relics":[],"items_purged_floors":[],"is_endless":false,"potions_floor_spawned":[2,3,5,11,14],"killed_by":"DF_ARCHETYPE_STREAMLINE","ascension_level":0}}