{"host":"928gv66myv2vlnsd","time":1614307388,"event":{"mods":["BaseMod","Highlight Path","Minty Spire (QoL Compilation)","Relic Stats","StSLib"],"gold_per_floor":[113,12,32,52,52,80,50,65,88,107,119,132,57,92,92,171,171,189,200,200,200,200,200,229,229,229,254,272,287,287,78,78,78,78],"floor_reached":33,"language":"ENG","playtime":1535,"items_purged":["Strike_R"],"score":619,"play_id":"7a9baeb1-81b2-4525-a6f5-9eee1b639a27","local_time":"20210225214308","is_ascension_mode":true,"campfire_choices":[{"data":"Sword Boomerang","floor":15,"key":"SMITH"},{"floor":23,"key":"REST"},{"floor":25,"key":"REST"},{"data":"Armaments","floor":32,"key":"SMITH"}],"circlet_count":0,"master_deck":["AscendersBane","Strike_R+1","Defend_R+1","Defend_R+1","Defend_R+1","Defend_R+1","Bash","Sword Boomerang+1","Shrug It Off","Combust+1","Disarm","Headbutt","Shrug It Off","Battle Trance","Feed","Dark Embrace","Disarm","Body Slam","Reaper","Clothesline","Impervious","Inflame","Double Tap","Flame Barrier+1","Armaments+1"],"relics":["Burning Blood","NeowsBlessing","Vajra","PreservedInsect","Anchor","Empty Cage","Dream Catcher","Self Forming Clay","Eternal Feather","White Beast Statue","Lee\u0027s Waffle"],"acts_visited":["Exordium","TheCity"],"potions_floor_usage":[16,24,28],"damage_taken":[{"damage":0,"enemies":"Cultist","floor":1,"turns":1},{"damage":0,"enemies":"Small Slimes","floor":3,"turns":1},{"damage":0,"enemies":"2 Louse","floor":4,"turns":1},{"damage":20,"enemies":"3 Sentries","floor":6,"turns":6},{"damage":16,"enemies":"Exordium Wildlife","floor":8,"turns":4},{"damage":4,"enemies":"3 Louse","floor":10,"turns":3},{"damage":1,"enemies":"Looter","floor":11,"turns":4},{"damage":7,"enemies":"2 Fungi Beasts","floor":12,"turns":3},{"damage":16,"enemies":"Lagavulin","floor":14,"turns":8},{"damage":34,"enemies":"Slime Boss","floor":16,"turns":11},{"damage":5,"enemies":"3 Byrds","floor":18,"turns":4},{"damage":33,"enemies":"Chosen","floor":19,"turns":9},{"damage":75,"enemies":"Gremlin Leader","floor":24,"turns":10},{"damage":16,"enemies":"Book of Stabbing","floor":27,"turns":8},{"damage":33,"enemies":"Sentry and Sphere","floor":28,"turns":10},{"damage":2,"enemies":"Snake Plant","floor":29,"turns":7},{"damage":131,"enemies":"Automaton","floor":33,"turns":10}],"seed_played":"4726816082094005781","potions_obtained":[{"floor":6,"key":"Strength Potion"},{"floor":8,"key":"Energy Potion"},{"floor":11,"key":"SkillPotion"},{"floor":24,"key":"SteroidPotion"},{"floor":28,"key":"SteroidPotion"},{"floor":29,"key":"FearPotion"}],"is_trial":false,"path_per_floor":["M","$","M","M","?","E","$","M","T","M","M","M","?","E","R","B",null,"M","M","?","?","?","R","E","R","T","E","M","M","?","$","R","B"],"character_chosen":"IRONCLAD","items_purchased":["Shrug It Off","Shrug It Off","Lee\u0027s Waffle","Armaments"],"campfire_rested":2,"item_purchase_floors":[2,7,31,31],"current_hp_per_floor":[74,74,75,75,75,61,61,51,51,53,61,63,63,56,56,31,73,81,57,57,57,57,84,27,55,55,45,21,35,35,109,109,0,0],"gold":78,"neow_bonus":"THREE_ENEMY_KILL","is_daily":false,"chose_seed":false,"campfire_upgraded":2,"win_rate":0.0,"timestamp":1614307388,"path_taken":["M","$","M","?","?","E","$","M","T","M","M","M","?","E","R","BOSS","M","M","?","?","?","R","E","R","T","E","M","M","?","$","R","BOSS"],"items_purchased_type":["Card","Card","Relic","Card"],"build_version":"2020-12-22","purchased_purges":1,"victory":false,"max_hp_per_floor":[75,75,75,75,75,75,75,75,75,75,78,81,81,84,84,87,87,90,93,93,93,93,93,96,96,96,96,99,102,102,109,109,109,109],"relic_stats":{"Dream Catcher":2,"Lee\u0027s Waffle":74,"counters":[17,100],"Self Forming Clay":[96],"Eternal Feather":0,"PreservedInsect":127,"obtain_stats":[{"Anchor":14,"Dream Catcher":22,"Lee\u0027s Waffle":31,"NeowsBlessing":0,"Self Forming Clay":24,"Vajra":6,"Eternal Feather":26,"PreservedInsect":9,"Empty Cage":17,"Burning Blood":0,"White Beast Statue":27},{"Anchor":9,"Dream Catcher":12,"Lee\u0027s Waffle":16,"NeowsBlessing":0,"Self Forming Clay":13,"Vajra":4,"Eternal Feather":13,"PreservedInsect":5,"Empty Cage":10,"Burning Blood":0,"White Beast Statue":14},{"Anchor":31,"Dream Catcher":55,"Lee\u0027s Waffle":90,"NeowsBlessing":0,"Self Forming Clay":65,"Vajra":9,"Eternal Feather":65,"PreservedInsect":13,"Empty Cage":42,"Burning Blood":0,"White Beast Statue":73}],"Burning Blood":85},"card_choices":[{"not_picked":["Thunderclap","Shockwave"],"picked":"Sword Boomerang","floor":1},{"not_picked":["Sword Boomerang","Metallicize"],"picked":"Combust","floor":3},{"not_picked":["Pommel Strike","Sword Boomerang"],"picked":"Disarm","floor":4},{"not_picked":["Dropkick","Havoc"],"picked":"Headbutt","floor":6},{"not_picked":["Clash","Sentinel"],"picked":"Battle Trance","floor":8},{"not_picked":["Wild Strike","Cleave"],"picked":"Feed","floor":10},{"not_picked":["Shrug It Off","Warcry"],"picked":"Dark Embrace","floor":11},{"not_picked":["Shockwave","Intimidate"],"picked":"Disarm","floor":12},{"not_picked":["Flex","Body Slam","Thunderclap"],"picked":"SKIP","floor":14},{"not_picked":["Flex","Thunderclap"],"picked":"Body Slam","floor":14},{"not_picked":["Double Tap","Exhume"],"picked":"Reaper","floor":16},{"not_picked":["Dark Embrace","Second Wind+1","Sword Boomerang"],"picked":"SKIP","floor":18},{"not_picked":["Sword Boomerang","Second Wind"],"picked":"Clothesline","floor":19},{"not_picked":["Flex","Brutality","Clash"],"picked":"SKIP","floor":24},{"not_picked":["Twin Strike","Armaments"],"picked":"Inflame","floor":27},{"not_picked":["Iron Wave","Clash"],"picked":"Double Tap","floor":28},{"not_picked":["Wild Strike","Metallicize"],"picked":"Flame Barrier+1","floor":29}],"player_experience":1483756,"relics_obtained":[{"floor":6,"key":"Vajra"},{"floor":9,"key":"PreservedInsect"},{"floor":14,"key":"Anchor"},{"floor":24,"key":"Self Forming Clay"},{"floor":26,"key":"Eternal Feather"},{"floor":27,"key":"White Beast Statue"}],"event_choices":[{"damage_healed":0,"gold_gain":0,"player_choice":"Grow","damage_taken":0,"max_hp_gain":0,"max_hp_loss":0,"event_name":"Living Wall","floor":5,"gold_loss":0,"cards_upgraded":["Combust"]},{"cards_removed":["Strike_R"],"damage_healed":0,"gold_gain":0,"player_choice":"Card Removal","damage_taken":0,"max_hp_gain":0,"max_hp_loss":0,"event_name":"The Cleric","floor":13,"gold_loss":75},{"damage_healed":0,"gold_gain":0,"player_choice":"Simplicity","damage_taken":0,"max_hp_gain":0,"max_hp_loss":0,"event_name":"Back to Basics","floor":20,"gold_loss":0,"cards_upgraded":["Strike_R","Defend_R","Defend_R","Defend_R","Defend_R"]},{"damage_healed":0,"gold_gain":0,"player_choice":"Read","damage_taken":0,"max_hp_gain":0,"max_hp_loss":0,"event_name":"The Library","floor":21,"gold_loss":0,"cards_obtained":["Impervious"]},{"damage_healed":0,"gold_gain":0,"player_choice":"Opened","damage_taken":0,"relics_obtained":["Dream Catcher"],"max_hp_gain":0,"max_hp_loss":0,"event_name":"The Mausoleum","floor":22,"gold_loss":0,"cards_obtained":["Writhe"]},{"cards_removed":["Writhe"],"damage_healed":0,"gold_gain":0,"player_choice":"Removed Curses","damage_taken":0,"max_hp_gain":0,"max_hp_loss":0,"event_name":"Fountain of Cleansing","floor":30,"gold_loss":0}],"is_beta":false,"boss_relics":[{"not_picked":["Calling Bell","Mark of Pain"],"picked":"Empty Cage"}],"items_purged_floors":[2],"is_endless":false,"potions_floor_spawned":[6,8,11,12,24,28,29],"killed_by":"Automaton","ascension_level":20}}