{"host":"bun66rhxl4zngnso","time":1614310845,"event":{"mods":["2.2 Compatiblity","AchievementEnabler","Act Like it!","Arknights","BaseMod","KOR Keyword Fix","KinomotoSakuraMod(ÙÊñýÜâ?)","Koishi","Marisa£¨Ùöéë¡¡Øª×âÞÞ£©","Minty Spire (QoL Compilation)","Permanent Neow","Reimu£¨ÚÏ???£©","Remilia£¨?Ú·×é?£©","StSLib","SuperFastMode","The Runesmith","The Servant 0.9.4","Youmu£¨ûëÛÞèí?£©"],"gold_per_floor":[219,232,307,323,323,323,323],"floor_reached":6,"language":"KOR","playtime":254,"items_purged":[],"score":36,"play_id":"2983e33d-388b-478e-a966-25971fce25b3","local_time":"20210226124045","is_ascension_mode":false,"campfire_choices":[],"circlet_count":0,"master_deck":["Koishi:BasicStrike","Koishi:BasicStrike","Koishi:BasicStrike","Koishi:BasicStrike","Koishi:BasicDefend","Koishi:BasicDefend","Koishi:BasicDefend","Koishi:BasicDefend","Koishi:Provoke","Koishi:HauntingSlash","Koishi:MassHysteria","Koishi:RacingHeart","Koishi:Possession+1"],"relics":["Koishi:ImaginaryFriend"],"acts_visited":["Exordium"],"potions_floor_usage":[4],"damage_taken":[{"damage":1,"enemies":"Cultist","floor":1,"turns":4},{"damage":0,"enemies":"2 Louse","floor":2,"turns":2},{"damage":3,"enemies":"Small Slimes","floor":4,"turns":3},{"damage":48,"enemies":"3 Sentries","floor":6,"turns":6}],"seed_played":"3360851074221710659","potions_obtained":[{"floor":1,"key":"Swift Potion"}],"is_trial":false,"path_per_floor":["M","M","?","M","?","E"],"character_chosen":"KOISHI","items_purchased":[],"campfire_rested":0,"item_purchase_floors":[],"current_hp_per_floor":[60,60,49,46,46,0,0],"gold":323,"neow_bonus":"HUNDRED_GOLD","is_daily":false,"chose_seed":false,"campfire_upgraded":0,"win_rate":0.0,"timestamp":1614310845,"path_taken":["M","M","?","M","?","E"],"items_purchased_type":[],"build_version":"2020-12-22","purchased_purges":0,"victory":false,"max_hp_per_floor":[60,60,60,60,60,60,60],"card_choices":[{"not_picked":["Koishi:FleetingPhantom","Koishi:CatchAndRose"],"picked":"Koishi:MassHysteria","floor":1},{"not_picked":["Koishi:SpiritedAway","Koishi:Prune"],"picked":"Koishi:RacingHeart","floor":2},{"not_picked":["Koishi:UnansweredLove","Koishi:FidgetySnatcher"],"picked":"Koishi:Possession","floor":4}],"player_experience":22662,"relics_obtained":[],"event_choices":[{"damage_healed":0,"gold_gain":75,"player_choice":"Gather Gold","damage_taken":11,"max_hp_gain":0,"max_hp_loss":0,"event_name":"World of Goop","floor":3,"gold_loss":0},{"damage_healed":0,"gold_gain":0,"player_choice":"Grow","damage_taken":0,"max_hp_gain":0,"max_hp_loss":0,"event_name":"Living Wall","floor":5,"gold_loss":0,"cards_upgraded":["Koishi:Possession"]}],"is_beta":false,"boss_relics":[],"items_purged_floors":[],"is_endless":false,"potions_floor_spawned":[1],"killed_by":"3 Sentries","ascension_level":0}}