{"host":"qc8p2flj7wsy3zpg","time":1614359880,"event":{"mods":["BaseMod","Highlight Path","Minty Spire (QoL Compilation)","Monster List Patch","Relic Stats","StSLib"],"gold_per_floor":[110,124,124,141,141,141,141],"floor_reached":6,"language":"ENG","playtime":143,"items_purged":[],"score":72,"play_id":"903b7d41-9da4-4ac6-8f68-c1d84fb35fab","local_time":"20210226111800","is_ascension_mode":true,"campfire_choices":[],"circlet_count":0,"master_deck":["AscendersBane","Strike_R","Strike_R","Strike_R","Strike_R","Strike_R","Defend_R","Defend_R","Defend_R+1","Defend_R","Bash","Twin Strike+1","Shrug It Off","Pommel Strike"],"relics":["Runic Cube"],"acts_visited":["Exordium"],"potions_floor_usage":[6],"damage_taken":[{"damage":9.0,"enemies":"Jaw Worm","floor":1.0,"turns":6.0},{"damage":9.0,"enemies":"Small Slimes","floor":2.0,"turns":4.0},{"damage":2.0,"enemies":"2 Louse","floor":4.0,"turns":2.0},{"damage":27,"enemies":"Gremlin Nob","floor":6,"turns":3}],"seed_played":"6049787058783698302","potions_obtained":[{"floor":2.0,"key":"Dexterity Potion"}],"is_trial":false,"path_per_floor":["M","M","?","M","?","E"],"character_chosen":"IRONCLAD","items_purchased":[],"campfire_rested":0,"item_purchase_floors":[],"current_hp_per_floor":[59,50,50,48,25,0,0],"gold":141,"neow_bonus":"BOSS_RELIC","is_daily":false,"chose_seed":false,"campfire_upgraded":0,"win_rate":0.0,"timestamp":1614359880,"path_taken":["M","M","?","M","?","E"],"items_purchased_type":[],"build_version":"2020-12-22","purchased_purges":0,"victory":false,"max_hp_per_floor":[75,75,75,75,75,75,75],"relic_stats":{"counters":[4,15],"obtain_stats":[{"Burning Blood":0,"Runic Cube":0},{"Burning Blood":0,"Runic Cube":0},{"Burning Blood":0,"Runic Cube":0}],"Runic Cube":[7]},"card_choices":[{"not_picked":["Flex","Burning Pact"],"picked":"Twin Strike","floor":1.0},{"not_picked":["Metallicize","Intimidate"],"picked":"Shrug It Off","floor":2.0},{"not_picked":["Feel No Pain","Headbutt"],"picked":"Pommel Strike","floor":4.0}],"player_experience":2438504,"relics_obtained":[],"event_choices":[{"damage_healed":0.0,"max_hp_gain":0.0,"max_hp_loss":0.0,"gold_gain":0.0,"event_name":"Liars Game","player_choice":"Ignored","floor":3.0,"gold_loss":0.0,"damage_taken":0.0},{"damage_healed":0.0,"max_hp_gain":0.0,"max_hp_loss":0.0,"gold_gain":0.0,"event_name":"Shining Light","player_choice":"Entered Light","floor":5.0,"gold_loss":0.0,"damage_taken":23.0,"cards_upgraded":["Defend_R","Twin Strike"]}],"is_beta":false,"boss_relics":[],"items_purged_floors":[],"is_endless":false,"potions_floor_spawned":[2],"killed_by":"Gremlin Nob","ascension_level":20}}