{"host":"q4axc00jr2bozlh9","time":1614367926,"event":{"mods":["AchievementEnabler","BaseMod","Bestiary","Colored Map","Colored Powertips","Curses Come First","Minty Spire (QoL Compilation)","Relic Stats","StSLib","SuperFastMode","UnlockEverythingMod"],"gold_per_floor":[17,34,48,61,71,84,97,22,22,36,69,89,89,89,89,187,187,206,206,206,27,27,47,47,47,47,47,47],"floor_reached":27,"language":"ENG","playtime":921,"items_purged":["Defend_R","Shame"],"score":217,"play_id":"a73edf31-356a-4d74-9b85-9da25618691e","local_time":"20210226203206","is_ascension_mode":false,"campfire_choices":[{"data":"Armaments","floor":13,"key":"SMITH"},{"data":"1","floor":15,"key":"LIFT"}],"circlet_count":0,"master_deck":["Strike_R","Defend_R","Defend_R","Defend_R","Bash","Blood for Blood","Bludgeon","Burning Pact","Berserk","Iron Wave","Flame Barrier","Armaments+1","Battle Trance","Metallicize","Limit Break","Shrug It Off+1","Dark Embrace","Spot Weakness"],"relics":["Burning Blood","Girya","Black Star","Question Card","Thread and Needle","MutagenicStrength","Bottled Lightning"],"acts_visited":["Exordium","TheCity"],"potions_floor_usage":[11,11,16,27],"damage_taken":[{"damage":2,"enemies":"2 Louse","floor":1,"turns":3},{"damage":0,"enemies":"Small Slimes","floor":2,"turns":2},{"damage":3,"enemies":"Jaw Worm","floor":3,"turns":4},{"damage":13,"enemies":"Blue Slaver","floor":4,"turns":2},{"damage":3,"enemies":"2 Fungi Beasts","floor":5,"turns":3},{"damage":20,"enemies":"3 Louse","floor":6,"turns":4},{"damage":16,"enemies":"Blue Slaver","floor":7,"turns":5},{"damage":0,"enemies":"Looter","floor":10,"turns":4},{"damage":20,"enemies":"3 Sentries","floor":11,"turns":8},{"damage":1,"enemies":"Large Slime","floor":12,"turns":4},{"damage":27,"enemies":"Hexaghost","floor":16,"turns":7},{"damage":28,"enemies":"Spheric Guardian","floor":18,"turns":9},{"damage":54,"enemies":"3 Byrds","floor":23,"turns":9},{"damage":16,"enemies":"Slavers","floor":27,"turns":1}],"seed_played":"-6191444852350077784","potions_obtained":[{"floor":2,"key":"BloodPotion"},{"floor":6,"key":"Strength Potion"},{"floor":10,"key":"SteroidPotion"},{"floor":11,"key":"SmokeBomb"},{"floor":12,"key":"PowerPotion"},{"floor":23,"key":"SneckoOil"}],"is_trial":false,"path_per_floor":["M","M","M","M","M","M","M","$","T","M","E","M","R","?","R","B",null,"M","?","?","$","?","M","$","?","T","E"],"character_chosen":"IRONCLAD","items_purchased":["Dark Embrace"],"campfire_rested":0,"item_purchase_floors":[21],"current_hp_per_floor":[80,80,80,73,76,62,52,52,52,58,60,65,65,58,58,37,80,58,58,58,58,58,10,10,10,10,0,0],"gold":47,"neow_bonus":"TRANSFORM_TWO_CARDS","is_daily":false,"chose_seed":false,"campfire_upgraded":1,"win_rate":0.0,"timestamp":1614367926,"path_taken":["M","M","M","M","M","M","M","$","T","M","E","M","R","?","R","BOSS","M","?","?","$","?","M","?","?","T","E"],"items_purchased_type":["Card"],"build_version":"2020-12-22","purchased_purges":2,"victory":false,"max_hp_per_floor":[80,80,80,80,80,80,80,80,80,80,80,80,80,80,80,80,80,80,80,80,80,80,80,80,80,80,80,80],"relic_stats":{"counters":[14,65],"Black Star":0,"Question Card":1,"obtain_stats":[{"Girya":11,"MutagenicStrength":22,"Thread and Needle":20,"Black Star":17,"Bottled Lightning":26,"Question Card":19,"Burning Blood":0},{"Girya":9,"MutagenicStrength":12,"Thread and Needle":12,"Black Star":11,"Bottled Lightning":13,"Question Card":12,"Burning Blood":0},{"Girya":35,"MutagenicStrength":55,"Thread and Needle":55,"Black Star":46,"Bottled Lightning":64,"Question Card":55,"Burning Blood":0}],"Burning Blood":65},"card_choices":[{"not_picked":["Wild Strike","Perfected Strike"],"picked":"Burning Pact","floor":1},{"not_picked":["Headbutt","True Grit","Whirlwind"],"picked":"SKIP","floor":2},{"not_picked":["Anger","Rampage"],"picked":"Berserk","floor":3},{"not_picked":["Clothesline","Flex"],"picked":"Iron Wave","floor":4},{"not_picked":["Headbutt","Blood for Blood","Seeing Red"],"picked":"SKIP","floor":5},{"not_picked":["Havoc","Dark Embrace"],"picked":"Flame Barrier","floor":6},{"not_picked":["Second Wind","Burning Pact"],"picked":"Armaments","floor":7},{"not_picked":["Searing Blow","Clash"],"picked":"Battle Trance","floor":10},{"not_picked":["Perfected Strike","Dropkick","Wild Strike"],"picked":"SKIP","floor":11},{"not_picked":["Flex","Burning Pact"],"picked":"Metallicize","floor":12},{"not_picked":["Brutality","Fiend Fire"],"picked":"Limit Break","floor":16},{"not_picked":["Warcry","Body Slam"],"picked":"Shrug It Off+1","floor":18},{"not_picked":["Cleave","Evolve","Sever Soul"],"picked":"Spot Weakness","floor":23}],"player_experience":303499,"relics_obtained":[{"floor":11,"key":"Girya"},{"floor":26,"key":"Bottled Lightning"}],"event_choices":[{"cards_removed":["Strike_R"],"damage_healed":0,"gold_gain":0,"player_choice":"Card Removal","damage_taken":7,"max_hp_gain":0,"max_hp_loss":0,"event_name":"Golden Wing","floor":14,"gold_loss":0},{"damage_healed":0,"gold_gain":0,"player_choice":"Opened","damage_taken":0,"relics_obtained":["Question Card"],"max_hp_gain":0,"max_hp_loss":0,"event_name":"The Mausoleum","floor":19,"gold_loss":0},{"damage_healed":0,"gold_gain":0,"player_choice":"Stole Relic","damage_taken":0,"relics_obtained":["Thread and Needle"],"max_hp_gain":0,"max_hp_loss":0,"event_name":"Addict","floor":20,"gold_loss":0,"cards_obtained":["Shame"]},{"damage_healed":0,"gold_gain":0,"player_choice":"Inject Mutagens","damage_taken":0,"relics_obtained":["MutagenicStrength"],"max_hp_gain":0,"max_hp_loss":0,"event_name":"Drug Dealer","floor":22,"gold_loss":0},{"cards_removed":["Strike_R"],"damage_healed":0,"gold_gain":0,"player_choice":"Elegance","damage_taken":0,"max_hp_gain":0,"max_hp_loss":0,"event_name":"Back to Basics","floor":25,"gold_loss":0}],"is_beta":false,"boss_relics":[{"not_picked":["Runic Pyramid","Cursed Key"],"picked":"Black Star"}],"items_purged_floors":[8,21],"is_endless":false,"potions_floor_spawned":[2,6,10,11,12,23],"killed_by":"Slavers","ascension_level":0}}