{"host":"hrtq1r2z0jdgxy6l","time":1614350146,"event":{"mods":["2.2 Compatiblity","AchievementEnabler","BaseMod","BetterRewards","Colored Map","Colored Powertips","Downfall","Duelist Mod","Hermit","Highlight Path","Infinite Spire","Minty Spire (QoL Compilation)","Permanent Neow","Quick Restart","Relic Filter Mod","Replay The Spire","Shop Mod","StSLib","The Cursed","The Senshi","Transform Curses"],"gold_per_floor":[144,144,164,176,195,195,228,243,243,263,38,38,67,67,67,167,167,182,182,250,262,264,264,278,309,336,336,356,27,27,55,55,155,155,177,177,82,82,98,98,118,155,155,119,119,140,140,103,103,210,210,219,219],"floor_reached":52,"language":"ENG","playtime":32221,"items_purged":[],"score":1320,"play_id":"523535e2-c981-47b6-943b-bcabfd2f8194","local_time":"20210226223546","is_ascension_mode":true,"campfire_choices":[{"data":"theDuelist:ShardGreed","floor":6.0,"key":"SMITH"},{"floor":12.0,"key":"REST"},{"data":"theDuelist:ExodiaHead","floor":15.0,"key":"SMITH"},{"data":"theDuelist:CardDestruction","floor":23.0,"key":"SMITH"},{"data":"theDuelist:ExodiaHead+1","floor":27.0,"key":"SMITH"},{"data":"theDuelist:ExodiaHead+2","floor":32.0,"key":"SMITH"},{"data":"theDuelist:ExodiaHead+3","floor":40.0,"key":"SMITH"},{"data":"theDuelist:ExodiaHead+4","floor":47.0,"key":"SMITH"},{"floor":49,"key":"REST"}],"circlet_count":0,"master_deck":["theDuelist:MillenniumScorpion","theDuelist:DarkMagician","theDuelist:Mixeroid","theDuelist:ZombieMammoth","theDuelist:ExodiaRA","theDuelist:Sparks","theDuelist:BeastTalwar","theDuelist:SummonedSkull","theDuelist:ClownZombie","theDuelist:PotGreed","theDuelist:Sparks","theDuelist:Polymerization","theDuelist:ExodiaLA","theDuelist:ShardGreed+1","theDuelist:PowerWall","theDuelist:Sparks","theDuelist:ExodiaNecross","theDuelist:PowerWall","theDuelist:MiraculousDescent+1","theDuelist:FairyBox","theDuelist:SpiralSpearStrike","theDuelist:ArchfiendSoldier","theDuelist:IceQueen","theDuelist:DarkMasterZorc","theDuelist:LegendaryExodia","theDuelist:Mixeroid","theDuelist:Hinotama+1","theDuelist:OjamaYellow","theDuelist:ArchfiendSoldier","theDuelist:BlockSpider","theDuelist:PowerWall","theDuelist:MagicCylinder","theDuelist:OneForOne","theDuelist:ChangeHeart","theDuelist:CyberArchfiend","theDuelist:MillenniumShield","theDuelist:GracefulCharity","theDuelist:GracefulCharity","theDuelist:PowerWall","theDuelist:ExodiaHead+5","theDuelist:GreenGadget","theDuelist:ExodiaRL","theDuelist:MysticalElf","theDuelist:Wildfire","theDuelist:ExodiaLL","theDuelist:LabyrinthWall","theDuelist:Hinotama+1","theDuelist:CardDestruction+1","theDuelist:BerserkerCrush","theDuelist:BlockSpider","AscendersBane","theDuelist:Sparks","theDuelist:OneForOne","theDuelist:BlueEyes","theDuelist:CaveDragon","theDuelist:CaveDragon","theDuelist:ExodiaNecross","theDuelist:FeatherShot","theDuelist:ClownZombie","theDuelist:RainbowDragon"],"relics":["theDuelist:MillenniumPuzzle","infinitespire:Satchel","theDuelist:MillenniumSymbol","Oddly Smooth Stone","Unceasing Top","MerchantsRug","theDuelist:ResummonBranch","ReplayFunnel","Replay:Bronze Core","Sundial","infinitespire:Midas Blood","theDuelist:DuelistLetterOpener","Replay:Ringing Soul","Red Skull","Replay:Wax Seal","Potion Belt","Medical Kit","Philosopher\u0027s Stone","Lantern","ReplayTheSpireMod:Ninjato","infinitespire:Broken Mirror","Runic Cube"],"acts_visited":["Exordium","TheCity","TheBeyond","Exordium"],"potions_floor_usage":[50,50],"damage_taken":[{"damage":12.0,"enemies":"2 Louse","floor":1.0,"turns":3.0},{"damage":0.0,"enemies":"Cultist","floor":3.0,"turns":2.0},{"damage":0.0,"enemies":"Small Slimes","floor":4.0,"turns":2.0},{"damage":9.0,"enemies":"Exordium Wildlife","floor":5.0,"turns":4.0},{"damage":0.0,"enemies":"Lagavulin","floor":7.0,"turns":3.0},{"damage":16.0,"enemies":"Lots of Slimes","floor":8.0,"turns":4.0},{"damage":19.0,"enemies":"Exordium Thugs","floor":10.0,"turns":4.0},{"damage":10.0,"enemies":"3 Sentries","floor":13.0,"turns":5.0},{"damage":14.0,"enemies":"Hexaghost","floor":16.0,"turns":5.0},{"damage":1.0,"enemies":"Chosen","floor":18.0,"turns":5.0},{"damage":11.0,"enemies":"Spheric Guardian","floor":21.0,"turns":4.0},{"damage":0.0,"enemies":"3 Cultists","floor":24.0,"turns":4.0},{"damage":0.0,"enemies":"Nightmare","floor":25.0,"turns":5.0},{"damage":24.0,"enemies":"Snecko","floor":28.0,"turns":4.0},{"damage":0.0,"enemies":"Slavers","floor":31.0,"turns":3.0},{"damage":13.0,"enemies":"Automaton","floor":33.0,"turns":5.0},{"damage":18.0,"enemies":"3 Darklings","floor":35.0,"turns":5.0},{"damage":2.0,"enemies":"3 Shapes","floor":39.0,"turns":3.0},{"damage":0.0,"enemies":"Sphere and 2 Shapes","floor":41.0,"turns":5.0},{"damage":19.0,"enemies":"Nemesis","floor":42.0,"turns":9.0},{"damage":32.0,"enemies":"Jaw Worm Horde","floor":46.0,"turns":3.0},{"damage":28,"enemies":"Time Eater","floor":50,"turns":5},{"damage":16,"enemies":"Small Slimes","floor":52,"turns":3}],"seed_played":"2543365612532485687","potions_obtained":[{"floor":3.0,"key":"theDuelist:WhiteBottle"},{"floor":4.0,"key":"Adrenaline Potion"},{"floor":8.0,"key":"Block Potion"},{"floor":10.0,"key":"theDuelist:MayhemPotion"},{"floor":13.0,"key":"Strength Potion"},{"floor":16.0,"key":"Swift Potion"},{"floor":24.0,"key":"SmokeBomb"},{"floor":28.0,"key":"theDuelist:FreezingPotion"},{"floor":31.0,"key":"ColorlessPotion"},{"floor":41.0,"key":"Milkshake"},{"floor":45.0,"key":"theDuelist:TributeBottle"},{"floor":45.0,"key":"FairyPotion"},{"floor":45.0,"key":"Elixir"},{"floor":50,"key":"theDuelist:BottledKuriboh"}],"is_trial":false,"path_per_floor":["M","?","M","M","M","R","E","M","T","M","$","R","E","?","R","B",null,"M","?","T","M","?","R","M","NM","T","R","M","$","?","E","R","B",null,"M","?","$","?","M","R","M","E","T","$","?","M","R","$","R","B",null,"M"],"character_chosen":"THE_DUELIST","items_purchased":["MerchantsRug","theDuelist:ResummonBranch","Replay:Wax Seal","Potion Belt","Medical Kit","Lantern","theDuelist:PowerWall","theDuelist:ClearKuriboh"],"campfire_rested":2,"item_purchase_floors":[11,11,29,29,29,37,44,48],"current_hp_per_floor":[60,60,60,60,51,51,51,35,35,16,16,40,30,30,30,16,64,63,63,63,52,46,46,46,49,49,49,28,28,28,31,31,21,74,59,74,74,77,78,78,81,65,65,68,68,39,39,42,81,56,115,102,102],"gold":219,"neow_bonus":"RANDOM_COMMON_RELIC","is_daily":false,"chose_seed":false,"campfire_upgraded":7,"win_rate":0.0,"timestamp":1614350146,"path_taken":["M","?","M","M","?","R","E","M","T","M","$","R","E","?","R","BOSS","M","?","?","M","?","R","M","NM","T","R","?","$","?","E","R","BOSS","M","?","$","?","M","R","M","E","T","$","?","?","R","?","R","BOSS","M"],"items_purchased_type":["Relic","Relic","Relic","Relic","Relic","Relic","Card","Card"],"build_version":"2020-12-22","purchased_purges":0,"victory":false,"max_hp_per_floor":[80,80,80,80,80,80,80,80,80,80,80,80,80,80,80,80,80,80,80,80,80,80,80,80,83,83,83,86,86,86,89,89,92,92,95,110,110,113,116,116,119,122,122,125,125,128,128,131,131,134,134,137,137],"card_choices":[{"not_picked":["theDuelist:Hinotama","theDuelist:BigFire","theDuelist:Polymerization","theDuelist:GiantTrapHole"],"picked":"theDuelist:ScrapFactory","floor":1.0},{"not_picked":["theDuelist:Hinotama","theDuelist:WormApocalypse","theDuelist:BigFire","theDuelist:FlameTiger"],"picked":"theDuelist:SilverApples","floor":3.0},{"not_picked":["theDuelist:Raigeki","theDuelist:MagicCylinder"],"picked":"theDuelist:Metronome","floor":4.0},{"not_picked":["theDuelist:GaiaFierce","theDuelist:DarkCreator","theDuelist:ReinforcementsArmy","theDuelist:LabyrinthWall"],"picked":"theDuelist:WingedKuribohLv9","floor":5.0},{"not_picked":["theDuelist:PowerGiant","theDuelist:EarthGiant","theDuelist:ScrapFactory","theDuelist:HaneHane"],"picked":"theDuelist:WingedKuribohLv9","floor":7.0},{"not_picked":["theDuelist:WormApocalypse","theDuelist:Hinotama","theDuelist:RedMedicine"],"picked":"theDuelist:BigFire","floor":8.0},{"not_picked":["theDuelist:Hinotama","theDuelist:BigFire","theDuelist:Polymerization","theDuelist:CatapultZone"],"picked":"theDuelist:PowerWall","floor":10.0},{"not_picked":["theDuelist:Mudora","theDuelist:GaiaMidNightSun","theDuelist:DokiDoki","theDuelist:BlueBloodedOni"],"picked":"theDuelist:PotForbidden","floor":13.0},{"not_picked":["theDuelist:Raigeki","theDuelist:MillenniumShield","theDuelist:Metronome","theDuelist:Mathematician"],"picked":"theDuelist:ObeliskTormentor","floor":16.0},{"not_picked":["theDuelist:PowerGiant","theDuelist:FluteKuriboh","theDuelist:HaneHane+1","theDuelist:Polymerization"],"picked":"theDuelist:Reload+1","floor":18.0},{"not_picked":["theDuelist:Hinotama","theDuelist:ScrapFactory","theDuelist:WormApocalypse+1","theDuelist:BigFire"],"picked":"theDuelist:PowerWall+1","floor":21.0},{"not_picked":["theDuelist:BigFire","theDuelist:WormApocalypse","theDuelist:RedMedicine"],"picked":"theDuelist:Polymerization","floor":24.0},{"not_picked":["theDuelist:RainbowOverdragon","theDuelist:WingedKuribohLv9","theDuelist:DarkCreator","theDuelist:RainbowBridge"],"picked":"theDuelist:ShardGreed","floor":25.0},{"not_picked":["theDuelist:BigFire","theDuelist:WormApocalypse","theDuelist:ScrapFactory","theDuelist:Hinotama"],"picked":"theDuelist:Polymerization","floor":28.0},{"not_picked":["theDuelist:GaiaFierce+1","theDuelist:WingedKuriboh","theDuelist:PowerGiant","theDuelist:RainbowOverdragon"],"picked":"theDuelist:SmashingGround","floor":31.0},{"not_picked":["theDuelist:YellowBelliedOni","theDuelist:UltraPolymerization","theDuelist:Metronome","theDuelist:Mathematician"],"picked":"theDuelist:ForbiddenLance","floor":33.0},{"not_picked":["theDuelist:MillenniumGolem","theDuelist:PurplePainOni+1","theDuelist:DummyGolem","theDuelist:BlockGolem"],"picked":"theDuelist:Metronome+1","floor":35.0},{"not_picked":["infinitespire:Collect","infinitespire:Starlight"],"picked":"infinitespire:SealOfDarkness+","floor":38.0},{"not_picked":["theDuelist:Raigeki+1","theDuelist:LightningVortex+1","theDuelist:StrayLambs","theDuelist:RainbowBridge"],"picked":"theDuelist:YamiForm","floor":39.0},{"not_picked":["theDuelist:MudragonSwamp+1","theDuelist:MillenniumGolem","theDuelist:BlackPendant","theDuelist:FuryFire+2"],"picked":"theDuelist:DarkMirrorForce+1","floor":41.0},{"not_picked":["theDuelist:RainbowOverdragon+1","theDuelist:GemElephant","theDuelist:FortressWarrior","theDuelist:Reload+1"],"picked":"theDuelist:FluteKuriboh+1","floor":42.0},{"not_picked":["theDuelist:SmashingGround","theDuelist:MagicCylinder+1"],"picked":"theDuelist:MillenniumShield","floor":46.0},{"not_picked":["theDuelist:WingedKuribohLv10","theDuelist:SolemnStrike+1","theDuelist:Mathematician","theDuelist:Blockman"],"picked":"theDuelist:PotGenerosity+1","floor":50},{"not_picked":["theDuelist:WingedKuriboh+1","theDuelist:WingedKuribohLv9+1","theDuelist:EarthGiant+1","theDuelist:ShardGreed+1"],"picked":"theDuelist:GoldenApples+1","floor":52}],"player_experience":447720,"relics_obtained":[{"floor":7.0,"key":"Oddly Smooth Stone"},{"floor":9.0,"key":"Unceasing Top"},{"floor":13.0,"key":"ReplayFunnel"},{"floor":20.0,"key":"infinitespire:Midas Blood"},{"floor":25.0,"key":"Replay:Ringing Soul"},{"floor":26.0,"key":"Red Skull"},{"floor":31.0,"key":"Question Card"},{"floor":42.0,"key":"ReplayTheSpireMod:Ninjato"},{"floor":43.0,"key":"infinitespire:Broken Mirror"}],"event_choices":[{"damage_healed":0.0,"max_hp_gain":0.0,"max_hp_loss":0.0,"gold_gain":0.0,"event_name":"Millennium Items","player_choice":"Took item - Received: Millennium Symbol","duelist":true,"floor":2.0,"gold_loss":0.0,"damage_taken":0.0},{"damage_healed":0.0,"max_hp_gain":0.0,"max_hp_loss":0.0,"gold_gain":0.0,"event_name":"Aknamkanon\u0027s Tomb","player_choice":"Dig - random Duelist relic","duelist":true,"floor":22.0,"gold_loss":0.0,"damage_taken":0.0},{"damage_healed":0.0,"max_hp_gain":0.0,"max_hp_loss":0.0,"gold_gain":0.0,"event_name":"Tomb of the Nameless","player_choice":"Break - +12 Max HP","duelist":true,"floor":36.0,"gold_loss":0.0,"damage_taken":0.0},{"damage_healed":0.0,"max_hp_gain":0.0,"max_hp_loss":0.0,"gold_gain":0.0,"event_name":"Lab","player_choice":"Got Potions","floor":45.0,"gold_loss":0.0,"damage_taken":0.0}],"is_beta":false,"boss_relics":[{"not_picked":["Ring of Chaos","theDuelist:MillenniumKey"],"picked":"Replay:Bronze Core"},{"not_picked":["Astrolabe","Black Star"],"picked":"Philosopher\u0027s Stone"},{"not_picked":["Snecko Eye","infinitespire:Burning Sword"],"picked":"Runic Cube"}],"items_purged_floors":[],"is_endless":true,"potions_floor_spawned":[3,4,8,10,13,16,24,25,28,31,41,50],"killed_by":"Small Slimes","ascension_level":10}}