{"host":"64ub6hloe4gtkym4","time":1614347627,"event":{"mods":["AchievementEnabler","BaseMod","Colored Map","Colored Powertips","Googly Eyes","Hermit","Highlight Path","Hubris","Minty Spire (QoL Compilation)","Reliquary","Shop Mod","StSLib","The Construct","The Runesmith","The Servant 0.9.4"],"gold_per_floor":[111,33,33,33,48,48,48,48,120,70,94,118,118,139,139,260,260,281,281,101,116,43,43,59,77,101,101,101],"floor_reached":27,"language":"ENG","playtime":1267,"items_purged":[],"score":203,"play_id":"bdf4cdc5-3076-4adb-9004-3a2c9801c868","local_time":"20210226135347","is_ascension_mode":false,"campfire_choices":[{"data":"Infinite Blades","floor":6,"key":"SMITH"},{"data":"Poisoned Stab","floor":8,"key":"SMITH"},{"data":"Corpse Explosion","floor":15,"key":"SMITH"},{"floor":23,"key":"REST"}],"circlet_count":0,"master_deck":["Strike_G","Strike_G","Strike_G","Strike_G","Strike_G","Defend_G","Defend_G","Defend_G","Defend_G+1","Defend_G+1","Survivor","Neutralize","Prepared","Infinite Blades+1","Poisoned Stab+1","Dagger Throw","Corpse Explosion+1","Blade Dance","A Thousand Cuts","Dagger Spray+1","Noxious Fumes","Dodge and Roll","Deflect","Sucker Punch","Dash+1","Outmaneuver+1"],"relics":["Ring of the Snake","War Paint","Golden Idol","Pantograph","hubris:BottledRain","WristBlade","Oddly Smooth Stone"],"acts_visited":["Exordium","TheCity"],"potions_floor_usage":[16,16,21,25,25],"damage_taken":[{"damage":0,"enemies":"Jaw Worm","floor":1,"turns":4},{"damage":2,"enemies":"Cultist","floor":5,"turns":4},{"damage":0,"enemies":"2 Louse","floor":11,"turns":3},{"damage":3,"enemies":"Blue Slaver","floor":12,"turns":4},{"damage":0,"enemies":"Exordium Wildlife","floor":14,"turns":3},{"damage":54,"enemies":"Slime Boss","floor":16,"turns":8},{"damage":32,"enemies":"2 Thieves","floor":18,"turns":3},{"damage":18,"enemies":"Spheric Guardian","floor":21,"turns":5},{"damage":11,"enemies":"3 Cultists","floor":24,"turns":4},{"damage":22,"enemies":"Sentry and Sphere","floor":25,"turns":4},{"damage":5,"enemies":"Colosseum Slavers","floor":27,"turns":1}],"seed_played":"1892158036321916224","potions_obtained":[{"floor":1,"key":"Regen Potion"},{"floor":12,"key":"AttackPotion"},{"floor":16,"key":"Poison Potion"}],"is_trial":false,"path_per_floor":["M","$","?","T","M","R","$","R","T","?","M","M","?","M","R","B",null,"M","?","$","M","$","R","M","M","T","?"],"character_chosen":"THE_SILENT","items_purchased":["Infinite Blades","Noxious Fumes","Dodge and Roll","Explosive Potion","Weak Potion","Sucker Punch"],"campfire_rested":1,"item_purchase_floors":[2,20,20,20,22,22],"current_hp_per_floor":[70,70,70,70,68,68,68,68,68,68,68,65,65,65,65,22,70,38,31,31,13,13,34,23,1,1,0,0],"gold":101,"neow_bonus":"RANDOM_COMMON_RELIC","is_daily":false,"chose_seed":false,"campfire_upgraded":3,"win_rate":0.0,"timestamp":1614347627,"path_taken":["M","$","?","?","M","R","?","R","T","?","M","?","?","M","R","BOSS","M","?","$","?","$","R","M","M","T","?"],"items_purchased_type":["Card","Card","Card","Potion","Potion","Card"],"build_version":"2020-12-22","purchased_purges":0,"victory":false,"max_hp_per_floor":[70,70,70,70,70,70,70,70,70,70,70,70,70,70,70,70,70,70,70,70,70,70,70,70,70,70,70,70],"card_choices":[{"not_picked":["Endless Agony","Acrobatics"],"picked":"Prepared","floor":1},{"not_picked":["Bouncing Flask","Masterful Stab"],"picked":"Poisoned Stab","floor":5},{"not_picked":["Catalyst","Acrobatics"],"picked":"Dagger Throw","floor":11},{"not_picked":["Bane","PiercingWail"],"picked":"Corpse Explosion","floor":12},{"not_picked":["Slice","Outmaneuver"],"picked":"Blade Dance","floor":14},{"not_picked":["Bullet Time","Venomology"],"picked":"A Thousand Cuts","floor":16},{"not_picked":["Bane","Flying Knee"],"picked":"Dagger Spray+1","floor":18},{"not_picked":["Sucker Punch","Backstab"],"picked":"Deflect","floor":21},{"not_picked":["Dagger Spray","hubris:SlightOfHand"],"picked":"Dash+1","floor":24},{"not_picked":["Finisher","hubris:SlightOfHand+1"],"picked":"Outmaneuver+1","floor":25}],"player_experience":64514,"relics_obtained":[{"floor":4,"key":"Pantograph"},{"floor":9,"key":"hubris:BottledRain"},{"floor":26,"key":"Oddly Smooth Stone"}],"event_choices":[{"damage_healed":0,"gold_gain":0,"player_choice":"Take Wound","damage_taken":0,"relics_obtained":["Golden Idol"],"max_hp_gain":0,"max_hp_loss":0,"event_name":"Golden Idol","floor":3,"gold_loss":0,"cards_obtained":["Injury"]},{"cards_removed":["Injury"],"damage_healed":0,"gold_gain":0,"player_choice":"Card Removal","damage_taken":0,"max_hp_gain":0,"max_hp_loss":0,"event_name":"The Cleric","floor":10,"gold_loss":50},{"damage_healed":0,"gold_gain":0,"player_choice":"Bought 0 Potions","damage_taken":0,"max_hp_gain":0,"max_hp_loss":0,"event_name":"The Woman in Blue","floor":13,"gold_loss":0},{"damage_healed":0,"gold_gain":0,"player_choice":"Damaged","damage_taken":7,"max_hp_gain":0,"max_hp_loss":0,"event_name":"Wheel of Change","floor":19,"gold_loss":0},{"damage_healed":0,"gold_gain":0,"player_choice":"Fight","damage_taken":0,"max_hp_gain":0,"max_hp_loss":0,"event_name":"Colosseum","floor":27,"gold_loss":0}],"is_beta":false,"boss_relics":[{"not_picked":["hubris:GrandSneckoEye","Calling Bell"],"picked":"WristBlade"}],"items_purged_floors":[],"is_endless":false,"potions_floor_spawned":[1,12,16],"killed_by":"Colosseum Slavers","ascension_level":0}}