{"host":"p5axfb00mxhraew6","time":1614306436,"event":{"mods":["100% Spire Juice","Abigail Mod","Act Like it!","BaseMod","CapriCore","Friendly Minions","GifTheSpireLib","Jedi Mod","KomeijiMod","Library of Ruina","Library of Ruina Extra","MarisaÅiñ∂âJÅ@ñÇóùçπÅj","Minty Spire (QoL Compilation)","Prisma Mod","ReimuÅiîé??öÎÅj","RemiliaÅiÂQïƒ‰ª?Åj","SOSÅiézîb?îVéqÅj","StSLib","Td1madao Mod","The Alterego","The Immortal","The Problem Sleuth","Yakumo Yukari mod"],"gold_per_floor":[115,190,41,55,73,99,99,134,188,24,24,36,62,62,62,157,157,171,182,182,28,39,69,86,120,145,145,145,175,204,214,214,318,318,334,634,646,659,677,677,708,708,735,767,351,384,93,111,111,111,111,111,11,37,37],"floor_reached":56,"language":"ENG","playtime":3069,"items_purged":["ScratchThat","Parasite"],"score":1772,"play_id":"0703b4b6-ee13-4480-9814-01f6210acea1","local_time":"20210226112716","is_ascension_mode":true,"campfire_choices":[{"data":"SteelKnuckles","floor":7.0,"key":"SMITH"},{"data":"WillProduceFineSilk","floor":11.0,"key":"SMITH"},{"data":"Zzzzzap","floor":15.0,"key":"SMITH"},{"data":"CrackOfDawn","floor":27.0,"key":"SMITH"},{"floor":32.0,"key":"REST"},{"floor":40.0,"key":"RECALL"},{"floor":49.0,"key":"DIG"},{"floor":52,"key":"DIG"}],"circlet_count":0,"master_deck":["Dodge","LightDefense","LightDefense","LightDefense","LightDefense","ChargeAndCover","FocusedStrikes+1","Unlock1","SteelKnuckles+1","DefenseOrder","FrontalAssault","WillProduceFineSilk+1","Zzzzzap+1","Parry2","SenseQuarry","Parry2+1","Tailoring+1","CrackOfDawn+1","InkOver+1","CrackOfDawn","BattleCommand+1","CumulusWall+1","DefenseOrder","Overpower+1","HandleRequest+1","TendonChords+1","Commandeering","TendonChords+1","HighSpeedStabbing+1","FierceOnslaught+1","RatsGuideToSurvival","HiddenBlade+1","SpearedSweep","CombatPreparation+1"],"relics":["PageOfLibrarian","NeowsBlessing","PageOfSingingMachine","Blue Candle","Ancient Tea Set","PageOfBloodbath","PageOfWayBackHome","Empty Cage","PageOfUniverseFragment","Shovel","Centennial Puzzle","Red Mask","jedi:crownofsimplicity","Sozu","Gremlin Horn","Mastiff:ReiMu","Lantern","PageOfPorccubus","TungstenRod","Whetstone","ClockworkSouvenir","PageOfSnowWhitesApple","Mercury Hourglass","Pen Nib"],"acts_visited":["Exordium","TheCity","TheBeyond","TheEnding"],"potions_floor_usage":[55],"damage_taken":[{"damage":0.0,"enemies":"2 Louse","floor":1.0,"turns":1.0},{"damage":0.0,"enemies":"Cultist","floor":4.0,"turns":1.0},{"damage":0.0,"enemies":"Small Slimes","floor":5.0,"turns":1.0},{"damage":1.0,"enemies":"Lagavulin","floor":6.0,"turns":6.0},{"damage":9.0,"enemies":"Gremlin Nob","floor":8.0,"turns":4.0},{"damage":2.0,"enemies":"Red Slaver","floor":12.0,"turns":2.0},{"damage":0.0,"enemies":"3 Sentries","floor":13.0,"turns":5.0},{"damage":5.0,"enemies":"Slime Boss","floor":16.0,"turns":8.0},{"damage":3.0,"enemies":"Shell Parasite","floor":18.0,"turns":3.0},{"damage":0.0,"enemies":"Chosen","floor":19.0,"turns":6.0},{"damage":0.0,"enemies":"3 Cultists","floor":22.0,"turns":5.0},{"damage":5.0,"enemies":"Gremlin Leader","floor":23.0,"turns":3.0},{"damage":3.0,"enemies":"Shelled Parasite and Fungi","floor":24.0,"turns":5.0},{"damage":15.0,"enemies":"Book of Stabbing","floor":25.0,"turns":4.0},{"damage":0.0,"enemies":"Masked Bandits","floor":29.0,"turns":4.0},{"damage":0.0,"enemies":"Gremlin Leader","floor":30.0,"turns":6.0},{"damage":4.0,"enemies":"Chosen and Byrds","floor":31.0,"turns":4.0},{"damage":26.0,"enemies":"Champ","floor":33.0,"turns":10.0},{"damage":0.0,"enemies":"3 Darklings","floor":35.0,"turns":3.0},{"damage":0.0,"enemies":"Orb Walker","floor":37.0,"turns":2.0},{"damage":3.0,"enemies":"Writhing Mass","floor":38.0,"turns":5.0},{"damage":1.0,"enemies":"Jaw Worm Horde","floor":39.0,"turns":2.0},{"damage":2.0,"enemies":"Nemesis","floor":41.0,"turns":5.0},{"damage":3.0,"enemies":"Reptomancer","floor":44.0,"turns":5.0},{"damage":0.0,"enemies":"Nemesis","floor":46.0,"turns":5.0},{"damage":0.0,"enemies":"4 Shapes","floor":48.0,"turns":4.0},{"damage":0.0,"enemies":"Donu and Deca","floor":50.0,"turns":8.0},{"damage":26,"enemies":"Shield and Spear","floor":54,"turns":5},{"damage":9,"enemies":"The Heart","floor":55,"turns":10}],"seed_played":"-5240227406120713842","potions_obtained":[{"floor":1.0,"key":"ExcitationPotion"},{"floor":5.0,"key":"Fire Potion"},{"floor":6.0,"key":"Energy Potion"},{"floor":12.0,"key":"DistilledChaos"},{"floor":19.0,"key":"MagicPotion:ReiMu"},{"floor":24.0,"key":"Block Potion"},{"floor":31.0,"key":"jedi:tentaclejuice"}],"is_trial":false,"path_per_floor":["M","?","$","M","M","E","R","E","T","$","R","M","E","?","R","B",null,"M","M","?","$","M","E","M","E","T","R","?","?","E","M","R","B",null,"M","?","M","M","M","R","E","?","T","E","$","E","$","M","R","B",null,"R","$","E","B",null],"character_chosen":"Librarian","items_purchased":["PageOfSingingMachine","WillProduceFineSilk","CrackOfDawn","Lantern","PageOfPorccubus","RatsGuideToSurvival","Whetstone","ClockworkSouvenir"],"campfire_rested":1,"item_purchase_floors":[3,10,21,45,45,45,47,47],"current_hp_per_floor":[54,47,47,49,53,52,52,43,43,43,43,41,41,41,41,36,67,64,64,64,64,64,59,56,41,41,41,26,26,26,22,47,21,68,68,68,68,68,70,70,71,71,71,71,71,74,74,77,77,83,84,84,81,64,63],"gold":37,"neow_bonus":"THREE_ENEMY_KILL","is_daily":false,"chose_seed":false,"campfire_upgraded":4,"win_rate":0.0,"timestamp":1614306436,"path_taken":["M","?","$","M","?","E","R","E","T","$","R","M","E","?","R","BOSS","M","M","?","$","?","E","M","E","T","R","?","?","E","M","R","BOSS","M","?","M","M","?","R","E","?","T","E","$","E","?","M","R","BOSS","R","$","E","BOSS"],"items_purchased_type":["Relic","Card","Card","Relic","Relic","Card","Relic","Relic"],"build_version":"2020-12-22","purchased_purges":2,"victory":true,"max_hp_per_floor":[73,73,73,73,77,77,77,77,77,77,77,77,77,77,77,77,77,79,79,79,79,79,79,79,79,79,79,84,84,84,84,84,84,84,84,84,84,84,84,84,84,84,84,84,84,84,84,84,84,84,84,84,81,81,81],"card_choices":[{"not_picked":["HardRehearsal","FleetFootsteps","ReadyUp","Multislash","SinglePointStab","HighKick","UnavoidableGaze","Suppress"],"picked":"Unlock1","floor":1.0},{"not_picked":["PreemptiveStrike","SunsetBlade","Standoff","ForcefulGesture","IllEndYou","ShrineToMusic","PinpointShot","VenomousFangs"],"picked":"SteelKnuckles","floor":4.0},{"not_picked":["EnergyShield","FleetFootsteps","FlowOfTheSword","QuickSuppression","PinpointShot","BurningFlash","SmokingPipe","PreemptiveStrike"],"picked":"Parry2","floor":5.0},{"not_picked":["DarkCloud","MindWhip","Pound","MultiHit","FleetFootsteps","SnakesPrey","Rewind","Diversion"],"picked":"DefenseOrder","floor":6.0},{"not_picked":["BackAttack","FieryWaltz","PreemptiveStrike","SuppressingShot","StructuralAnalysis","MultiBlock","InkOver","SinglePointStab"],"picked":"FrontalAssault","floor":8.0},{"not_picked":["SparkingSpear","Quickness","MultiBlock","BiteOff","Standoff","Pound","StrikeDown","DesperateStruggle"],"picked":"Zzzzzap","floor":12.0},{"not_picked":["ICanCookAnything","PinpointShot","FleetEdge","Overpower","Observe","Faith","SnakesPrey","EnergyShield"],"picked":"Parry2","floor":13.0},{"not_picked":["Decapitation","FormingStorm"],"picked":"SenseQuarry","floor":16.0},{"not_picked":["DarkCloud","Quickness","UpbeatPerformance","QuickAttack+1","AutomatedMovement","SharpNails","SinglePointStab+1","BurningFlash+1"],"picked":"Parry2+1","floor":18.0},{"not_picked":["BiXi","ViolentFlame","InhaleSmoke+1","SinglePointStab","BayonetCombat+1","UndertakePrescript+1","BindingChains+1","Tttonst"],"picked":"Tailoring+1","floor":19.0},{"not_picked":["HandleRequest","StartinOutLightly","FierceOnslaught+1","SkitterAway","FierceCharge","SmokingPipe","StrikeDown","CombatPreparation"],"picked":"InkOver+1","floor":22.0},{"not_picked":["HeavyPeaks","StrongStrike","Thrust","Overcharge","EnergyCycle+1","GreatSerpentsImpact+1","PreemptiveStrike+1","StrikeDown+1"],"picked":"CrackOfDawn","floor":23.0},{"not_picked":["MultiHit+1","Bvapour","ShockRound+1","OpportunitySpotted","ChopItOff","BiAn","Commandeering","Faith"],"picked":"BattleCommand+1","floor":24.0},{"not_picked":["Transpierce","AGoldenOpportunity","Unlock1","Wallop_lor","EnergyCycle+1","HiddenBlade","CoordinatedAssault","Quickness"],"picked":"CumulusWall+1","floor":25.0},{"not_picked":["Unlock1","UpbeatPerformance","BackAttack","WaitUp","SparkingSpear","DesperateStruggle","Marionette","ViolentFlame"],"picked":"DefenseOrder","floor":29.0},{"not_picked":["FierceCharge","HiddenBlade","InhaleSmoke","DesperateStruggle+1","BackAttack","FervidEmotions","Standoff+1","EnergyBeam"],"picked":"Overpower","floor":30.0},{"not_picked":["FleetEdge","EndlessBattle","DefenseOrder","InkOver","GatherIntel+1","Wallop_lor","EnergyCycle+1","QuickAttack"],"picked":"HandleRequest+1","floor":31.0},{"not_picked":["ChargeUp","Transpierce"],"picked":"ScratchThat","floor":33.0},{"not_picked":["FleetEdge","JiaoTu+1","QuickAttack+1","MindCrush","SturdyDefense+1","PinpointShot","UnavoidableGaze+1","Leap_lor"],"picked":"TendonChords+1","floor":35.0},{"not_picked":["CircusKnives+1","ViolentFlame","SnakesPrey","LawAndOrder+1","StrikeDown","UnavoidableGaze+1","FierceCharge+1","ElectricShock+1"],"picked":"Commandeering","floor":37.0},{"not_picked":["FleetEdge+1","MindCrush","FlashOfSunup","Pound+1","SnakeSlit","GreatSerpentsImpact+1","BiAn","FleetFootsteps","SnakesPrey"],"picked":"SKIP","floor":38.0},{"not_picked":["SinglePointStab+1","Execute_lor+1","MultiBlock+1","FleetEdge","TimeForALittleTest+1","AutonomousRush","SnakesPrey+1","EnergyShield"],"picked":"TendonChords+1","floor":39.0},{"not_picked":["Riposte","CircusKnives","PuppetBlockade","Wallop_lor","StrikeDown+1","EnergyStrike+1","SerpentSwordTechnique","Retaliate"],"picked":"HighSpeedStabbing+1","floor":41.0},{"not_picked":["Wallop_lor+1","YouOnlyLiveOnce+1","FocusFire","ChargeUp","Track","AutomatedMovement","Diversion","SkitterAway"],"picked":"FierceOnslaught+1","floor":44.0},{"not_picked":["Reload","WaitUp+1","AsThePrescriptOrders","Diversion","Multislash","ToOvercomeCrisis+1","SenseQuarry","EnergyShield"],"picked":"HiddenBlade+1","floor":46.0},{"not_picked":["SinglePointStab","FleetEdge+1","Pound+1","QuickSuppression","RushDown+1","Outburst","QuickAttack","StructuralAnalysis+1"],"picked":"SpearedSweep","floor":48.0},{"not_picked":["Diversion+1","SunsetBlade+1","MultiBlock","Fence+1","AbsorbImpact","AGoldenOpportunity","ToWhereThePrescriptPoints","SomberProcuration"],"picked":"CombatPreparation+1","floor":54}],"player_experience":1279810,"relics_obtained":[{"floor":6.0,"key":"Blue Candle"},{"floor":8.0,"key":"Ancient Tea Set"},{"floor":9.0,"key":"PageOfBloodbath"},{"floor":13.0,"key":"PageOfWayBackHome"},{"floor":23.0,"key":"PageOfUniverseFragment"},{"floor":25.0,"key":"Shovel"},{"floor":26.0,"key":"Centennial Puzzle"},{"floor":29.0,"key":"Red Mask"},{"floor":30.0,"key":"jedi:crownofsimplicity"},{"floor":41.0,"key":"Gremlin Horn"},{"floor":44.0,"key":"Mastiff:ReiMu"},{"floor":46.0,"key":"TungstenRod"},{"floor":49.0,"key":"PageOfSnowWhitesApple"},{"floor":52,"key":"Mercury Hourglass"},{"floor":54,"key":"Pen Nib"}],"event_choices":[{"damage_healed":0.0,"max_hp_gain":0.0,"max_hp_loss":0.0,"gold_gain":75.0,"event_name":"FaceTrader","player_choice":"Touch","floor":2.0,"gold_loss":0.0,"damage_taken":7.0},{"damage_healed":0.0,"max_hp_gain":0.0,"max_hp_loss":0.0,"gold_gain":0.0,"event_name":"The Woman in Blue","player_choice":"Bought 0 Potions","floor":14.0,"gold_loss":0.0,"damage_taken":0.0},{"cards_removed":["LightAttack"],"damage_healed":0.0,"max_hp_gain":0.0,"max_hp_loss":0.0,"gold_gain":0.0,"event_name":"Purifier","player_choice":"Purged","floor":20.0,"gold_loss":0.0,"damage_taken":0.0},{"damage_healed":0.0,"max_hp_gain":5.0,"max_hp_loss":0.0,"gold_gain":0.0,"event_name":"Forgotten Altar","player_choice":"Shed Blood","floor":28.0,"gold_loss":0.0,"damage_taken":20.0},{"damage_healed":0.0,"max_hp_gain":0.0,"max_hp_loss":0.0,"gold_gain":0.0,"event_name":"Masked Bandits","player_choice":"Fought Bandits","floor":29.0,"gold_loss":0.0,"damage_taken":0.0},{"damage_healed":0.0,"max_hp_gain":0.0,"max_hp_loss":0.0,"gold_gain":300.0,"event_name":"Wheel of Change","player_choice":"Gold","floor":36.0,"gold_loss":0.0,"damage_taken":0.0},{"cards_removed":["Parry2"],"damage_healed":0.0,"max_hp_gain":0.0,"max_hp_loss":0.0,"gold_gain":0.0,"event_name":"Falling","player_choice":"Removed Power","floor":42.0,"gold_loss":0.0,"damage_taken":0.0}],"is_beta":false,"boss_relics":[{"not_picked":["Tiny House","jedi:paperlyon"],"picked":"Empty Cage"},{"not_picked":["Velvet Choker","SlaversCollar"],"picked":"Sozu"}],"items_purged_floors":[45,53],"is_endless":false,"potions_floor_spawned":[1,5,6,12,19,22,24,31,35,37,39,48,54],"ascension_level":6}}