{"host":"h5nld6ncfqkg6fx0","time":1614323827,"event":{"mods":["100% Spire Juice","BaseMod","Better Third Choice","ChefMod","Energized Spire","GifTheSpireLib","Minty Spire (QoL Compilation)","Relic Stats","Reliquary","Spicy Shops","StSLib","The Alterego","TheSwordswoman"],"gold_per_floor":[113,113,131,146,26,62,62,78,78,78,24,45,45,61,61,181,61,80,93,112,133,13,13,31,55,55,55,55],"floor_reached":27,"language":"ENG","playtime":2090,"items_purged":[],"score":219,"play_id":"bca1bb94-3674-4786-b9e2-74000712d9e8","local_time":"20210225231707","is_ascension_mode":false,"campfire_choices":[{"data":"Moonworks:Encore","floor":7,"key":"SMITH"},{"floor":10,"key":"REST"},{"floor":13,"key":"REST"},{"data":"Moonworks:EvilSpyWorkPreparation","floor":15,"key":"SMITH"},{"data":"Moonworks:Heat300Percent","floor":23,"key":"SMITH"}],"circlet_count":0,"master_deck":["Moonworks:Strike","Moonworks:Strike","Moonworks:Strike","Moonworks:Defend","Moonworks:Defend","Moonworks:Defend","Moonworks:Ambush+1","Moonworks:LongDistanceShot","Moonworks:NicePresent","Moonworks:SakisCookie","Moonworks:CloudOfSeagulls+1","Moonworks:Encore+1","Moonworks:Heat300Percent+1","Moonworks:JonathanRush","Moonworks:EvilSpyWorkPreparation+1","Moonworks:PlushieMaster","Moonworks:MiracleRedBeanIceCream","Moonworks:CloudOfSeagulls","Moonworks:ReproductionOfRecords","Moonworks:TreasureThief+1","Moonworks:WindyEnchantment","Moonworks:BigBangBell"],"relics":["Moonworks:BrokenBomb","Moonworks:Homemark","Golden Idol","reliquary:Knoch","Shuriken","Empty Cage","Gremlin Horn"],"acts_visited":["Exordium","TheCity"],"potions_floor_usage":[6,16,24,24,25,27,27],"damage_taken":[{"damage":0,"enemies":"Small Slimes","floor":1,"turns":2},{"damage":11,"enemies":"Jaw Worm","floor":3,"turns":3},{"damage":1,"enemies":"Cultist","floor":4,"turns":4},{"damage":7,"enemies":"Gremlin Nob","floor":6,"turns":3},{"damage":12,"enemies":"Blue Slaver","floor":8,"turns":4},{"damage":10,"enemies":"2 Fungi Beasts","floor":12,"turns":3},{"damage":11,"enemies":"Looter","floor":14,"turns":3},{"damage":33,"enemies":"Slime Boss","floor":16,"turns":7},{"damage":8,"enemies":"Shell Parasite","floor":18,"turns":4},{"damage":0,"enemies":"Spheric Guardian","floor":19,"turns":3},{"damage":4,"enemies":"Cultist and Chosen","floor":20,"turns":4},{"damage":19,"enemies":"Sentry and Sphere","floor":21,"turns":4},{"damage":14,"enemies":"Snake Plant","floor":24,"turns":2},{"damage":28,"enemies":"Snecko","floor":25,"turns":6},{"damage":34,"enemies":"Slavers","floor":27,"turns":2}],"seed_played":"5010352754583981273","potions_obtained":[{"floor":3,"key":"DuplicationPotion"},{"floor":12,"key":"Fire Potion"},{"floor":14,"key":"FearPotion"},{"floor":16,"key":"DistilledChaos"},{"floor":19,"key":"Regen Potion"},{"floor":24,"key":"Ancient Potion"},{"floor":25,"key":"Fruit Juice"}],"is_trial":false,"path_per_floor":["M","?","M","M","?","E","R","M","T","R","$","M","R","M","R","B",null,"M","M","M","M","?","R","M","M","T","E"],"character_chosen":"THE_STARBREAKER","items_purchased":["Moonworks:JonathanRush"],"campfire_rested":2,"item_purchase_floors":[11],"current_hp_per_floor":[66,50,39,40,40,33,33,23,23,42,42,34,53,42,42,9,66,60,66,66,52,52,52,40,22,22,0,0],"gold":55,"neow_bonus":"TEN_PERCENT_HP_BONUS","is_daily":false,"chose_seed":false,"campfire_upgraded":3,"win_rate":0.0,"timestamp":1614323827,"path_taken":["M","?","M","M","?","E","R","M","T","R","?","M","R","M","R","BOSS","M","M","M","M","?","R","M","?","T","E"],"items_purchased_type":["Card"],"build_version":"2020-12-22","purchased_purges":0,"victory":false,"max_hp_per_floor":[66,66,66,66,66,66,66,66,66,66,66,66,66,66,66,66,66,66,66,66,66,66,66,66,71,71,71,71],"relic_stats":{"Gremlin Horn":[0,0],"counters":[15,54],"Golden Idol":72,"Shuriken":[22],"obtain_stats":[{"Gremlin Horn":26,"Golden Idol":2,"Shuriken":9,"Moonworks:Homemark":0,"reliquary:Knoch":6,"Empty Cage":17,"Moonworks:BrokenBomb":0},{"Gremlin Horn":14,"Golden Idol":1,"Shuriken":5,"Moonworks:Homemark":0,"reliquary:Knoch":4,"Empty Cage":8,"Moonworks:BrokenBomb":0},{"Gremlin Horn":52,"Golden Idol":2,"Shuriken":16,"Moonworks:Homemark":0,"reliquary:Knoch":12,"Empty Cage":29,"Moonworks:BrokenBomb":0}]},"card_choices":[{"not_picked":["Moonworks:LulusLuckyEgg","Moonworks:Assault"],"picked":"Moonworks:NicePresent","floor":1},{"not_picked":["Moonworks:MixPhenomenon","Moonworks:ImOnFire"],"picked":"Moonworks:SakisCookie","floor":3},{"not_picked":["Moonworks:Assault","Moonworks:BeyondHell"],"picked":"Moonworks:CloudOfSeagulls","floor":4},{"not_picked":["Moonworks:Assault","Moonworks:Bloodlust"],"picked":"Moonworks:Encore","floor":6},{"not_picked":["Moonworks:IndiscriminateFireSupport","Moonworks:BigMagnum"],"picked":"Moonworks:Heat300Percent","floor":8},{"not_picked":["Moonworks:Dash","Moonworks:MiracleWalker","Moonworks:DeployBits"],"picked":"SKIP","floor":12},{"not_picked":["Moonworks:DeployBits","Moonworks:Dash"],"picked":"Moonworks:EvilSpyWorkPreparation","floor":14},{"not_picked":["Moonworks:Encore","Moonworks:GoAway"],"picked":"Moonworks:PlushieMaster","floor":16},{"not_picked":["Moonworks:BigMagnum+1","Moonworks:DeployBits+1"],"picked":"Moonworks:MiracleRedBeanIceCream","floor":18},{"not_picked":["Moonworks:LulusLuckyEgg","Moonworks:ImOnFire+1"],"picked":"Moonworks:CloudOfSeagulls","floor":19},{"not_picked":["Moonworks:SweetBattle+1","Moonworks:BigMagnum"],"picked":"Moonworks:ReproductionOfRecords","floor":20},{"not_picked":["Moonworks:ExtendedPhotonRifle","Moonworks:LulusLuckyEgg+1"],"picked":"Moonworks:TreasureThief+1","floor":21},{"not_picked":["Moonworks:BigMagnum","Moonworks:UnluckyCharm"],"picked":"Moonworks:WindyEnchantment","floor":24},{"not_picked":["Moonworks:ImOnFire","Moonworks:DeployBits"],"picked":"Moonworks:BigBangBell","floor":25}],"player_experience":42074,"relics_obtained":[{"floor":6,"key":"reliquary:Knoch"},{"floor":9,"key":"Shuriken"},{"floor":26,"key":"Gremlin Horn"}],"event_choices":[{"damage_healed":0,"gold_gain":0,"player_choice":"Take Damage","damage_taken":16,"relics_obtained":["Golden Idol"],"max_hp_gain":0,"max_hp_loss":0,"event_name":"Golden Idol","floor":2,"gold_loss":0},{"damage_healed":0,"gold_gain":0,"player_choice":"Grow","damage_taken":0,"max_hp_gain":0,"max_hp_loss":0,"event_name":"Living Wall","floor":5,"gold_loss":0,"cards_upgraded":["Moonworks:CloudOfSeagulls"]},{"damage_healed":0,"gold_gain":0,"player_choice":"Upgraded","damage_taken":0,"max_hp_gain":0,"max_hp_loss":0,"event_name":"Upgrade Shrine","floor":22,"gold_loss":0,"cards_upgraded":["Moonworks:Ambush"]}],"is_beta":false,"boss_relics":[{"not_picked":["Tiny House","Runic Pyramid"],"picked":"Empty Cage"}],"items_purged_floors":[],"is_endless":false,"potions_floor_spawned":[3,12,14,16,19,21,24,25],"killed_by":"Slavers","ascension_level":0}}