{"host":"rtfqe5i9d9sj5t8z","time":1614308334,"event":{"mods":["Act Like it!","Arknights","BaseMod","Library of Ruina","Minty Spire (QoL Compilation)","Rare Cards Sparkle","Reimu（博丽灵梦）","Robot Space Explorer","StSLib","The Bladedancer","The Bug Knight","The Dragon Tamer","The Senshi","Warlord Emblem","noobMod","残留之物"],"gold_per_floor":[112,129,129,129,148,148,167,55,55,93,105,134,165,189,201,316,328,348,377,389,401,74,108,108,143,143,143,174,174,174,124,124,224,224,236,245,245,0,0,0,19,47,72,172,172,181,103,130,130,127,127,127,127,156,153],"floor_reached":56,"language":"ZHS","playtime":5538,"items_purged":["Poor:ReiMu"],"score":1353,"play_id":"fbe1c39a-4442-46b7-a4c2-63a945c2538c","local_time":"20210226105854","is_ascension_mode":true,"campfire_choices":[{"data":"HollowMod:CycloneSlash","floor":6,"key":"SMITH"},{"floor":15,"key":"RECALL"},{"floor":24,"key":"REST"},{"floor":29,"key":"REST"},{"data":"Magnetism","floor":32,"key":"SMITH"},{"data":"HollowMod:AwokenDreamNail","floor":40,"key":"SMITH"},{"data":"HollowMod:Weaversong","floor":45,"key":"SMITH"},{"floor":49,"key":"REST"},{"data":"HollowMod:SoulVessel","floor":52,"key":"SMITH"}],"circlet_count":0,"master_deck":["HollowMod:NailStrikeStart+1","HollowMod:NailStrikeStart+1","HollowMod:NailStrikeStart+1","HollowMod:NailStrikeStart+1","HollowMod:QuickDashStart+1","HollowMod:QuickDashStart+1","HollowMod:QuickDashStart+1","HollowMod:FocusHealStart","HollowMod:PogoStrike","HollowMod:HowlingWraiths","HollowMod:CloakDash","HollowMod:CycloneSlash+1","HollowMod:NewJinnsSoul","HollowMod:BrokenVessel","HollowMod:MantisMark","HollowMod:LifebloodCore","HollowMod:SoulSplash","HollowMod:HowlingWraiths","HollowMod:Weaversong+1","HollowMod:SoulShaman+1","HollowMod:InfectedAttack","Magnetism+1","HollowMod:InfectedCysts+1","HollowMod:HornetsHelp","HollowMod:theNailsmith","HollowMod:AwokenDreamNail+1","HollowMod:SoulStrike+1","HollowMod:SoulSplash+1","Sadistic Nature","Panache","Mind Blast","HollowMod:NewLastStag","HollowMod:SharpenedNail+1","HollowMod:VengefulSpirit+1","HollowMod:DoubleDash","HollowMod:SoulVessel+1","HollowMod:InfectionAssault+1"],"relics":["HollowMod:VesselMask","ice","FossilizedHelix","YidongShenshe:ReiMu","MawBank","PlaceholderMod:SoulofChaos","SlaversCollar","Nilry\u0027s Codex","Bronze Scales","CaptainsWheel","Mercury Hourglass","PageOfBigBadWolf","TungstenRod","Sozu","PageOfPunishingBird","Mastiff:ReiMu","Bag of Preparation","Bottled Flame"],"acts_visited":["Exordium","TheCity","TheBeyond","TheEnding"],"potions_floor_usage":[16,16,16,33,50,50],"damage_taken":[{"damage":0,"enemies":"Jaw Worm","floor":1,"turns":2},{"damage":0,"enemies":"Small Slimes","floor":2,"turns":3},{"damage":0,"enemies":"2 Louse","floor":5,"turns":2},{"damage":3,"enemies":"Red Slaver","floor":7,"turns":3},{"damage":22,"enemies":"Lagavulin","floor":10,"turns":6},{"damage":0,"enemies":"Blue Slaver","floor":12,"turns":3},{"damage":7,"enemies":"3 Louse","floor":13,"turns":2},{"damage":0,"enemies":"Looter","floor":14,"turns":3},{"damage":57,"enemies":"Hexaghost","floor":16,"turns":12},{"damage":5,"enemies":"Chosen","floor":18,"turns":4},{"damage":26,"enemies":"2 Thieves","floor":19,"turns":4},{"damage":9,"enemies":"HollowMod:Nosk","floor":23,"turns":7},{"damage":17,"enemies":"Slavers","floor":25,"turns":3},{"damage":0,"enemies":"Book of Stabbing","floor":28,"turns":4},{"damage":40,"enemies":"Champ","floor":33,"turns":11},{"damage":14,"enemies":"3 Shapes","floor":35,"turns":3},{"damage":17,"enemies":"3 Darklings","floor":36,"turns":4},{"damage":18,"enemies":"4 Shapes","floor":41,"turns":3},{"damage":20,"enemies":"HollowMod:StalkingDevout","floor":42,"turns":5},{"damage":2,"enemies":"Sphere and 2 Shapes","floor":46,"turns":4},{"damage":120,"enemies":"Awakened One","floor":50,"turns":10},{"damage":42,"enemies":"Shield and Spear","floor":54,"turns":3},{"damage":69,"enemies":"The Heart","floor":55,"turns":7}],"seed_played":"7570922322353499314","potions_obtained":[{"floor":1,"key":"EssenceOfSteel"},{"floor":5,"key":"Regen Potion"},{"floor":13,"key":"ColorlessPotion"},{"floor":19,"key":"Fire Potion"},{"floor":25,"key":"Explosive Potion"},{"floor":28,"key":"PlaceholderMod:PlaceholderPotion"}],"is_trial":false,"path_per_floor":["M","M","?","?","M","R","M","$","T","E","?","M","M","M","R","B",null,"M","M","?","?","$","E","R","E","T","?","E","R","?","?","R","B",null,"M","M","?","?","?","R","M","E","T","?","R","M","$","T","R","B",null,"R","$","E","B",null],"character_chosen":"THE_BUGKNIGHT","items_purchased":["HollowMod:BrokenVessel","Magnetism","Bronze Scales","HollowMod:SoulVessel"],"campfire_rested":3,"item_purchase_floors":[8,22,22,47],"current_hp_per_floor":[68,68,73,73,73,73,70,70,70,48,51,51,44,44,44,8,76,71,45,32,35,35,32,56,39,39,26,26,53,56,59,59,19,96,82,74,68,71,74,74,59,45,45,48,48,46,46,49,82,79,116,116,116,74,164],"gold":153,"neow_bonus":"ONE_RARE_RELIC","is_daily":false,"chose_seed":false,"campfire_upgraded":5,"win_rate":0.0,"timestamp":1614308334,"path_taken":["M","M","?","?","M","R","M","$","T","E","?","M","M","M","R","BOSS","M","M","?","?","$","E","R","E","T","?","E","R","?","?","R","BOSS","M","?","?","?","?","R","?","E","T","?","R","M","$","?","R","BOSS","R","$","E","BOSS"],"items_purchased_type":["Card","Card","Relic","Card"],"build_version":"2020-12-22","purchased_purges":1,"victory":true,"max_hp_per_floor":[68,68,73,73,73,73,73,73,73,73,76,76,76,76,76,76,76,76,76,79,82,82,82,82,82,82,90,90,90,93,96,96,96,96,96,99,102,105,103,103,106,106,106,109,109,109,109,112,112,116,116,116,116,122,183],"card_choices":[{"not_picked":["HollowMod:GoodIntentions","HollowMod:QuirrelsAssistance"],"picked":"HollowMod:HowlingWraiths","floor":1},{"not_picked":["HollowMod:InfectedAttack","HollowMod:NewLittleFool"],"picked":"HollowMod:CloakDash","floor":2},{"not_picked":["HollowMod:MonarchWings","HollowMod:FastStrike"],"picked":"HollowMod:CycloneSlash","floor":5},{"not_picked":["HollowMod:PerfectDash","HollowMod:DashSlash"],"picked":"HollowMod:NewJinnsSoul","floor":7},{"not_picked":["HollowMod:SharpenedNail","HollowMod:CornifersMapStart"],"picked":"HollowMod:MantisMark","floor":10},{"not_picked":["HollowMod:CrystalDash","HollowMod:SoulStrike"],"picked":"HollowMod:LifebloodCore","floor":12},{"not_picked":["HollowMod:CrystalDash","HollowMod:GoodIntentions"],"picked":"HollowMod:SoulSplash","floor":13},{"not_picked":["HollowMod:ShapeofUnn","HollowMod:GoodIntentions"],"picked":"HollowMod:HowlingWraiths","floor":14},{"not_picked":["HollowMod:HornetsHelp","HollowMod:MidwifesHunger"],"picked":"HollowMod:Weaversong","floor":16},{"not_picked":["HollowMod:SharpenedNail","HollowMod:SoulStrike"],"picked":"HollowMod:SoulShaman+1","floor":18},{"not_picked":["HollowMod:HowlingWraiths","HollowMod:MantisMark"],"picked":"HollowMod:InfectedAttack","floor":19},{"not_picked":["HollowMod:DescendingDark","HollowMod:ShapeofUnn"],"picked":"HollowMod:InfectedCysts+1","floor":23},{"not_picked":["HollowMod:Grubsong","HollowMod:CoiledNail+1"],"picked":"HollowMod:HornetsHelp","floor":25},{"not_picked":["HollowMod:MonarchWings","HollowMod:DescendingDark+1"],"picked":"HollowMod:theNailsmith","floor":28},{"not_picked":["HollowMod:LifebloodCore","HollowMod:HornetsHelp"],"picked":"HollowMod:AwokenDreamNail","floor":33},{"not_picked":["HollowMod:DescendingDark","HollowMod:SiblingsShadow"],"picked":"HollowMod:SoulStrike+1","floor":35},{"not_picked":["HollowMod:DreamGate","HollowMod:NewLittleFool"],"picked":"HollowMod:SoulSplash+1","floor":36},{"not_picked":["HandOfGreed","Good Instincts"],"picked":"Sadistic Nature","floor":37},{"not_picked":["Discovery","Jack Of All Trades"],"picked":"Panache","floor":37},{"not_picked":["Jack Of All Trades","Swift Strike"],"picked":"Mind Blast","floor":37},{"not_picked":["HollowMod:Grubsong","HollowMod:ChannelNail+1"],"picked":"HollowMod:SharpenedNail+1","floor":41},{"not_picked":["HollowMod:MonarchWings","HollowMod:PerfectDash"],"picked":"HollowMod:VengefulSpirit+1","floor":42},{"not_picked":["HollowMod:SoulStrike","HollowMod:CycloneSlash+1"],"picked":"HollowMod:DoubleDash","floor":46},{"not_picked":["HollowMod:CoiledNail","HollowMod:SoulVessel"],"picked":"HollowMod:InfectionAssault+1","floor":54}],"player_experience":82276,"relics_obtained":[{"floor":9,"key":"MawBank"},{"floor":10,"key":"PlaceholderMod:SoulofChaos"},{"floor":20,"key":"Nilry\u0027s Codex"},{"floor":23,"key":"CaptainsWheel"},{"floor":25,"key":"Mercury Hourglass"},{"floor":28,"key":"PageOfBigBadWolf"},{"floor":42,"key":"PageOfPunishingBird"},{"floor":43,"key":"Mastiff:ReiMu"},{"floor":48,"key":"Bag of Preparation"},{"floor":54,"key":"Bottled Flame"}],"event_choices":[{"damage_healed":0,"gold_gain":0,"player_choice":"Donut","damage_taken":0,"max_hp_gain":5,"max_hp_loss":0,"event_name":"Big Fish","floor":3,"gold_loss":0},{"damage_healed":0,"gold_gain":0,"player_choice":"带走神社","damage_taken":0,"relics_obtained":["YidongShenshe:ReiMu"],"max_hp_gain":0,"max_hp_loss":0,"event_name":"yidonshenshe","floor":4,"gold_loss":0,"cards_obtained":["Poor:ReiMu"]},{"cards_removed":["HollowMod:QuickDashStart"],"damage_healed":0,"gold_gain":0,"player_choice":"Purged","damage_taken":0,"max_hp_gain":0,"max_hp_loss":0,"event_name":"Purifier","floor":11,"gold_loss":0},{"damage_healed":0,"gold_gain":0,"player_choice":"Obtained Book","damage_taken":16,"max_hp_gain":0,"max_hp_loss":0,"event_name":"Cursed Tome","floor":20,"gold_loss":0},{"damage_healed":0,"gold_gain":0,"player_choice":"Simplicity","damage_taken":0,"max_hp_gain":0,"max_hp_loss":0,"event_name":"Back to Basics","floor":21,"gold_loss":0,"cards_upgraded":["HollowMod:NailStrikeStart","HollowMod:NailStrikeStart","HollowMod:NailStrikeStart","HollowMod:NailStrikeStart","HollowMod:QuickDashStart","HollowMod:QuickDashStart","HollowMod:QuickDashStart"]},{"damage_healed":0,"gold_gain":0,"player_choice":"Shed Blood","damage_taken":21,"max_hp_gain":5,"max_hp_loss":0,"event_name":"Forgotten Altar","floor":27,"gold_loss":0},{"damage_healed":0,"gold_gain":0,"player_choice":"Opened","damage_taken":0,"relics_obtained":["TungstenRod"],"max_hp_gain":0,"max_hp_loss":0,"event_name":"The Mausoleum","floor":30,"gold_loss":0},{"damage_healed":0,"gold_gain":0,"player_choice":"Bet on Owner","damage_taken":0,"max_hp_gain":0,"max_hp_loss":0,"event_name":"The Joust","floor":31,"gold_loss":50},{"damage_healed":0,"gold_gain":0,"player_choice":"Memory 3","damage_taken":10,"max_hp_gain":0,"max_hp_loss":0,"event_name":"SensoryStone","floor":37,"gold_loss":0},{"damage_healed":0,"gold_gain":0,"player_choice":"Max HP","damage_taken":0,"max_hp_gain":0,"max_hp_loss":5,"event_name":"Winding Halls","floor":39,"gold_loss":0},{"damage_healed":0,"gold_gain":100,"player_choice":"Pray","damage_taken":0,"max_hp_gain":0,"max_hp_loss":0,"event_name":"Golden Shrine","floor":44,"gold_loss":0}],"is_beta":false,"boss_relics":[{"not_picked":["Snecko Eye","Busted Crown"],"picked":"SlaversCollar"},{"not_picked":["Runic Pyramid","Calling Bell"],"picked":"Sozu"}],"items_purged_floors":[8],"is_endless":false,"potions_floor_spawned":[1,5,13,14,19,25,28,35,36,46],"ascension_level":1}}