{"host":"u2zgzag0koeblr9v","time":1614375278,"event":{"mods":["AchievementEnabler","BaseMod","Colored Map","Key Reminder","Minty Spire (QoL Compilation)"],"gold_per_floor":[116,66,66,141,165,165,205,205,205,239,14,14,14,35,35,155,155,178,197,216,216,315,315,358,137,163,163,163,196,212,212,212,337,337,375,375,440,465,465,465],"floor_reached":39,"language":"ENG","playtime":2320,"items_purged":["Defend_P"],"score":880,"play_id":"79a98d29-db18-4489-8e09-76ce1c669e51","local_time":"20210226163438","is_ascension_mode":true,"campfire_choices":[{"data":"Eruption","floor":6,"key":"SMITH"},{"data":"FlyingSleeves","floor":8,"key":"SMITH"},{"data":"Vigilance","floor":13,"key":"SMITH"},{"data":"FollowUp","floor":15,"key":"SMITH"},{"data":"ForeignInfluence","floor":23,"key":"SMITH"},{"floor":28,"key":"REST"},{"data":"Study","floor":32,"key":"SMITH"}],"circlet_count":0,"master_deck":["AscendersBane","Strike_P+1","Strike_P+1","Strike_P+1","Strike_P","Defend_P+1","Defend_P+1","Eruption+1","Vigilance+1","FollowUp+1","FlyingSleeves+1","FollowUp+1","LessonLearned+1","Wallop+1","MasterReality+1","Collect+1","ForeignInfluence+1","Evaluate+1","JustLucky+1","TalkToTheHand+1","TalkToTheHand+1","Study+1","SashWhip+1","Wish+1","Collect+1","Adaptation+1","Adaptation+1"],"relics":["PureWater","NeowsBlessing","Golden Idol","GoldenEye","keyreminder:keyreminder","Centennial Puzzle","Molten Egg 2","SacredBark","CaptainsWheel","InkBottle","DollysMirror","Pen Nib","Nunchaku","MutagenicStrength","SlaversCollar","Calipers"],"acts_visited":["Exordium","TheCity","TheBeyond"],"potions_floor_usage":[16,16,20,27,33,35,35],"damage_taken":[{"damage":0,"enemies":"2 Louse","floor":1,"turns":1},{"damage":0,"enemies":"Small Slimes","floor":5,"turns":1},{"damage":0,"enemies":"Lagavulin","floor":7,"turns":1},{"damage":16,"enemies":"Gremlin Nob","floor":10,"turns":3},{"damage":7,"enemies":"Jaw Worm","floor":14,"turns":3},{"damage":0,"enemies":"Slime Boss","floor":16,"turns":7},{"damage":7,"enemies":"Chosen","floor":18,"turns":4},{"damage":6,"enemies":"Spheric Guardian","floor":19,"turns":3},{"damage":18,"enemies":"Shelled Parasite and Fungi","floor":20,"turns":2},{"damage":13,"enemies":"Book of Stabbing","floor":24,"turns":3},{"damage":0,"enemies":"Slavers","floor":27,"turns":1},{"damage":6,"enemies":"Book of Stabbing","floor":29,"turns":3},{"damage":0,"enemies":"Cultist and Chosen","floor":30,"turns":4},{"damage":0,"enemies":"Automaton","floor":33,"turns":9},{"damage":0,"enemies":"3 Darklings","floor":35,"turns":5},{"damage":25,"enemies":"2 Orb Walkers","floor":37,"turns":7},{"damage":0,"enemies":"3 Shapes","floor":38,"turns":4}],"seed_played":"3998121400254817767","potions_obtained":[{"floor":1,"key":"Fire Potion"},{"floor":14,"key":"SkillPotion"},{"floor":16,"key":"Energy Potion"},{"floor":24,"key":"SmokeBomb"},{"floor":29,"key":"BottledMiracle"},{"floor":30,"key":"PowerPotion"},{"floor":33,"key":"Swift Potion"}],"is_trial":false,"path_per_floor":["M","?","?","?","M","R","E","R","T","E","$","$","R","M","R","B",null,"M","M","M","?","?","R","E","$","T","E","R","E","M","?","R","B",null,"M","?","?","M","M"],"character_chosen":"WATCHER","items_purchased":["LessonLearned+1","TalkToTheHand+1","DollysMirror"],"campfire_rested":1,"item_purchase_floors":[11,25,25],"current_hp_per_floor":[65,65,65,54,54,54,54,54,54,38,38,38,38,31,31,31,58,51,45,27,27,27,27,14,14,14,14,34,28,28,28,28,28,57,57,57,32,32,0,0],"gold":465,"neow_bonus":"THREE_ENEMY_KILL","is_daily":false,"chose_seed":false,"campfire_upgraded":6,"win_rate":0.0,"timestamp":1614375278,"path_taken":["M","?","?","?","M","R","E","R","T","E","?","$","R","M","R","BOSS","M","M","M","?","?","R","E","$","T","E","R","E","M","?","R","BOSS","M","?","?","M","M"],"items_purchased_type":["Card","Card","Relic"],"build_version":"2020-12-22","purchased_purges":1,"victory":false,"max_hp_per_floor":[72,72,67,67,67,67,67,67,67,67,67,67,67,67,67,67,67,67,67,67,67,67,67,67,67,67,67,67,67,67,67,67,67,67,67,67,67,67,67,67],"card_choices":[{"not_picked":["Prostrate","Nirvana"],"picked":"FollowUp","floor":1},{"not_picked":["SignatureMove","Perseverance"],"picked":"FlyingSleeves","floor":5},{"not_picked":["WreathOfFlame","Meditate"],"picked":"FollowUp","floor":7},{"not_picked":["FollowUp+1","WindmillStrike+1"],"picked":"CrushJoints+1","floor":10},{"not_picked":["PathToVictory","Conclude+1"],"picked":"Wallop+1","floor":14},{"not_picked":["DeusExMachina","ConjureBlade"],"picked":"MasterReality","floor":16},{"not_picked":["SandsOfTime+1","SashWhip+1"],"picked":"Collect+1","floor":18},{"not_picked":["Prostrate","Vengeance+1"],"picked":"ForeignInfluence","floor":19},{"not_picked":["Meditate","Consecrate+1"],"picked":"Evaluate","floor":20},{"not_picked":["Halt","ThirdEye"],"picked":"JustLucky+1","floor":24},{"not_picked":["Nirvana","CrushJoints+1"],"picked":"Study","floor":29},{"not_picked":["CrushJoints+1","Prostrate"],"picked":"SashWhip+1","floor":30},{"not_picked":["Brilliance+1","LessonLearned+1"],"picked":"Wish","floor":33},{"not_picked":["Pray","EmptyFist+1"],"picked":"Collect","floor":35},{"not_picked":["CutThroughFate+1","BowlingBash+1"],"picked":"Adaptation","floor":37},{"not_picked":["EmptyBody+1","Nirvana+1"],"picked":"Adaptation+1","floor":38}],"player_experience":383797,"relics_obtained":[{"floor":7,"key":"GoldenEye"},{"floor":9,"key":"Centennial Puzzle"},{"floor":10,"key":"Molten Egg 2"},{"floor":24,"key":"InkBottle"},{"floor":26,"key":"Pen Nib"},{"floor":29,"key":"Nunchaku"},{"floor":37,"key":"Calipers"}],"event_choices":[{"cards_removed":["Defend_P"],"damage_healed":0,"gold_gain":0,"player_choice":"Card Removal","damage_taken":0,"max_hp_gain":0,"max_hp_loss":0,"event_name":"The Cleric","floor":2,"gold_loss":50},{"damage_healed":0,"gold_gain":0,"player_choice":"Lose Max HP","damage_taken":0,"relics_obtained":["Golden Idol"],"max_hp_gain":0,"max_hp_loss":5,"event_name":"Golden Idol","floor":3,"gold_loss":0},{"damage_healed":0,"gold_gain":75,"player_choice":"Gather Gold","damage_taken":11,"max_hp_gain":0,"max_hp_loss":0,"event_name":"World of Goop","floor":4,"gold_loss":0},{"damage_healed":0,"gold_gain":0,"player_choice":"Opened","damage_taken":0,"relics_obtained":["CaptainsWheel"],"max_hp_gain":0,"max_hp_loss":0,"event_name":"The Mausoleum","floor":21,"gold_loss":0},{"damage_healed":0,"gold_gain":99,"player_choice":"Stole From Cult","damage_taken":0,"max_hp_gain":0,"max_hp_loss":0,"event_name":"Nest","floor":22,"gold_loss":0},{"damage_healed":0,"gold_gain":0,"player_choice":"Inject Mutagens","damage_taken":0,"relics_obtained":["MutagenicStrength"],"max_hp_gain":0,"max_hp_loss":0,"event_name":"Drug Dealer","floor":31,"gold_loss":0},{"cards_removed":["CrushJoints"],"damage_healed":0,"gold_gain":0,"player_choice":"Removed Attack","damage_taken":0,"max_hp_gain":0,"max_hp_loss":0,"event_name":"Falling","floor":36,"gold_loss":0},{"damage_healed":0,"gold_gain":0,"player_choice":"Fight","damage_taken":0,"max_hp_gain":0,"max_hp_loss":0,"event_name":"Mysterious Sphere","floor":37,"gold_loss":0}],"is_beta":false,"boss_relics":[{"not_picked":["Snecko Eye","Cursed Key"],"picked":"SacredBark"},{"not_picked":["Black Star","VioletLotus"],"picked":"SlaversCollar"}],"items_purged_floors":[11],"is_endless":false,"potions_floor_spawned":[1,14,16,24,29,30,33],"killed_by":"Sphere and 2 Shapes","ascension_level":11}}