{"host":"ggy1mjjy92c62u6a","time":1614326441,"event":{"mods":["10 clothes from DAL","ATMod(阿瑾Mod)","Act Like it!","BaseMod","Colored Powertips","GifTheSpireLib","Infinite Spire","Library of Ruina","Library of Ruina Extra","Lobotomy","LobotomyExtend","Marisa（F雨　魔理沙）","Minty Spire (QoL Compilation)","Quick Restart","Relic Filter Mod","Relic Stats","Reliquary","Remilia（蕾米莉亚）","Replay The Spire","RumiaBox-露米娅的神秘盒子","Shop Mod","Spicy Shops","StSLib","SuperFastMode","Youmu（魂魄妖梦）","[功能]功能增强和修复MOD","【功能Mod】混沌之环修复补丁","【遗物Mod】死灵法师NEW","【遗物卡牌】REMEMod"],"gold_per_floor":[12,26,26,26,36,36,36],"floor_reached":6,"language":"ZHS","playtime":205,"items_purged":[],"score":38,"play_id":"0d4325c2-61c3-4ebb-84a0-25f8e3597a63","local_time":"20210226160041","is_ascension_mode":true,"campfire_choices":[],"circlet_count":0,"master_deck":["Strike_R","Strike_R","Strike_R","Strike_R","Strike_R","Defend_R","Defend_R","Defend_R","Defend_R","Bash","QueenOfMidnight","AT_FamilyPortrait","Heavy Blade","Battle Trance"],"relics":["REME_ComplimentaryCards","AT_ATBox","EctoplasmExtend","Baka","LetterFromLob","Shovel","Shovel"],"acts_visited":["Exordium"],"potions_floor_usage":[],"damage_taken":[{"damage":6.0,"enemies":"Cultist","floor":1.0,"turns":3.0},{"damage":11.0,"enemies":"Jaw Worm","floor":2.0,"turns":2.0},{"damage":2.0,"enemies":"Small Slimes","floor":5.0,"turns":3.0},{"damage":21,"enemies":"3 Sentries","floor":6,"turns":2}],"seed_played":"2949344310303653225","potions_obtained":[{"floor":1.0,"key":"Weak Potion"},{"floor":2.0,"key":"infinitespire:BlackPotion"}],"is_trial":false,"path_per_floor":["M","M","$","M","M","E"],"character_chosen":"IRONCLAD","items_purchased":[],"campfire_rested":0,"item_purchase_floors":[],"current_hp_per_floor":[74,63,63,63,61,40,40],"gold":36,"neow_bonus":"BOSS_RELIC","is_daily":false,"chose_seed":false,"campfire_upgraded":0,"win_rate":0.0,"timestamp":1614326441,"path_taken":["M","M","$","?","M","E"],"items_purchased_type":[],"build_version":"2020-12-22","purchased_purges":0,"victory":false,"max_hp_per_floor":[80,80,80,80,80,80,80],"relic_stats":{"Shovel":0,"counters":[4,10],"obtain_stats":[{"AT_ATBox":0,"Shovel":2,"EctoplasmExtend":0,"Baka":1,"LetterFromLob":1,"Burning Blood":0,"REME_ComplimentaryCards":0},{"AT_ATBox":0,"Shovel":2,"EctoplasmExtend":0,"Baka":1,"LetterFromLob":1,"Burning Blood":0,"REME_ComplimentaryCards":0},{"AT_ATBox":0,"Shovel":5,"EctoplasmExtend":0,"Baka":3,"LetterFromLob":3,"Burning Blood":0,"REME_ComplimentaryCards":0}]},"card_choices":[{"not_picked":["True Grit","Pummel"],"picked":"Heavy Blade","floor":1.0},{"not_picked":["infinitespire:OneForAll","Dropkick","Evolve"],"picked":"SKIP","floor":2.0},{"not_picked":["True Grit","Entrench"],"picked":"Battle Trance","floor":5}],"player_experience":170798,"relics_obtained":[{"floor":1.0,"key":"Baka"},{"floor":1.0,"key":"LetterFromLob"},{"floor":2.0,"key":"Shovel"},{"floor":2.0,"key":"Shovel"}],"event_choices":[],"is_beta":false,"boss_relics":[],"items_purged_floors":[],"is_endless":false,"potions_floor_spawned":[1,2],"killed_by":"3 Sentries","ascension_level":1}}