{"host":"w11d5xug8ost5klq","time":1614364172,"event":{"mods":["100% Spire Juice","2.2 Compatiblity","BaseMod","Better Third Choice","Emptier Cage","Highlight Path","KinomotoSakuraMod(????)","Minty Spire (QoL Compilation)","Quick Restart","Reliquary","Shapeshifter Mod","Spicy Shops","StSLib","The Alterego","The Hierophant","WarShipGirlsR/????R mod"],"gold_per_floor":[116,191,191,47,55,92,118,43,66,66,86,4,4,41,41,130,130,142,1,1,1,41,94,94,91,117,117,188,188,246,335,335,412,412,532,662,662,124,124,124,170,170,218,354,354,14,155,215,215,130],"floor_reached":51,"language":"ENG","playtime":2034,"items_purged":["hierophant:ArchangelShield","hierophant:CoinFling"],"score":1362,"play_id":"57b467b5-31d5-4124-8c76-42f31903e7ca","local_time":"20210226122932","is_ascension_mode":false,"campfire_choices":[{"floor":10,"key":"REST"},{"data":"hierophant:Endure","floor":13,"key":"SMITH"},{"floor":15,"key":"REST"},{"data":"hierophant:Endure","floor":27,"key":"SMITH"},{"data":"hierophant:RustyCrate","floor":32,"key":"SMITH"},{"data":"hierophant:RecallFunds","floor":40,"key":"SMITH"},{"data":"hierophant:BulkyChest","floor":42,"key":"SMITH"},{"data":"hierophant:Remorse","floor":45,"key":"SMITH"},{"data":"hierophant:Doubloon","floor":49,"key":"SMITH"}],"circlet_count":0,"master_deck":["hierophant:Strike_Hierophant","hierophant:Strike_Hierophant","hierophant:Strike_Hierophant","hierophant:Strike_Hierophant","hierophant:Punish","hierophant:Defend_Hierophant","hierophant:Defend_Hierophant","hierophant:Defend_Hierophant","hierophant:Defend_Hierophant","hierophant:ChurchCoffers+1","hierophant:Doubloon+1","hierophant:Remorse+1","hierophant:ChurchCoffers+1","hierophant:Endure+1","hierophant:Doubloon","hierophant:Endure+1","hierophant:Invocation","hierophant:Doubloon","hierophant:Charity+1","hierophant:Doubloon","hierophant:CoinFling","hierophant:Doubloon","hierophant:RustyCrate+1","hierophant:Doubloon","hierophant:Doubloon","hierophant:Doubloon","hierophant:RecallFunds+1","hierophant:Doubloon","hierophant:Remorse+1","hierophant:PristineSoul","hierophant:Doubloon","hierophant:Remorse+1","hierophant:RustyCrate+1","hierophant:Doubloon","hierophant:Doubloon","hierophant:BulkyChest+1","hierophant:AuricBeam+1","hierophant:RustyCrate","hierophant:Doubloon","hierophant:Doubloon","hierophant:Refuge","hierophant:Doubloon","hierophant:Repentance+1"],"relics":["hierophant:PropheticMaskRelic","reliquary:TridentHead","DollysMirror","White Beast Statue","reliquary:Knoch","Pen Nib","Philosopher\u0027s Stone","MutagenicStrength","reliquary:WeakTea","reliquary:PartyBalloon","Lantern","reliquary:TuningFork","Incense Burner","SlaversCollar","reliquary:BallBearing","Vajra","reliquary:GummyVitamins","Smiling Mask","CeramicFish","InkBottle"],"acts_visited":["Exordium","TheCity","TheBeyond"],"potions_floor_usage":[5,18,23,23,44,46],"damage_taken":[{"damage":1,"enemies":"Cultist","floor":1,"turns":3},{"damage":1,"enemies":"Jaw Worm","floor":5,"turns":2},{"damage":49,"enemies":"Gremlin Nob","floor":6,"turns":5},{"damage":0,"enemies":"2 Louse","floor":7,"turns":1},{"damage":0,"enemies":"Lots of Slimes","floor":11,"turns":1},{"damage":14,"enemies":"Lagavulin","floor":14,"turns":6},{"damage":31,"enemies":"The Guardian","floor":16,"turns":14},{"damage":13,"enemies":"Spheric Guardian","floor":18,"turns":5},{"damage":0,"enemies":"2 Thieves","floor":22,"turns":2},{"damage":8,"enemies":"Gremlin Leader","floor":23,"turns":6},{"damage":21,"enemies":"Slavers","floor":25,"turns":3},{"damage":13,"enemies":"Gremlin Leader","floor":28,"turns":3},{"damage":25,"enemies":"Slavers","floor":30,"turns":2},{"damage":0,"enemies":"Centurion and Healer","floor":31,"turns":2},{"damage":0,"enemies":"Collector","floor":33,"turns":5},{"damage":0,"enemies":"Orb Walker","floor":35,"turns":1},{"damage":6,"enemies":"3 Darklings","floor":36,"turns":2},{"damage":9,"enemies":"Nemesis","floor":41,"turns":4},{"damage":4,"enemies":"Writhing Mass","floor":44,"turns":2},{"damage":0,"enemies":"Maw","floor":47,"turns":7},{"damage":1,"enemies":"Giant Head","floor":48,"turns":5},{"damage":0,"enemies":"Donu and Deca","floor":50,"turns":4}],"seed_played":"2890088581597698780","potions_obtained":[{"floor":5,"key":"Fruit Juice"},{"floor":6,"key":"LiquidMemories"},{"floor":7,"key":"DuplicationPotion"},{"floor":11,"key":"DistilledChaos"},{"floor":18,"key":"Ancient Potion"},{"floor":22,"key":"Fruit Juice"},{"floor":23,"key":"ColorlessPotion"},{"floor":25,"key":"Block Potion"},{"floor":44,"key":"Fruit Juice"},{"floor":47,"key":"FairyPotion"}],"is_trial":false,"path_per_floor":["M","?","T","$","M","E","M","$","T","R","M","$","R","E","R","B",null,"M","$","?","?","M","E","?","E","T","R","E","?","E","M","R","B",null,"M","M","?","$","?","R","E","R","T","M","R","$","M","E","R","B",null],"character_chosen":"HIEROPHANT","items_purchased":["DollysMirror","hierophant:CoinFling","hierophant:Charity","hierophant:CoinFling","reliquary:BallBearing","Vajra","hierophant:RustyCrate","CeramicFish","hierophant:Refuge","Fruit Juice"],"campfire_rested":2,"item_purchase_floors":[4,12,19,19,38,38,38,46,46,46],"current_hp_per_floor":[74,63,63,63,67,18,18,18,18,42,42,42,42,28,52,21,80,67,67,67,67,67,64,85,64,64,64,51,85,60,60,60,60,85,85,79,79,79,79,79,70,70,70,71,71,76,76,75,75,75],"gold":130,"neow_bonus":"UPGRADE_CARD","is_daily":false,"chose_seed":false,"campfire_upgraded":7,"win_rate":0.0,"timestamp":1614364172,"path_taken":["M","?","?","$","M","E","M","?","T","R","M","$","R","E","R","BOSS","M","$","?","?","?","E","?","E","T","R","E","?","E","M","R","BOSS","M","M","?","$","?","R","E","R","T","M","R","$","M","E","R","BOSS"],"items_purchased_type":["Relic","Card","Card","Card","Relic","Relic","Card","Relic","Card","Potion"],"build_version":"2020-12-22","purchased_purges":2,"victory":true,"max_hp_per_floor":[75,75,75,75,80,80,80,80,80,80,80,80,80,80,80,80,80,80,80,80,80,80,85,85,85,85,85,85,85,85,85,85,85,85,85,85,81,81,81,81,81,81,81,86,86,91,91,91,91,91],"card_choices":[{"not_picked":["hierophant:DisplayOfPower","hierophant:FieryStrike"],"picked":"hierophant:Remorse","floor":1},{"not_picked":["hierophant:OrnateJavelin","hierophant:MirrorShield"],"picked":"hierophant:ArchangelShield","floor":5},{"not_picked":["hierophant:Shelter","hierophant:Alms"],"picked":"hierophant:Endure","floor":6},{"not_picked":["hierophant:DisplayOfPower","hierophant:SolarFlare","hierophant:AuricBeam"],"picked":"SKIP","floor":7},{"not_picked":["hierophant:Empathy","hierophant:AuricBeam","hierophant:Sermon"],"picked":"SKIP","floor":11},{"not_picked":["hierophant:OrnateBuckler","hierophant:Anathema"],"picked":"hierophant:Endure","floor":14},{"not_picked":["hierophant:LocustPlague","hierophant:Anathema"],"picked":"hierophant:Invocation","floor":16},{"not_picked":["hierophant:Purify","hierophant:Sermon+1"],"picked":"hierophant:Dazzle","floor":18},{"not_picked":["hierophant:ArchangelShield","hierophant:Flagellation"],"picked":"hierophant:RustyCrate+1","floor":22},{"not_picked":["hierophant:FlamingChariot","hierophant:ThreeLashes"],"picked":"hierophant:RecallFunds","floor":23},{"not_picked":["hierophant:FlamingChariot","hierophant:ConvertCurrency"],"picked":"hierophant:Remorse+1","floor":25},{"not_picked":["hierophant:Remorse","hierophant:Upheaval"],"picked":"hierophant:PristineSoul","floor":28},{"not_picked":["hierophant:Community+1","hierophant:Encroach+1"],"picked":"hierophant:Remorse+1","floor":30},{"not_picked":["hierophant:FlamingChariot","hierophant:AuricBeam"],"picked":"hierophant:RustyCrate","floor":31},{"not_picked":["hierophant:Levitation","hierophant:Anathema"],"picked":"hierophant:BulkyChest","floor":33},{"not_picked":["hierophant:Purify","hierophant:Bribe","hierophant:Exaltation"],"picked":"SKIP","floor":35},{"not_picked":["hierophant:Shelter+1","hierophant:OrnateJavelin"],"picked":"hierophant:AuricBeam+1","floor":36},{"not_picked":["hierophant:Bribe+1","hierophant:Flagellation","hierophant:Blessing"],"picked":"SKIP","floor":41},{"not_picked":["hierophant:FlamingChariot","hierophant:PristineSoul+1","hierophant:Sermon"],"picked":"SKIP","floor":44},{"not_picked":["hierophant:FieryStrike+1","hierophant:Endure"],"picked":"hierophant:Repentance+1","floor":47},{"not_picked":["hierophant:Flagellation","hierophant:Bribe+1","hierophant:Encroach"],"picked":"SKIP","floor":48}],"player_experience":142745,"relics_obtained":[{"floor":3,"key":"reliquary:TridentHead"},{"floor":6,"key":"White Beast Statue"},{"floor":9,"key":"reliquary:Knoch"},{"floor":14,"key":"Pen Nib"},{"floor":23,"key":"reliquary:WeakTea"},{"floor":25,"key":"reliquary:PartyBalloon"},{"floor":26,"key":"Lantern"},{"floor":28,"key":"reliquary:TuningFork"},{"floor":30,"key":"Incense Burner"},{"floor":41,"key":"reliquary:GummyVitamins"},{"floor":43,"key":"Smiling Mask"},{"floor":48,"key":"InkBottle"}],"event_choices":[{"damage_healed":0,"gold_gain":75,"player_choice":"Gold","damage_taken":11,"max_hp_gain":0,"max_hp_loss":0,"event_name":"betterThird:BetterGoop","floor":2,"gold_loss":0},{"damage_healed":0,"gold_gain":0,"player_choice":"Inject Mutagens","damage_taken":0,"relics_obtained":["MutagenicStrength"],"max_hp_gain":0,"max_hp_loss":0,"event_name":"Drug Dealer","floor":20,"gold_loss":0},{"damage_healed":0,"gold_gain":0,"player_choice":"Upgraded","damage_taken":0,"max_hp_gain":0,"max_hp_loss":0,"event_name":"Upgrade Shrine","floor":21,"gold_loss":0,"cards_upgraded":["hierophant:Charity"]},{"damage_healed":28,"gold_gain":0,"player_choice":"Heal","damage_taken":0,"max_hp_gain":0,"max_hp_loss":0,"event_name":"The Library","floor":24,"gold_loss":0},{"cards_removed":["hierophant:Dazzle"],"damage_healed":34,"gold_gain":0,"player_choice":"Offered Uncommon","damage_taken":0,"max_hp_gain":0,"max_hp_loss":0,"event_name":"Bonfire Elementals","floor":29,"gold_loss":0},{"damage_healed":0,"gold_gain":0,"player_choice":"Max HP","damage_taken":0,"max_hp_gain":0,"max_hp_loss":4,"event_name":"Winding Halls","floor":37,"gold_loss":0}],"is_beta":false,"boss_relics":[{"not_picked":["Fusion Hammer","Runic Dome"],"picked":"Philosopher\u0027s Stone"},{"not_picked":["Cursed Key","Velvet Choker"],"picked":"SlaversCollar"}],"items_purged_floors":[8,38],"is_endless":false,"potions_floor_spawned":[5,6,7,11,14,16,18,22,23,25,28,30,31,33,35,36,41,44,47,48],"ascension_level":0}}