{"host":"0utx1lcxgx5vu4k0","time":1614301736,"event":{"mods":["BaseMod","Colored Powertips","Minty Spire (QoL Compilation)","Permanent Neow","StSLib"],"gold_per_floor":[118,130,149,149,149,187,201,235,261,302,262,283,283,318,330,463,475,510,546,148,148,163,163,201,201,201,239,252,252,286,286,286,410,410,434,166,179,195,219,254,279,320,344,367,406,430,430,464,464,464,464,464,130,163,163],"floor_reached":56,"language":"ENG","playtime":4077,"items_purged":["Strike_P","Defend_P","Defend_P"],"score":1784,"play_id":"7430747a-c58a-410a-8b86-fe5bacad2031","local_time":"20210225200856","is_ascension_mode":true,"campfire_choices":[{"data":"Blasphemy","floor":13,"key":"SMITH"},{"data":"Wallop","floor":15,"key":"SMITH"},{"data":"SpiritShield","floor":23,"key":"SMITH"},{"data":"WindmillStrike","floor":25,"key":"SMITH"},{"data":"Vigilance","floor":32,"key":"SMITH"},{"floor":49,"key":"RECALL"},{"data":"Alpha","floor":52,"key":"SMITH"}],"circlet_count":0,"master_deck":["Defend_P","Defend_P","Eruption+1","Vigilance+1","SignatureMove+1","Wallop+1","FearNoEvil","Blasphemy+1","Protect","DeceiveReality","SpiritShield+1","WindmillStrike+1","BattleHymn","CutThroughFate+1","Swivel","DevaForm","Wireheading+1","Apotheosis","Swivel+1","Alpha+1","ThirdEye+1","Dark Shackles","WheelKick+1"],"relics":["Velvet Choker","Golden Idol","Akabeko","Pen Nib","Orichalcum","Pantograph","MawBank","Snecko Eye","Question Card","Torii","Gremlin Horn","Potion Belt","Blood Vial","Shuriken","Ice Cream","Empty Cage","Letter Opener","Juzu Bracelet","Oddly Smooth Stone","Whetstone","Mummified Hand","ClockworkSouvenir","Bag of Marbles"],"acts_visited":["Exordium","TheCity","TheBeyond","TheEnding"],"potions_floor_usage":[6,6,12,14,22,24,38,46,48,55,55,55],"damage_taken":[{"damage":2,"enemies":"Small Slimes","floor":1,"turns":3},{"damage":2,"enemies":"Jaw Worm","floor":2,"turns":3},{"damage":0,"enemies":"2 Louse","floor":3,"turns":2},{"damage":0,"enemies":"Gremlin Nob","floor":6,"turns":2},{"damage":8,"enemies":"Exordium Thugs","floor":7,"turns":4},{"damage":10,"enemies":"3 Sentries","floor":8,"turns":3},{"damage":0,"enemies":"Gremlin Nob","floor":10,"turns":3},{"damage":0,"enemies":"Lots of Slimes","floor":12,"turns":1},{"damage":6,"enemies":"3 Sentries","floor":14,"turns":11},{"damage":6,"enemies":"Hexaghost","floor":16,"turns":7},{"damage":0,"enemies":"2 Thieves","floor":18,"turns":3},{"damage":0,"enemies":"Chosen","floor":19,"turns":4},{"damage":0,"enemies":"3 Cultists","floor":22,"turns":4},{"damage":6,"enemies":"Slavers","floor":24,"turns":5},{"damage":0,"enemies":"Gremlin Leader","floor":27,"turns":3},{"damage":0,"enemies":"Shelled Parasite and Fungi","floor":28,"turns":2},{"damage":0,"enemies":"Book of Stabbing","floor":30,"turns":4},{"damage":16,"enemies":"Collector","floor":33,"turns":7},{"damage":0,"enemies":"3 Darklings","floor":35,"turns":2},{"damage":0,"enemies":"3 Shapes","floor":37,"turns":2},{"damage":6,"enemies":"Transient","floor":38,"turns":5},{"damage":10,"enemies":"3 Darklings","floor":39,"turns":3},{"damage":0,"enemies":"Nemesis","floor":40,"turns":7},{"damage":1,"enemies":"4 Shapes","floor":41,"turns":4},{"damage":1,"enemies":"Giant Head","floor":42,"turns":7},{"damage":7,"enemies":"Writhing Mass","floor":44,"turns":4},{"damage":0,"enemies":"Nemesis","floor":45,"turns":5},{"damage":1,"enemies":"Jaw Worm Horde","floor":46,"turns":5},{"damage":1,"enemies":"Reptomancer","floor":48,"turns":5},{"damage":14,"enemies":"Awakened One","floor":50,"turns":10},{"damage":15,"enemies":"Shield and Spear","floor":54,"turns":6},{"damage":9,"enemies":"The Heart","floor":55,"turns":7}],"seed_played":"2821080102872564981","potions_obtained":[{"floor":1,"key":"SteroidPotion"},{"floor":3,"key":"Fire Potion"},{"floor":7,"key":"FairyPotion"},{"floor":11,"key":"SteroidPotion"},{"floor":11,"key":"AttackPotion"},{"floor":12,"key":"SneckoOil"},{"floor":19,"key":"DistilledChaos"},{"floor":22,"key":"SneckoOil"},{"floor":27,"key":"SkillPotion"},{"floor":33,"key":"Dexterity Potion"},{"floor":37,"key":"Fire Potion"},{"floor":38,"key":"FairyPotion"},{"floor":40,"key":"SteroidPotion"},{"floor":42,"key":"StancePotion"},{"floor":46,"key":"Ancient Potion"}],"is_trial":false,"path_per_floor":["M","M","M","?","?","E","M","E","T","E","?","M","R","E","R","B",null,"M","M","$","?","M","R","E","R","T","E","M","T","E","?","R","B",null,"M","$","M","M","M","E","M","E","T","M","E","M","?","E","R","B",null,"R","$","E","B",null],"character_chosen":"WATCHER","items_purchased":["Question Card","WindmillStrike","Apotheosis","ClockworkSouvenir","Weak Potion"],"campfire_rested":0,"item_purchase_floors":[20,20,36,53,53],"current_hp_per_floor":[70,68,68,67,55,55,47,37,37,37,37,37,37,31,31,50,63,63,63,63,63,63,63,57,57,57,57,57,57,59,59,59,51,63,65,65,67,61,53,55,56,57,57,52,54,55,55,56,56,53,64,64,64,51,58],"gold":163,"neow_bonus":"BOSS_RELIC","is_daily":false,"chose_seed":false,"campfire_upgraded":6,"win_rate":0.0,"timestamp":1614301736,"path_taken":["M","M","M","?","?","E","M","E","T","E","?","M","R","E","R","BOSS","M","M","$","?","M","R","E","R","T","E","?","?","E","?","R","BOSS","M","$","M","M","M","E","M","E","T","M","E","M","?","E","R","BOSS","R","$","E","BOSS"],"items_purchased_type":["Relic","Card","Card","Relic","Potion"],"build_version":"2020-12-22","purchased_purges":3,"victory":true,"max_hp_per_floor":[72,72,72,67,67,67,67,67,67,67,67,67,67,67,67,67,67,67,67,67,67,67,67,67,67,67,67,67,67,67,67,67,67,67,67,67,67,67,67,67,67,67,67,67,67,67,67,67,67,67,67,67,67,67,67],"card_choices":[{"not_picked":["Nirvana","FlyingSleeves"],"picked":"SignatureMove","floor":1},{"not_picked":["ClearTheMind","Crescendo"],"picked":"Wallop","floor":2},{"not_picked":["LikeWater","Vengeance","JustLucky"],"picked":"SKIP","floor":3},{"not_picked":["Consecrate","Meditate"],"picked":"FearNoEvil","floor":6},{"not_picked":["SashWhip","Consecrate","FlyingSleeves"],"picked":"SKIP","floor":7},{"not_picked":["ClearTheMind","EmptyBody"],"picked":"Blasphemy","floor":8},{"not_picked":["Consecrate","Blasphemy","Evaluate"],"picked":"SKIP","floor":10},{"not_picked":["BowlingBash","Wallop"],"picked":"Protect","floor":12},{"not_picked":["InnerPeace","BowlingBash"],"picked":"DeceiveReality","floor":14},{"not_picked":["DeusExMachina","MasterReality"],"picked":"SpiritShield","floor":16},{"not_picked":["CrushJoints","CarveReality+1","BowlingBash"],"picked":"SKIP","floor":18},{"not_picked":["Vengeance+1","JustLucky+1","EmptyFist"],"picked":"SKIP","floor":19},{"not_picked":["BowlingBash+1","FlurryOfBlows","EmptyBody"],"picked":"CutThroughFate+1","floor":22},{"not_picked":["Evaluate","PathToVictory","EmptyBody","Consecrate"],"picked":"SKIP","floor":24},{"not_picked":["Study","WreathOfFlame+1","WaveOfTheHand","ClearTheMind"],"picked":"SKIP","floor":27},{"not_picked":["CrushJoints","FearNoEvil+1","ConjureBlade"],"picked":"Swivel","floor":28},{"not_picked":["Crescendo","Weave","ReachHeaven","Brilliance"],"picked":"SKIP","floor":30},{"not_picked":["SpiritShield","Ragnarok","MasterReality"],"picked":"DevaForm","floor":33},{"not_picked":["SashWhip","Consecrate","Crescendo+1"],"picked":"Wireheading+1","floor":35},{"not_picked":["Protect","ThirdEye+1","Consecrate"],"picked":"Swivel+1","floor":37},{"not_picked":["ThirdEye+1","SignatureMove+1","Halt","EmptyBody"],"picked":"SKIP","floor":38},{"not_picked":["DeceiveReality","JustLucky+1","CarveReality+1"],"picked":"Alpha","floor":39},{"not_picked":["CutThroughFate","LessonLearned","SashWhip+1","Pray+1"],"picked":"SKIP","floor":40},{"not_picked":["TalkToTheHand+1","Halt","JustLucky","FearNoEvil"],"picked":"SKIP","floor":41},{"not_picked":["FlyingSleeves+1","EmptyFist+1","Halt","Protect"],"picked":"SKIP","floor":42},{"not_picked":["Study+1","EmptyFist+1","PathToVictory","FollowUp+1"],"picked":"SKIP","floor":44},{"not_picked":["FlurryOfBlows","DeceiveReality+1","CutThroughFate+1","FlyingSleeves"],"picked":"SKIP","floor":45},{"not_picked":["Study+1","SandsOfTime","PathToVictory+1","ThirdEye+1"],"picked":"SKIP","floor":46},{"not_picked":["Study+1","SandsOfTime","PathToVictory+1"],"picked":"ThirdEye+1","floor":46},{"not_picked":["Panache","Finesse","Secret Technique"],"picked":"Dark Shackles","floor":47},{"not_picked":["ThirdEye+1","Evaluate+1","CutThroughFate+1"],"picked":"WheelKick+1","floor":48},{"not_picked":["Evaluate+1","JustLucky","Collect","Swivel"],"picked":"SKIP","floor":54}],"player_experience":97156,"relics_obtained":[{"floor":6,"key":"Pen Nib"},{"floor":8,"key":"Orichalcum"},{"floor":10,"key":"Pantograph"},{"floor":14,"key":"MawBank"},{"floor":24,"key":"Torii"},{"floor":26,"key":"Gremlin Horn"},{"floor":27,"key":"Potion Belt"},{"floor":29,"key":"Blood Vial"},{"floor":30,"key":"Shuriken"},{"floor":40,"key":"Letter Opener"},{"floor":42,"key":"Juzu Bracelet"},{"floor":43,"key":"Oddly Smooth Stone"},{"floor":45,"key":"Whetstone"},{"floor":48,"key":"Mummified Hand"},{"floor":54,"key":"Bag of Marbles"}],"event_choices":[{"damage_healed":0,"gold_gain":0,"player_choice":"Lose Max HP","damage_taken":0,"relics_obtained":["Golden Idol"],"max_hp_gain":0,"max_hp_loss":5,"event_name":"Golden Idol","floor":4,"gold_loss":0},{"damage_healed":0,"gold_gain":0,"player_choice":"Success","damage_taken":12,"relics_obtained":["Akabeko"],"max_hp_gain":0,"max_hp_loss":0,"event_name":"Scrap Ooze","floor":5,"gold_loss":0},{"damage_healed":0,"gold_gain":0,"player_choice":"Bought 3 Potions","damage_taken":0,"max_hp_gain":0,"max_hp_loss":0,"event_name":"The Woman in Blue","floor":11,"gold_loss":0},{"damage_healed":0,"gold_gain":0,"cards_transformed":["Strike_P"],"player_choice":"Transformed","damage_taken":0,"max_hp_gain":0,"max_hp_loss":0,"event_name":"Transmorgrifier","floor":21,"gold_loss":0,"cards_obtained":["BattleHymn"]},{"damage_healed":0,"gold_gain":0,"player_choice":"Opened","damage_taken":0,"relics_obtained":["Ice Cream"],"max_hp_gain":0,"max_hp_loss":0,"event_name":"The Mausoleum","floor":31,"gold_loss":0},{"damage_healed":0,"gold_gain":0,"player_choice":"Memory 1","damage_taken":0,"max_hp_gain":0,"max_hp_loss":0,"event_name":"SensoryStone","floor":47,"gold_loss":0}],"is_beta":false,"boss_relics":[{"not_picked":["Philosopher\u0027s Stone","Tiny House"],"picked":"Snecko Eye"},{"not_picked":["Sozu","SlaversCollar"],"picked":"Empty Cage"}],"items_purged_floors":[20,36,53],"is_endless":false,"potions_floor_spawned":[1,3,7,12,19,22,27,33,37,38,40,42,46,54],"ascension_level":5}}