{"host":"vl29iwkwnyytuw8q","time":1614353908,"event":{"mods":["BaseMod","Minty Spire (QoL Compilation)","Permanent Neow","Relic Stats","StSLib"],"gold_per_floor":[117,117,127,144,158,158,186,186,211,211,230,257,357,372,372,446,446,458,458,294,304,320,345,345,243,243,277,295,295,311,344,344,344,344],"floor_reached":33,"language":"ENG","playtime":1607,"items_purged":["Strike_G"],"score":634,"play_id":"8de8ef81-ddfe-4f45-9182-ba2934c26edd","local_time":"20210226163828","is_ascension_mode":true,"campfire_choices":[{"data":"A Thousand Cuts","floor":6.0,"key":"SMITH"},{"floor":8.0,"key":"REST"},{"data":"Calculated Gamble","floor":10.0,"key":"SMITH"},{"floor":15.0,"key":"REST"},{"floor":24.0,"key":"REST"},{"floor":29.0,"key":"REST"},{"floor":32.0,"key":"REST"}],"circlet_count":0,"master_deck":["AscendersBane","Strike_G","Strike_G","Defend_G","Defend_G","Defend_G","Defend_G","Survivor","Neutralize","Flechettes+1","Noxious Fumes+1","Dagger Throw+1","Crippling Poison","Underhanded Strike","A Thousand Cuts+1","Calculated Gamble+1","Cloak And Dagger","Backflip","PiercingWail","Escape Plan","Bullet Time","Catalyst","Flash of Steel","Blade Dance+1","Cloak And Dagger+1","Terror","Acrobatics","Deadly Poison"],"relics":["Astrolabe","Potion Belt","Oddly Smooth Stone","Centennial Puzzle","Sozu","Bottled Lightning","Ornamental Fan","Gremlin Horn","Tiny Chest","Sundial"],"acts_visited":["Exordium","TheCity"],"potions_floor_usage":[],"damage_taken":[{"damage":4.0,"enemies":"Jaw Worm","floor":1.0,"turns":3.0},{"damage":2.0,"enemies":"2 Louse","floor":3.0,"turns":3.0},{"damage":1.0,"enemies":"Cultist","floor":4.0,"turns":4.0},{"damage":14.0,"enemies":"Exordium Thugs","floor":5.0,"turns":5.0},{"damage":25.0,"enemies":"3 Sentries","floor":7.0,"turns":6.0},{"damage":4.0,"enemies":"3 Louse","floor":11.0,"turns":4.0},{"damage":8.0,"enemies":"Gremlin Nob","floor":12.0,"turns":3.0},{"damage":14.0,"enemies":"Gremlin Gang","floor":14.0,"turns":4.0},{"damage":23.0,"enemies":"The Guardian","floor":16.0,"turns":8.0},{"damage":5.0,"enemies":"Spheric Guardian","floor":18.0,"turns":5.0},{"damage":10.0,"enemies":"2 Thieves","floor":21.0,"turns":3.0},{"damage":1.0,"enemies":"Snecko","floor":22.0,"turns":5.0},{"damage":23.0,"enemies":"Book of Stabbing","floor":23.0,"turns":5.0},{"damage":13.0,"enemies":"Gremlin Leader","floor":27.0,"turns":5.0},{"damage":0.0,"enemies":"Centurion and Healer","floor":28.0,"turns":6.0},{"damage":7.0,"enemies":"Snake Plant","floor":30.0,"turns":3.0},{"damage":19.0,"enemies":"Book of Stabbing","floor":31.0,"turns":5.0},{"damage":45,"enemies":"Champ","floor":33,"turns":9}],"seed_played":"-1592914534874626955","potions_obtained":[{"floor":1.0,"key":"LiquidMemories"},{"floor":3.0,"key":"Energy Potion"},{"floor":5.0,"key":"DuplicationPotion"},{"floor":7.0,"key":"SkillPotion"},{"floor":16.0,"key":"DistilledChaos"}],"is_trial":false,"path_per_floor":["M","?","M","M","M","R","E","R","T","R","M","E","?","M","R","B",null,"M","?","$","M","M","E","R","?","T","E","M","R","M","E","R","B"],"character_chosen":"THE_SILENT","items_purchased":["Flash of Steel"],"campfire_rested":5,"item_purchase_floors":[20],"current_hp_per_floor":[55,55,53,52,38,38,13,32,32,32,28,20,20,6,25,2,50,45,45,45,35,34,11,30,30,30,17,17,36,29,10,29,0,0],"gold":344,"neow_bonus":"BOSS_RELIC","is_daily":false,"chose_seed":false,"campfire_upgraded":2,"win_rate":0.0,"timestamp":1614353908,"path_taken":["M","?","M","M","M","R","E","R","T","R","M","E","?","?","R","BOSS","M","?","$","M","M","E","R","?","T","E","M","R","?","E","R","BOSS"],"items_purchased_type":["Card"],"build_version":"2020-12-22","purchased_purges":1,"victory":false,"max_hp_per_floor":[66,66,66,66,66,66,66,66,66,66,66,66,66,66,66,66,66,66,66,66,66,66,66,66,66,66,66,66,66,66,66,66,66,66],"relic_stats":{"Sozu":6,"Centennial Puzzle":[30],"Gremlin Horn":[3,4],"counters":[18,86],"Ornamental Fan":[88],"Sundial":[0],"Astrolabe":["Flechettes","Noxious Fumes","Dagger Throw"],"Tiny Chest":0,"obtain_stats":[{"Potion Belt":7,"Sozu":17,"Centennial Puzzle":12,"Gremlin Horn":26,"Ornamental Fan":25,"Sundial":31,"Astrolabe":0,"Oddly Smooth Stone":9,"Tiny Chest":27,"Bottled Lightning":23,"Ring of the Snake":0},{"Potion Belt":5,"Sozu":9,"Centennial Puzzle":7,"Gremlin Horn":13,"Ornamental Fan":13,"Sundial":17,"Astrolabe":0,"Oddly Smooth Stone":5,"Tiny Chest":14,"Bottled Lightning":13,"Ring of the Snake":0},{"Potion Belt":21,"Sozu":40,"Centennial Puzzle":28,"Gremlin Horn":58,"Ornamental Fan":58,"Sundial":77,"Astrolabe":0,"Oddly Smooth Stone":21,"Tiny Chest":63,"Bottled Lightning":58,"Ring of the Snake":0}]},"card_choices":[{"not_picked":["Bane","Well Laid Plans"],"picked":"Crippling Poison","floor":1.0},{"not_picked":["Choke","Deflect"],"picked":"Underhanded Strike","floor":3.0},{"not_picked":["Flying Knee","Accuracy"],"picked":"A Thousand Cuts","floor":4.0},{"not_picked":["Prepared","Poisoned Stab"],"picked":"Calculated Gamble","floor":5.0},{"not_picked":["Sucker Punch","Glass Knife"],"picked":"Cloak And Dagger","floor":7.0},{"not_picked":["Outmaneuver","Slice"],"picked":"Backflip","floor":11.0},{"not_picked":["Dodge and Roll","Slice"],"picked":"PiercingWail","floor":12.0},{"not_picked":["Calculated Gamble","Crippling Poison"],"picked":"Escape Plan","floor":14.0},{"not_picked":["Die Die Die","Unload"],"picked":"Bullet Time","floor":16.0},{"not_picked":["Quick Slash","Dagger Throw","Flying Knee+1"],"picked":"SKIP","floor":18.0},{"not_picked":["Acrobatics","Eviscerate+1"],"picked":"Blade Dance+1","floor":21.0},{"not_picked":["Backstab","Underhanded Strike"],"picked":"Cloak And Dagger+1","floor":22.0},{"not_picked":["Backflip","Setup"],"picked":"Terror","floor":23.0},{"not_picked":["Underhanded Strike","Deflect"],"picked":"Acrobatics","floor":27.0},{"not_picked":["Crippling Poison","Cloak And Dagger"],"picked":"Deadly Poison","floor":28.0},{"not_picked":["Outmaneuver","Cloak And Dagger","Poisoned Stab"],"picked":"SKIP","floor":30.0},{"not_picked":["Backstab","Dagger Throw","Quick Slash"],"picked":"SKIP","floor":31.0}],"player_experience":709244,"relics_obtained":[{"floor":7.0,"key":"Potion Belt"},{"floor":9.0,"key":"Oddly Smooth Stone"},{"floor":12.0,"key":"Centennial Puzzle"},{"floor":23.0,"key":"Bottled Lightning"},{"floor":26.0,"key":"Gremlin Horn"},{"floor":27.0,"key":"Tiny Chest"},{"floor":31.0,"key":"Sundial"}],"event_choices":[{"damage_healed":0.0,"max_hp_gain":0.0,"max_hp_loss":0.0,"gold_gain":0.0,"event_name":"Liars Game","player_choice":"Ignored","floor":2.0,"gold_loss":0.0,"damage_taken":0.0},{"damage_healed":0.0,"max_hp_gain":0.0,"max_hp_loss":0.0,"gold_gain":100.0,"event_name":"Wheel of Change","player_choice":"Gold","floor":13.0,"gold_loss":0.0,"damage_taken":0.0},{"damage_healed":0.0,"max_hp_gain":0.0,"max_hp_loss":0.0,"gold_gain":0.0,"event_name":"The Library","player_choice":"Read","floor":19.0,"gold_loss":0.0,"damage_taken":0.0,"cards_obtained":["Catalyst"]},{"damage_healed":0.0,"max_hp_gain":0.0,"max_hp_loss":0.0,"gold_gain":0.0,"event_name":"WeMeetAgain","player_choice":"Paid Gold","floor":25.0,"gold_loss":102.0,"damage_taken":0.0,"relics_obtained":["Ornamental Fan"]}],"is_beta":false,"boss_relics":[{"not_picked":["Tiny House","Velvet Choker"],"picked":"Sozu"}],"items_purged_floors":[20],"is_endless":false,"potions_floor_spawned":[1,3,5,7,16,18,21,23,28,30,31],"killed_by":"Champ","ascension_level":20}}