{"host":"mi0eibewekhugwl1","time":1614324291,"event":{"mods":["AchievementEnabler","BaseMod","Colored Map","Colored Powertips","DeckTracker","Keyboard Shortcuts","Minty Spire (QoL Compilation)","Quick Restart","Rare Cards Sparkle","Relic Stats","StSLib","SuperFastMode","everything is the same but u backflip on backflip"],"gold_per_floor":[118,134,154,171,184,184,213,213,237,237,11,27,27,27,27,27,27],"floor_reached":16,"language":"KOR","playtime":260,"items_purged":[],"score":204,"play_id":"ad8162c5-c019-482e-a261-404e7d8a4380","local_time":"20210226162451","is_ascension_mode":true,"campfire_choices":[{"data":"Blade Dance","floor":6,"key":"SMITH"},{"floor":10,"key":"REST"},{"data":"Caltrops","floor":13,"key":"SMITH"},{"data":"Calculated Gamble","floor":15,"key":"SMITH"}],"circlet_count":0,"master_deck":["AscendersBane","Strike_G","Strike_G","Strike_G","Strike_G","Strike_G","Defend_G","Defend_G","Defend_G","Defend_G","Defend_G","Survivor","Neutralize","Cloak And Dagger","Dagger Spray","Backflip","Caltrops+1","Blade Dance+1","Backstab","Cloak And Dagger","Calculated Gamble+1"],"relics":["Ring of the Snake","NeowsBlessing","Orichalcum","Pen Nib","Centennial Puzzle","Vajra"],"acts_visited":["Exordium"],"potions_floor_usage":[5,7],"damage_taken":[{"damage":0,"enemies":"2 Louse","floor":1,"turns":1},{"damage":0,"enemies":"Cultist","floor":2,"turns":1},{"damage":0,"enemies":"Jaw Worm","floor":3,"turns":1},{"damage":18,"enemies":"3 Louse","floor":4,"turns":5},{"damage":1,"enemies":"Looter","floor":5,"turns":5},{"damage":26,"enemies":"Gremlin Nob","floor":7,"turns":4},{"damage":0,"enemies":"Lots of Slimes","floor":12,"turns":3},{"damage":38,"enemies":"The Guardian","floor":16,"turns":15}],"seed_played":"3346937107155241933","potions_obtained":[{"floor":4,"key":"ColorlessPotion"},{"floor":5,"key":"Fire Potion"},{"floor":7,"key":"AttackPotion"}],"is_trial":false,"path_per_floor":["M","M","M","M","M","R","E","?","T","R","$","M","R","?","R","B"],"character_chosen":"THE_SILENT","items_purchased":["Vajra","Cloak And Dagger"],"campfire_rested":1,"item_purchase_floors":[11,11],"current_hp_per_floor":[59,59,59,41,40,40,14,14,14,33,33,33,33,33,33,0,0],"gold":27,"neow_bonus":"THREE_ENEMY_KILL","is_daily":false,"chose_seed":false,"campfire_upgraded":3,"win_rate":0.0,"timestamp":1614324291,"path_taken":["M","M","M","M","M","R","E","?","T","R","$","?","R","?","R","BOSS"],"items_purchased_type":["Relic","Card"],"build_version":"2020-12-22","purchased_purges":0,"victory":false,"max_hp_per_floor":[66,66,66,66,66,66,66,66,66,66,66,66,66,66,66,66,66],"relic_stats":{"Centennial Puzzle":[3],"counters":[8,35],"Pen Nib":[4],"Orichalcum":[18],"obtain_stats":[{"Centennial Puzzle":9,"NeowsBlessing":0,"Vajra":11,"Pen Nib":8,"Orichalcum":7,"Ring of the Snake":0},{"Centennial Puzzle":6,"NeowsBlessing":0,"Vajra":6,"Pen Nib":6,"Orichalcum":6,"Ring of the Snake":0},{"Centennial Puzzle":17,"NeowsBlessing":0,"Vajra":17,"Pen Nib":17,"Orichalcum":17,"Ring of the Snake":0}],"Ring of the Snake":[16]},"card_choices":[{"not_picked":["Deflect","Poisoned Stab"],"picked":"Cloak And Dagger","floor":1},{"not_picked":["Flying Knee","Acrobatics"],"picked":"Dagger Spray","floor":2},{"not_picked":["Outmaneuver","Slice"],"picked":"Backflip","floor":3},{"not_picked":["Venomology","Prepared"],"picked":"Caltrops","floor":4},{"not_picked":["Blur","Cloak And Dagger"],"picked":"Blade Dance","floor":5},{"not_picked":["Outmaneuver","Finisher"],"picked":"Backstab","floor":7},{"not_picked":["Outmaneuver","Sucker Punch"],"picked":"Calculated Gamble","floor":12}],"player_experience":1832099,"relics_obtained":[{"floor":7,"key":"Orichalcum"},{"floor":9,"key":"Centennial Puzzle"}],"event_choices":[{"damage_healed":0,"gold_gain":0,"player_choice":"Gave Potion","damage_taken":0,"relics_obtained":["Pen Nib"],"max_hp_gain":0,"max_hp_loss":0,"event_name":"WeMeetAgain","floor":8,"gold_loss":0},{"damage_healed":0,"gold_gain":0,"player_choice":"Ignored","damage_taken":0,"max_hp_gain":0,"max_hp_loss":0,"event_name":"Liars Game","floor":14,"gold_loss":0}],"is_beta":false,"boss_relics":[],"items_purged_floors":[],"is_endless":false,"potions_floor_spawned":[4,5,7],"killed_by":"The Guardian","ascension_level":20}}