{"host":"8rgpnls124hwjv5t","time":1614318838,"event":{"mods":["BaseMod","Downfall","Minty Spire (QoL Compilation)","Quick Restart","Relic Stats","StSLib"],"gold_per_floor":[99,114,129,129,139,172,196,196,196,206,206,226,226,226,244,342,342,342,357,58,69,86,86,167,187,214,214,6,6,6,31,49,152,152,152,168,181,229,242,242,316,316,4,18,18,45,45,371,381,381],"floor_reached":51,"language":"ENG","playtime":5652,"items_purged":["Slimebound:Defend_Slimebound"],"score":800,"play_id":"cab7575c-acec-42f7-847d-73d7b5069ca0","local_time":"20210226005358","is_ascension_mode":false,"campfire_choices":[{"data":"Slimebound:Split","floor":1,"key":"SMITH"},{"data":"Slimebound:Equalize","floor":11,"key":"SMITH"},{"floor":13,"key":"REST"},{"data":"Slimebound:MassFeed","floor":18,"key":"SMITH"},{"data":"expansioncontent:DashGenerateEvil","floor":23,"key":"SMITH"},{"data":"Slimebound:MassRepurpose","floor":29,"key":"SMITH"},{"data":"Slimebound:Split","floor":35,"key":"SMITH"},{"data":"Slimebound:LeadByExample","floor":40,"key":"SMITH"},{"data":"Slimebound:SplitBruiser","floor":42,"key":"SMITH"},{"data":"expansioncontent:QuickStudy","floor":45,"key":"SMITH"},{"data":"Slimebound:Overexert","floor":47,"key":"SMITH"}],"circlet_count":0,"master_deck":["Slimebound:Strike_Slimebound","Slimebound:Strike_Slimebound","Slimebound:Tackle+1","Slimebound:Defend_Slimebound","Slimebound:Defend_Slimebound","Slimebound:Split+1","Slimebound:CorrosiveSpit","Slimebound:LivingWall","Slimebound:Equalize+1","Slimebound:Split+1","Slimebound:SplitBruiser","Slimebound:Dissolve","Slimebound:Split+1","Slimebound:Nibble+1","Slimebound:FormOfPuddle","Slimebound:SlimeBrawl","Slimebound:MassFeed+1","Slimebound:FormOfPuddle+1","Slimebound:FinishingTackle+1","Slimebound:SlimeTap","expansioncontent:DashGenerateEvil+1","Slimebound:Repurpose","Slimebound:SplitBruiser+1","Slimebound:SplitBruiser+1","Slimebound:LivingWall+1","Slimebound:Dissolve","Iron Wave","Slimebound:MassRepurpose+1","Slimebound:SlimeSpikes+1","Slimebound:Overexert+1","Slimebound:SplitBruiser+1","Slimebound:LivingWall+1","Slimebound:HauntingLick+1","Slimebound:LeadByExample+1","Slimebound:SamplingLick+1","expansioncontent:QuickStudy+1","expansioncontent:DashGenerateEvil+1","Slimebound:Schlurp+1","Slimebound:Overexert"],"relics":["Slimebound:AbsorbEndCombat","Lantern","Juzu Bracelet","Odd Mushroom","Calipers","Runic Pyramid","The Courier","Tiny Chest","Membership Card","PreservedInsect","Blue Candle","MealTicket","Philosopher\u0027s Stone","Lizard Tail","Darkstone Periapt","Centennial Puzzle","Bag of Marbles","Sling","Slimebound:AggressiveSlimeRelic","Happy Flower","Bag of Preparation","Ginger","Whetstone","Old Coin"],"acts_visited":["Exordium","TheCity","TheBeyond"],"potions_floor_usage":[6,26,32,33,34,38,43,50],"damage_taken":[{"damage":1,"enemies":"Small Slimes","floor":2,"turns":4},{"damage":10,"enemies":"Cultist","floor":3,"turns":4},{"damage":0,"enemies":"2 Louse","floor":5,"turns":3},{"damage":60,"enemies":"Gremlin Nob","floor":6,"turns":5},{"damage":1,"enemies":"Exordium Wildlife","floor":10,"turns":3},{"damage":16,"enemies":"The Mushroom Lair","floor":12,"turns":5},{"damage":0,"enemies":"downfall:LooterAlt","floor":15,"turns":2},{"damage":35,"enemies":"WA_ARCHETYPE_RETAIN","floor":16,"turns":11},{"damage":23,"enemies":"3 Byrds","floor":19,"turns":4},{"damage":6,"enemies":"downfall:FleeingMerchant","floor":20,"turns":4},{"damage":3,"enemies":"Chosen","floor":21,"turns":5},{"damage":12,"enemies":"Snecko","floor":22,"turns":7},{"damage":10,"enemies":"Sentry and Sphere","floor":25,"turns":6},{"damage":25,"enemies":"Book of Stabbing","floor":26,"turns":5},{"damage":0,"enemies":"downfall:FleeingMerchant","floor":28,"turns":4},{"damage":4,"enemies":"Snake Plant","floor":32,"turns":3},{"damage":85,"enemies":"DF_ARCHETYPE_CLAW","floor":33,"turns":8},{"damage":0,"enemies":"3 Darklings","floor":36,"turns":4},{"damage":4,"enemies":"3 Shapes","floor":37,"turns":5},{"damage":5,"enemies":"2 Orb Walkers","floor":38,"turns":2},{"damage":2,"enemies":"Transient","floor":39,"turns":5},{"damage":5,"enemies":"downfall:FleeingMerchant","floor":43,"turns":4},{"damage":0,"enemies":"Sphere and 2 Shapes","floor":44,"turns":4},{"damage":9,"enemies":"Reptomancer","floor":46,"turns":5},{"damage":3,"enemies":"Giant Head","floor":48,"turns":4},{"damage":0,"enemies":"Spire Growth","floor":49,"turns":2},{"damage":18,"enemies":"SI_POISON_ARCHETYPE","floor":50,"turns":9}],"seed_played":"-3123484311790832575","potions_obtained":[{"floor":2,"key":"bronze:BurnAndBuffPotion"},{"floor":10,"key":"Fire Potion"},{"floor":16,"key":"FairyPotion"},{"floor":22,"key":"AttackPotion"},{"floor":25,"key":"champ:CounterPotion"},{"floor":32,"key":"DistilledChaos"},{"floor":33,"key":"Fruit Juice"},{"floor":36,"key":"Explosive Potion"},{"floor":38,"key":"DistilledChaos"},{"floor":48,"key":"Energy Potion"},{"floor":49,"key":"Energy Potion"}],"is_trial":false,"path_per_floor":["R","M","M","?","M","E","T","?","?","M","R","?","R","T","M","B",null,"R","M","$","M","M","R","T","M","E","?","$","R","?","T","M","B",null,"R","M","M","?","M","R","T","R","$","M","R","E","R","E","M","B",null],"character_chosen":"SLIMEBOUND","items_purchased":["Slimebound:SlimeTap","expansioncontent:DashGenerateEvil","Slimebound:Repurpose","Membership Card","PreservedInsect","PowerPotion","Centennial Puzzle","Bag of Marbles","Sling","Slimebound:AggressiveSlimeRelic","Happy Flower","Bag of Preparation","Ginger","expansioncontent:QuickStudy","expansioncontent:DashGenerateEvil+1"],"campfire_rested":1,"item_purchase_floors":[20,20,20,28,28,28,43,43,43,43,43,43,43,43,43],"current_hp_per_floor":[71,71,65,65,69,13,13,13,13,20,20,18,39,39,53,38,71,71,58,70,71,67,67,67,77,74,74,82,82,77,77,81,20,100,100,100,100,107,108,108,108,108,103,116,116,111,111,114,116,104],"gold":381,"neow_bonus":"TEN_PERCENT_HP_BONUS","is_daily":false,"chose_seed":false,"campfire_upgraded":10,"win_rate":0.0,"timestamp":1614318838,"path_taken":["R","M","M","?","M","E","T","?","?","M","R","?","R","?","M","BOSS","R","M","$","M","M","R","T","M","E","?","?","R","?","?","M","BOSS","R","M","M","?","M","R","T","R","$","M","R","E","R","E","M","BOSS"],"items_purchased_type":["Card","Card","Card","Relic","Relic","Potion","Relic","Relic","Relic","Relic","Relic","Relic","Relic","Card","Card"],"build_version":"2020-12-22","purchased_purges":1,"victory":true,"max_hp_per_floor":[71,71,71,71,71,71,71,71,71,71,71,71,71,71,71,71,71,71,75,75,75,79,79,79,83,87,87,87,87,87,87,91,95,100,100,100,100,108,108,108,108,108,108,116,116,116,116,116,116,116],"relic_stats":{"Darkstone Periapt":0,"Happy Flower":[8],"counters":[27,123],"Blue Candle":[0],"PreservedInsect":185,"Juzu Bracelet":3,"Bag of Preparation":[10],"Ginger":[9],"Whetstone":["Slimebound:Tackle","Slimebound:Nibble"],"Lizard Tail":0,"Centennial Puzzle":[9],"Tiny Chest":1,"MealTicket":0,"obtain_stats":[{"Darkstone Periapt":41,"Slimebound:AggressiveSlimeRelic":43,"Lantern":6,"Calipers":14,"Happy Flower":43,"Blue Candle":30,"The Courier":24,"PreservedInsect":28,"Juzu Bracelet":7,"Bag of Preparation":43,"Ginger":43,"Whetstone":46,"Odd Mushroom":12,"Sling":43,"Old Coin":48,"Lizard Tail":38,"Centennial Puzzle":43,"Tiny Chest":26,"MealTicket":31,"Philosopher\u0027s Stone":34,"Slimebound:AbsorbEndCombat":0,"Bag of Marbles":43,"Membership Card":28,"Runic Pyramid":17},{"Darkstone Periapt":21,"Slimebound:AggressiveSlimeRelic":22,"Lantern":4,"Calipers":6,"Happy Flower":22,"Blue Candle":15,"The Courier":12,"PreservedInsect":15,"Juzu Bracelet":4,"Bag of Preparation":22,"Ginger":22,"Whetstone":24,"Odd Mushroom":6,"Sling":22,"Old Coin":25,"Lizard Tail":20,"Centennial Puzzle":22,"Tiny Chest":14,"MealTicket":15,"Philosopher\u0027s Stone":17,"Slimebound:AbsorbEndCombat":0,"Bag of Marbles":22,"Membership Card":15,"Runic Pyramid":8},{"Darkstone Periapt":96,"Slimebound:AggressiveSlimeRelic":99,"Lantern":14,"Calipers":22,"Happy Flower":99,"Blue Candle":69,"The Courier":54,"PreservedInsect":69,"Juzu Bracelet":14,"Bag of Preparation":99,"Ginger":99,"Whetstone":108,"Odd Mushroom":22,"Sling":99,"Old Coin":112,"Lizard Tail":91,"Centennial Puzzle":99,"Tiny Chest":65,"MealTicket":69,"Philosopher\u0027s Stone":80,"Slimebound:AbsorbEndCombat":0,"Bag of Marbles":99,"Membership Card":69,"Runic Pyramid":35}]},"card_choices":[{"not_picked":["Slimebound:Nibble","Slimebound:TongueLash"],"picked":"Slimebound:LivingWall","floor":2},{"not_picked":["Slimebound:Prepare","Slimebound:SplitBruiser"],"picked":"Slimebound:Equalize","floor":3},{"not_picked":["Slimebound:Gluttony","Slimebound:FinishingTackle"],"picked":"Slimebound:SplitBruiser","floor":5},{"not_picked":["Slimebound:GoopSpray","Slimebound:SlimeSpikes"],"picked":"Slimebound:Dissolve","floor":6},{"not_picked":["Slimebound:HauntingLick","Slimebound:SamplingLick"],"picked":"Slimebound:FormOfPuddle","floor":10},{"not_picked":["Slimebound:LivingWall","Slimebound:SlimeSpikes"],"picked":"Slimebound:SlimeBrawl","floor":15},{"not_picked":["Slimebound:SlimeSlap","Slimebound:RallyTheTroops"],"picked":"Slimebound:MassFeed","floor":16},{"not_picked":["Slimebound:PressTheAttack+1","Slimebound:MegaLick"],"picked":"Slimebound:FormOfPuddle+1","floor":19},{"not_picked":["Slimebound:ItLooksTasty+1","Slimebound:SplitAcid"],"picked":"Slimebound:FinishingTackle+1","floor":20},{"not_picked":["Slimebound:FormOfPuddle","Slimebound:SlimeSpikes"],"picked":"Slimebound:SplitBruiser","floor":21},{"not_picked":["Slimebound:LivingWall","Slimebound:ComboTackle"],"picked":"Slimebound:SplitBruiser+1","floor":22},{"not_picked":["Slimebound:SplitBruiser","Slimebound:SamplingLick"],"picked":"Slimebound:LivingWall+1","floor":25},{"not_picked":["Slimebound:BestDefense","Slimebound:SplitMire"],"picked":"Slimebound:Dissolve","floor":26},{"not_picked":["Slimebound:Schlurp+1","Slimebound:Prepare"],"picked":"Slimebound:MassRepurpose","floor":28},{"not_picked":["Slimebound:LeechEnergy","Slimebound:TongueLash"],"picked":"Slimebound:SlimeSpikes+1","floor":32},{"not_picked":["Slimebound:FirmFortitude","Slimebound:Teamwork"],"picked":"Slimebound:Overexert","floor":33},{"not_picked":["Slimebound:Prepare","Slimebound:RollThrough"],"picked":"Slimebound:SplitBruiser+1","floor":36},{"not_picked":["Slimebound:GoopTackle","Slimebound:ComboTackle"],"picked":"Slimebound:LivingWall+1","floor":37},{"not_picked":["Slimebound:ComboTackle+1","Slimebound:SamplingLick+1"],"picked":"Slimebound:HauntingLick+1","floor":38},{"not_picked":["Slimebound:ViciousTackle","Slimebound:LivingWall"],"picked":"Slimebound:LeadByExample","floor":39},{"not_picked":["Slimebound:GrowthPunch","Slimebound:ComboTackle"],"picked":"Slimebound:SamplingLick+1","floor":43},{"not_picked":["Slimebound:PressTheAttack","Slimebound:Dissolve"],"picked":"Slimebound:Schlurp+1","floor":44},{"not_picked":["Slimebound:SlimeBrawl","Slimebound:BestDefense+1"],"picked":"Slimebound:Overexert","floor":46},{"not_picked":["Slimebound:FlameTackle+1","Slimebound:Schlurp","Slimebound:ItLooksTasty"],"picked":"SKIP","floor":48},{"not_picked":["Slimebound:Schlurp","Slimebound:FlameTackle+1","Slimebound:HauntingLick"],"picked":"SKIP","floor":49}],"player_experience":666014,"relics_obtained":[{"floor":6,"key":"Lantern"},{"floor":7,"key":"Juzu Bracelet"},{"floor":12,"key":"Odd Mushroom"},{"floor":14,"key":"Calipers"},{"floor":24,"key":"The Courier"},{"floor":26,"key":"Tiny Chest"},{"floor":31,"key":"MealTicket"},{"floor":38,"key":"Lizard Tail"},{"floor":41,"key":"Darkstone Periapt"},{"floor":46,"key":"Whetstone"},{"floor":48,"key":"Old Coin"}],"event_choices":[{"damage_healed":0,"gold_gain":0,"player_choice":"Fought Mushrooms","damage_taken":0,"max_hp_gain":0,"max_hp_loss":0,"event_name":"Mushrooms","floor":12,"gold_loss":0},{"cards_removed":["Slimebound:Defend_Slimebound"],"damage_healed":0,"gold_gain":0,"player_choice":"Took Card","damage_taken":0,"max_hp_gain":0,"max_hp_loss":0,"event_name":"NoteForYourself","floor":27,"gold_loss":0,"cards_obtained":["Iron Wave"]},{"damage_healed":0,"gold_gain":0,"player_choice":"Fight","damage_taken":0,"max_hp_gain":0,"max_hp_loss":0,"event_name":"Mysterious Sphere","floor":38,"gold_loss":0}],"is_beta":false,"boss_relics":[{"not_picked":["Sozu","Tiny House"],"picked":"Runic Pyramid"},{"not_picked":["Snecko Eye","Astrolabe"],"picked":"Philosopher\u0027s Stone"}],"items_purged_floors":[43],"is_endless":false,"potions_floor_spawned":[2,10,16,22,25,32,33,36,38,48,49],"ascension_level":0}}