{"host":"88sw61cmk1203zgj","time":1614302543,"event":{"mods":["BaseMod","Minty Spire (QoL Compilation)"],"gold_per_floor":[18,18,18,43,66,105,105,125,173,207,242,97,131,147,147,237,237,255,170,170,29,44,44,82,82,82,94,144,192,238,271,283,391,403,428,773,685,697,132,164,184,184,184,184,184,214,144,171,171,171,171,171,30,63,63],"floor_reached":56,"language":"ENG","playtime":4038,"items_purged":["Strike_B","Strike_B"],"score":2309,"play_id":"f766e24b-0bb9-49e6-bc06-f9047816158e","local_time":"20210225202223","is_ascension_mode":true,"campfire_choices":[{"floor":15.0,"key":"REST"},{"data":"Buffer","floor":23,"key":"SMITH"},{"data":"Defragment","floor":27,"key":"SMITH"},{"data":"Capacitor","floor":32,"key":"SMITH"},{"floor":42,"key":"RECALL"},{"data":"Defragment","floor":45,"key":"SMITH"},{"data":"Loop","floor":49,"key":"SMITH"},{"floor":52,"key":"REST"}],"circlet_count":0,"master_deck":["AscendersBane","Strike_B","Strike_B","Defend_B+1","Defend_B","Defend_B","Defend_B+1","Zap","Dualcast","Conserve Battery","Sweeping Beam+1","Hologram","Beam Cell","Go for the Eyes","Coolheaded","Defragment+1","Rebound","Steam","Buffer+1","FTL","Capacitor+1","Doom and Gloom","Coolheaded+1","Heatsinks+1","Defragment+1","Barrage+1","Biased Cognition","Glacier+1","White Noise+1","Loop+1","Hologram+1","Beam Cell+1","Go for the Eyes+1","Storm","White Noise+1","Loop","Leap+1","Coolheaded+1","Consume+1"],"relics":["Cracked Core","Pocketwatch","Kunai","PreservedInsect","Odd Mushroom","Anchor","Juzu Bracelet","Philosopher\u0027s Stone","War Paint","Bag of Preparation","DataDisk","HornCleat","MawBank","StrikeDummy","Red Mask","Pen Nib","Runic Dome","Toxic Egg 2","Runic Capacitor","Vajra","Shuriken","Lantern","Bottled Lightning"],"acts_visited":["Exordium","TheCity","TheBeyond","TheEnding"],"potions_floor_usage":[22,33],"damage_taken":[{"damage":7.0,"enemies":"Jaw Worm","floor":1.0,"turns":3.0},{"damage":1.0,"enemies":"2 Louse","floor":4.0,"turns":3.0},{"damage":0.0,"enemies":"Cultist","floor":5.0,"turns":3.0},{"damage":31.0,"enemies":"3 Sentries","floor":6.0,"turns":8.0},{"damage":0.0,"enemies":"Blue Slaver","floor":8.0,"turns":3.0},{"damage":6.0,"enemies":"The Mushroom Lair","floor":10.0,"turns":4.0},{"damage":4.0,"enemies":"Gremlin Nob","floor":11.0,"turns":3.0},{"damage":4.0,"enemies":"Lagavulin","floor":13.0,"turns":6.0},{"damage":4.0,"enemies":"Exordium Wildlife","floor":14.0,"turns":3.0},{"damage":32.0,"enemies":"Slime Boss","floor":16.0,"turns":10.0},{"damage":1.0,"enemies":"Shell Parasite","floor":18.0,"turns":7.0},{"damage":1,"enemies":"3 Byrds","floor":22,"turns":4},{"damage":0,"enemies":"Gremlin Leader","floor":24,"turns":6},{"damage":0,"enemies":"Book of Stabbing","floor":28,"turns":6},{"damage":4,"enemies":"Masked Bandits","floor":29,"turns":7},{"damage":0,"enemies":"Gremlin Leader","floor":30,"turns":7},{"damage":0,"enemies":"3 Cultists","floor":31,"turns":5},{"damage":4,"enemies":"Collector","floor":33,"turns":12},{"damage":0,"enemies":"3 Shapes","floor":35,"turns":5},{"damage":10,"enemies":"3 Darklings","floor":38,"turns":5},{"damage":0,"enemies":"Nemesis","floor":40,"turns":5},{"damage":0,"enemies":"Jaw Worm Horde","floor":41,"turns":4},{"damage":0,"enemies":"Reptomancer","floor":46,"turns":5},{"damage":0,"enemies":"Giant Head","floor":48,"turns":4},{"damage":26,"enemies":"Awakened One","floor":50,"turns":13},{"damage":0,"enemies":"Shield and Spear","floor":54,"turns":7},{"damage":4,"enemies":"The Heart","floor":55,"turns":9}],"seed_played":"546918826607747053","potions_obtained":[{"floor":6.0,"key":"Block Potion"},{"floor":8.0,"key":"Block Potion"},{"floor":14.0,"key":"Strength Potion"},{"floor":16.0,"key":"SkillPotion"},{"floor":29,"key":"LiquidMemories"},{"floor":33,"key":"SpeedPotion"}],"is_trial":false,"path_per_floor":["M","?","?","M","M","E","?","M","T","?","E","$","E","M","R","B",null,"M","?","T","$","M","R","E","T","T","R","E","?","E","M","R","B",null,"M","?","$","M","$","E","M","R","T","?","R","E","$","E","R","B",null,"R","$","E","B",null],"character_chosen":"DEFECT","items_purchased":["Rebound","Steam","Capacitor","Doom and Gloom","Toxic Egg 2","Glacier+1","Runic Capacitor","White Noise+1","Loop","Storm","Loop","Leap+1","Coolheaded+1"],"campfire_rested":2,"item_purchase_floors":[12,12,21,21,39,39,39,39,39,47,53,53,53],"current_hp_per_floor":[57,57,62,61,61,30,30,30,30,24,20,20,16,12,33,1,54,53,53,53,53,52,52,52,52,52,52,52,48,48,48,48,44,64,64,64,64,54,54,54,54,54,54,54,54,54,54,54,54,28,57,67,67,67,63],"gold":63,"neow_bonus":"ONE_RARE_RELIC","is_daily":false,"chose_seed":false,"campfire_upgraded":5,"win_rate":0.0,"timestamp":1614302543,"path_taken":["M","?","?","M","M","E","?","?","T","?","E","?","E","M","R","BOSS","M","?","?","?","M","R","E","?","T","R","E","?","E","M","R","BOSS","M","?","$","M","$","E","M","R","T","?","R","E","$","E","R","BOSS","R","$","E","BOSS"],"items_purchased_type":["Card","Card","Card","Card","Relic","Card","Relic","Card","Card","Card","Card","Card","Card"],"build_version":"2020-12-22","purchased_purges":2,"victory":true,"max_hp_per_floor":[71,66,71,71,71,71,71,71,71,71,71,71,71,71,71,71,71,71,71,71,71,71,71,71,71,71,71,71,71,71,71,71,71,71,71,71,71,71,71,71,71,71,71,67,67,67,67,67,67,67,67,67,67,67,67],"card_choices":[{"not_picked":["Beam Cell","Streamline"],"picked":"Conserve Battery","floor":1.0},{"not_picked":["Auto Shields","Undo"],"picked":"Sweeping Beam","floor":4.0},{"not_picked":["Sweeping Beam","Heatsinks"],"picked":"Hologram","floor":5.0},{"not_picked":["Core Surge","Go for the Eyes"],"picked":"Beam Cell","floor":6.0},{"not_picked":["White Noise","Sunder"],"picked":"Go for the Eyes","floor":8.0},{"not_picked":["Scrape","Tempest"],"picked":"Coolheaded","floor":10.0},{"not_picked":["BootSequence","Steam"],"picked":"Defragment","floor":11.0},{"not_picked":["Redo","Barrage","Heatsinks"],"picked":"SKIP","floor":13.0},{"not_picked":["Blizzard","Barrage","Stack"],"picked":"SKIP","floor":14.0},{"not_picked":["Meteor Strike","Reboot"],"picked":"Buffer","floor":16.0},{"not_picked":["Lockon","Barrage"],"picked":"FTL","floor":18.0},{"not_picked":["Static Discharge","Melter+1"],"picked":"Coolheaded+1","floor":22},{"not_picked":["Beam Cell","Loop"],"picked":"Heatsinks+1","floor":24},{"not_picked":["Coolheaded","Stack"],"picked":"Defragment","floor":28},{"not_picked":["Thunder Strike","Coolheaded","Rip and Tear"],"picked":"SKIP","floor":30},{"not_picked":["Cold Snap","Stack"],"picked":"Barrage+1","floor":31},{"not_picked":["Hyperbeam","Electrodynamics"],"picked":"Biased Cognition","floor":33},{"not_picked":["Streamline+1","Go for the Eyes","BootSequence"],"picked":"SKIP","floor":35},{"not_picked":["Barrage","Double Energy","Rebound+1"],"picked":"SKIP","floor":38},{"not_picked":["Gash","Force Field+1"],"picked":"Hologram+1","floor":40},{"not_picked":["Go for the Eyes+1","Rebound+1"],"picked":"Beam Cell+1","floor":41},{"not_picked":["Recycle+1","Hyperbeam"],"picked":"Go for the Eyes+1","floor":46},{"not_picked":["Gash","Genetic Algorithm+1"],"picked":"White Noise+1","floor":48},{"not_picked":["Stack+1","Rebound+1"],"picked":"Consume+1","floor":54}],"player_experience":1615489,"relics_obtained":[{"floor":6.0,"key":"Kunai"},{"floor":9.0,"key":"PreservedInsect"},{"floor":10.0,"key":"Odd Mushroom"},{"floor":11.0,"key":"Anchor"},{"floor":13.0,"key":"Juzu Bracelet"},{"floor":20.0,"key":"Bag of Preparation"},{"floor":24,"key":"DataDisk"},{"floor":25,"key":"HornCleat"},{"floor":26,"key":"MawBank"},{"floor":28,"key":"StrikeDummy"},{"floor":29,"key":"Red Mask"},{"floor":30,"key":"Pen Nib"},{"floor":40,"key":"Vajra"},{"floor":46,"key":"Shuriken"},{"floor":48,"key":"Lantern"},{"floor":54,"key":"Bottled Lightning"}],"event_choices":[{"damage_healed":0.0,"max_hp_gain":0.0,"max_hp_loss":5.0,"gold_gain":0.0,"event_name":"Golden Idol","player_choice":"Lose Max HP","floor":2.0,"gold_loss":0.0,"damage_taken":0.0,"relics_obtained":["Golden Idol"]},{"damage_healed":0.0,"max_hp_gain":5.0,"max_hp_loss":0.0,"gold_gain":0.0,"event_name":"Big Fish","player_choice":"Donut","floor":3.0,"gold_loss":0.0,"damage_taken":0.0},{"damage_healed":0.0,"max_hp_gain":0.0,"max_hp_loss":0.0,"gold_gain":0.0,"event_name":"Upgrade Shrine","player_choice":"Upgraded","floor":7.0,"gold_loss":0.0,"damage_taken":0.0,"cards_upgraded":["Sweeping Beam"]},{"damage_healed":0.0,"max_hp_gain":0.0,"max_hp_loss":0.0,"gold_gain":0.0,"event_name":"Mushrooms","player_choice":"Fought Mushrooms","floor":10.0,"gold_loss":0.0,"damage_taken":0.0},{"damage_healed":0.0,"max_hp_gain":0.0,"max_hp_loss":0.0,"gold_gain":0.0,"event_name":"Addict","player_choice":"Obtained Relic","floor":19.0,"gold_loss":85.0,"damage_taken":0.0,"relics_obtained":["War Paint"]},{"damage_healed":0,"gold_gain":0,"player_choice":"Fought Bandits","damage_taken":0,"max_hp_gain":0,"max_hp_loss":0,"event_name":"Masked Bandits","floor":29,"gold_loss":0},{"damage_healed":0,"gold_gain":333,"player_choice":"Gave Idol","damage_taken":0,"max_hp_gain":0,"max_hp_loss":0,"event_name":"The Moai Head","floor":36,"relics_lost":["Golden Idol"],"gold_loss":0},{"damage_healed":0,"gold_gain":0,"player_choice":"Max HP","damage_taken":0,"max_hp_gain":0,"max_hp_loss":4,"event_name":"Winding Halls","floor":44,"gold_loss":0}],"is_beta":false,"boss_relics":[{"not_picked":["FrozenCore","Empty Cage"],"picked":"Philosopher\u0027s Stone"},{"not_picked":["SacredBark","Busted Crown"],"picked":"Runic Dome"}],"items_purged_floors":[12,37],"is_endless":false,"potions_floor_spawned":[6,8,10,14,16,18,29,31,33,40,41,54],"ascension_level":14}}