{"host":"opdum64sdiqzxm7l","time":1614337221,"event":{"mods":["Act Like it!","Aspiration","BaseMod","CapriCore","Colored Powertips","Conspire","Energized Spire","Friendly Minions","Jedi Mod","Library of Ruina","Library of Ruina Extra","Lobotomy","LobotomyExtend","Minty Spire (QoL Compilation)","MostiFishMod","Pale of the Ancients","Reliquary","Replay The Spire","RumiaBox-露米娅的神秘盒子","Spicy Shops","StSLib","TestMod","UnlockEverythingMod","Waifu the Spire","[IsaacMod]以撒尖塔","[功能]功能增强和修复MOD","【功能Mod】混沌之环修复补丁","【功能Mod】聪明的最终Boss","【遗物卡牌】REMEMod"],"gold_per_floor":[360,150,150,150,168,168,168,168,168,168,179,196,393,461,461,565,565,586,269,304,304,105,140,140,81,107,107,128,128,128,128,128,238,238,254,135,135,135,59,59,135,135,158,158,182,182,182,191,191,196],"floor_reached":51,"language":"ZHS","playtime":6071,"items_purged":["Replay:Hysterical Blindness"],"score":1014,"play_id":"36ccdbc7-c6bb-4527-8e45-f865e416678f","local_time":"20210226190021","is_ascension_mode":false,"campfire_choices":[],"circlet_count":0,"master_deck":["SpecialBullet","SecurityCode","CentralCode","Preparation","OSAHOGD","Spore","MostiFishMod:TheLastGuard","Logging","RedEyes","Wellcheers","Lamp","Wingbeat","DespairKnight","Pinks+1","BigBird","Amita+1","DreamingCurrent","SolemnVow","Adoration","SnowQueen","LifeForTheDareDevil+1","MHz","GoldRush","BodiesMountain","ParadiseLost","HappyTeddy","CUTE","testmod-AutoReboundSystem","DisciplinaryCode","BigBadWolf","CherryBlossom","Madness","Madness","testmod-Collector"],"relics":["CogitoBucket","RabbitCall","REME_ComplimentaryCards","testmod-TestBox","HushsDoor","MaYiHuaBei","testmod-DeterminationOfClimber","SynthV","LetterFromLob","SynthV:TestCard","testmod-TurbochargingSystem","testmod-AssaultLearning","DaveBox","SynthV","conspire:DecoderRing","MagicMushroom","GuppysCollar","LuminousBracelet","BirthdayGift-Icosahedron","PageOfAlriune","reliquary:ExpiredCoupon","reliquary:ExpiredCoupon","ReplayTheSpireMod:TigerMarble","testmod-OneHitWonder","Bag of Marbles","aspiration:Lifesprig","reliquary:Stiletto","Ring of Chaos","AspirationHeart","reliquary:FingerTrap","Juzu Bracelet","Du-Vu Doll","CeramicFish","Anchor"],"acts_visited":["Exordium","TheCity","TheBeyond"],"potions_floor_usage":[16,51,51,51],"damage_taken":[{"damage":0,"enemies":"Jaw Worm","floor":1,"turns":2},{"damage":0,"enemies":"Small Slimes","floor":5,"turns":2},{"damage":0,"enemies":"2 Louse","floor":11,"turns":2},{"damage":3,"enemies":"Exordium Wildlife","floor":12,"turns":2},{"damage":0,"enemies":"Hexaghost","floor":16,"turns":4},{"damage":6,"enemies":"Shell Parasite","floor":18,"turns":3},{"damage":0,"enemies":"conspire:MimicChest","floor":20,"turns":2},{"damage":0,"enemies":"Gremlin Leader","floor":23,"turns":2},{"damage":0,"enemies":"Spheric Guardian","floor":28,"turns":2},{"damage":0,"enemies":"Automaton","floor":33,"turns":1},{"damage":0,"enemies":"3 Darklings","floor":35,"turns":1},{"damage":0,"enemies":"Mind Bloom Boss Battle","floor":41,"turns":1},{"damage":0,"enemies":"conspire:OrnateMirror","floor":50,"turns":1},{"damage":0,"enemies":"Malkuth","floor":51,"turns":2},{"damage":0,"enemies":"Yesod","floor":51,"turns":4},{"damage":122,"enemies":"Tiphereth","floor":51,"turns":7},{"damage":8,"enemies":"Hokma","floor":51,"turns":4},{"damage":0,"enemies":"Angela","floor":51,"turns":1}],"seed_played":"4816278284604063244","potions_obtained":[{"floor":5,"key":"Fire Potion"},{"floor":7,"key":"testmod-TimePotion"},{"floor":7,"key":"Dexterity Potion"},{"floor":16,"key":"Regen Potion"},{"floor":35,"key":"Elixir"}],"is_trial":false,"path_per_floor":["M","$","?","?","M","R","?","R","T","R","M","M","?","T","R","B",null,"M","$","?","?","$","E","?","$","T","R","M","R","?","?","R","B",null,"M","$","?","?","$","R","?","?","T","R","T","?","R","?","R","B",null],"character_chosen":"Angela","items_purchased":["testmod-TurbochargingSystem","testmod-AssaultLearning","MostiFishMod:TheLastGuard","GuppysCollar","BirthdayGift-Icosahedron","Amita","reliquary:SculptingSteel","Adoration","testmod-OneHitWonder","reliquary:FingerTrap","Juzu Bracelet","testmod-AutoReboundSystem"],"campfire_rested":0,"item_purchase_floors":[2,2,2,17,19,19,22,22,25,36,36,39],"current_hp_per_floor":[70,70,70,63,70,70,70,70,70,70,70,70,70,70,70,70,64,79,79,79,64,64,79,79,79,79,79,83,83,68,68,68,87,87,101,101,101,101,101,101,105,92,92,92,92,92,92,92,92,105],"gold":260,"neow_bonus":"TWO_FIFTY_GOLD","is_daily":false,"chose_seed":false,"campfire_upgraded":0,"win_rate":0.0,"timestamp":1614337221,"path_taken":["M","$","?","?","?","R","?","R","T","R","?","?","?","?","R","BOSS","M","$","?","?","$","E","?","?","T","R","?","R","?","?","R","BOSS","M","$","?","?","$","R","?","?","T","R","?","?","R","?","R","BOSS"],"items_purchased_type":["Relic","Relic","Card","Relic","Relic","Card","Relic","Card","Relic","Relic","Relic","Card"],"build_version":"2020-12-22","purchased_purges":1,"victory":true,"max_hp_per_floor":[70,70,70,70,70,70,70,70,70,70,70,70,70,70,70,70,64,79,79,79,79,79,79,79,79,79,79,83,83,83,83,83,87,87,101,101,101,101,101,101,105,105,105,105,105,105,105,105,105,105],"card_choices":[{"not_picked":["BeautyBeast","MeatLantern"],"picked":"OSAHOGD","floor":1},{"not_picked":["Wingbeat"],"picked":"Spore","floor":1},{"not_picked":["Hypocrisy","BloodyDesire","Bomb"],"picked":"Logging","floor":5},{"not_picked":["LongBird","OldLady"],"picked":"Woodsman","floor":11},{"not_picked":["Hypocrisy","GreenStem","MagicBullet"],"picked":"RedEyes","floor":11},{"not_picked":["Funeral","Bloodbath"],"picked":"Wellcheers","floor":12},{"not_picked":["BlackSwan_ego","Penitence","WristCuter"],"picked":"Lamp","floor":12},{"not_picked":["GrinderMk4","Spore","GreenStem"],"picked":"Wingbeat","floor":13},{"not_picked":["Alriune","MHz"],"picked":"DespairKnight","floor":16},{"not_picked":["TheSmile","Adoration","Justitia"],"picked":"Pinks","floor":16},{"not_picked":["SingingMachine","WallGazer"],"picked":"BigBird","floor":18},{"not_picked":["WristCuter+1","CUTE","FourthMatchFlame","BlackSwan_ego"],"picked":"SKIP","floor":18},{"not_picked":["WhitesApple","Funeral"],"picked":"DreamingCurrent","floor":20},{"not_picked":["BlueScar+1","Harvest+1","Tough"],"picked":"SolemnVow","floor":20},{"not_picked":["UniverseFragment","Murderer"],"picked":"SnowQueen","floor":23},{"not_picked":["Beak","Penitence","Noise+1"],"picked":"LifeForTheDareDevil+1","floor":23},{"not_picked":["OldLady","Bloodbath"],"picked":"MHz","floor":28},{"not_picked":["Loneliness","Heaven","Soda"],"picked":"GoldRush","floor":28},{"not_picked":["GreedKing","Mercenary"],"picked":"BodiesMountain","floor":33},{"not_picked":["Pinks","Mimicry","SoundOfStar"],"picked":"ParadiseLost","floor":33},{"not_picked":["LongBird","VoidDream"],"picked":"HappyTeddy","floor":35},{"not_picked":["Moonlight+1","BearPaw","Tough"],"picked":"CUTE","floor":35},{"not_picked":["Alriune","Funeral"],"picked":"BigBadWolf","floor":41},{"not_picked":["Noise+1","WristCuter","GrinderMk4"],"picked":"CherryBlossom","floor":41},{"not_picked":["testmod-Provocation","Impatience","testmod-ConditionedReflex"],"picked":"testmod-Collector","floor":48}],"player_experience":16433,"relics_obtained":[{"floor":1,"key":"LetterFromLob"},{"floor":1,"key":"SynthV:TestCard"},{"floor":14,"key":"conspire:DecoderRing"},{"floor":20,"key":"PageOfAlriune"},{"floor":23,"key":"ReplayTheSpireMod:TigerMarble"},{"floor":26,"key":"Bag of Marbles"},{"floor":31,"key":"reliquary:Stiletto"},{"floor":41,"key":"Du-Vu Doll"},{"floor":43,"key":"CeramicFish"},{"floor":45,"key":"Anchor"}],"event_choices":[{"damage_healed":0,"gold_gain":0,"player_choice":"Swap Relic","damage_taken":0,"relics_obtained":["DaveBox"],"max_hp_gain":0,"max_hp_loss":0,"event_name":"给自己的盒子","floor":3,"relics_lost":["DaveBox"],"gold_loss":0},{"cards_removed":["InformationCode"],"damage_healed":0,"gold_gain":0,"player_choice":"Card Removal","damage_taken":7,"max_hp_gain":0,"max_hp_loss":0,"event_name":"Golden Wing","floor":4,"gold_loss":0},{"damage_healed":0,"gold_gain":0,"player_choice":"Got Potions","damage_taken":0,"max_hp_gain":0,"max_hp_loss":0,"event_name":"Lab","floor":7,"gold_loss":0},{"damage_healed":0,"gold_gain":0,"player_choice":"Forge","damage_taken":0,"max_hp_gain":0,"max_hp_loss":0,"event_name":"Accursed Blacksmith","floor":24,"gold_loss":0,"cards_upgraded":["Amita"]},{"damage_healed":0,"gold_gain":0,"player_choice":"Upgraded","damage_taken":0,"max_hp_gain":0,"max_hp_loss":0,"event_name":"Upgrade Shrine","floor":38,"gold_loss":0,"cards_upgraded":["Pinks"]},{"damage_healed":0,"gold_gain":0,"player_choice":"Fight","damage_taken":0,"max_hp_gain":0,"max_hp_loss":0,"event_name":"MindBloom","floor":41,"gold_loss":0},{"damage_healed":0,"gold_gain":0,"player_choice":"Embrace Madness","damage_taken":13,"max_hp_gain":0,"max_hp_loss":0,"event_name":"Winding Halls","floor":42,"gold_loss":0,"cards_obtained":["Madness","Madness"]},{"cards_removed":["Woodsman"],"damage_healed":0,"gold_gain":0,"player_choice":"Purged","damage_taken":0,"max_hp_gain":0,"max_hp_loss":0,"event_name":"Purifier","floor":46,"gold_loss":0},{"damage_healed":0,"gold_gain":0,"player_choice":"Memory 1","damage_taken":0,"max_hp_gain":0,"max_hp_loss":0,"event_name":"SensoryStone","floor":48,"gold_loss":0}],"is_beta":false,"boss_relics":[{"not_picked":["Coffee Dripper","aspiration:DefectSkillbook"],"picked":"MagicMushroom"},{"not_picked":[]},{"not_picked":["testmod-KeyOfTheVoid","aspiration:RandomNobGenerator"],"picked":"Ring of Chaos"},{"not_picked":[]}],"items_purged_floors":[2],"is_endless":false,"potions_floor_spawned":[5,12,16,20,23,35,41],"ascension_level":0}}