{"host":"n8n9wji6zrbfgqlo","time":1614383593,"event":{"mods":["AchievementEnabler","BaseMod","Colored Powertips","Highlight Path","Minty Spire (QoL Compilation)","Quick Restart"],"gold_per_floor":[14,33,47,60,79,104,104,137,137,162,178,178,193,219,219,219,219],"floor_reached":16,"language":"ENG","playtime":618,"items_purged":[],"score":237,"play_id":"fc624a9d-0db7-45bc-820e-6bccfab66b2b","local_time":"20210227005313","is_ascension_mode":true,"campfire_choices":[{"floor":12,"key":"REST"},{"data":"Bash","floor":15,"key":"SMITH"}],"circlet_count":0,"master_deck":["Strike_R","Strike_R","Strike_R","Strike_R","Strike_R","Defend_R","Defend_R","Defend_R","Defend_R","Bash+1","Flex","Clothesline","Iron Wave","Armaments","Spot Weakness","Heavy Blade","Ghostly Armor","Fiend Fire"],"relics":["Burning Blood","Centennial Puzzle","MealTicket","Sundial","Lantern","Toxic Egg 2"],"acts_visited":["Exordium"],"potions_floor_usage":[2,6,8,10,16,16],"damage_taken":[{"damage":0,"enemies":"2 Louse","floor":1,"turns":3},{"damage":6,"enemies":"Cultist","floor":2,"turns":4},{"damage":10,"enemies":"Small Slimes","floor":3,"turns":3},{"damage":6,"enemies":"Looter","floor":4,"turns":2},{"damage":0,"enemies":"Large Slime","floor":5,"turns":3},{"damage":39,"enemies":"Gremlin Nob","floor":6,"turns":5},{"damage":25,"enemies":"3 Sentries","floor":8,"turns":6},{"damage":29,"enemies":"Gremlin Nob","floor":10,"turns":5},{"damage":14,"enemies":"Red Slaver","floor":11,"turns":5},{"damage":9,"enemies":"Exordium Wildlife","floor":13,"turns":4},{"damage":12,"enemies":"Lagavulin","floor":14,"turns":5},{"damage":49,"enemies":"Slime Boss","floor":16,"turns":8}],"seed_played":"5292258577634902514","potions_obtained":[{"floor":1,"key":"ColorlessPotion"},{"floor":4,"key":"Weak Potion"},{"floor":6,"key":"ElixirPotion"},{"floor":7,"key":"Weak Potion"},{"floor":7,"key":"Strength Potion"},{"floor":7,"key":"LiquidBronze"},{"floor":8,"key":"ElixirPotion"},{"floor":14,"key":"DuplicationPotion"}],"is_trial":false,"path_per_floor":["M","M","M","M","M","E","?","E","T","E","M","R","M","E","R","B"],"character_chosen":"IRONCLAD","items_purchased":[],"campfire_rested":1,"item_purchase_floors":[],"current_hp_per_floor":[96,96,92,92,96,63,63,44,44,21,13,41,38,32,32,0,0],"gold":219,"neow_bonus":"TWENTY_PERCENT_HP_BONUS","is_daily":false,"chose_seed":false,"campfire_upgraded":1,"win_rate":0.0,"timestamp":1614383593,"path_taken":["M","M","M","M","M","E","?","E","T","E","M","R","?","E","R","BOSS"],"items_purchased_type":[],"build_version":"2020-12-22","purchased_purges":0,"victory":false,"max_hp_per_floor":[96,96,96,96,96,96,96,96,96,96,96,96,96,96,96,96,96],"card_choices":[{"not_picked":["Warcry","Body Slam"],"picked":"Flex","floor":1},{"not_picked":["Pommel Strike","Warcry"],"picked":"Clothesline","floor":2},{"not_picked":["Heavy Blade","Thunderclap"],"picked":"Iron Wave","floor":3},{"not_picked":["Pommel Strike","Twin Strike"],"picked":"Armaments","floor":4},{"not_picked":["Fire Breathing","Combust"],"picked":"Spot Weakness","floor":5},{"not_picked":["Pummel","Cleave"],"picked":"Heavy Blade","floor":6},{"not_picked":["Perfected Strike","Clash"],"picked":"Ghostly Armor","floor":8},{"not_picked":["Anger","Clash","Twin Strike"],"picked":"SKIP","floor":10},{"not_picked":["Searing Blow","Exhume","Flex"],"picked":"SKIP","floor":11},{"not_picked":["Thunderclap","Clothesline","True Grit"],"picked":"SKIP","floor":13},{"not_picked":["Clothesline","Carnage"],"picked":"Fiend Fire","floor":14}],"player_experience":403661,"relics_obtained":[{"floor":6,"key":"Centennial Puzzle"},{"floor":8,"key":"MealTicket"},{"floor":9,"key":"Sundial"},{"floor":10,"key":"Lantern"},{"floor":14,"key":"Toxic Egg 2"}],"event_choices":[{"damage_healed":0,"gold_gain":0,"player_choice":"Got Potions","damage_taken":0,"max_hp_gain":0,"max_hp_loss":0,"event_name":"Lab","floor":7,"gold_loss":0}],"is_beta":false,"boss_relics":[],"items_purged_floors":[],"is_endless":false,"potions_floor_spawned":[1,4,6,8,14],"killed_by":"Slime Boss","ascension_level":3}}