{"host":"d0btaf6p0msba79e","time":1614327031,"event":{"mods":["BaseMod","BetterRewards","Minty Spire (QoL Compilation)"],"gold_per_floor":[114,134,134,99,114,114,139,314,314,339,339,17,29,39,39,142,142,152,165,90,110,110,145,145,145],"floor_reached":24,"language":"ENG","playtime":1383,"items_purged":["Strike_P","Strike_P","Defend_P"],"score":411,"play_id":"511d9a46-7ae7-45f6-b035-f39fa545a826","local_time":"20210226191031","is_ascension_mode":true,"campfire_choices":[{"floor":6.0,"key":"REST"},{"floor":15.0,"key":"REST"}],"circlet_count":0,"master_deck":["Strike_P","Defend_P","Defend_P","Defend_P","Eruption+1","Vigilance","CutThroughFate","BattleHymn","CutThroughFate","Evaluate","CarveReality","SandsOfTime","FlurryOfBlows","TalkToTheHand","Doubt","TalkToTheHand","Wireheading","Conclude","FlurryOfBlows","DeusExMachina","SashWhip","WaveOfTheHand"],"relics":["PureWater","Kunai","Ginger","Incense Burner","GoldenEye","Medical Kit","Gambling Chip","Bottled Tornado","Odd Mushroom","Mummified Hand","Membership Card","Tiny Chest","SacredBark","Question Card"],"acts_visited":["Exordium","TheCity"],"potions_floor_usage":[23],"damage_taken":[{"damage":0.0,"enemies":"2 Louse","floor":1.0,"turns":2.0},{"damage":4.0,"enemies":"Jaw Worm","floor":2.0,"turns":2.0},{"damage":0.0,"enemies":"Cultist","floor":5.0,"turns":2.0},{"damage":8.0,"enemies":"3 Sentries","floor":7.0,"turns":4.0},{"damage":2.0,"enemies":"The Mushroom Lair","floor":10.0,"turns":3.0},{"damage":7.0,"enemies":"2 Fungi Beasts","floor":13.0,"turns":2.0},{"damage":1.0,"enemies":"Blue Slaver","floor":14.0,"turns":3.0},{"damage":20.0,"enemies":"Hexaghost","floor":16.0,"turns":6.0},{"damage":13.0,"enemies":"Shell Parasite","floor":18.0,"turns":4.0},{"damage":8.0,"enemies":"Chosen","floor":19.0,"turns":3.0},{"damage":18.0,"enemies":"Shelled Parasite and Fungi","floor":21.0,"turns":5.0},{"damage":24,"enemies":"Book of Stabbing","floor":23,"turns":5},{"damage":0,"enemies":"Snecko","floor":24,"turns":2}],"seed_played":"-1912888671559730290","potions_obtained":[{"floor":5.0,"key":"SteroidPotion"},{"floor":7.0,"key":"Explosive Potion"},{"floor":10.0,"key":"Energy Potion"},{"floor":13.0,"key":"Swift Potion"},{"floor":19.0,"key":"DuplicationPotion"}],"is_trial":false,"path_per_floor":["M","M","?","?","M","R","E","?","T","?","T","$","M","M","R","B",null,"M","M","?","M","?","E","M"],"character_chosen":"WATCHER","items_purchased":["Kunai","CutThroughFate","BattleHymn","CutThroughFate","Medical Kit","Ambrosia","BlessingOfTheForge","Evaluate","Membership Card","Wireheading","Tiny Chest"],"campfire_rested":2,"item_purchase_floors":[0,0,0,0,0,0,0,0,12,12,12],"current_hp_per_floor":[23,19,19,37,37,58,50,50,50,48,48,48,41,40,61,41,64,51,43,43,25,25,1,1,1],"gold":145,"neow_bonus":"","is_daily":false,"chose_seed":false,"campfire_upgraded":0,"win_rate":0.0,"timestamp":1614327031,"path_taken":["M","M","?","?","M","R","E","?","T","?","?","$","M","M","R","BOSS","M","M","?","M","?","E","M"],"items_purchased_type":["Relic","Card","Card","Card","Relic","Potion","Potion","Card","Relic","Card","Relic"],"build_version":"2020-12-22","purchased_purges":3,"victory":false,"max_hp_per_floor":[72,72,72,72,72,72,72,72,72,72,72,72,72,72,72,72,72,72,72,72,72,72,72,72,72],"card_choices":[{"not_picked":["Fasting2","Prostrate"],"picked":"CarveReality","floor":1.0},{"not_picked":["Crescendo","Indignation"],"picked":"SandsOfTime","floor":2.0},{"not_picked":["Crescendo","CutThroughFate"],"picked":"FlurryOfBlows","floor":5.0},{"not_picked":["Worship","BowlingBash"],"picked":"TalkToTheHand","floor":7.0},{"not_picked":["SashWhip","SignatureMove"],"picked":"TalkToTheHand","floor":10.0},{"not_picked":["Protect","FlyingSleeves"],"picked":"Conclude","floor":13.0},{"not_picked":["Vengeance","Evaluate"],"picked":"FlurryOfBlows","floor":14.0},{"not_picked":["Omniscience","Judgement"],"picked":"DeusExMachina","floor":16.0},{"not_picked":["Halt","PathToVictory","EmptyBody"],"picked":"SKIP","floor":18.0},{"not_picked":["Worship","WheelKick"],"picked":"SashWhip","floor":19.0},{"not_picked":["Wireheading","JustLucky+1","SashWhip+1"],"picked":"SKIP","floor":21.0},{"not_picked":["ConjureBlade","PathToVictory"],"picked":"WaveOfTheHand","floor":23}],"player_experience":1091345,"relics_obtained":[{"floor":7.0,"key":"Gambling Chip"},{"floor":9.0,"key":"Bottled Tornado"},{"floor":10.0,"key":"Odd Mushroom"},{"floor":11.0,"key":"Mummified Hand"},{"floor":23,"key":"Question Card"}],"event_choices":[{"damage_healed":0.0,"max_hp_gain":0.0,"max_hp_loss":0.0,"gold_gain":0.0,"event_name":"Living Wall","player_choice":"Grow","floor":3.0,"gold_loss":0.0,"damage_taken":0.0,"cards_upgraded":["Eruption"]},{"damage_healed":18.0,"max_hp_gain":0.0,"max_hp_loss":0.0,"gold_gain":0.0,"event_name":"The Cleric","player_choice":"Healed","floor":4.0,"gold_loss":35.0,"damage_taken":0.0},{"damage_healed":0.0,"max_hp_gain":0.0,"max_hp_loss":0.0,"gold_gain":175.0,"event_name":"Liars Game","player_choice":"AGREE","floor":8.0,"gold_loss":0.0,"damage_taken":0.0,"cards_obtained":["Doubt"]},{"damage_healed":0.0,"max_hp_gain":0.0,"max_hp_loss":0.0,"gold_gain":0.0,"event_name":"Mushrooms","player_choice":"Fought Mushrooms","floor":10.0,"gold_loss":0.0,"damage_taken":0.0},{"cards_removed":["Strike_P"],"damage_healed":0.0,"max_hp_gain":0.0,"max_hp_loss":0.0,"gold_gain":0.0,"event_name":"Beggar","player_choice":"Gave Gold","floor":20.0,"gold_loss":75.0,"damage_taken":0.0},{"damage_healed":0.0,"max_hp_gain":0.0,"max_hp_loss":0.0,"gold_gain":0.0,"event_name":"Cursed Tome","player_choice":"Ignored","floor":22.0,"gold_loss":0.0,"damage_taken":0.0}],"is_beta":false,"boss_relics":[{"not_picked":["Tiny House","Runic Dome"],"picked":"SacredBark"}],"items_purged_floors":[0,0,12],"is_endless":false,"potions_floor_spawned":[5,7,10,13,14,19],"killed_by":"Snecko","ascension_level":6}}