{"host":"y13mj1mxwnd5xx1x","time":1614380849,"event":{"mods":["AchievementEnabler","BaseMod","Minty Spire (QoL Compilation)"],"gold_per_floor":[111,123,135,203,222,251,251,266,266,284,296,309,336,353,353,449,449,459,474,573,588,607,641,641,672,672,672,706,706,706,721,721,820,820,835,849,61,78,0,35,35,335,335,347,347],"floor_reached":44,"language":"ENG","playtime":5281,"items_purged":["Strike_P+1"],"score":539,"play_id":"e72dfaa2-523c-4245-b276-2217d9a65433","local_time":"20210226170729","is_ascension_mode":false,"campfire_choices":[{"data":"Eruption","floor":7.0,"key":"SMITH"},{"floor":15.0,"key":"REST"},{"floor":27.0,"key":"REST"},{"floor":29,"key":"REST"},{"floor":32,"key":"REST"},{"floor":41,"key":"RECALL"}],"circlet_count":0,"master_deck":["Strike_P+1","Strike_P+1","Strike_P+1","Defend_P+1","Defend_P+1","Defend_P+1","Eruption+1","Vigilance","WaveOfTheHand+1","FlurryOfBlows+1","SandsOfTime","EmptyBody","SpiritShield","Crescendo","BowlingBash+1","ThirdEye+1","Vault","EmptyFist","LessonLearned","Evaluate+1","Swivel+1","CutThroughFate","Omniscience","FlurryOfBlows+1","ConjureBlade","CutThroughFate+1","Prostrate"],"relics":["VioletLotus","White Beast Statue","Akabeko","Gremlin Horn","Lantern","Fusion Hammer","Blue Candle","Sundial","InkBottle","Busted Crown","OrangePellets","Strawberry","Matryoshka","Red Mask","CeramicFish","MawBank","Omamori"],"acts_visited":["Exordium","TheCity","TheBeyond"],"potions_floor_usage":[28,33,40,44,44,44],"damage_taken":[{"damage":0.0,"enemies":"Cultist","floor":1.0,"turns":2.0},{"damage":0.0,"enemies":"Jaw Worm","floor":2.0,"turns":3.0},{"damage":0.0,"enemies":"Small Slimes","floor":3.0,"turns":3.0},{"damage":14.0,"enemies":"2 Fungi Beasts","floor":5.0,"turns":6.0},{"damage":34.0,"enemies":"Gremlin Nob","floor":6.0,"turns":5.0},{"damage":0.0,"enemies":"Gremlin Gang","floor":8.0,"turns":5.0},{"damage":15.0,"enemies":"Exordium Thugs","floor":10.0,"turns":5.0},{"damage":0.0,"enemies":"Exordium Wildlife","floor":11.0,"turns":5.0},{"damage":3.0,"enemies":"Red Slaver","floor":12.0,"turns":3.0},{"damage":4.0,"enemies":"3 Sentries","floor":13.0,"turns":6.0},{"damage":0.0,"enemies":"Large Slime","floor":14.0,"turns":4.0},{"damage":21.0,"enemies":"Slime Boss","floor":16.0,"turns":5.0},{"damage":8.0,"enemies":"Shell Parasite","floor":18.0,"turns":10.0},{"damage":5.0,"enemies":"2 Thieves","floor":19.0,"turns":3.0},{"damage":1.0,"enemies":"Snecko","floor":21.0,"turns":6.0},{"damage":22.0,"enemies":"3 Cultists","floor":22.0,"turns":6.0},{"damage":15.0,"enemies":"Slavers","floor":23.0,"turns":11.0},{"damage":18.0,"enemies":"Gremlin Leader","floor":25.0,"turns":8.0},{"damage":11,"enemies":"Book of Stabbing","floor":28,"turns":11},{"damage":0,"enemies":"Centurion and Healer","floor":31,"turns":4},{"damage":39,"enemies":"Collector","floor":33,"turns":18},{"damage":0,"enemies":"Orb Walker","floor":35,"turns":4},{"damage":0,"enemies":"3 Shapes","floor":36,"turns":5},{"damage":0,"enemies":"Transient","floor":38,"turns":6},{"damage":33,"enemies":"Nemesis","floor":40,"turns":8},{"damage":51,"enemies":"Giant Head","floor":44,"turns":8}],"seed_played":"-8971836562088264333","potions_obtained":[{"floor":3.0,"key":"SmokeBomb"},{"floor":5.0,"key":"DistilledChaos"},{"floor":6.0,"key":"SteroidPotion"},{"floor":8.0,"key":"Ancient Potion"},{"floor":10.0,"key":"Swift Potion"},{"floor":12.0,"key":"Weak Potion"},{"floor":16.0,"key":"Block Potion"},{"floor":18.0,"key":"SteroidPotion"},{"floor":19.0,"key":"Block Potion"},{"floor":21.0,"key":"ColorlessPotion"},{"floor":22.0,"key":"PowerPotion"},{"floor":25.0,"key":"FearPotion"},{"floor":28,"key":"Fire Potion"},{"floor":33,"key":"StancePotion"},{"floor":40,"key":"PowerPotion"}],"is_trial":false,"path_per_floor":["M","M","M","T","M","E","R","M","T","M","M","M","E","M","R","B",null,"M","M","?","M","M","E","?","E","T","R","E","R","?","M","R","B",null,"M","M","$","M","?","E","R","?","T","E"],"character_chosen":"WATCHER","items_purchased":["OrangePellets","Strawberry","Matryoshka","Prostrate","BottledMiracle","DistilledChaos"],"campfire_rested":4,"item_purchase_floors":[37,37,37,37,37,37],"current_hp_per_floor":[72,72,72,72,58,24,24,24,24,9,9,6,2,2,23,2,72,64,59,59,58,36,21,21,3,3,24,13,34,34,34,55,16,72,72,72,79,79,79,46,46,46,46,0,0],"gold":347,"neow_bonus":"BOSS_RELIC","is_daily":false,"chose_seed":false,"campfire_upgraded":1,"win_rate":0.0,"timestamp":1614380849,"path_taken":["M","M","M","?","M","E","R","M","T","M","M","?","E","M","R","BOSS","M","M","?","M","M","E","?","E","T","R","E","R","?","?","R","BOSS","M","M","$","M","?","E","R","?","T","E"],"items_purchased_type":["Relic","Relic","Relic","Card","Potion","Potion"],"build_version":"2020-12-22","purchased_purges":1,"victory":false,"max_hp_per_floor":[72,72,72,72,72,72,72,72,72,72,72,72,72,72,72,72,72,72,72,72,72,72,72,72,72,72,72,72,72,72,72,72,72,72,72,72,79,79,79,79,79,79,79,79,79],"card_choices":[{"not_picked":["JustLucky","Swivel"],"picked":"WaveOfTheHand","floor":1.0},{"not_picked":["Conclude","FlyingSleeves"],"picked":"FlurryOfBlows","floor":2.0},{"not_picked":["Collect","FearNoEvil"],"picked":"SandsOfTime","floor":3.0},{"not_picked":["CrushJoints","Conclude"],"picked":"EmptyBody","floor":5.0},{"not_picked":["Fasting2","Weave"],"picked":"SpiritShield","floor":6.0},{"not_picked":["Conclude","CrushJoints"],"picked":"Crescendo","floor":8.0},{"not_picked":["JustLucky","Consecrate"],"picked":"BowlingBash","floor":10.0},{"not_picked":["WindmillStrike","ClearTheMind"],"picked":"ThirdEye","floor":11.0},{"not_picked":["Evaluate","CrushJoints"],"picked":"Vault","floor":12.0},{"not_picked":["PathToVictory","CarveReality","Crescendo"],"picked":"SKIP","floor":13.0},{"not_picked":["Evaluate","DeceiveReality"],"picked":"EmptyFist","floor":14.0},{"not_picked":["MasterReality","Judgement"],"picked":"LessonLearned","floor":16.0},{"not_picked":["Conclude","Crescendo"],"picked":"Evaluate","floor":18.0},{"not_picked":["Protect","Prostrate"],"picked":"Swivel+1","floor":19.0},{"not_picked":["Vengeance","Prostrate"],"picked":"CutThroughFate","floor":21.0},{"not_picked":["MentalFortress","Sanctity","LikeWater"],"picked":"SKIP","floor":22.0},{"not_picked":["SashWhip+1","Nirvana","LikeWater"],"picked":"SKIP","floor":23.0},{"not_picked":["Wireheading","Judgement"],"picked":"Omniscience","floor":25.0},{"not_picked":["Swivel","ClearTheMind"],"picked":"FlurryOfBlows+1","floor":28},{"not_picked":["ClearTheMind","Collect+1","Conclude"],"picked":"SKIP","floor":31},{"not_picked":["Judgement","DeusExMachina"],"picked":"ConjureBlade","floor":33},{"not_picked":[],"picked":"CutThroughFate+1","floor":35},{"not_picked":["CutThroughFate"],"picked":"SKIP","floor":36},{"not_picked":["JustLucky"],"picked":"SKIP","floor":38},{"not_picked":["FlyingSleeves+1"],"picked":"SKIP","floor":40}],"player_experience":244524,"relics_obtained":[{"floor":4.0,"key":"White Beast Statue"},{"floor":6.0,"key":"Akabeko"},{"floor":9.0,"key":"Gremlin Horn"},{"floor":13.0,"key":"Lantern"},{"floor":23.0,"key":"Blue Candle"},{"floor":25.0,"key":"Sundial"},{"floor":28,"key":"InkBottle"},{"floor":40,"key":"CeramicFish"},{"floor":43,"key":"MawBank"},{"floor":43,"key":"Omamori"}],"event_choices":[{"damage_healed":0.0,"max_hp_gain":0.0,"max_hp_loss":0.0,"gold_gain":99.0,"event_name":"Nest","player_choice":"Stole From Cult","floor":20.0,"gold_loss":0.0,"damage_taken":0.0},{"damage_healed":0.0,"max_hp_gain":0.0,"max_hp_loss":0.0,"gold_gain":0.0,"event_name":"Back to Basics","player_choice":"Simplicity","floor":24.0,"gold_loss":0.0,"damage_taken":0.0,"cards_upgraded":["Strike_P","Strike_P","Strike_P","Defend_P","Defend_P","Defend_P"]},{"cards_removed":["Defend_P"],"damage_healed":0,"gold_gain":0,"player_choice":"Purged","damage_taken":0,"max_hp_gain":0,"max_hp_loss":0,"event_name":"Purifier","floor":30,"gold_loss":0},{"damage_healed":0,"gold_gain":0,"player_choice":"Paid","damage_taken":0,"relics_obtained":["Red Mask"],"max_hp_gain":0,"max_hp_loss":0,"event_name":"Tomb of Lord Red Mask","floor":39,"gold_loss":78},{"damage_healed":0,"gold_gain":300,"player_choice":"Gold","damage_taken":0,"max_hp_gain":0,"max_hp_loss":0,"event_name":"Wheel of Change","floor":42,"gold_loss":0}],"is_beta":false,"boss_relics":[{"not_picked":["Sozu","Velvet Choker"],"picked":"Fusion Hammer"},{"not_picked":["Astrolabe","Coffee Dripper"],"picked":"Busted Crown"}],"items_purged_floors":[37],"is_endless":false,"potions_floor_spawned":[3,5,6,8,10,11,12,13,14,16,18,19,21,22,23,25,28,31,33,35,36,38,40],"killed_by":"Giant Head","ascension_level":0}}