{"host":"h4s2ow0cl6kdwaz8","time":1614360570,"event":{"mods":["AchievementEnabler","BaseMod","Bestiary","Colored Map","Minty Spire (QoL Compilation)","Permanent Neow","Relic Stats"],"gold_per_floor":[114,132,92,104,118,118,152,39,39,50,50,77,77,95,95,196,196,209,241,241,257,269,296,236,255,255,8,33,44,44,70,70,168,168,184,198,198,215,215,250,283,293,293,323,423,147,147,147,147,147,147,147,72,100,100],"floor_reached":56,"language":"ENG","playtime":5653,"items_purged":["Strike_P","Strike_P"],"score":1438,"play_id":"4a91b2c4-6a68-4430-bd7e-9b16ac92ce3f","local_time":"20210226172930","is_ascension_mode":true,"campfire_choices":[{"data":"Vault","floor":6,"key":"SMITH"},{"data":"Judgement","floor":11,"key":"SMITH"},{"floor":15,"key":"REST"},{"floor":32,"key":"RECALL"},{"floor":49,"key":"REST"},{"floor":52,"key":"REST"}],"circlet_count":0,"master_deck":["Strike_P","Defend_P","Defend_P","Defend_P","Eruption+1","Vigilance","Vengeance","Protect+1","Vault+1","TalkToTheHand","Judgement+1","Swivel+1","EmptyFist","Consecrate","SandsOfTime","Scrawl","ClearTheMind+1","Study+1","Wallop+1","FlyingSleeves+1","CutThroughFate","FearNoEvil","LessonLearned","CutThroughFate","Perseverance+1","ThirdEye+1","DevaForm","JustLucky+1","JustLucky+1","TalkToTheHand","Flash of Steel","Trip","MentalFortress","CutThroughFate+1"],"relics":["VioletLotus","CloakClasp","Bird Faced Urn","Letter Opener","Vajra","Fusion Hammer","Red Mask","Ginger","Meat on the Bone","Frozen Eye","WingedGreaves","Juzu Bracelet","SacredBark","HornCleat","Mummified Hand","Potion Belt","StrikeDummy","Sling","Bag of Marbles"],"acts_visited":["Exordium","TheCity","TheBeyond","TheEnding"],"potions_floor_usage":[3,10,12,12,12,12,28,29,35,54,55,55,55,55],"damage_taken":[{"damage":0,"enemies":"Small Slimes","floor":1,"turns":3},{"damage":0,"enemies":"Cultist","floor":2,"turns":3},{"damage":6,"enemies":"2 Louse","floor":4,"turns":3},{"damage":4,"enemies":"Blue Slaver","floor":5,"turns":4},{"damage":23,"enemies":"Lagavulin","floor":7,"turns":10},{"damage":0,"enemies":"Lots of Slimes","floor":10,"turns":1},{"damage":21,"enemies":"Gremlin Nob","floor":12,"turns":5},{"damage":0,"enemies":"2 Fungi Beasts","floor":14,"turns":3},{"damage":5,"enemies":"Slime Boss","floor":16,"turns":8},{"damage":0,"enemies":"Spheric Guardian","floor":18,"turns":2},{"damage":0,"enemies":"Masked Bandits","floor":19,"turns":3},{"damage":5,"enemies":"2 Thieves","floor":21,"turns":2},{"damage":0,"enemies":"Shelled Parasite and Fungi","floor":22,"turns":3},{"damage":0,"enemies":"Slavers","floor":23,"turns":3},{"damage":0,"enemies":"Centurion and Healer","floor":25,"turns":3},{"damage":0,"enemies":"Gremlin Leader","floor":28,"turns":3},{"damage":0,"enemies":"Cultist and Chosen","floor":29,"turns":6},{"damage":7,"enemies":"Slavers","floor":31,"turns":3},{"damage":8,"enemies":"Champ","floor":33,"turns":9},{"damage":2,"enemies":"3 Darklings","floor":35,"turns":5},{"damage":1,"enemies":"Orb Walker","floor":36,"turns":5},{"damage":3,"enemies":"Sphere and 2 Shapes","floor":38,"turns":4},{"damage":0,"enemies":"Giant Head","floor":40,"turns":8},{"damage":4,"enemies":"Nemesis","floor":41,"turns":5},{"damage":0,"enemies":"Transient","floor":42,"turns":6},{"damage":6,"enemies":"Giant Head","floor":44,"turns":6},{"damage":34,"enemies":"Awakened One","floor":50,"turns":10},{"damage":0,"enemies":"Shield and Spear","floor":54,"turns":3},{"damage":33,"enemies":"The Heart","floor":55,"turns":6}],"seed_played":"-3033515752634383450","potions_obtained":[{"floor":1,"key":"Dexterity Potion"},{"floor":3,"key":"Fruit Juice"},{"floor":3,"key":"EntropicBrew"},{"floor":3,"key":"AttackPotion"},{"floor":7,"key":"DuplicationPotion"},{"floor":12,"key":"Strength Potion"},{"floor":14,"key":"Ancient Potion"},{"floor":16,"key":"Fire Potion"},{"floor":18,"key":"DistilledChaos"},{"floor":28,"key":"ColorlessPotion"},{"floor":31,"key":"Strength Potion"},{"floor":35,"key":"Ambrosia"},{"floor":39,"key":"DuplicationPotion"}],"is_trial":false,"path_per_floor":["M","M","?","M","M","R","E","$","T","M","R","E","?","M","R","B",null,"M","?","?","M","M","E","?","M","T","$","E","M","?","E","R","B",null,"M","M","T","M","?","E","E","M","T","E","?","$","?","?","R","B",null,"R","$","E","B",null],"character_chosen":"WATCHER","items_purchased":["Swivel","Frozen Eye","Sling","DistilledChaos","ColorlessPotion","MentalFortress"],"campfire_rested":3,"item_purchase_floors":[8,27,46,46,46,53],"current_hp_per_floor":[72,72,77,71,67,67,44,44,44,44,44,23,11,11,34,29,77,77,77,77,72,72,72,72,72,72,72,72,74,74,67,67,61,77,77,76,76,77,77,77,77,77,77,75,75,75,75,65,77,43,77,77,77,77,47],"gold":100,"neow_bonus":"BOSS_RELIC","is_daily":false,"chose_seed":false,"campfire_upgraded":2,"win_rate":0.0,"timestamp":1614360570,"path_taken":["M","M","?","M","M","R","E","?","T","M","R","E","?","M","R","BOSS","M","?","?","M","M","E","?","M","T","$","E","?","?","E","R","BOSS","M","M","?","M","?","E","E","M","T","E","?","?","?","?","R","BOSS","R","$","E","BOSS"],"items_purchased_type":["Card","Relic","Relic","Potion","Potion","Card"],"build_version":"2020-12-22","purchased_purges":2,"victory":true,"max_hp_per_floor":[72,72,77,77,77,77,77,77,77,77,77,77,77,77,77,77,77,77,77,77,77,77,77,77,77,77,77,77,77,77,77,77,77,77,77,77,77,77,77,77,77,77,77,77,77,77,77,77,77,77,77,77,77,77,77],"relic_stats":{"counters":[29,135],"Mummified Hand":[12],"Bird Faced Urn":[21],"VioletLotus":[34],"CloakClasp":[328],"Juzu Bracelet":1,"Letter Opener":[213],"Ginger":[9],"obtain_stats":[{"Potion Belt":43,"SacredBark":34,"Vajra":13,"CloakClasp":7,"Juzu Bracelet":31,"Letter Opener":12,"Ginger":23,"Sling":46,"Frozen Eye":27,"HornCleat":40,"Mummified Hand":41,"Bird Faced Urn":9,"VioletLotus":0,"Fusion Hammer":17,"WingedGreaves":28,"Red Mask":19,"Bag of Marbles":54,"PureWater":0,"StrikeDummy":44,"Meat on the Bone":26},{"Potion Belt":25,"SacredBark":19,"Vajra":7,"CloakClasp":5,"Juzu Bracelet":18,"Letter Opener":7,"Ginger":14,"Sling":26,"Frozen Eye":15,"HornCleat":23,"Mummified Hand":24,"Bird Faced Urn":5,"VioletLotus":0,"Fusion Hammer":9,"WingedGreaves":16,"Red Mask":11,"Bag of Marbles":28,"PureWater":0,"StrikeDummy":26,"Meat on the Bone":15},{"Potion Belt":110,"SacredBark":77,"Vajra":29,"CloakClasp":23,"Juzu Bracelet":68,"Letter Opener":29,"Ginger":53,"Sling":116,"Frozen Eye":56,"HornCleat":99,"Mummified Hand":104,"Bird Faced Urn":23,"VioletLotus":0,"Fusion Hammer":40,"WingedGreaves":59,"Red Mask":45,"Bag of Marbles":129,"PureWater":0,"StrikeDummy":116,"Meat on the Bone":56}],"Meat on the Bone":0},"card_choices":[{"not_picked":["Study","CutThroughFate"],"picked":"Vengeance","floor":1},{"not_picked":["Halt","CrushJoints"],"picked":"Protect","floor":2},{"not_picked":["BowlingBash","FlurryOfBlows"],"picked":"Vault","floor":4},{"not_picked":["EmptyFist","SashWhip"],"picked":"TalkToTheHand","floor":5},{"not_picked":["SignatureMove","Establishment"],"picked":"Judgement","floor":7},{"not_picked":["Perseverance","Prostrate"],"picked":"EmptyFist","floor":10},{"not_picked":["FlurryOfBlows","Crescendo"],"picked":"Consecrate","floor":12},{"not_picked":["Brilliance","CarveReality"],"picked":"SandsOfTime","floor":14},{"not_picked":["Omniscience","DevaForm"],"picked":"Scrawl","floor":16},{"not_picked":["PathToVictory+1","Crescendo"],"picked":"ClearTheMind","floor":18},{"not_picked":["BattleHymn+1","Prostrate"],"picked":"Study+1","floor":19},{"not_picked":["Crescendo","WreathOfFlame"],"picked":"Wallop","floor":21},{"not_picked":["InnerPeace","Fasting2"],"picked":"FlyingSleeves+1","floor":22},{"not_picked":["ClearTheMind","CrushJoints"],"picked":"CutThroughFate","floor":23},{"not_picked":["Conclude","ClearTheMind+1"],"picked":"CutThroughFate","floor":25},{"not_picked":["Sanctity","LessonLearned","Adaptation"],"picked":"SKIP","floor":28},{"not_picked":["Sanctity","BowlingBash+1"],"picked":"Perseverance+1","floor":29},{"not_picked":["Halt","CarveReality"],"picked":"ThirdEye+1","floor":31},{"not_picked":["MasterReality","Blasphemy"],"picked":"DevaForm","floor":33},{"not_picked":["CutThroughFate+1","EmptyFist"],"picked":"LikeWater","floor":35},{"not_picked":["Worship","FlurryOfBlows"],"picked":"JustLucky+1","floor":36},{"not_picked":["EmptyMind","Evaluate","BowlingBash"],"picked":"SKIP","floor":38},{"not_picked":["BowlingBash","EmptyMind+1"],"picked":"JustLucky+1","floor":40},{"not_picked":["Protect","SandsOfTime+1","Fasting2"],"picked":"SKIP","floor":41},{"not_picked":["CrushJoints","FollowUp+1"],"picked":"TalkToTheHand","floor":42},{"not_picked":["InnerPeace","JustLucky","LikeWater"],"picked":"SKIP","floor":44},{"not_picked":["Finesse","Madness"],"picked":"Flash of Steel","floor":48},{"not_picked":["Panacea","The Bomb"],"picked":"Trip","floor":48},{"not_picked":["EmptyBody","DeceiveReality"],"picked":"CutThroughFate+1","floor":54}],"player_experience":253896,"relics_obtained":[{"floor":7,"key":"CloakClasp"},{"floor":9,"key":"Bird Faced Urn"},{"floor":12,"key":"Letter Opener"},{"floor":19,"key":"Red Mask"},{"floor":23,"key":"Ginger"},{"floor":26,"key":"Meat on the Bone"},{"floor":28,"key":"WingedGreaves"},{"floor":31,"key":"Juzu Bracelet"},{"floor":40,"key":"HornCleat"},{"floor":41,"key":"Mummified Hand"},{"floor":43,"key":"Potion Belt"},{"floor":44,"key":"StrikeDummy"},{"floor":54,"key":"Bag of Marbles"}],"event_choices":[{"damage_healed":0,"gold_gain":0,"player_choice":"Bought 3 Potions","damage_taken":0,"max_hp_gain":0,"max_hp_loss":0,"event_name":"The Woman in Blue","floor":3,"gold_loss":0},{"damage_healed":0,"gold_gain":0,"player_choice":"Success","damage_taken":12,"relics_obtained":["Vajra"],"max_hp_gain":0,"max_hp_loss":0,"event_name":"Scrap Ooze","floor":13,"gold_loss":0},{"damage_healed":0,"gold_gain":0,"player_choice":"Fought Bandits","damage_taken":0,"max_hp_gain":0,"max_hp_loss":0,"event_name":"Masked Bandits","floor":19,"gold_loss":0},{"damage_healed":0,"gold_gain":0,"player_choice":"Ignored","damage_taken":0,"max_hp_gain":0,"max_hp_loss":0,"event_name":"Vampires","floor":20,"gold_loss":0},{"damage_healed":0,"gold_gain":0,"cards_transformed":["Strike_P","Defend_P"],"player_choice":"Transformed Cards","damage_taken":0,"max_hp_gain":0,"max_hp_loss":0,"event_name":"Designer","floor":24,"gold_loss":60,"cards_obtained":["FearNoEvil","LessonLearned"]},{"damage_healed":0,"gold_gain":0,"player_choice":"Ignored","damage_taken":0,"max_hp_gain":0,"max_hp_loss":0,"event_name":"N\u0027loth","floor":30,"gold_loss":0},{"damage_healed":0,"gold_gain":0,"player_choice":"Got Potions","damage_taken":0,"max_hp_gain":0,"max_hp_loss":0,"event_name":"Lab","floor":39,"gold_loss":0},{"damage_healed":0,"gold_gain":100,"player_choice":"Pray","damage_taken":0,"max_hp_gain":0,"max_hp_loss":0,"event_name":"Golden Shrine","floor":45,"gold_loss":0},{"cards_removed":["LikeWater"],"damage_healed":0,"gold_gain":0,"player_choice":"Removed Power","damage_taken":0,"max_hp_gain":0,"max_hp_loss":0,"event_name":"Falling","floor":47,"gold_loss":0},{"damage_healed":0,"gold_gain":0,"player_choice":"Memory 3","damage_taken":10,"max_hp_gain":0,"max_hp_loss":0,"event_name":"SensoryStone","floor":48,"gold_loss":0}],"is_beta":false,"boss_relics":[{"not_picked":["Coffee Dripper","Ectoplasm"],"picked":"Fusion Hammer"},{"not_picked":["Pandora\u0027s Box","Tiny House"],"picked":"SacredBark"}],"items_purged_floors":[8,27],"is_endless":false,"potions_floor_spawned":[1,7,12,14,16,18,23,28,31,35],"ascension_level":2}}