{"host":"u2zgzag0koeblr9v","time":1614372667,"event":{"mods":["AchievementEnabler","BaseMod","Colored Map","Key Reminder","Minty Spire (QoL Compilation)"],"gold_per_floor":[113,113,129,59,59,84,103,132,132,157,157,186,186,199,199,300,300,314,229,244,254,110,137,137,148,227,227,243,275,290,316,316,316,316],"floor_reached":33,"language":"ENG","playtime":2228,"items_purged":[],"score":713,"play_id":"506f3ff0-4db2-4171-928b-53288e3b9cc0","local_time":"20210226155107","is_ascension_mode":true,"campfire_choices":[{"data":"Eruption","floor":11,"key":"SMITH"},{"floor":13,"key":"REST"},{"data":"Fasting2","floor":15,"key":"SMITH"},{"floor":32,"key":"REST"}],"circlet_count":0,"master_deck":["AscendersBane","Strike_P+1","Strike_P+1","Strike_P+1","Strike_P+1","Defend_P+1","Defend_P+1","Defend_P+1","Defend_P+1","Eruption+1","Vigilance","BattleHymn","Fasting2+1","FlurryOfBlows","Consecrate","FlurryOfBlows","CarveReality","SpiritShield","DeceiveReality+1","Omniscience","Prostrate+1","DeceiveReality+1","InnerPeace+1","FollowUp+1","Blind","JustLucky","Prostrate","Consecrate+1","FlurryOfBlows"],"relics":["PureWater","NeowsBlessing","Sundial","keyreminder:keyreminder","Yang","Frozen Egg 2","White Beast Statue","StrikeDummy","Fusion Hammer","Akabeko","Orrery","War Paint","PreservedInsect","Ginger"],"acts_visited":["Exordium","TheCity"],"potions_floor_usage":[8,12,23,23,28,29,30,33,33],"damage_taken":[{"damage":0,"enemies":"Small Slimes","floor":1,"turns":1},{"damage":0,"enemies":"Cultist","floor":3,"turns":1},{"damage":0,"enemies":"Lagavulin","floor":6,"turns":1},{"damage":1,"enemies":"Jaw Worm","floor":7,"turns":4},{"damage":16,"enemies":"Gremlin Nob","floor":8,"turns":3},{"damage":12,"enemies":"3 Sentries","floor":10,"turns":6},{"damage":3,"enemies":"Gremlin Nob","floor":12,"turns":3},{"damage":9,"enemies":"Exordium Thugs","floor":14,"turns":4},{"damage":0,"enemies":"Slime Boss","floor":16,"turns":4},{"damage":0,"enemies":"Spheric Guardian","floor":18,"turns":3},{"damage":23,"enemies":"2 Thieves","floor":20,"turns":3},{"damage":2,"enemies":"Chosen and Byrds","floor":21,"turns":4},{"damage":17,"enemies":"Slavers","floor":23,"turns":5},{"damage":7,"enemies":"Centurion and Healer","floor":25,"turns":8},{"damage":0,"enemies":"Shelled Parasite and Fungi","floor":28,"turns":5},{"damage":0,"enemies":"Book of Stabbing","floor":29,"turns":7},{"damage":0,"enemies":"3 Cultists","floor":30,"turns":4},{"damage":0,"enemies":"Gremlin Leader","floor":31,"turns":4},{"damage":15,"enemies":"Collector","floor":33,"turns":9}],"seed_played":"6576511710457682186","potions_obtained":[{"floor":1,"key":"LiquidMemories"},{"floor":2,"key":"ColorlessPotion"},{"floor":12,"key":"Swift Potion"},{"floor":14,"key":"BlessingOfTheForge"},{"floor":16,"key":"PowerPotion"},{"floor":20,"key":"SkillPotion"},{"floor":23,"key":"GamblersBrew"},{"floor":25,"key":"Explosive Potion"},{"floor":28,"key":"StancePotion"},{"floor":29,"key":"SteroidPotion"},{"floor":30,"key":"BottledMiracle"},{"floor":31,"key":"Regen Potion"}],"is_trial":false,"path_per_floor":["M","?","M","$","?","E","M","E","T","E","R","E","R","M","R","B",null,"M","?","M","M","$","E","?","M","T","?","M","E","M","E","R","B"],"character_chosen":"WATCHER","items_purchased":["Fasting2","Orrery"],"campfire_rested":2,"item_purchase_floors":[4,22],"current_hp_per_floor":[65,65,65,65,51,51,50,34,34,22,22,19,40,31,31,31,62,62,62,39,37,37,20,20,13,13,1,1,1,1,1,22,22,22],"gold":316,"neow_bonus":"THREE_ENEMY_KILL","is_daily":false,"chose_seed":false,"campfire_upgraded":2,"win_rate":0.0,"timestamp":1614372667,"path_taken":["M","?","M","?","?","E","?","E","T","E","R","E","R","M","R","BOSS","M","?","M","M","$","E","?","M","T","?","M","E","M","E","R","BOSS"],"items_purchased_type":["Card","Relic"],"build_version":"2020-12-22","purchased_purges":0,"victory":false,"max_hp_per_floor":[72,72,72,72,72,72,72,72,72,72,72,72,72,72,72,72,72,72,72,72,72,72,72,72,72,72,72,72,72,72,72,72,72,72],"card_choices":[{"not_picked":["ReachHeaven","EmptyBody","EmptyFist"],"picked":"SKIP","floor":1},{"not_picked":["ReachHeaven","Nirvana"],"picked":"BattleHymn","floor":3},{"not_picked":["ThirdEye","SashWhip","PathToVictory"],"picked":"SKIP","floor":6},{"not_picked":["Consecrate","SashWhip"],"picked":"FlurryOfBlows","floor":7},{"not_picked":["ReachHeaven","Evaluate"],"picked":"Consecrate","floor":8},{"not_picked":["Indignation","Prostrate"],"picked":"FlurryOfBlows","floor":10},{"not_picked":["InnerPeace","EmptyMind"],"picked":"CarveReality","floor":12},{"not_picked":["Collect","PathToVictory","Fasting2+1"],"picked":"SKIP","floor":14},{"not_picked":["Collect","PathToVictory","Fasting2+1"],"picked":"SKIP","floor":14},{"not_picked":["Ragnarok","Judgement"],"picked":"SpiritShield","floor":16},{"not_picked":["SashWhip","WaveOfTheHand","PathToVictory"],"picked":"SKIP","floor":18},{"not_picked":["CarveReality","WheelKick","Meditate"],"picked":"SKIP","floor":20},{"not_picked":["Swivel","SashWhip","Halt"],"picked":"SKIP","floor":21},{"not_picked":["Wireheading+1","Perseverance+1"],"picked":"DeceiveReality","floor":22},{"not_picked":["EmptyBody","EmptyMind"],"picked":"Omniscience","floor":22},{"not_picked":["ClearTheMind","BowlingBash"],"picked":"Prostrate+1","floor":22},{"not_picked":["FlyingSleeves","EmptyBody+1"],"picked":"DeceiveReality+1","floor":22},{"not_picked":["LikeWater+1","ConjureBlade"],"picked":"InnerPeace+1","floor":22},{"not_picked":["Meditate","CrushJoints+1","Crescendo"],"picked":"SKIP","floor":23},{"not_picked":["EmptyBody","ThirdEye"],"picked":"FollowUp+1","floor":25},{"not_picked":["EmptyBody","LikeWater+1"],"picked":"JustLucky","floor":28},{"not_picked":["LessonLearned","Indignation"],"picked":"Prostrate","floor":29},{"not_picked":["Fasting2+1","Worship"],"picked":"Consecrate+1","floor":30},{"not_picked":["CrushJoints","Crescendo"],"picked":"FlurryOfBlows","floor":31}],"player_experience":381310,"relics_obtained":[{"floor":6,"key":"Sundial"},{"floor":8,"key":"Yang"},{"floor":9,"key":"Frozen Egg 2"},{"floor":10,"key":"White Beast Statue"},{"floor":12,"key":"StrikeDummy"},{"floor":23,"key":"War Paint"},{"floor":29,"key":"PreservedInsect"},{"floor":31,"key":"Ginger"}],"event_choices":[{"damage_healed":0,"gold_gain":0,"player_choice":"Got Potions","damage_taken":0,"max_hp_gain":0,"max_hp_loss":0,"event_name":"Lab","floor":2,"gold_loss":0},{"damage_healed":0,"gold_gain":0,"player_choice":"Entered Light","damage_taken":14,"max_hp_gain":0,"max_hp_loss":0,"event_name":"Shining Light","floor":5,"gold_loss":0,"cards_upgraded":["Defend_P","Defend_P"]},{"damage_healed":0,"gold_gain":0,"player_choice":"Obtained Relic","damage_taken":0,"relics_obtained":["Akabeko"],"max_hp_gain":0,"max_hp_loss":0,"event_name":"Addict","floor":19,"gold_loss":85},{"damage_healed":0,"gold_gain":0,"player_choice":"Simplicity","damage_taken":0,"max_hp_gain":0,"max_hp_loss":0,"event_name":"Back to Basics","floor":24,"gold_loss":0,"cards_upgraded":["Strike_P","Strike_P","Strike_P","Strike_P","Defend_P"]},{"damage_healed":0,"gold_gain":0,"player_choice":"CARD ","damage_taken":12,"max_hp_gain":0,"max_hp_loss":0,"event_name":"Knowing Skull","floor":27,"potions_obtained":[],"gold_loss":0,"cards_obtained":["Blind"]}],"is_beta":false,"boss_relics":[{"not_picked":["Snecko Eye","Runic Dome"],"picked":"Fusion Hammer"}],"items_purged_floors":[],"is_endless":false,"potions_floor_spawned":[1,6,7,12,14,16,18,20,21,23,25,28,29,30,31],"killed_by":"Collector","ascension_level":11}}