{"host":"92kgk6frc09v07nq","time":1614312907,"event":{"mods":["BaseMod","Minty Spire (QoL Compilation)"],"gold_per_floor":[117,67,67,84,103,144,173,196,196,215,109,128,128,99,99,206,206,233,256,36,51,150,150,150,150],"floor_reached":24,"language":"ENG","playtime":924,"items_purged":["Strike_P"],"score":304,"play_id":"9978fa61-f18d-45a8-a478-a4610e799d37","local_time":"20210225221507","is_ascension_mode":true,"campfire_choices":[{"floor":15.0,"key":"REST"},{"floor":23.0,"key":"REST"}],"circlet_count":0,"master_deck":["Strike_P","Strike_P","Defend_P","Defend_P","Defend_P","Defend_P+1","Eruption","Vigilance","Ragnarok","Swivel+1","JustLucky","ClearTheMind","DevaForm","CutThroughFate","JustLucky","Evaluate","FearNoEvil","ThirdEye","Vault","Sanctity+1","Wireheading+1","Apotheosis"],"relics":["PureWater","CeramicFish","HornCleat","Black Star"],"acts_visited":["Exordium","TheCity"],"potions_floor_usage":[24],"damage_taken":[{"damage":2.0,"enemies":"2 Louse","floor":1.0,"turns":3.0},{"damage":0.0,"enemies":"Small Slimes","floor":4.0,"turns":3.0},{"damage":0.0,"enemies":"Cultist","floor":5.0,"turns":3.0},{"damage":0.0,"enemies":"Lagavulin","floor":6.0,"turns":4.0},{"damage":14.0,"enemies":"3 Louse","floor":7.0,"turns":4.0},{"damage":10.0,"enemies":"Looter","floor":8.0,"turns":5.0},{"damage":15.0,"enemies":"Exordium Wildlife","floor":10.0,"turns":5.0},{"damage":0.0,"enemies":"Large Slime","floor":12.0,"turns":4.0},{"damage":7.0,"enemies":"Hexaghost","floor":16.0,"turns":6.0},{"damage":4.0,"enemies":"3 Byrds","floor":18.0,"turns":6.0},{"damage":0.0,"enemies":"Spheric Guardian","floor":19.0,"turns":3.0},{"damage":16.0,"enemies":"Snake Plant","floor":21.0,"turns":6.0},{"damage":63,"enemies":"Book of Stabbing","floor":24,"turns":9}],"seed_played":"-8133033159712929722","potions_obtained":[{"floor":3.0,"key":"Fire Potion"},{"floor":3.0,"key":"SmokeBomb"},{"floor":3.0,"key":"BlessingOfTheForge"},{"floor":4.0,"key":"SteroidPotion"},{"floor":6.0,"key":"LiquidMemories"},{"floor":7.0,"key":"Explosive Potion"},{"floor":18.0,"key":"Swift Potion"},{"floor":19.0,"key":"StancePotion"}],"is_trial":false,"path_per_floor":["M","?","?","M","M","E","M","M","T","M","$","M","?","?","R","B",null,"M","M","$","M","?","R","E"],"character_chosen":"WATCHER","items_purchased":["FearNoEvil","Apotheosis","Explosive Potion"],"campfire_rested":2,"item_purchase_floors":[11,20,20],"current_hp_per_floor":[63,63,63,63,63,63,49,39,39,24,24,24,10,10,31,24,60,56,56,56,40,40,61,0,0],"gold":150,"neow_bonus":"ONE_RANDOM_RARE_CARD","is_daily":false,"chose_seed":false,"campfire_upgraded":0,"win_rate":0.0,"timestamp":1614312907,"path_taken":["M","?","?","M","?","E","M","M","T","M","$","M","?","?","R","BOSS","M","M","$","M","?","R","E"],"items_purchased_type":["Card","Card","Potion"],"build_version":"2020-12-22","purchased_purges":1,"victory":false,"max_hp_per_floor":[72,72,72,72,72,72,72,72,72,72,72,72,72,72,72,72,72,72,72,72,72,72,72,72,72],"card_choices":[{"not_picked":["EmptyFist","Evaluate"],"picked":"Swivel","floor":1.0},{"not_picked":["BowlingBash","Fasting2"],"picked":"JustLucky","floor":4.0},{"not_picked":["FlyingSleeves","EmptyBody"],"picked":"ClearTheMind","floor":5.0},{"not_picked":["SashWhip","EmptyMind"],"picked":"DevaForm","floor":6.0},{"not_picked":["Protect","SignatureMove"],"picked":"CutThroughFate","floor":7.0},{"not_picked":["CrushJoints","MentalFortress"],"picked":"JustLucky","floor":8.0},{"not_picked":["FollowUp","Consecrate"],"picked":"Evaluate","floor":10.0},{"not_picked":["CrushJoints","LikeWater"],"picked":"ThirdEye","floor":12.0},{"not_picked":["DeusExMachina","ConjureBlade"],"picked":"Vault","floor":16.0},{"not_picked":["FlyingSleeves","BowlingBash"],"picked":"Sanctity+1","floor":18.0},{"not_picked":["CarveReality+1","CrushJoints"],"picked":"Wireheading+1","floor":19.0},{"not_picked":["CutThroughFate","Pray","Vengeance"],"picked":"SKIP","floor":21.0}],"player_experience":1077533,"relics_obtained":[{"floor":6.0,"key":"CeramicFish"},{"floor":9.0,"key":"HornCleat"}],"event_choices":[{"cards_removed":["Strike_P"],"damage_healed":0.0,"max_hp_gain":0.0,"max_hp_loss":0.0,"gold_gain":0.0,"event_name":"The Cleric","player_choice":"Card Removal","floor":2.0,"gold_loss":50.0,"damage_taken":0.0},{"damage_healed":0.0,"max_hp_gain":0.0,"max_hp_loss":0.0,"gold_gain":0.0,"event_name":"Lab","player_choice":"Got Potions","floor":3.0,"gold_loss":0.0,"damage_taken":0.0},{"damage_healed":0.0,"max_hp_gain":0.0,"max_hp_loss":0.0,"gold_gain":0.0,"event_name":"Shining Light","player_choice":"Entered Light","floor":13.0,"gold_loss":0.0,"damage_taken":14.0,"cards_upgraded":["Defend_P","Swivel"]},{"damage_healed":0.0,"max_hp_gain":0.0,"max_hp_loss":0.0,"gold_gain":0.0,"event_name":"World of Goop","player_choice":"Left Gold","floor":14.0,"gold_loss":29.0,"damage_taken":0.0},{"damage_healed":0.0,"max_hp_gain":0.0,"max_hp_loss":0.0,"gold_gain":99.0,"event_name":"Nest","player_choice":"Stole From Cult","floor":22.0,"gold_loss":0.0,"damage_taken":0.0}],"is_beta":false,"boss_relics":[{"not_picked":["Runic Pyramid","HolyWater"],"picked":"Black Star"}],"items_purged_floors":[11],"is_endless":false,"potions_floor_spawned":[4,6,7,18,19],"killed_by":"Book of Stabbing","ascension_level":7}}