{"host":"bvp2uifzy1c463d9","time":1614316987,"event":{"mods":["AchievementEnabler","BaseMod","Better Note","Block Reminder","Bossed Relics","Colored Map","Colored Powertips","Hermit","Highlight Path","Hubris","Infinite Spire","Minty Spire (QoL Compilation)","Relic Sorter","Relic Stats","Reliquary","Replay The Spire","StSLib","The Blue Laboratory","Wandering Minibosses"],"gold_per_floor":[117,197,197,197,40,40,40,40],"floor_reached":7,"language":"ENG","playtime":223,"items_purged":["Strike_G"],"score":43,"play_id":"f18af7c5-6629-40f8-9593-8b5698479a01","local_time":"20210225232307","is_ascension_mode":true,"campfire_choices":[{"data":"hermit:TakeAim","floor":6,"key":"SMITH"}],"circlet_count":0,"master_deck":["hermit:Strike_Hermit","hermit:Strike_Hermit","hermit:Strike_Hermit","hermit:Strike_Hermit","hermit:Defend_Hermit+1","hermit:Defend_Hermit","hermit:Defend_Hermit","hermit:Defend_Hermit","hermit:Snapshot","hermit:Covet","Strike_R+1","Master of Strategy","hermit:Vantage","Delirium","hermit:TakeAim+1","hermit:TrackingShot"],"relics":["hermit:Momento"],"acts_visited":["Exordium"],"potions_floor_usage":[],"damage_taken":[{"damage":2,"enemies":"Jaw Worm","floor":1,"turns":3},{"damage":64,"enemies":"3 Sentries","floor":7,"turns":6}],"seed_played":"-7491609987426706739","potions_obtained":[],"is_trial":false,"path_per_floor":["M","?","?","?","$","R","E"],"character_chosen":"HERMIT","items_purchased":["hermit:TakeAim","hermit:TrackingShot"],"campfire_rested":0,"item_purchase_floors":[5,5],"current_hp_per_floor":[73,73,58,58,58,58,0,0],"gold":40,"neow_bonus":"RANDOM_COLORLESS_2","is_daily":false,"chose_seed":false,"campfire_upgraded":1,"win_rate":0.0,"timestamp":1614316987,"path_taken":["M","?","?","?","$","R","E"],"items_purchased_type":["Card","Card"],"build_version":"2020-12-22","purchased_purges":1,"victory":false,"max_hp_per_floor":[75,75,75,75,75,75,75,75],"relic_stats":{"counters":[2,9],"obtain_stats":[{"hermit:Momento":0},{"hermit:Momento":0},{"hermit:Momento":0}]},"card_choices":[{"not_picked":["Transmutation","Sadistic Nature"],"picked":"Master of Strategy","floor":0},{"not_picked":["hermit:TrackingShot","hermit:BigShot"],"picked":"hermit:Vantage","floor":1}],"player_experience":383245,"relics_obtained":[],"event_choices":[{"damage_healed":0,"gold_gain":0,"player_choice":"Entered Light","damage_taken":15,"max_hp_gain":0,"max_hp_loss":0,"event_name":"Shining Light","floor":3,"gold_loss":0,"cards_upgraded":["hermit:Defend_Hermit","Strike_R"]},{"damage_healed":0,"gold_gain":0,"player_choice":"Ignored","damage_taken":0,"max_hp_gain":0,"max_hp_loss":0,"event_name":"Fountain of Cleansing","floor":4,"gold_loss":0}],"is_beta":false,"boss_relics":[],"items_purged_floors":[5],"is_endless":false,"potions_floor_spawned":[],"killed_by":"3 Sentries","ascension_level":3}}