{"host":"yqw1zpryoutrnocq","time":1614316976,"event":{"mods":["2.2 Compatiblity","AchievementEnabler","BaseMod","Colored Map","Custom Start","DeckTracker","Minty Spire (QoL Compilation)","StSLib","SuperFastMode"],"gold_per_floor":[116,134,134,67,87,87,107,173,173,173,173,185,185,201,227,227,328,328,339,264,264,283,283,283],"floor_reached":23,"language":"KOR","playtime":463,"items_purged":[],"score":359,"play_id":"b5bf9969-877f-43d9-a44d-e8415201a0ad","local_time":"20210225232256","is_ascension_mode":true,"campfire_choices":[{"data":"Doom and Gloom","floor":6,"key":"SMITH"},{"data":"Streamline","floor":9,"key":"SMITH"},{"data":"Zap","floor":11,"key":"SMITH"},{"data":"Dualcast","floor":13,"key":"SMITH"},{"data":"Genetic Algorithm","floor":16,"key":"SMITH"}],"circlet_count":0,"master_deck":["AscendersBane","Strike_B","Strike_B","Defend_B","Defend_B","Defend_B","Defend_B","Zap+1","Dualcast+1","Streamline+1","Self Repair","Doom and Gloom+1","Hologram","Lockon","Genetic Algorithm+1","Creative AI","Aggregate"],"relics":["Cracked Core","NeowsBlessing","FaceOfCleric","Odd Mushroom","Ginger","Torii","Nuclear Battery"],"acts_visited":["Exordium","TheCity"],"potions_floor_usage":[7,17,17,23],"damage_taken":[{"damage":0,"enemies":"Cultist","floor":1,"turns":1},{"damage":0,"enemies":"Jaw Worm","floor":2,"turns":1},{"damage":0,"enemies":"2 Louse","floor":5,"turns":1},{"damage":7,"enemies":"The Mushroom Lair","floor":7,"turns":2},{"damage":0,"enemies":"Large Slime","floor":12,"turns":4},{"damage":16,"enemies":"2 Fungi Beasts","floor":14,"turns":4},{"damage":37,"enemies":"Lagavulin","floor":15,"turns":6},{"damage":0,"enemies":"Slime Boss","floor":17,"turns":6},{"damage":41,"enemies":"Spheric Guardian","floor":19,"turns":5},{"damage":16,"enemies":"Shell Parasite","floor":22,"turns":5},{"damage":30,"enemies":"Chosen and Byrds","floor":23,"turns":5}],"seed_played":"7781547980639042920","potions_obtained":[{"floor":2,"key":"DuplicationPotion"},{"floor":12,"key":"Explosive Potion"},{"floor":15,"key":"PowerPotion"},{"floor":19,"key":"Block Potion"}],"is_trial":false,"path_per_floor":["M","M","?","$","M","R","?","?","R","T","R","M","R","M","E","R","B",null,"M","?","?","M","M"],"character_chosen":"DEFECT","items_purchased":["Doom and Gloom"],"campfire_rested":0,"item_purchase_floors":[4],"current_hp_per_floor":[68,68,68,68,69,69,63,63,63,63,63,71,71,63,34,34,35,70,37,37,37,29,0,0],"gold":283,"neow_bonus":"THREE_ENEMY_KILL","is_daily":false,"chose_seed":false,"campfire_upgraded":5,"win_rate":0.0,"timestamp":1614316976,"path_taken":["M","M","?","$","?","R","?","?","R","T","R","M","R","M","E","R","BOSS","M","?","?","M","M"],"items_purchased_type":["Card"],"build_version":"2020-12-22","purchased_purges":0,"victory":false,"max_hp_per_floor":[75,75,75,75,76,76,77,77,77,77,77,78,78,79,80,80,81,81,82,82,82,83,83,83],"card_choices":[{"not_picked":["Sweeping Beam","Conserve Battery"],"picked":"Streamline","floor":1},{"not_picked":["Sweeping Beam","Melter"],"picked":"Self Repair","floor":2},{"not_picked":["Cold Snap","Hello World","Stack"],"picked":"SKIP","floor":5},{"not_picked":["Cold Snap","Go for the Eyes"],"picked":"Hologram","floor":12},{"not_picked":["FTL","Streamline"],"picked":"Lockon","floor":14},{"not_picked":["Force Field","Consume"],"picked":"Genetic Algorithm","floor":15},{"not_picked":["Seek","Thunder Strike"],"picked":"Creative AI","floor":17},{"not_picked":["Reprogram+1","Barrage","Rebound"],"picked":"SKIP","floor":19},{"not_picked":["Fusion","Hologram"],"picked":"Aggregate","floor":22}],"player_experience":372008,"relics_obtained":[{"floor":7,"key":"Odd Mushroom"},{"floor":10,"key":"Ginger"},{"floor":15,"key":"Torii"}],"event_choices":[{"damage_healed":0,"gold_gain":0,"player_choice":"Trade","damage_taken":0,"relics_obtained":["FaceOfCleric"],"max_hp_gain":0,"max_hp_loss":0,"event_name":"FaceTrader","floor":3,"gold_loss":0},{"damage_healed":0,"gold_gain":0,"player_choice":"Fought Mushrooms","damage_taken":0,"max_hp_gain":0,"max_hp_loss":0,"event_name":"Mushrooms","floor":7,"gold_loss":0},{"damage_healed":0,"gold_gain":66,"player_choice":"Gained Gold","damage_taken":0,"max_hp_gain":0,"max_hp_loss":0,"event_name":"Golden Wing","floor":8,"gold_loss":0},{"cards_removed":["Strike_B"],"damage_healed":0,"gold_gain":0,"player_choice":"Gave Gold","damage_taken":0,"max_hp_gain":0,"max_hp_loss":0,"event_name":"Beggar","floor":20,"gold_loss":75},{"cards_removed":["Strike_B"],"damage_healed":0,"gold_gain":0,"player_choice":"Elegance","damage_taken":0,"max_hp_gain":0,"max_hp_loss":0,"event_name":"Back to Basics","floor":21,"gold_loss":0}],"is_beta":false,"boss_relics":[{"not_picked":["Snecko Eye","Runic Pyramid"],"picked":"Nuclear Battery"}],"items_purged_floors":[],"is_endless":false,"potions_floor_spawned":[2,12,15,19],"killed_by":"Chosen and Byrds","ascension_level":10}}