{"host":"lwys0gbp6t40j7jh","time":1614335213,"event":{"mods":["BaseMod","Minty Spire (QoL Compilation)","StSLib","SuperFastMode"],"gold_per_floor":[118,132,132,6,6,35,35,53,53,67,17,192,192,192,192,296,296,285,303,303,303,228,228,228,242,242,242,257,257,257,257],"floor_reached":30,"language":"ENG","playtime":846,"items_purged":["Defend_G"],"score":362,"play_id":"c15f3806-667b-4ece-8d23-fad10d7254d5","local_time":"20210226112653","is_ascension_mode":true,"campfire_choices":[{"floor":7,"key":"REST"},{"floor":13,"key":"REST"},{"data":"Malaise","floor":15,"key":"SMITH"},{"floor":23,"key":"REST"},{"floor":27,"key":"REST"},{"floor":29,"key":"REST"}],"circlet_count":0,"master_deck":["AscendersBane","Strike_G","Strike_G","Defend_G","Defend_G","Defend_G","Survivor","Neutralize","Malaise+1","Venomology+1","Poisoned Stab","Backflip","Sucker Punch","Noxious Fumes","Doubt","Bane","Sucker Punch","Escape Plan","Deadly Poison"],"relics":["Ring of the Snake","Unceasing Top","The Courier","Darkstone Periapt","Black Star","Ice Cream"],"acts_visited":["Exordium","TheCity"],"potions_floor_usage":[1,6,8,16,16,16,19,25,25,28,28,30],"damage_taken":[{"damage":0,"enemies":"Small Slimes","floor":1,"turns":6},{"damage":2,"enemies":"Jaw Worm","floor":2,"turns":5},{"damage":25,"enemies":"3 Sentries","floor":6,"turns":15},{"damage":1,"enemies":"Cultist","floor":8,"turns":4},{"damage":12,"enemies":"Large Slime","floor":10,"turns":6},{"damage":26,"enemies":"The Guardian","floor":16,"turns":12},{"damage":29,"enemies":"2 Thieves","floor":18,"turns":4},{"damage":16,"enemies":"Shell Parasite","floor":19,"turns":7},{"damage":17,"enemies":"Shelled Parasite and Fungi","floor":25,"turns":7},{"damage":32,"enemies":"Centurion and Healer","floor":28,"turns":10},{"damage":29,"enemies":"Book of Stabbing","floor":30,"turns":7}],"seed_played":"-9141949897576526331","potions_obtained":[{"floor":1,"key":"BlessingOfTheForge"},{"floor":6,"key":"Weak Potion"},{"floor":19,"key":"Weak Potion"},{"floor":25,"key":"LiquidMemories"}],"is_trial":false,"path_per_floor":["M","M","?","$","?","E","R","M","T","M","?","?","R","T","R","B",null,"M","M","?","?","?","R","?","M","T","R","M","R","E"],"character_chosen":"THE_SILENT","items_purchased":["Backflip"],"campfire_rested":5,"item_purchase_floors":[4],"current_hp_per_floor":[45,43,43,43,43,18,39,38,38,26,26,26,47,47,47,21,58,29,13,13,13,13,34,34,17,17,38,6,27,0,0],"gold":257,"neow_bonus":"TRANSFORM_TWO_CARDS","is_daily":false,"chose_seed":false,"campfire_upgraded":1,"win_rate":0.0,"timestamp":1614335213,"path_taken":["M","M","?","$","?","E","R","M","T","?","?","?","R","?","R","BOSS","M","M","?","?","?","R","?","M","T","R","M","R","E"],"items_purchased_type":["Card"],"build_version":"2020-12-22","purchased_purges":1,"victory":false,"max_hp_per_floor":[70,70,70,70,70,70,70,70,70,70,70,70,70,70,70,70,70,70,70,70,70,70,70,70,70,70,70,70,70,70,70],"card_choices":[{"not_picked":["Deadly Poison","Blade Dance"],"picked":"Poisoned Stab","floor":1},{"not_picked":["Expertise","Dagger Throw","Deflect"],"picked":"SKIP","floor":2},{"not_picked":["Bouncing Flask","PiercingWail"],"picked":"Sucker Punch","floor":6},{"not_picked":["Dagger Throw","Poisoned Stab"],"picked":"Noxious Fumes","floor":8},{"not_picked":["Predator","Dash","Prepared"],"picked":"SKIP","floor":10},{"not_picked":["Dodge and Roll","Well Laid Plans"],"picked":"Bane","floor":18},{"not_picked":["Deflect","Outmaneuver"],"picked":"Sucker Punch","floor":19},{"not_picked":["Finisher","Blade Dance+1"],"picked":"Escape Plan","floor":25},{"not_picked":["Dash","Bouncing Flask+1"],"picked":"Deadly Poison","floor":28}],"player_experience":1224589,"relics_obtained":[{"floor":6,"key":"Unceasing Top"},{"floor":9,"key":"The Courier"},{"floor":14,"key":"Darkstone Periapt"},{"floor":26,"key":"Ice Cream"}],"event_choices":[{"damage_healed":0,"gold_gain":0,"player_choice":"Grow","damage_taken":0,"max_hp_gain":0,"max_hp_loss":0,"event_name":"Living Wall","floor":3,"gold_loss":0,"cards_upgraded":["Venomology"]},{"damage_healed":0,"gold_gain":0,"player_choice":"Leave","damage_taken":0,"max_hp_gain":0,"max_hp_loss":0,"event_name":"FaceTrader","floor":5,"gold_loss":0},{"cards_removed":["Strike_G"],"damage_healed":0,"gold_gain":0,"player_choice":"Card Removal","damage_taken":0,"max_hp_gain":0,"max_hp_loss":0,"event_name":"The Cleric","floor":11,"gold_loss":50},{"damage_healed":0,"gold_gain":175,"player_choice":"AGREE","damage_taken":0,"max_hp_gain":0,"max_hp_loss":0,"event_name":"Liars Game","floor":12,"gold_loss":0,"cards_obtained":["Doubt"]},{"damage_healed":0,"gold_gain":0,"player_choice":"Ignored","damage_taken":0,"max_hp_gain":0,"max_hp_loss":0,"event_name":"Cursed Tome","floor":20,"gold_loss":0},{"damage_healed":0,"gold_gain":0,"player_choice":"Ignored","damage_taken":0,"max_hp_gain":0,"max_hp_loss":0,"event_name":"The Mausoleum","floor":21,"gold_loss":0},{"cards_removed":["Strike_G"],"damage_healed":0,"gold_gain":0,"player_choice":"Gave Gold","damage_taken":0,"max_hp_gain":0,"max_hp_loss":0,"event_name":"Beggar","floor":22,"gold_loss":75},{"damage_healed":0,"gold_gain":0,"player_choice":"Ignored","damage_taken":0,"max_hp_gain":0,"max_hp_loss":0,"event_name":"Ghosts","floor":24,"gold_loss":0}],"is_beta":false,"boss_relics":[{"not_picked":["Velvet Choker","Ectoplasm"],"picked":"Black Star"}],"items_purged_floors":[4],"is_endless":false,"potions_floor_spawned":[1,6,10,19,25],"killed_by":"Book of Stabbing","ascension_level":12}}