{"host":"fhwr1fuluf6086fh","time":1614302983,"event":{"mods":["2.2 Compatiblity","Act Like it!","BaseMod","Colored Map","Elementarium","Minty Spire (QoL Compilation)","StSLib"],"gold_per_floor":[116,116,136,149,149,149,192,192,192,207,207,227,263,288,288,381,381,394,394,10,10,21,21,50,62,62],"floor_reached":25,"language":"ENG","playtime":1729,"items_purged":[],"score":416,"play_id":"4c57e878-2b51-4948-817f-70dd4cc3dc75","local_time":"20210225202943","is_ascension_mode":true,"campfire_choices":[{"floor":6,"key":"REST"},{"floor":8,"key":"REST"},{"data":"Fire Breathing","floor":11,"key":"SMITH"},{"floor":15,"key":"REST"},{"floor":23,"key":"REST"}],"circlet_count":0,"master_deck":["AscendersBane","Strike_R","Strike_R","Strike_R","Strike_R","Strike_R","Defend_R","Defend_R","Defend_R","Defend_R","Bash","Thunderclap","Clothesline","Reckless Charge","Cleave","Fire Breathing+1","Pommel Strike","Anger","Demon Form","Brutality","Twin Strike+1","Fire Breathing","Armaments","Shrug It Off"],"relics":["Burning Blood","Ice Cream","Bloody Idol","Turnip","Gambling Chip","Bronze Scales","Black Star","Bird Faced Urn","MawBank","CaptainsWheel"],"acts_visited":["Exordium","TheCity"],"potions_floor_usage":[7,13,16,16,16,25],"damage_taken":[{"damage":5,"enemies":"Small Slimes","floor":1,"turns":4},{"damage":10,"enemies":"Cultist","floor":3,"turns":4},{"damage":9,"enemies":"Jaw Worm","floor":4,"turns":4},{"damage":37,"enemies":"3 Sentries","floor":7,"turns":8},{"damage":0,"enemies":"2 Fungi Beasts","floor":10,"turns":3},{"damage":21,"enemies":"Large Slime","floor":12,"turns":5},{"damage":15,"enemies":"Lagavulin","floor":13,"turns":5},{"damage":14,"enemies":"Blue Slaver","floor":14,"turns":3},{"damage":35,"enemies":"Slime Boss","floor":16,"turns":6},{"damage":36,"enemies":"Shell Parasite","floor":18,"turns":5},{"damage":15,"enemies":"Chosen","floor":22,"turns":4},{"damage":48,"enemies":"Gremlin Leader","floor":24,"turns":6},{"damage":36,"enemies":"Snecko","floor":25,"turns":4}],"seed_played":"3138785377715238602","potions_obtained":[{"floor":4,"key":"LiquidMemories"},{"floor":7,"key":"Dexterity Potion"},{"floor":10,"key":"EntropicBrew"},{"floor":12,"key":"CultistPotion"},{"floor":14,"key":"ElixirPotion"},{"floor":24,"key":"Explosive Potion"}],"is_trial":false,"path_per_floor":["M","?","M","M","?","R","E","R","T","M","R","M","E","M","R","B",null,"M","?","$","?","M","R","E","M"],"character_chosen":"IRONCLAD","items_purchased":["Bird Faced Urn","Fire Breathing"],"campfire_rested":4,"item_purchase_floors":[20,20],"current_hp_per_floor":[51,25,21,18,43,65,34,56,56,62,62,47,38,30,52,23,62,32,32,32,26,28,50,19,0,0],"gold":62,"neow_bonus":"ONE_RARE_RELIC","is_daily":false,"chose_seed":false,"campfire_upgraded":1,"win_rate":0.0,"timestamp":1614302983,"path_taken":["M","?","M","M","?","R","E","R","T","M","R","M","E","M","R","BOSS","M","?","$","?","M","R","E","?"],"items_purchased_type":["Relic","Card"],"build_version":"2020-12-22","purchased_purges":0,"victory":false,"max_hp_per_floor":[75,75,75,75,75,75,75,75,75,75,75,75,75,75,75,75,75,75,75,75,75,75,75,75,75,75],"card_choices":[{"not_picked":["Wild Strike","Havoc"],"picked":"Thunderclap","floor":1},{"not_picked":["Havoc","Entrench"],"picked":"Clothesline","floor":3},{"not_picked":["Perfected Strike","Burning Pact"],"picked":"Reckless Charge","floor":4},{"not_picked":["Havoc","Flex"],"picked":"Cleave","floor":7},{"not_picked":["Double Tap","Shrug It Off"],"picked":"Fire Breathing","floor":10},{"not_picked":["Heavy Blade","Sword Boomerang"],"picked":"Pommel Strike","floor":12},{"not_picked":["Dropkick","Armaments"],"picked":"Anger","floor":13},{"not_picked":["Disarm","Havoc"],"picked":"Demon Form","floor":14},{"not_picked":["Offering","Juggernaut"],"picked":"Brutality","floor":16},{"not_picked":["Sword Boomerang","Cleave"],"picked":"Twin Strike+1","floor":18},{"not_picked":["Dark Embrace","Pommel Strike"],"picked":"Armaments","floor":22},{"not_picked":["Sever Soul","Clothesline"],"picked":"Shrug It Off","floor":24}],"player_experience":899816,"relics_obtained":[{"floor":7,"key":"Turnip"},{"floor":9,"key":"Gambling Chip"},{"floor":13,"key":"Bronze Scales"},{"floor":24,"key":"MawBank"},{"floor":24,"key":"CaptainsWheel"}],"event_choices":[{"damage_healed":0,"gold_gain":0,"player_choice":"Take Damage","damage_taken":26,"relics_obtained":["Golden Idol"],"max_hp_gain":0,"max_hp_loss":0,"event_name":"Golden Idol","floor":2,"gold_loss":0},{"damage_healed":25,"gold_gain":0,"player_choice":"Banana","damage_taken":0,"max_hp_gain":0,"max_hp_loss":0,"event_name":"Big Fish","floor":5,"gold_loss":0},{"damage_healed":0,"gold_gain":0,"player_choice":"Gave Idol","damage_taken":0,"relics_obtained":["Bloody Idol"],"max_hp_gain":0,"max_hp_loss":0,"event_name":"Forgotten Altar","floor":19,"relics_lost":["Golden Idol"],"gold_loss":0},{"damage_healed":0,"gold_gain":0,"player_choice":"","damage_taken":6,"max_hp_gain":0,"max_hp_loss":0,"event_name":"Knowing Skull","floor":21,"potions_obtained":[],"gold_loss":0,"cards_obtained":[]}],"is_beta":false,"boss_relics":[{"not_picked":["Black Blood","Fusion Hammer"],"picked":"Black Star"}],"items_purged_floors":[],"is_endless":false,"potions_floor_spawned":[4,7,10,12,14,24],"killed_by":"Snecko","ascension_level":16}}