{"host":"tj45uo9npo129mc6","time":1614341587,"event":{"mods":["AchievementEnabler","BaseMod","Friendly Minions","Hubris","Infinite Spire","Kiyohime????","LagranYue(???·?)","Minty Spire (QoL Compilation)","Quick Restart","Remilia??????","StSLib","The Animator","The Bladedancer","The Cursed","The Servant 0.9.4"],"gold_per_floor":[112,187,200,210,8,8,33,33,83,83,83,8,28,46,46,150,150,170,188,188,124,142,170,170,269,269,269,47,47,67,82,82,185,185,195,215,215,215,144,144,161,178,201,201,230,250,250,268,268,268],"floor_reached":51,"language":"FRA","playtime":3981,"items_purged":["Strike_B"],"score":747,"play_id":"67196ca1-bc62-4164-894c-8fdc38d2b54b","local_time":"20210226131307","is_ascension_mode":false,"campfire_choices":[{"floor":6,"key":"RECALL"},{"floor":15,"key":"REST"},{"floor":24,"key":"REST"},{"floor":27,"key":"REST"},{"data":"Echo Form","floor":27,"key":"SMITH"},{"floor":32,"key":"REST"},{"data":"Amplify","floor":32,"key":"SMITH"},{"data":"Static Discharge","floor":40,"key":"SMITH"},{"floor":44,"key":"REST"},{"data":"infinitespire:FutureSight","floor":44,"key":"SMITH"},{"floor":49,"key":"REST"},{"data":"Dualcast","floor":49,"key":"SMITH"}],"circlet_count":0,"master_deck":["Defend_B","Defend_B","Defend_B","Defend_B","Zap","Dualcast+1","Genetic Algorithm+1","Compile Driver","Ball Lightning","Conserve Battery","BootSequence","Steam","Static Discharge+1","Glacier","Tempest","Echo Form+1","Redo+1","Leap+1","Sweeping Beam","Redo+1","Loop+1","Amplify+1","Chill+1","Defragment+1","Electrodynamics+1","Steam+1","Auto Shields+1","infinitespire:FutureSight+1","Reprogram","Self Repair+1","Leap+1","Barrage+1","Storm+1","Electrodynamics+1","BootSequence+1"],"relics":["Cracked Core","LagranYue:RandomDrawCardRelic","NeowsBlessing","DataDisk","hubris:GlazedTorus","SlaversCollar","Frozen Egg 2","infinitespire:Freezer","infinitespire:Magic Flask","Black Star","Lee\u0027s Waffle","Vajra","White Beast Statue","PreservedInsect"],"acts_visited":["Exordium","TheCity","TheBeyond"],"potions_floor_usage":[14,16,18,23,33,41,41,41,48,48,50],"damage_taken":[{"damage":0,"enemies":"Small Slimes","floor":1,"turns":1},{"damage":0,"enemies":"Cultist","floor":3,"turns":1},{"damage":0,"enemies":"2 Louse","floor":4,"turns":1},{"damage":28,"enemies":"3 Sentries","floor":7,"turns":6},{"damage":0,"enemies":"2 Fungi Beasts","floor":13,"turns":4},{"damage":0,"enemies":"Looter","floor":14,"turns":4},{"damage":18,"enemies":"Hexaghost","floor":16,"turns":11},{"damage":0,"enemies":"Chosen","floor":18,"turns":3},{"damage":24,"enemies":"2 Thieves","floor":19,"turns":4},{"damage":10,"enemies":"Centurion and Healer","floor":22,"turns":8},{"damage":19,"enemies":"Gremlin Leader","floor":23,"turns":5},{"damage":14,"enemies":"Snake Plant","floor":30,"turns":5},{"damage":9,"enemies":"Snecko","floor":31,"turns":7},{"damage":0,"enemies":"Automaton","floor":33,"turns":11},{"damage":57,"enemies":"3 Darklings","floor":35,"turns":9},{"damage":0,"enemies":"3 Shapes","floor":36,"turns":4},{"damage":21,"enemies":"Transient","floor":41,"turns":5},{"damage":35,"enemies":"Sphere and 2 Shapes","floor":42,"turns":4},{"damage":29,"enemies":"Nemesis","floor":45,"turns":7},{"damage":37,"enemies":"Writhing Mass","floor":46,"turns":6},{"damage":5,"enemies":"3 Darklings","floor":48,"turns":5},{"damage":33,"enemies":"infinitespire:MassOfShapes","floor":50,"turns":12}],"seed_played":"7423439890006286199","potions_obtained":[{"floor":1,"key":"EssenceOfDarkness"},{"floor":13,"key":"AttackPotion"},{"floor":14,"key":"ColorlessPotion"},{"floor":16,"key":"Energy Potion"},{"floor":30,"key":"Ancient Potion"},{"floor":31,"key":"Energy Potion"},{"floor":35,"key":"EntropicBrew"},{"floor":46,"key":"Energy Potion"},{"floor":48,"key":"Regen Potion"}],"is_trial":false,"path_per_floor":["M","?","M","M","$","R","E","?","T","?","?","$","M","M","R","B",null,"M","M","?","?","M","E","R","?","T","R","$","?","M","M","R","B",null,"M","M","AVR","?","$","R","M","M","T","R","E","M","?","M","R","B",null],"character_chosen":"DEFECT","items_purchased":["DataDisk","Conserve Battery","Static Discharge","Loop+1","Amplify","Self Repair+1"],"campfire_rested":6,"item_purchase_floors":[5,5,12,28,28,39],"current_hp_per_floor":[75,68,68,68,68,68,40,40,40,33,33,33,33,33,55,37,75,75,51,37,37,27,8,32,32,32,56,56,56,42,33,57,57,80,23,23,87,87,87,87,76,41,41,67,48,21,21,36,62,64],"gold":268,"neow_bonus":"THREE_ENEMY_KILL","is_daily":false,"chose_seed":false,"campfire_upgraded":5,"win_rate":0.0,"timestamp":1614341587,"path_taken":["M","?","?","M","$","R","E","?","T","?","?","?","M","?","R","BOSS","M","M","?","?","?","E","R","?","T","R","$","?","M","M","R","BOSS","M","M","AVR","?","?","R","?","M","T","R","E","M","?","M","R","BOSS"],"items_purchased_type":["Relic","Card","Card","Card","Card","Card"],"build_version":"2020-12-22","purchased_purges":1,"victory":true,"max_hp_per_floor":[75,75,75,75,75,75,75,75,75,75,75,75,75,75,75,75,75,75,75,80,80,80,80,80,80,80,80,80,80,80,80,80,80,80,80,80,87,87,87,87,87,87,87,87,87,87,87,87,87,87],"card_choices":[{"not_picked":["Barrage","Coolheaded"],"picked":"Genetic Algorithm","floor":1},{"not_picked":["Go for the Eyes","Gash"],"picked":"Compile Driver","floor":3},{"not_picked":["Compile Driver","Coolheaded"],"picked":"Ball Lightning","floor":4},{"not_picked":["Cold Snap","Streamline"],"picked":"BootSequence","floor":7},{"not_picked":["Compile Driver","Go for the Eyes"],"picked":"Glacier","floor":13},{"not_picked":["Consume","hubris:DoWhile"],"picked":"Tempest","floor":14},{"not_picked":["hubris:DoWhile","hubris:SpecializedCircuitry"],"picked":"Echo Form","floor":16},{"not_picked":["Chaos+1","Sweeping Beam"],"picked":"Redo+1","floor":18},{"not_picked":["Compile Driver+1","Steam"],"picked":"Leap+1","floor":19},{"not_picked":["Go for the Eyes","Turbo"],"picked":"Sweeping Beam","floor":22},{"not_picked":["Consume+1","Steam Power"],"picked":"Redo","floor":23},{"not_picked":["Conserve Battery","Heatsinks+1"],"picked":"Chill+1","floor":30},{"not_picked":["Cold Snap","Steam+1"],"picked":"Defragment+1","floor":31},{"not_picked":["Buffer+1","Hyperbeam"],"picked":"Electrodynamics+1","floor":33},{"not_picked":["Stack","Cold Snap+1"],"picked":"Steam+1","floor":35},{"not_picked":["Hologram","Barrage"],"picked":"Auto Shields+1","floor":36},{"not_picked":["Melter+1","Gash"],"picked":"Leap+1","floor":41},{"not_picked":["Cold Snap","Stack+1"],"picked":"Barrage+1","floor":42},{"not_picked":["Sweeping Beam+1","Coolheaded+1"],"picked":"Storm+1","floor":45},{"not_picked":["Compile Driver","Stack+1"],"picked":"Electrodynamics+1","floor":46},{"not_picked":["Fusion","Consume"],"picked":"BootSequence+1","floor":48}],"player_experience":259368,"relics_obtained":[{"floor":7,"key":"hubris:GlazedTorus"},{"floor":23,"key":"infinitespire:Freezer"},{"floor":26,"key":"infinitespire:Magic Flask"},{"floor":43,"key":"Vajra"},{"floor":45,"key":"White Beast Statue"},{"floor":45,"key":"PreservedInsect"}],"event_choices":[{"damage_healed":0,"gold_gain":75,"player_choice":"Touch","damage_taken":7,"max_hp_gain":0,"max_hp_loss":0,"event_name":"FaceTrader","floor":2,"gold_loss":0},{"cards_removed":["Strike_B"],"damage_healed":0,"gold_gain":0,"player_choice":"Card Removal","damage_taken":7,"max_hp_gain":0,"max_hp_loss":0,"event_name":"Golden Wing","floor":10,"gold_loss":0},{"damage_healed":0,"gold_gain":0,"player_choice":"Grow","damage_taken":0,"max_hp_gain":0,"max_hp_loss":0,"event_name":"Living Wall","floor":11,"gold_loss":0,"cards_upgraded":["Genetic Algorithm"]},{"damage_healed":0,"gold_gain":0,"player_choice":"Shed Blood","damage_taken":19,"max_hp_gain":5,"max_hp_loss":0,"event_name":"Forgotten Altar","floor":20,"gold_loss":0},{"damage_healed":0,"gold_gain":0,"player_choice":"Paid Gold","damage_taken":0,"relics_obtained":["Frozen Egg 2"],"max_hp_gain":0,"max_hp_loss":0,"event_name":"WeMeetAgain","floor":21,"gold_loss":64},{"damage_healed":0,"gold_gain":99,"player_choice":"Stole From Cult","damage_taken":0,"max_hp_gain":0,"max_hp_loss":0,"event_name":"Nest","floor":25,"gold_loss":0},{"cards_removed":["Strike_B"],"damage_healed":0,"gold_gain":0,"player_choice":"Card Removal","damage_taken":0,"max_hp_gain":0,"max_hp_loss":0,"event_name":"Wheel of Change","floor":29,"gold_loss":0},{"damage_healed":0,"gold_gain":0,"cards_transformed":["Strike_B"],"player_choice":"Transformed","damage_taken":0,"max_hp_gain":0,"max_hp_loss":0,"event_name":"Transmorgrifier","floor":38,"gold_loss":0,"cards_obtained":["Reprogram"]},{"damage_healed":0,"gold_gain":0,"player_choice":"Upgraded","damage_taken":0,"max_hp_gain":0,"max_hp_loss":0,"event_name":"Upgrade Shrine","floor":47,"gold_loss":0,"cards_upgraded":["Redo"]}],"is_beta":false,"boss_relics":[{"not_picked":["Runic Dome","hubris:ScarierMask"],"picked":"SlaversCollar"},{"not_picked":["hubris:RunicObelisk","FrozenCore","hubris:BlackHole"]}],"items_purged_floors":[37],"is_endless":false,"potions_floor_spawned":[1,13,14,16,30,31,35,46,48],"ascension_level":0}}