{"host":"3sqvgza1l4ip9ny1","time":1614301197,"event":{"mods":["BaseMod","Minty Spire (QoL Compilation)"],"gold_per_floor":[118,129,140,152,152,187,206,224,251,251,276,276,289,314,326,436,448,471,483,507,539,566,578,578],"floor_reached":23,"language":"ENG","playtime":2103,"items_purged":[],"score":291,"play_id":"26a0b074-5b27-4851-b920-3c0a00089463","local_time":"20210226005957","is_ascension_mode":true,"campfire_choices":[{"data":"Tactician","floor":10,"key":"SMITH"},{"floor":12,"key":"REST"},{"data":"Tools of the Trade","floor":15,"key":"SMITH"}],"circlet_count":0,"master_deck":["Strike_G","Strike_G","Strike_G","Strike_G","Defend_G","Defend_G","Defend_G","Defend_G","Survivor","Neutralize","Parasite","Tools of the Trade+1","All Out Attack","Tactician+1","Underhanded Strike","Calculated Gamble","Underhanded Strike","Underhanded Strike","Acrobatics","Blur","Well Laid Plans","Dagger Throw","Tactician","Flying Knee","J.A.X.","Tactician","Underhanded Strike"],"relics":["Ring of the Snake","Snake Skull","Toy Ornithopter","Bag of Marbles","Centennial Puzzle","MawBank","Philosopher\u0027s Stone"],"acts_visited":["Exordium","TheCity"],"potions_floor_usage":[6,7,7,13,14,23],"damage_taken":[{"damage":7,"enemies":"2 Louse","floor":1,"turns":3},{"damage":4,"enemies":"Jaw Worm","floor":2,"turns":4},{"damage":0,"enemies":"Small Slimes","floor":3,"turns":2},{"damage":0,"enemies":"2 Fungi Beasts","floor":4,"turns":3},{"damage":11,"enemies":"3 Sentries","floor":6,"turns":6},{"damage":0,"enemies":"Looter","floor":7,"turns":2},{"damage":4,"enemies":"Blue Slaver","floor":8,"turns":4},{"damage":11,"enemies":"Lagavulin","floor":11,"turns":6},{"damage":5,"enemies":"3 Louse","floor":13,"turns":2},{"damage":0,"enemies":"Gremlin Nob","floor":14,"turns":2},{"damage":43,"enemies":"The Guardian","floor":16,"turns":11},{"damage":0,"enemies":"Chosen","floor":18,"turns":3},{"damage":3,"enemies":"Spheric Guardian","floor":20,"turns":3},{"damage":20,"enemies":"Snake Plant","floor":21,"turns":4},{"damage":33,"enemies":"Shelled Parasite and Fungi","floor":22,"turns":7},{"damage":19,"enemies":"Book of Stabbing","floor":23,"turns":3}],"seed_played":"4027479359308497885","potions_obtained":[{"floor":2,"key":"SkillPotion"},{"floor":4,"key":"FearPotion"},{"floor":6,"key":"Poison Potion"},{"floor":7,"key":"SteroidPotion"},{"floor":13,"key":"SteroidPotion"},{"floor":22,"key":"FearPotion"}],"is_trial":false,"path_per_floor":["M","M","M","M","?","E","M","M","T","R","E","R","M","E","R","B",null,"M","?","M","M","M","E"],"character_chosen":"THE_SILENT","items_purchased":[],"campfire_rested":1,"item_purchase_floors":[],"current_hp_per_floor":[63,59,59,59,34,23,33,29,29,29,18,39,39,44,44,1,70,70,70,67,47,14,0,0],"gold":578,"neow_bonus":"TRANSFORM_TWO_CARDS","is_daily":false,"chose_seed":false,"campfire_upgraded":2,"win_rate":0.0,"timestamp":1614301197,"path_taken":["M","M","M","M","?","E","M","M","T","R","E","R","M","E","R","BOSS","M","?","M","M","M","E"],"items_purchased_type":[],"build_version":"2020-12-22","purchased_purges":0,"victory":false,"max_hp_per_floor":[70,70,70,70,70,70,70,70,70,70,70,70,70,70,70,70,70,70,70,70,70,70,70,70],"card_choices":[{"not_picked":["PiercingWail","Endless Agony"],"picked":"Tactician","floor":1},{"not_picked":["Noxious Fumes","Predator"],"picked":"Underhanded Strike","floor":2},{"not_picked":["Endless Agony","Blur"],"picked":"Calculated Gamble","floor":3},{"not_picked":["Caltrops","Bouncing Flask"],"picked":"Underhanded Strike","floor":4},{"not_picked":["Masterful Stab","Flying Knee"],"picked":"Underhanded Strike","floor":6},{"not_picked":["Skewer","Deflect"],"picked":"Acrobatics","floor":7},{"not_picked":["Accuracy","Cloak And Dagger"],"picked":"Blur","floor":8},{"not_picked":["Burst","Leg Sweep"],"picked":"Well Laid Plans","floor":11},{"not_picked":["Poisoned Stab","Accuracy"],"picked":"Dagger Throw","floor":13},{"not_picked":["Backstab","Deadly Poison"],"picked":"Tactician","floor":14},{"not_picked":["Bane","Poisoned Stab"],"picked":"Flying Knee","floor":18},{"not_picked":["Slice+1","Deadly Poison"],"picked":"Tactician","floor":20},{"not_picked":["Cloak And Dagger+1","Blade Dance","Bane"],"picked":"SKIP","floor":21},{"not_picked":["Endless Agony+1","Bouncing Flask"],"picked":"Underhanded Strike","floor":22}],"player_experience":218360,"relics_obtained":[{"floor":6,"key":"Toy Ornithopter"},{"floor":9,"key":"Bag of Marbles"},{"floor":11,"key":"Centennial Puzzle"},{"floor":14,"key":"MawBank"}],"event_choices":[{"damage_healed":0,"gold_gain":0,"player_choice":"Success","damage_taken":25,"relics_obtained":["Snake Skull"],"max_hp_gain":0,"max_hp_loss":0,"event_name":"Scrap Ooze","floor":5,"gold_loss":0},{"damage_healed":0,"gold_gain":0,"player_choice":"Obtain J.A.X.","damage_taken":0,"max_hp_gain":0,"max_hp_loss":0,"event_name":"Drug Dealer","floor":19,"gold_loss":0,"cards_obtained":["J.A.X."]}],"is_beta":false,"boss_relics":[{"not_picked":["SlaversCollar","Tiny House"],"picked":"Philosopher\u0027s Stone"}],"items_purged_floors":[],"is_endless":false,"potions_floor_spawned":[2,4,6,7,13,22],"killed_by":"Book of Stabbing","ascension_level":2}}