{"host":"1t0llcfp0lo7rmr4","time":1614324257,"event":{"mods":["AchievementEnabler","Aspiration","BaseMod","Beaked The Cultist","Better Note","Block Reminder","Colored Powertips","GifTheSpireLib","Hermit","Hubris","Jorbs\u0027s Wanderer Trilogy","Minty Spire (QoL Compilation)","Permanent Neow","Potionbrewer","Quick Restart","Relic Filter","Replay The Spire","StSLib","SuperFastMode","The Bladedancer","The Bug Knight","The Cursed","The Death Knight","The Druid","The Elementalist","The Exalted","The Forsaken","The Judge","The Poker Player","The Runesmith"],"gold_per_floor":[368,383,383,397,410,410,410],"floor_reached":6,"language":"ENG","playtime":272,"items_purged":[],"score":40,"play_id":"a8e301d8-676b-4db2-af00-2bbc6b426d9f","local_time":"20210226182417","is_ascension_mode":true,"campfire_choices":[],"circlet_count":0,"master_deck":["hermit:Strike_Hermit","hermit:Strike_Hermit","hermit:Strike_Hermit","hermit:Strike_Hermit","hermit:Defend_Hermit","hermit:Defend_Hermit","hermit:Defend_Hermit","hermit:Defend_Hermit","hermit:Snapshot","hermit:Covet","ReplayTheSpireMod:Restless Dread","hermit:Malice","hermit:Grudge","hermit:Determination"],"relics":["hermit:Momento"],"acts_visited":["Exordium"],"potions_floor_usage":[],"damage_taken":[{"damage":0,"enemies":"2 Louse","floor":1,"turns":3},{"damage":1,"enemies":"Cultist","floor":2,"turns":4},{"damage":1,"enemies":"Jaw Worm","floor":4,"turns":2},{"damage":11,"enemies":"3 Louse","floor":5,"turns":3},{"damage":21,"enemies":"HollowMod:MossKnight","floor":6,"turns":10}],"seed_played":"6297057268491481797","potions_obtained":[{"floor":2,"key":"DeathKnight:BottledBloodEchoes"},{"floor":5,"key":"potionbrewer:DiscountPotion"}],"is_trial":false,"path_per_floor":["M","M","?","M","M","E"],"character_chosen":"HERMIT","items_purchased":[],"campfire_rested":0,"item_purchase_floors":[],"current_hp_per_floor":[75,74,74,73,62,41,41],"gold":410,"neow_bonus":"TWO_FIFTY_GOLD","is_daily":false,"chose_seed":false,"campfire_upgraded":0,"win_rate":0.0,"timestamp":1614324257,"path_taken":["M","M","?","M","?","E"],"items_purchased_type":[],"build_version":"2020-12-22","purchased_purges":0,"victory":false,"max_hp_per_floor":[75,75,75,75,75,75,75],"card_choices":[{"not_picked":["hermit:Manifest","hermit:HoleUp"],"picked":"hermit:Malice","floor":1},{"not_picked":["hermit:Feint","hermit:ItchyTrigger"],"picked":"hermit:Grudge","floor":2},{"not_picked":["hermit:TakeCover","hermit:Dive","hermit:Ricochet"],"picked":"SKIP","floor":4},{"not_picked":["hermit:LowProfile","hermit:Dive"],"picked":"hermit:Determination","floor":5}],"player_experience":891172,"relics_obtained":[],"event_choices":[{"damage_healed":0,"gold_gain":0,"player_choice":"0 cards matched","damage_taken":0,"max_hp_gain":0,"max_hp_loss":0,"event_name":"Match and Keep!","floor":3,"gold_loss":0,"cards_obtained":[]}],"is_beta":false,"boss_relics":[],"items_purged_floors":[],"is_endless":false,"potions_floor_spawned":[2,5],"killed_by":"HollowMod:MossKnight","ascension_level":1}}