{"host":"udsj4lb8h4i3mw66","time":1614348184,"event":{"mods":["100% Spire Juice","ATMod(∞¢Ë™Mod)","BaseMod","Library of Ruina","Library of Ruina Extra","Marisa£®ÏF”Í°°ƒß¿Ì…≥£©","Minty Spire (QoL Compilation)","StSLib","The Gatherer","Waifu the Spire","°æπ¶ƒ‹Mod°øªÏ„Á÷Æª∑–ﬁ∏¥≤π∂°","°æ“≈ŒÔMod°øÀ¿¡È∑® ¶NEW"],"gold_per_floor":[111,111,131,158,158,189,208,235,235,253,270,270,300,300,300,402,402,417,417,148,148,168,203,203,97,97,97,130,130,146,245,245,350,350,370,382,382,394,88,88,88,100,145,180,200,230,332,426,426,581,606,606,606,55,131,156],"floor_reached":57,"language":"ZHS","playtime":3110,"items_purged":[],"score":1679,"play_id":"2505323e-e515-49fc-bafa-29e6f5372fd0","local_time":"20210226220304","is_ascension_mode":true,"campfire_choices":[{"floor":12.0,"key":"REST"},{"data":"BlindFaith","floor":15.0,"key":"SMITH"},{"floor":24.0,"key":"RECALL"},{"data":"Apotheosis","floor":27.0,"key":"SMITH"},{"data":"Tttonst","floor":29.0,"key":"SMITH"},{"floor":32.0,"key":"REST"},{"floor":40,"key":"REST"},{"data":"BackAttack","floor":49,"key":"SMITH"},{"data":"BoundaryOfDeath","floor":53,"key":"SMITH"}],"circlet_count":0,"master_deck":["Dodge","LightDefense","LightAttack","LightAttack","LightAttack","LightDefense","LightDefense","LightDefense","ChargeAndCover","FocusedStrikes","Unlock1+1","WillOfThePrescript","BlindFaith+1","TheRedNotes","Thrust","FeatherShield","Parry2","DesperateStruggle","Decapitation","Multislash","Apotheosis+1","Retaliate","Tttonst+1","GrazeTheGrass","AGoldenOpportunity","SomberProcuration","HeavyPeaks","QuickAttack","BackAttack+1","Cruelty","RhinoRam","TrashDisposal","EnergyStrike","Castigation","SparkingSpear+1","BoundaryOfDeath+1","SteelKnuckles+1","Disposal","Faith+1","SuanNi","Dark Shackles","ScratchThat","Deflect_lor"],"relics":["PageOfLibrarian","AT_ATBox","Singing Bowl","Odd Mushroom","Toy Ornithopter","Pocketwatch","PageOfBlackSwan","Juzu Bracelet","PageOfScarecrow","Red Mask","AT_TrinityForce","PageOfBloodbath","Blood Vial","PageOfPinocchio","AT_MibuBalloonWealth","Ginger","PageOfScorchedGirl"],"acts_visited":["Exordium","TheCity","TheBeyond","TheEnding"],"potions_floor_usage":[50,50,51,56,56],"damage_taken":[{"damage":0.0,"enemies":"Jaw Worm","floor":1.0,"turns":3.0},{"damage":0.0,"enemies":"Cultist","floor":3.0,"turns":3.0},{"damage":11.0,"enemies":"3 Sentries","floor":6.0,"turns":8.0},{"damage":0.0,"enemies":"Small Slimes","floor":7.0,"turns":3.0},{"damage":24.0,"enemies":"The Mushroom Lair","floor":8.0,"turns":4.0},{"damage":0.0,"enemies":"2 Fungi Beasts","floor":10.0,"turns":2.0},{"damage":1.0,"enemies":"3 Louse","floor":11.0,"turns":3.0},{"damage":10.0,"enemies":"Gremlin Nob","floor":13.0,"turns":4.0},{"damage":14.0,"enemies":"Hexaghost","floor":16.0,"turns":5.0},{"damage":4.0,"enemies":"Chosen","floor":18.0,"turns":4.0},{"damage":2.0,"enemies":"Shell Parasite","floor":22.0,"turns":3.0},{"damage":9.0,"enemies":"Slavers","floor":23.0,"turns":6.0},{"damage":33.0,"enemies":"Masked Bandits","floor":28.0,"turns":5.0},{"damage":8.0,"enemies":"Snake Plant","floor":30.0,"turns":4.0},{"damage":78.0,"enemies":"RedHoodMercenary","floor":33.0,"turns":7.0},{"damage":0.0,"enemies":"3 Darklings","floor":35.0,"turns":2.0},{"damage":12.0,"enemies":"3 Shapes","floor":36.0,"turns":2.0},{"damage":0,"enemies":"Jaw Worm Horde","floor":38,"turns":1},{"damage":2,"enemies":"3 Darklings","floor":42,"turns":2},{"damage":10,"enemies":"Reptomancer","floor":44,"turns":4},{"damage":2,"enemies":"Transient","floor":45,"turns":5},{"damage":7,"enemies":"Nemesis","floor":46,"turns":3},{"damage":0,"enemies":"2 Orb Walkers","floor":47,"turns":2},{"damage":0,"enemies":"Sphere and 2 Shapes","floor":48,"turns":1},{"damage":28,"enemies":"Awakened One","floor":50,"turns":6},{"damage":71,"enemies":"Awakened One","floor":51,"turns":10},{"damage":2,"enemies":"Shield and Spear","floor":55,"turns":3},{"damage":16,"enemies":"The Heart","floor":56,"turns":5}],"seed_played":"-6100345409273250862","potions_obtained":[{"floor":6.0,"key":"FearPotion"},{"floor":8.0,"key":"SpeedPotion"},{"floor":13.0,"key":"Regen Potion"},{"floor":16.0,"key":"Block Potion"},{"floor":28.0,"key":"PowerPotion"},{"floor":30.0,"key":"Ancient Potion"},{"floor":48,"key":"PowerPotion"}],"is_trial":false,"path_per_floor":["M","?","M","T","?","E","M","?","T","M","M","R","E","?","R","B",null,"M","?","$","?","M","E","R","$","T","R","?","R","M","?","R","B",null,"M","M","?","M","$","R","?","M","T","E","M","E","?","M","R","B",null,null,"R","$","E","B",null],"character_chosen":"Librarian","items_purchased":["Apotheosis","Retaliate","SomberProcuration","HeavyPeaks","PageOfBloodbath","Castigation","SuanNi","PowerPotion","Strength Potion","Energy Potion","Dark Shackles","ScratchThat"],"campfire_rested":3,"item_purchase_floors":[20,20,25,25,39,39,54,54,54,54,54,54],"current_hp_per_floor":[66,66,66,66,66,55,55,31,31,31,30,55,45,50,50,36,81,77,58,58,58,56,73,73,73,73,73,49,49,45,45,75,17,81,81,69,69,69,69,99,97,95,95,87,89,88,90,96,96,92,46,86,86,86,86,82],"gold":156,"neow_bonus":"TEN_PERCENT_HP_BONUS","is_daily":false,"chose_seed":false,"campfire_upgraded":5,"win_rate":0.0,"timestamp":1614348184,"path_taken":["M","?","?","?","?","E","M","?","T","M","M","R","E","?","R","BOSS","M","?","$","?","M","E","R","$","T","R","?","R","M","?","R","BOSS","M","M","?","M","$","R","?","M","T","E","M","E","?","M","R","BOSS","R","$","E","BOSS"],"items_purchased_type":["Card","Card","Card","Card","Relic","Card","Card","Potion","Potion","Potion","Card","Card"],"build_version":"2020-12-22","purchased_purges":0,"victory":true,"max_hp_per_floor":[68,68,68,68,68,84,84,84,84,84,84,84,91,96,96,96,96,96,101,101,101,101,102,102,102,102,102,102,102,102,102,102,102,102,102,102,102,102,102,102,97,97,97,97,99,99,99,99,99,99,99,99,99,99,99,99],"card_choices":[{"not_picked":["Track","CoordinatedAssault","TheWillOfTheCity","Overpower","FleetFootsteps","Diversion","QuickSuppression","HighSpeedStabbing"],"picked":"Unlock1","floor":1.0},{"not_picked":["MirageStorm","FleetEdge","PreemptiveStrike","CoordinatedAssault","DefenseOrder","UpbeatPerformance","PinpointShot","Retaliate"],"picked":"WillOfThePrescript","floor":3.0},{"not_picked":["Transpierce","YouOnlyLiveOnce","RhinoRam","BladeWhirl","Ripple","TheWillOfTheCity","PinpointShot","EnergyShield"],"picked":"BlindFaith","floor":6.0},{"not_picked":["SharpSwipe","HeavyPeaks","NonstopAssault","AutomatedMovement","SnakeSlit","HandleRequest","Feast","Rewind"],"picked":"TheRedNotes","floor":7.0},{"not_picked":["GuardingStance","StrongStrike","SpearedSweep","Brawl","SunsetBlade","EnergyStrike","FieryWaltz","StartinOutLightly"],"picked":"Thrust","floor":8.0},{"not_picked":["SuanNi","EnergyCycle","SturdyDefense","Track","MindWhip","BizarreAttack","FierceCharge","WillOfThePrescript"],"picked":"FeatherShield","floor":10.0},{"not_picked":["Faith","DesperateStruggle","Ripple","SmokingPipe","BiAn","FlowOfTheSword","Thrust","Standoff"],"picked":"Parry2","floor":11.0},{"not_picked":["ShrineToMusic","StrikeDown","EndlessBattle","Mutilate","SharpSwipe","ForTheFamily","BackAttack","FieryDragonSlash"],"picked":"DesperateStruggle","floor":13.0},{"not_picked":["BoundaryOfDeath","TrashDisposal"],"picked":"Decapitation","floor":16.0},{"not_picked":["PinpointShot","HardRehearsal","PreparedMind+1","CoordinatedAssault","FrontalAssault","Standoff+1","ReadyUp","SharpSwipe"],"picked":"Multislash","floor":18.0},{"not_picked":["QuickAttack","EndlessBattle+1","PreemptiveStrike","MultiHit","FaintMemories+1","DefenseOrder","WillOfThePrescript","MultiBlock"],"picked":"GrazeTheGrass","floor":22.0},{"not_picked":["EnergyCycle","Gigigig","EnergyShield","UpbeatPerformance","ToOvercomeCrisis","AsThePrescriptOrders+1","Bvapour","TrimTheIngredients"],"picked":"AGoldenOpportunity","floor":23.0},{"not_picked":["GutHarvesting","SpearedSweep","FleetEdge","TendonChords","Zzzzzap","Quickness","EnergyShield","Riposte+1"],"picked":"QuickAttack","floor":28.0},{"not_picked":["AutonomousRush","BlowItUp","SunsetBlade","Reload+1","Outburst","Unlock1","NightInTheBackstreets+1","StrikeDown"],"picked":"BackAttack","floor":30.0},{"not_picked":["Tttonst","Punishment"],"picked":"Cruelty","floor":33.0},{"not_picked":["IngredientHunt+1","Guardian_lor+1","AsThePrescriptOrders+1","HandleRequest+1","HardRehearsal","FleetFootsteps","FleshFillet","WillOfThePrescript"],"picked":"RhinoRam","floor":35.0},{"not_picked":["Faith","Riposte","SerpentSwordTechnique","TheArtOfRapidSteps","ConcentratedFire+1","ShrineToMusic+1","SunsetBlade+1","Leap_lor"],"picked":"TrashDisposal","floor":36.0},{"not_picked":["ViolentFlame+1","EndlessBattle+1","SwordOfVolition+1","HiddenBlade+1","Outburst+1","IngredientHunt+1","FrontalAssault","TheRedNotes+1"],"picked":"EnergyStrike","floor":38},{"not_picked":["TimeForALittleTest+1","StrongStrike","Pound+1","QuickSuppression+1","ViolentFlame","Endure+1","SinglePointStab","Thrust+1"],"picked":"SparkingSpear+1","floor":42},{"not_picked":["SunsetBlade","ViolentFlame","BiXi","FlashingStrike","FierceCharge","Marionette+1","Multislash","MultiBlock+1"],"picked":"BoundaryOfDeath","floor":44},{"not_picked":["Parry2+1","IronWall+1","BlindFaith","IdentifyWeakpoint","StrikeDown+1","Clone+1","CumulusWall","SinglePointStab","EnergyCycle"],"picked":"Singing Bowl","floor":45},{"not_picked":["Tailoring+1","HeavyPeaks+1","AlloutWar","BurningFlash+1","CutIn+1","SuppressingShot+1","YoureAHindrance+1","EnergyShield"],"picked":"SteelKnuckles+1","floor":46},{"not_picked":["ViolentFlame","LawAndOrder","NightInTheBackstreets","DesperateStruggle","ForcefulGesture","SharpenedBlade","PinpointShot+1","ReadyUp"],"picked":"Disposal","floor":47},{"not_picked":["Unlock1","FleetFootsteps","Thirst","FocusFire+1","Guardian_lor","Reload+1","EnergyStrike+1","EndlessBattle+1"],"picked":"Faith+1","floor":48},{"not_picked":["FleetEdge","Fence+1","Rampage_lor","SturdyDefense","ProselytesBlade","FierceCharge+1","StrongStrike+1","DeepDrag"],"picked":"Deflect_lor","floor":55}],"player_experience":371245,"relics_obtained":[{"floor":6.0,"key":"Singing Bowl"},{"floor":8.0,"key":"Odd Mushroom"},{"floor":9.0,"key":"Toy Ornithopter"},{"floor":13.0,"key":"Pocketwatch"},{"floor":23.0,"key":"Juzu Bracelet"},{"floor":26.0,"key":"PageOfScarecrow"},{"floor":28.0,"key":"Red Mask"},{"floor":43,"key":"Blood Vial"},{"floor":44,"key":"PageOfPinocchio"},{"floor":46,"key":"AT_MibuBalloonWealth"},{"floor":47,"key":"Ginger"},{"floor":55,"key":"PageOfScorchedGirl"}],"event_choices":[{"damage_healed":0.0,"max_hp_gain":0.0,"max_hp_loss":0.0,"gold_gain":0.0,"event_name":"Accursed Blacksmith","player_choice":"Forge","floor":2.0,"gold_loss":0.0,"damage_taken":0.0,"cards_upgraded":["Unlock1"]},{"damage_healed":0.0,"max_hp_gain":0.0,"max_hp_loss":0.0,"gold_gain":0.0,"event_name":"Liars Game","player_choice":"Ignored","floor":5.0,"gold_loss":0.0,"damage_taken":0.0},{"damage_healed":0.0,"max_hp_gain":0.0,"max_hp_loss":0.0,"gold_gain":0.0,"event_name":"Mushrooms","player_choice":"Fought Mushrooms","floor":8.0,"gold_loss":0.0,"damage_taken":0.0},{"damage_healed":0.0,"max_hp_gain":5.0,"max_hp_loss":0.0,"gold_gain":0.0,"event_name":"Big Fish","player_choice":"Donut","floor":14.0,"gold_loss":0.0,"damage_taken":0.0},{"damage_healed":0.0,"max_hp_gain":5.0,"max_hp_loss":0.0,"gold_gain":0.0,"event_name":"Forgotten Altar","player_choice":"Shed Blood","floor":19.0,"gold_loss":0.0,"damage_taken":24.0},{"damage_healed":0.0,"max_hp_gain":0.0,"max_hp_loss":0.0,"gold_gain":0.0,"event_name":"The Library","player_choice":"Read","floor":21.0,"gold_loss":0.0,"damage_taken":0.0,"cards_obtained":["Tttonst"]},{"damage_healed":0.0,"max_hp_gain":0.0,"max_hp_loss":0.0,"gold_gain":0.0,"event_name":"Masked Bandits","player_choice":"Fought Bandits","floor":28.0,"gold_loss":0.0,"damage_taken":0.0},{"damage_healed":0.0,"max_hp_gain":0.0,"max_hp_loss":0.0,"gold_gain":99.0,"event_name":"Nest","player_choice":"Stole From Cult","floor":31.0,"gold_loss":0.0,"damage_taken":0.0},{"damage_healed":0,"gold_gain":0,"player_choice":"Ignored","damage_taken":0,"max_hp_gain":0,"max_hp_loss":0,"event_name":"Duplicator","floor":37,"gold_loss":0},{"damage_healed":0,"gold_gain":0,"player_choice":"Max HP","damage_taken":0,"max_hp_gain":0,"max_hp_loss":5,"event_name":"Winding Halls","floor":41,"gold_loss":0},{"damage_healed":0,"gold_gain":0,"player_choice":"Fight","damage_taken":0,"max_hp_gain":0,"max_hp_loss":0,"event_name":"Mysterious Sphere","floor":47,"gold_loss":0}],"is_beta":false,"boss_relics":[{"not_picked":["Sozu","Astrolabe"],"picked":"PageOfBlackSwan"},{"not_picked":["SacredBark","Cursed Key"],"picked":"AT_TrinityForce"}],"items_purged_floors":[],"is_endless":false,"potions_floor_spawned":[6,8,13,16,22,28,30,38,42,46,48,55],"ascension_level":5}}