{"host":"nihqlga4zpmrcpl9","time":1614324991,"event":{"mods":["BaseMod","LagranYue(拉格朗・月)","Marisa（F雨　魔理沙）","Minty Spire (QoL Compilation)","Replay The Spire","Shop Mod","StSLib","The Bug Knight","The Cursed","The Hierophant","The Servant 0.9.4"],"gold_per_floor":[364,364,377,389,406,110,96,96,96,96,96],"floor_reached":10,"language":"ZHS","playtime":928,"items_purged":["Decay"],"score":60,"play_id":"7080a72b-cada-472e-ad4a-61ffe4370fd6","local_time":"20210226153631","is_ascension_mode":false,"campfire_choices":[{"data":"HollowMod:ChannelNail","floor":8,"key":"SMITH"}],"circlet_count":0,"master_deck":["HollowMod:NailStrikeStart","HollowMod:NailStrikeStart","HollowMod:NailStrikeStart","HollowMod:NailStrikeStart","HollowMod:QuickDashStart","HollowMod:QuickDashStart","HollowMod:QuickDashStart","HollowMod:QuickDashStart","HollowMod:FocusHealStart","HollowMod:PogoStrike","HollowMod:SoulEater","Voices","HollowMod:DashSlash","HollowMod:ChannelNail+1","HollowMod:MawleksShell","HollowMod:GoodIntentions","HollowMod:Grubsong","HollowMod:MidwifesHunger"],"relics":["HollowMod:VesselMask","LagranYue:RandomDrawCardRelic","ReplayTheSpireMod:Ring of Exchange","MerchantsRug","Replay:WaspNest"],"acts_visited":["Exordium"],"potions_floor_usage":[],"damage_taken":[{"damage":8,"enemies":"Jaw Worm","floor":1,"turns":8},{"damage":0,"enemies":"2 Louse","floor":3,"turns":4},{"damage":8,"enemies":"Cultist","floor":4,"turns":4},{"damage":21,"enemies":"HollowMod:HuskWarrior","floor":5,"turns":12},{"damage":26,"enemies":"Exordium Thugs","floor":7,"turns":6},{"damage":51,"enemies":"HollowMod:MossKnight","floor":10,"turns":19}],"seed_played":"6119991380942473353","potions_obtained":[{"floor":3,"key":"Explosive Potion"},{"floor":5,"key":"CultistPotion"}],"is_trial":false,"path_per_floor":["M","?","M","M","M","$","M","R","T","E"],"character_chosen":"THE_BUGKNIGHT","items_purchased":["HollowMod:GoodIntentions","HollowMod:Grubsong","MerchantsRug"],"campfire_rested":0,"item_purchase_floors":[6,6,6],"current_hp_per_floor":[73,73,75,67,56,56,36,36,36,0,0],"gold":96,"neow_bonus":"TWO_FIFTY_GOLD","is_daily":false,"chose_seed":false,"campfire_upgraded":1,"win_rate":0.0,"timestamp":1614324991,"path_taken":["M","?","M","M","M","$","M","R","T","E"],"items_purchased_type":["Card","Card","Relic"],"build_version":"2020-12-22","purchased_purges":1,"victory":false,"max_hp_per_floor":[75,75,75,75,75,75,75,75,75,75,75],"card_choices":[{"not_picked":["HollowMod:DreamGate","HollowMod:CornifersMapStart"],"picked":"HollowMod:SoulEater","floor":1},{"not_picked":["HollowMod:HeavyBlow","HollowMod:ShadowDash"],"picked":"HollowMod:DashSlash","floor":3},{"not_picked":["HollowMod:HeavyBlow","HollowMod:InfectedAttack"],"picked":"HollowMod:ChannelNail","floor":4},{"not_picked":["HollowMod:Grubsong","HollowMod:TaintedHusks"],"picked":"HollowMod:MawleksShell","floor":5},{"not_picked":["HollowMod:SoulSplash","HollowMod:BlackTendrils"],"picked":"HollowMod:MidwifesHunger","floor":7}],"player_experience":841450,"relics_obtained":[{"floor":2,"key":"ReplayTheSpireMod:Ring of Exchange"},{"floor":9,"key":"Replay:WaspNest"}],"event_choices":[],"is_beta":false,"boss_relics":[],"items_purged_floors":[6],"is_endless":false,"potions_floor_spawned":[3,5],"killed_by":"HollowMod:MossKnight","ascension_level":0}}