{"host":"2haferq23ht5nrlk","time":1614344925,"event":{"mods":["ATMod(°¢èªMod)","AchievementEnabler","Alarm Clock","Aspiration","BaseMod","BetterRewards","Colored Powertips","Conspire","Dota2Spire","Faster Ascension Climbing","Infinite Spire","KomeijiMod","Library of Ruina","Library of Ruina Extra","Lobotomy","LobotomyExtend","Marked Mod","Minty Spire (QoL Compilation)","Quick Restart","Relic Filter Mod","Relic Stats","Reliquary","Replay The Spire","RumiaBox-Â¶Ã×æ«µÄÉñÃØºÐ×Ó","Spicy Shops","StSLib","TestMod","The Cursed","The Jungle","UnlockEverythingMod","¡¾ÒÅÎï¿¨ÅÆ¡¿REMEMod"],"gold_per_floor":[115,115,202,20,38,38,65,65,137,137,7,22,40,71,71,172,172,188,199,199,30,30,30,62,75,75,90,90,100,100,100,100,195,195,218,218,245,272,303,303,303,303,303,336,375,375,399,399,399,399,399,399,399,104,146,146],"floor_reached":57,"language":"ZHS","playtime":2541,"items_purged":["LightAttack"],"score":1345,"play_id":"fb84d947-c569-4d91-982f-f6ae479c91d4","local_time":"20210226210845","is_ascension_mode":false,"campfire_choices":[{"data":"SteelKnuckles","floor":6.0,"key":"SMITH"},{"data":"FateSonata","floor":8.0,"key":"SMITH"},{"data":"AT_ShrugMaster","floor":10.0,"key":"SMITH"},{"floor":15.0,"key":"REST"},{"data":"ViolentFlame","floor":23.0,"key":"SMITH"},{"data":"Double Energy","floor":28.0,"key":"SMITH"},{"data":"FlamingDragonFist","floor":30.0,"key":"SMITH"},{"data":"infinitespire:Gouge","floor":32.0,"key":"SMITH"},{"data":"REME_ACTH","floor":40.0,"key":"SMITH"},{"data":"AT_EmpoweredMortalDraw","floor":42.0,"key":"SMITH"},{"data":"Double Energy","floor":46.0,"key":"SMITH"},{"floor":49.0,"key":"RECALL"},{"data":"SearingSword","floor":53,"key":"SMITH"}],"circlet_count":0,"master_deck":["Dodge","LightDefense","LightAttack","LightDefense","LightDefense","LightDefense","ChargeAndCover","FocusedStrikes","AT_ShrugMaster+1","FateSonata+1","Rampage_lor","CoordinatedAssault","GreatSerpentsImpact","SteelKnuckles+1","RushDown","testmod-Provocation","CoordinatedAssault","AbsorbImpact","FlamingDragonFist+1","SteelKnuckles","Observe","RepressedFlesh","Double Energy+1","ViolentFlame+1","Crush","GrazeTheGrass","SearingSword+1","StrikeDown","FieryWaltz+1","FrontalAssault+1","infinitespire:Gouge+1","AT_EmpoweredMortalDraw+1","REME_ACTH+1","Outburst","Double Energy+1","RushDown","AT_DivineConfetti+1","Amnesia","FrontalAssault","SilentMist","FierceCharge","AT_EmpoweredMortalDraw","Double Tap"],"relics":["PageOfLibrarian","AT_ATBox","REME_ComplimentaryCards","testmod-TestBox","aspiration:Nostalgia","Replay:M_StaffOfTheSnake","LetterFromLob","Centennial Puzzle","Membership Card","Odd Mushroom","testmod-HeartOfDaVinci","Akabeko","reliquary:Firecrackers","Nuclear Battery","GodSword1","testmod-IndustrialRevolution","AT_RedTearstoneRing","PrismaticShard","infinitespire:EvilPickle","Mark of Pain","Frozen Eye","infinitespire:BottledMercury","Ring of Chaos","PageOfThreeBirds","PageOfNosferatu","REME_CardOfGreed","testmod-ConstraintPeriapt"],"acts_visited":["Exordium","TheCity","TheBeyond","TheEnding"],"potions_floor_usage":[],"damage_taken":[{"damage":0.0,"enemies":"Small Slimes","floor":1.0,"turns":3.0},{"damage":0.0,"enemies":"2 Louse","floor":5.0,"turns":2.0},{"damage":18.0,"enemies":"The Mushroom Lair","floor":7.0,"turns":3.0},{"damage":0.0,"enemies":"Jaw Worm","floor":12.0,"turns":2.0},{"damage":2.0,"enemies":"Looter","floor":13.0,"turns":2.0},{"damage":17.0,"enemies":"Lagavulin","floor":14.0,"turns":4.0},{"damage":0.0,"enemies":"Slime Boss","floor":16.0,"turns":4.0},{"damage":0.0,"enemies":"Chosen","floor":18.0,"turns":2.0},{"damage":0.0,"enemies":"3 Byrds","floor":19.0,"turns":2.0},{"damage":37.0,"enemies":"Book of Stabbing","floor":24.0,"turns":3.0},{"damage":0.0,"enemies":"Snake Plant","floor":25.0,"turns":3.0},{"damage":0.0,"enemies":"Centurion and Healer","floor":27.0,"turns":3.0},{"damage":5.0,"enemies":"Cultist and Chosen","floor":29.0,"turns":2.0},{"damage":0.0,"enemies":"Pondfish","floor":33.0,"turns":6.0},{"damage":0.0,"enemies":"3 Darklings","floor":35.0,"turns":1.0},{"damage":8.0,"enemies":"Orb Walker","floor":37.0,"turns":2.0},{"damage":7.0,"enemies":"3 Darklings","floor":38.0,"turns":2.0},{"damage":20.0,"enemies":"Spire Growth","floor":39.0,"turns":2.0},{"damage":0.0,"enemies":"Sphere and 2 Shapes","floor":44.0,"turns":1.0},{"damage":0.0,"enemies":"Jaw Worm Horde","floor":45.0,"turns":1.0},{"damage":0.0,"enemies":"Transient","floor":47.0,"turns":2.0},{"damage":7.0,"enemies":"Donu and Deca","floor":50.0,"turns":5.0},{"damage":7.0,"enemies":"Donu and Deca","floor":51.0,"turns":7.0},{"damage":0,"enemies":"Shield and Spear","floor":55,"turns":1},{"damage":27,"enemies":"The Heart","floor":56,"turns":4}],"seed_played":"-8289757512437265440","potions_obtained":[{"floor":1.0,"key":"Weak Potion"},{"floor":12.0,"key":"Dota2Spire:Clarity"},{"floor":14.0,"key":"BlessingOfTheForge"},{"floor":24.0,"key":"testmod-EscapePotion"}],"is_trial":false,"path_per_floor":["M","?","?","$","M","R","?","R","T","R","$","M","M","E","R","B",null,"M","M","?","$","T","R","E","M","T","M","R","M","R","AVR","R","B",null,"M","AVR","M","M","M","R","?","R","T","M","M","R","M","?","R","B",null,null,"R","$","E","B",null],"character_chosen":"Librarian","items_purchased":["Membership Card","Akabeko","testmod-Provocation","CoordinatedAssault","AbsorbImpact","GrazeTheGrass","GodSword1","PageOfThreeBirds","FrontalAssault","SilentMist","FierceCharge","AT_EmpoweredMortalDraw","PageOfNosferatu","REME_CardOfGreed"],"campfire_rested":1,"item_purchase_floors":[4,11,11,11,11,21,21,54,54,54,54,54,54,54],"current_hp_per_floor":[60,75,75,75,75,75,57,57,57,57,57,57,55,38,62,62,83,83,83,83,83,83,83,46,46,46,46,46,41,41,41,41,41,83,83,83,75,68,48,48,48,48,48,48,48,48,48,48,48,41,34,74,74,74,74,47],"gold":146,"neow_bonus":"NOSTALGIA","is_daily":false,"chose_seed":false,"campfire_upgraded":11,"win_rate":0.0,"timestamp":1614344925,"path_taken":["M","?","?","$","M","R","?","R","T","R","$","M","?","E","R","BOSS","M","M","?","$","?","R","E","?","T","M","R","M","R","AVR","R","BOSS","M","AVR","M","M","M","R","?","R","T","?","M","R","M","?","R","BOSS","R","$","E","BOSS"],"items_purchased_type":["Relic","Relic","Card","Card","Card","Card","Relic","Relic","Card","Card","Card","Card","Relic","Relic"],"build_version":"2020-12-22","purchased_purges":1,"victory":true,"max_hp_per_floor":[81,81,81,81,81,81,81,81,81,81,81,77,83,83,83,83,83,83,83,83,83,83,83,83,83,83,83,83,83,83,83,83,83,83,83,83,83,83,63,63,63,63,63,63,74,74,74,74,74,74,74,74,74,74,74,74],"relic_stats":{"Centennial Puzzle":[33],"counters":[25,69],"obtain_stats":[{"infinitespire:BottledMercury":43,"PageOfNosferatu":54,"AT_ATBox":0,"reliquary:Firecrackers":14,"PrismaticShard":31,"Frozen Eye":36,"Centennial Puzzle":3,"AT_RedTearstoneRing":24,"testmod-TestBox":0,"Replay:M_StaffOfTheSnake":0,"PageOfThreeBirds":54,"aspiration:Nostalgia":0,"Ring of Chaos":48,"Odd Mushroom":7,"testmod-ConstraintPeriapt":55,"testmod-IndustrialRevolution":22,"Akabeko":11,"Nuclear Battery":17,"PageOfLibrarian":0,"infinitespire:EvilPickle":34,"Mark of Pain":34,"LetterFromLob":1,"Membership Card":4,"REME_CardOfGreed":54,"REME_ComplimentaryCards":0,"testmod-HeartOfDaVinci":9,"GodSword1":21},{"infinitespire:BottledMercury":18,"PageOfNosferatu":23,"AT_ATBox":0,"reliquary:Firecrackers":6,"PrismaticShard":13,"Frozen Eye":15,"Centennial Puzzle":1,"AT_RedTearstoneRing":10,"testmod-TestBox":0,"Replay:M_StaffOfTheSnake":0,"PageOfThreeBirds":23,"aspiration:Nostalgia":0,"Ring of Chaos":21,"Odd Mushroom":3,"testmod-ConstraintPeriapt":24,"testmod-IndustrialRevolution":9,"Akabeko":3,"Nuclear Battery":7,"PageOfLibrarian":0,"infinitespire:EvilPickle":14,"Mark of Pain":14,"LetterFromLob":1,"Membership Card":1,"REME_CardOfGreed":23,"REME_ComplimentaryCards":0,"testmod-HeartOfDaVinci":3,"GodSword1":9},{"infinitespire:BottledMercury":48,"PageOfNosferatu":64,"AT_ATBox":0,"reliquary:Firecrackers":16,"PrismaticShard":35,"Frozen Eye":42,"Centennial Puzzle":3,"AT_RedTearstoneRing":27,"testmod-TestBox":0,"Replay:M_StaffOfTheSnake":0,"PageOfThreeBirds":64,"aspiration:Nostalgia":0,"Ring of Chaos":52,"Odd Mushroom":8,"testmod-ConstraintPeriapt":65,"testmod-IndustrialRevolution":24,"Akabeko":8,"Nuclear Battery":20,"PageOfLibrarian":0,"infinitespire:EvilPickle":41,"Mark of Pain":41,"LetterFromLob":3,"Membership Card":3,"REME_CardOfGreed":64,"REME_ComplimentaryCards":0,"testmod-HeartOfDaVinci":8,"GodSword1":24}]},"card_choices":[{"not_picked":["ClearTheMind","TendonChords","Parry2","ClassAndRespect","Tools of the Trade","UnavoidableGaze","AutomatedMovement","Acrobatics"],"picked":"Rampage_lor","floor":1.0},{"not_picked":["FleetFootsteps","StructuralAnalysis","InhaleSmoke","Faith","SinglePointStab","Crescendo","Sanctity","BlowItUp"],"picked":"CoordinatedAssault","floor":3.0},{"not_picked":["Standoff","Doppelganger","GuardingStance","PreemptiveStrike","Diversion","Faith","ShockingBlow","YoureAHindrance"],"picked":"GreatSerpentsImpact","floor":3.0},{"not_picked":["NonstopAssault","SinglePointStab","Parry","HandleRequest","ClassAndRespect","ReadyUp","Die Die Die","FrontalAssault"],"picked":"SteelKnuckles","floor":5.0},{"not_picked":["JiaoTu","BackAttack","TraceOfFumes","JustLucky","QuickAttack","GreatSerpentsImpact","Pound","ElectricShock"],"picked":"RushDown","floor":7.0},{"not_picked":["Flying Knee","Rewind","Pound","JustLucky","DevastatingThrash","Marionette","SharpSwipe","Setup"],"picked":"FlamingDragonFist","floor":12.0},{"not_picked":["GreatSerpentsImpact","LoosenUp","AbsorbImpact","Outmaneuver","Reload","TrimTheIngredients","SmokingPipe","BiteOff"],"picked":"SteelKnuckles","floor":13.0},{"not_picked":["BiAn","HandlingWork","CookingPrep","ClassAndRespect","EnergyConversion","InkOver","NightInTheBackstreets","ShockingBlow"],"picked":"Observe","floor":14.0},{"not_picked":["TieShanKao","BlazingStrike"],"picked":"RepressedFlesh","floor":16.0},{"not_picked":["EnergyCycle","SkitterAway","Diversion","Observe","AsThePrescriptOrders","Collision","BackAttack","SunsetBlade"],"picked":"ViolentFlame","floor":18.0},{"not_picked":["FeelinGood","SavageMode","GuidanceOfTheGears+1","FierceCharge","WillOfThePrescript","FlowOfTheSword","Diversion+1","SummaryJudgment"],"picked":"Crush","floor":19.0},{"not_picked":["EnergyShield","Rampage_lor+1","RagingStormLove","Eject+1","Outburst","Disposal","BiAn","Reload+1"],"picked":"SearingSword","floor":24.0},{"not_picked":["Guardian_lor","Unlock1+1","HighKick","BiAn+1","EnergyStrike","Bvapour","QuickAttack","BackAttack"],"picked":"StrikeDown","floor":25.0},{"not_picked":["EnergyShield","SmokingPipe","Standoff+1","Leap_lor","ConcentratedFire","SpearedSweep","GaleKick","CleanUp"],"picked":"FieryWaltz+1","floor":27.0},{"not_picked":["Collision","Rewind","Parry+1","SinglePointStab","StartinOutLightly","Endure+1","StructuralAnalysis","MultiBlock"],"picked":"FrontalAssault+1","floor":29.0},{"not_picked":["Eclipse","Biased Cognition"],"picked":"AT_EmpoweredMortalDraw","floor":33.0},{"not_picked":["SashWhip","conspire:DoublingDagger","Guardian_lor+1","Go for the Eyes","CumulusWall+1","YourShield","Warcry","Hidden Blade+1","NingyouSP+1"],"picked":"SKIP","floor":35.0},{"not_picked":["testmod-Bloodthirsty","Leg Sweep+1","Leap+1","TheCursedMod:CircleOfCorruption","Agarareta+1","MissingPower+1","JyouchiJin+1","BodyStrengthen","UnavoidableGaze"],"picked":"SKIP","floor":37.0},{"not_picked":["TheCursedMod:DoubleShield+1","Calculated Gamble+1","BlowItUp+1","FateSonata","SnakeSlit","Poisoned Stab+1","Thrust+1","SomewhereSpear","TheCursedMod:Stretching+1"],"picked":"SKIP","floor":38.0},{"not_picked":["Anger","Pleasure+1","Consecrate","Run Through+1","ProselytesBlade","Terror+1","Dagger Throw","Quickness","Tailoring+1"],"picked":"SKIP","floor":39.0},{"not_picked":["testmod-Mystery+1","conspire:Charge","Auto Shields+1","AT_DiedThrough","AssaultOrder+1","AT_ThreeBodyProblem","TimeForALittleTest","Pommel Strike"],"picked":"Double Energy","floor":44.0},{"not_picked":["Perfected Strike+1","TheCursedMod:ReleasedStrength+1","AT_ArcaneSupremacy","Compile Driver+1","AT_KingSlayer","Coolheaded","Diversion+1","Wild Strike"],"picked":"RushDown","floor":45.0},{"not_picked":["TheCursedMod:CursedShiv+1","EnergyShield+1","Quickness+1","TheCursedMod:Hemoplague+1","SinglePointStab+1","True Grit+1","AT_RobotInSpace","MajikuruSanhai+1"],"picked":"AT_DivineConfetti+1","floor":47.0},{"not_picked":["Body Slam","TenguNoTaiko+1","Replay:DivineShield+1","CutThroughFate","MarkedMod:Acupuncture+1","BloodyDesire","JigokuNoTaiyou","ReplayTheSpireMod:Necrosis"],"picked":"Double Tap","floor":55}],"player_experience":44534,"relics_obtained":[{"floor":1.0,"key":"LetterFromLob"},{"floor":3.0,"key":"Centennial Puzzle"},{"floor":7.0,"key":"Odd Mushroom"},{"floor":9.0,"key":"testmod-HeartOfDaVinci"},{"floor":14.0,"key":"reliquary:Firecrackers"},{"floor":22.0,"key":"testmod-IndustrialRevolution"},{"floor":24.0,"key":"AT_RedTearstoneRing"},{"floor":43.0,"key":"infinitespire:BottledMercury"},{"floor":48.0,"key":"Ring of Chaos"},{"floor":55,"key":"testmod-ConstraintPeriapt"}],"event_choices":[{"damage_healed":0.0,"max_hp_gain":0.0,"max_hp_loss":0.0,"gold_gain":0.0,"event_name":"Mushrooms","player_choice":"Fought Mushrooms","floor":7.0,"gold_loss":0.0,"damage_taken":0.0},{"damage_healed":0.0,"max_hp_gain":0.0,"max_hp_loss":0.0,"gold_gain":0.0,"event_name":"NoteForYourself","player_choice":"Ignored","floor":20.0,"gold_loss":0.0,"damage_taken":0.0},{"damage_healed":0.0,"max_hp_gain":0.0,"max_hp_loss":0.0,"gold_gain":0.0,"cards_transformed":["LightAttack"],"event_name":"Transmorgrifier","player_choice":"Transformed","floor":41.0,"gold_loss":0.0,"damage_taken":0.0,"cards_obtained":["Outburst"]}],"is_beta":false,"boss_relics":[{"not_picked":["AddBug","testmod-BloodSacrificeSpiritualization"],"picked":"Nuclear Battery"},{"not_picked":["testmod-IncinerationGenerator","Memoirist"],"picked":"Mark of Pain"}],"items_purged_floors":[4],"is_endless":false,"potions_floor_spawned":[1,12,14,18,24,25,29,39,45],"ascension_level":0}}