{"host":"szp1d6dso4pv7ddl","time":1614318340,"event":{"mods":["AchievementEnabler","Alarm Clock","BaseMod","Bestiary","Block Reminder","Colored Map","Colored Powertips","Curses Come First","Dark Map","Displayed Cursed Tome","Highlight Path","Minty Spire (QoL Compilation)","Permanent Neow","Quick Restart","Relic Sorter","Relic Stats","StSLib","Synergy Search"],"gold_per_floor":[109,109,109,109,54,81,99,41,68,68,68,108,108,135,135,233,233,257,282,300,26,26,62,62,62,142,175,75,99,14,14,14,107,107,123,144,144,19,19,53,53,384,384,418,441,441,441,464,464,464,464,464],"floor_reached":51,"language":"ENG","playtime":2306,"items_purged":["Strike_G","Strike_G","Strike_G"],"score":1744,"play_id":"7cd6231b-6c78-4dde-bad8-ca274f21ce46","local_time":"20210225214540","is_ascension_mode":true,"campfire_choices":[{"data":"Accuracy","floor":11.0,"key":"SMITH"},{"data":"Blade Dance","floor":13.0,"key":"SMITH"},{"data":"Blade Dance","floor":15.0,"key":"SMITH"},{"floor":25.0,"key":"REST"},{"data":"Accuracy","floor":32.0,"key":"SMITH"},{"floor":41.0,"key":"REST"},{"data":"Envenom","floor":47.0,"key":"SMITH"},{"data":"Neutralize","floor":49.0,"key":"SMITH"}],"circlet_count":0,"master_deck":["AscendersBane","Strike_G","Defend_G+1","Defend_G","Defend_G","Defend_G","Defend_G","Survivor","Neutralize+1","After Image+1","Blade Dance+1","Blade Dance+1","Crippling Poison","Accuracy+1","Blade Dance+1","PiercingWail","A Thousand Cuts","Blur","Panache","Accuracy+1","Envenom+1","Terror+1","Blur","Parasite"],"relics":["Ring of the Snake","Ornamental Fan","MealTicket","Vajra","Golden Idol","Potion Belt","Regal Pillow","WristBlade","Lizard Tail","Question Card","Tough Bandages","Bag of Preparation","Busted Crown","CeramicFish","Old Coin","Mummified Hand"],"acts_visited":["Exordium","TheCity","TheBeyond"],"potions_floor_usage":[],"damage_taken":[{"damage":0.0,"enemies":"2 Louse","floor":1.0,"turns":3.0},{"damage":4.0,"enemies":"3 Sentries","floor":6.0,"turns":11.0},{"damage":0.0,"enemies":"Jaw Worm","floor":7.0,"turns":3.0},{"damage":0.0,"enemies":"Lagavulin","floor":12.0,"turns":3.0},{"damage":0.0,"enemies":"Hexaghost","floor":16.0,"turns":8.0},{"damage":0.0,"enemies":"Chosen","floor":18.0,"turns":2.0},{"damage":4.0,"enemies":"3 Byrds","floor":19.0,"turns":4.0},{"damage":9.0,"enemies":"Snecko","floor":20.0,"turns":4.0},{"damage":33.0,"enemies":"Gremlin Leader","floor":23.0,"turns":6.0},{"damage":25.0,"enemies":"Book of Stabbing","floor":27.0,"turns":5.0},{"damage":4.0,"enemies":"Shelled Parasite and Fungi","floor":29.0,"turns":3.0},{"damage":0.0,"enemies":"Champ","floor":33.0,"turns":9.0},{"damage":18.0,"enemies":"3 Darklings","floor":35.0,"turns":5.0},{"damage":0.0,"enemies":"Orb Walker","floor":36.0,"turns":2.0},{"damage":15.0,"enemies":"Giant Head","floor":40.0,"turns":5.0},{"damage":0.0,"enemies":"Reptomancer","floor":42.0,"turns":3.0},{"damage":12.0,"enemies":"4 Shapes","floor":44.0,"turns":5.0},{"damage":0.0,"enemies":"Spire Growth","floor":45.0,"turns":3.0},{"damage":0.0,"enemies":"Writhing Mass","floor":48.0,"turns":4.0},{"damage":55.0,"enemies":"Awakened One","floor":50.0,"turns":12.0},{"damage":33,"enemies":"Time Eater","floor":51,"turns":5}],"seed_played":"8600515848132077897","potions_obtained":[{"floor":7.0,"key":"FearPotion"},{"floor":12.0,"key":"Poison Potion"},{"floor":16.0,"key":"EntropicBrew"},{"floor":19.0,"key":"Strength Potion"},{"floor":23.0,"key":"DuplicationPotion"},{"floor":40.0,"key":"DistilledChaos"},{"floor":44.0,"key":"Dexterity Potion"}],"is_trial":false,"path_per_floor":["M","?","T","?","$","E","M","$","T","?","R","E","R","T","R","B",null,"M","M","M","$","?","E","?","R","T","E","$","M","?","$","R","B",null,"M","M","?","$","?","E","R","E","T","M","M","?","R","M","R","B","B"],"character_chosen":"THE_SILENT","items_purchased":["Blade Dance","Blade Dance","Panache"],"campfire_rested":2,"item_purchase_floors":[5,8,21],"current_hp_per_floor":[59,39,39,39,39,35,35,50,50,50,50,50,50,50,50,50,58,58,54,45,60,51,18,18,51,51,26,41,37,37,52,52,52,58,40,40,40,55,55,40,60,60,60,48,48,48,48,48,48,30,0,0],"gold":464,"neow_bonus":"ONE_RANDOM_RARE_CARD","is_daily":false,"chose_seed":false,"campfire_upgraded":6,"win_rate":0.0,"timestamp":1614318340,"path_taken":["M","?","?","?","$","E","M","?","T","?","R","E","R","?","R","BOSS","M","M","?","$","?","E","?","R","T","E","$","M","?","?","R","BOSS","M","M","?","$","?","E","R","E","T","?","?","?","R","M","R","BOSS","BOSS"],"items_purchased_type":["Card","Card","Card"],"build_version":"2020-12-22","purchased_purges":3,"victory":false,"max_hp_per_floor":[66,66,66,66,66,66,66,66,66,60,60,60,60,60,60,60,60,60,60,60,60,60,60,60,60,60,60,60,60,60,60,60,60,60,60,60,60,60,60,60,60,60,60,60,60,60,60,60,60,60,60,60],"relic_stats":{"Regal Pillow":17,"counters":[21,105],"Golden Idol":133,"CeramicFish":18,"Bag of Preparation":[20],"Question Card":10,"Lizard Tail":30,"Tough Bandages":[18],"Busted Crown":14,"Ornamental Fan":[272],"Mummified Hand":[28],"MealTicket":75,"obtain_stats":[{"Potion Belt":12,"Regal Pillow":14,"Golden Idol":10,"CeramicFish":40,"Vajra":9,"Bag of Preparation":30,"Question Card":26,"Old Coin":42,"Lizard Tail":23,"Tough Bandages":27,"Busted Crown":34,"WristBlade":17,"Ornamental Fan":3,"Mummified Hand":43,"MealTicket":6,"Ring of the Snake":0},{"Potion Belt":4,"Regal Pillow":4,"Golden Idol":3,"CeramicFish":15,"Vajra":3,"Bag of Preparation":11,"Question Card":9,"Old Coin":16,"Lizard Tail":9,"Tough Bandages":10,"Busted Crown":12,"WristBlade":5,"Ornamental Fan":1,"Mummified Hand":16,"MealTicket":2,"Ring of the Snake":0},{"Potion Belt":20,"Regal Pillow":20,"Golden Idol":17,"CeramicFish":73,"Vajra":17,"Bag of Preparation":52,"Question Card":44,"Old Coin":76,"Lizard Tail":44,"Tough Bandages":49,"Busted Crown":61,"WristBlade":28,"Ornamental Fan":3,"Mummified Hand":76,"MealTicket":14,"Ring of the Snake":0}],"Ring of the Snake":[42]},"card_choices":[{"not_picked":["Deadly Poison","PiercingWail"],"picked":"Blade Dance","floor":1.0},{"not_picked":["Deadly Poison","Flechettes"],"picked":"Crippling Poison","floor":6.0},{"not_picked":["Footwork","Envenom"],"picked":"Accuracy","floor":7.0},{"not_picked":["Dodge and Roll","Poisoned Stab"],"picked":"PiercingWail","floor":12.0},{"not_picked":["Malaise","Bullet Time"],"picked":"A Thousand Cuts","floor":16.0},{"not_picked":["Prepared","Backflip","Underhanded Strike"],"picked":"SKIP","floor":18.0},{"not_picked":["Dagger Throw","Underhanded Strike"],"picked":"Blur","floor":19.0},{"not_picked":["Sucker Punch","Dagger Throw","Dagger Spray"],"picked":"SKIP","floor":20.0},{"not_picked":["Grand Finale","Dagger Spray+1","Prepared+1"],"picked":"SKIP","floor":23.0},{"not_picked":["Poisoned Stab","Dagger Throw","Quick Slash","Flying Knee"],"picked":"SKIP","floor":27.0},{"not_picked":["Outmaneuver","Bane","Slice"],"picked":"Accuracy","floor":29.0},{"not_picked":["Die Die Die","Venomology","Malaise"],"picked":"Envenom","floor":33.0},{"not_picked":["Dagger Spray","Masterful Stab"],"picked":"SKIP","floor":35.0},{"not_picked":["Blade Dance"],"picked":"Terror","floor":36.0},{"not_picked":["Choke","Footwork"],"picked":"SKIP","floor":40.0},{"not_picked":["Poisoned Stab","Bane"],"picked":"SKIP","floor":42.0},{"not_picked":["Outmaneuver"],"picked":"Blur","floor":44.0},{"not_picked":["Catalyst","Blade Dance"],"picked":"SKIP","floor":45.0},{"not_picked":["Prepared+1","Acrobatics"],"picked":"SKIP","floor":48.0}],"player_experience":1666284,"relics_obtained":[{"floor":3.0,"key":"Ornamental Fan"},{"floor":6.0,"key":"MealTicket"},{"floor":9.0,"key":"Vajra"},{"floor":12.0,"key":"Potion Belt"},{"floor":14.0,"key":"Regal Pillow"},{"floor":23.0,"key":"Lizard Tail"},{"floor":26.0,"key":"Question Card"},{"floor":27.0,"key":"Tough Bandages"},{"floor":40.0,"key":"CeramicFish"},{"floor":42.0,"key":"Old Coin"},{"floor":43.0,"key":"Mummified Hand"}],"event_choices":[{"damage_healed":0.0,"max_hp_gain":0.0,"max_hp_loss":0.0,"gold_gain":0.0,"event_name":"Shining Light","player_choice":"Entered Light","floor":2.0,"gold_loss":0.0,"damage_taken":20.0,"cards_upgraded":["Defend_G","Blade Dance"]},{"damage_healed":0.0,"max_hp_gain":0.0,"max_hp_loss":0.0,"gold_gain":0.0,"event_name":"Living Wall","player_choice":"Grow","floor":4.0,"gold_loss":0.0,"damage_taken":0.0,"cards_upgraded":["After Image"]},{"damage_healed":0.0,"max_hp_gain":0.0,"max_hp_loss":6.0,"gold_gain":0.0,"event_name":"Golden Idol","player_choice":"Lose Max HP","floor":10.0,"gold_loss":0.0,"damage_taken":0.0,"relics_obtained":["Golden Idol"]},{"damage_healed":0.0,"max_hp_gain":0.0,"max_hp_loss":0.0,"gold_gain":0.0,"event_name":"Cursed Tome","player_choice":"Stopped","floor":22.0,"gold_loss":0.0,"damage_taken":9.0},{"damage_healed":0.0,"max_hp_gain":0.0,"max_hp_loss":0.0,"gold_gain":0.0,"event_name":"Vampires","player_choice":"Ignored","floor":24.0,"gold_loss":0.0,"damage_taken":0.0},{"damage_healed":0.0,"max_hp_gain":0.0,"max_hp_loss":0.0,"gold_gain":0.0,"event_name":"Addict","player_choice":"Obtained Relic","floor":30.0,"gold_loss":85.0,"damage_taken":0.0,"relics_obtained":["Bag of Preparation"]},{"damage_healed":0.0,"max_hp_gain":0.0,"max_hp_loss":0.0,"gold_gain":0.0,"event_name":"Mysterious Sphere","player_choice":"Ignored","floor":37.0,"gold_loss":0.0,"damage_taken":0.0},{"damage_healed":0.0,"max_hp_gain":0.0,"max_hp_loss":0.0,"gold_gain":0.0,"event_name":"Accursed Blacksmith","player_choice":"Forge","floor":39.0,"gold_loss":0.0,"damage_taken":0.0,"cards_upgraded":["Terror"]},{"cards_removed":["Strike_G"],"damage_healed":0.0,"max_hp_gain":0.0,"max_hp_loss":0.0,"gold_gain":0.0,"event_name":"Bonfire Elementals","player_choice":"Offered Basic","floor":46.0,"gold_loss":0.0,"damage_taken":0.0}],"is_beta":false,"boss_relics":[{"not_picked":["Coffee Dripper","SacredBark"],"picked":"WristBlade"},{"not_picked":["Tiny House","Snecko Eye"],"picked":"Busted Crown"}],"items_purged_floors":[21,28,38],"is_endless":false,"potions_floor_spawned":[7,12,16,18,19,23,40,44],"killed_by":"Time Eater","ascension_level":20}}