{"host":"jvrojcijqdlksu05","time":1614325876,"event":{"mods":["BaseMod","Highlight Path","Minty Spire (QoL Compilation)","Relic Stats","StSLib"],"gold_per_floor":[119,135,135,148,27,61,81,108,108,136,136,152,167,200,200,305,305,316,231,201,126,144,175,187,218,241,241,44,63,78,90,90,194,194,205,221,234,40,40,71,71,81,81,96,110,139,49,49,49,49,49,49,49,83,83],"floor_reached":56,"language":"ENG","playtime":5006,"items_purged":["Strike_R","Strike_R","Strike_R","Strike_R"],"score":1447,"play_id":"b40cf0db-234b-4e2e-ae36-b0775514bfa3","local_time":"20210225235116","is_ascension_mode":true,"campfire_choices":[{"data":"Fiend Fire","floor":11,"key":"SMITH"},{"data":"Dark Embrace","floor":15,"key":"SMITH"},{"floor":27,"key":"RECALL"},{"floor":32,"key":"REST"},{"floor":41,"key":"REST"},{"floor":49,"key":"REST"},{"floor":52,"key":"REST"}],"circlet_count":0,"master_deck":["Defend_R","Defend_R","Defend_R","Bash","Combust","Disarm","Pommel Strike","Rampage","Headbutt","Carnage","Uppercut","Fiend Fire+1","Ghostly Armor","Dark Embrace+1","Reaper","Clash+1","Havoc+1","Feel No Pain","Feed","Inflame+1","Battle Trance","Flame Barrier+1","Corruption","Warcry+1","Havoc+1","Offering","Shrug It Off","Inflame+1","Shrug It Off","Feel No Pain","Apotheosis","Blind","Uppercut+1"],"relics":["Black Blood","Anchor","Potion Belt","Art of War","Matryoshka","Bag of Preparation","Fusion Hammer","Pen Nib","Boot","Question Card","Nunchaku","Smiling Mask","Orrery","OrangePellets","Du-Vu Doll","Omamori","Meat on the Bone","Champion Belt"],"acts_visited":["Exordium","TheCity","TheBeyond","TheEnding"],"potions_floor_usage":[6,8,23,25,25,31,33,36,42,46,50,50],"damage_taken":[{"damage":2,"enemies":"2 Louse","floor":1,"turns":3},{"damage":1,"enemies":"Cultist","floor":2,"turns":4},{"damage":10,"enemies":"Small Slimes","floor":4,"turns":4},{"damage":24,"enemies":"3 Sentries","floor":6,"turns":6},{"damage":0,"enemies":"3 Louse","floor":7,"turns":3},{"damage":21,"enemies":"Lagavulin","floor":8,"turns":5},{"damage":16,"enemies":"Gremlin Nob","floor":10,"turns":3},{"damage":1,"enemies":"Red Slaver","floor":12,"turns":2},{"damage":2,"enemies":"Blue Slaver","floor":13,"turns":3},{"damage":30,"enemies":"Lagavulin","floor":14,"turns":5},{"damage":14,"enemies":"Slime Boss","floor":16,"turns":8},{"damage":0,"enemies":"3 Byrds","floor":18,"turns":6},{"damage":0,"enemies":"Chosen","floor":22,"turns":2},{"damage":26,"enemies":"Gremlin Leader","floor":23,"turns":3},{"damage":7,"enemies":"Snecko","floor":24,"turns":3},{"damage":30,"enemies":"Book of Stabbing","floor":25,"turns":5},{"damage":12,"enemies":"Snake Plant","floor":29,"turns":4},{"damage":6,"enemies":"Sentry and Sphere","floor":30,"turns":4},{"damage":5,"enemies":"Cultist and Chosen","floor":31,"turns":5},{"damage":75,"enemies":"Champ","floor":33,"turns":8},{"damage":21,"enemies":"Orb Walker","floor":35,"turns":5},{"damage":0,"enemies":"3 Darklings","floor":36,"turns":5},{"damage":64,"enemies":"Spire Growth","floor":37,"turns":6},{"damage":68,"enemies":"Giant Head","floor":40,"turns":7},{"damage":47,"enemies":"Transient","floor":42,"turns":5},{"damage":6,"enemies":"3 Darklings","floor":44,"turns":3},{"damage":8,"enemies":"4 Shapes","floor":45,"turns":6},{"damage":104,"enemies":"Reptomancer","floor":46,"turns":10},{"damage":29,"enemies":"Donu and Deca","floor":50,"turns":7},{"damage":15,"enemies":"Shield and Spear","floor":54,"turns":5},{"damage":99,"enemies":"The Heart","floor":55,"turns":10}],"seed_played":"4680499577977507718","potions_obtained":[{"floor":1,"key":"DistilledChaos"},{"floor":2,"key":"DuplicationPotion"},{"floor":7,"key":"GamblersBrew"},{"floor":13,"key":"Explosive Potion"},{"floor":16,"key":"FearPotion"},{"floor":20,"key":"LiquidMemories"},{"floor":20,"key":"Dexterity Potion"},{"floor":22,"key":"BlessingOfTheForge"},{"floor":23,"key":"SkillPotion"},{"floor":25,"key":"SkillPotion"},{"floor":29,"key":"SteroidPotion"},{"floor":30,"key":"AttackPotion"},{"floor":35,"key":"Regen Potion"},{"floor":42,"key":"EssenceOfSteel"},{"floor":46,"key":"Strength Potion"}],"is_trial":false,"path_per_floor":["M","M","?","M","$","E","M","E","T","E","R","M","M","E","R","B",null,"M","?","?","$","M","E","M","E","T","R","$","M","M","M","R","B",null,"M","M","M","$","?","E","R","M","T","M","M","E","$","?","R","B",null,"R","$","E","B",null],"character_chosen":"IRONCLAD","items_purchased":["Rampage","Headbutt","Orrery","OrangePellets","Feel No Pain"],"campfire_rested":4,"item_purchase_floors":[5,5,28,38,47],"current_hp_per_floor":[76,81,81,77,77,59,65,50,50,40,40,45,49,25,25,17,96,96,96,96,96,96,76,80,61,61,61,61,59,62,71,101,45,105,99,108,73,73,73,45,79,59,59,83,114,40,40,30,66,77,127,127,127,128,86],"gold":83,"neow_bonus":"TWENTY_PERCENT_HP_BONUS","is_daily":false,"chose_seed":false,"campfire_upgraded":2,"win_rate":0.0,"timestamp":1614325876,"path_taken":["M","M","?","M","$","E","M","E","T","E","R","M","M","E","R","BOSS","M","?","?","$","M","E","M","E","T","R","$","M","M","M","R","BOSS","M","M","M","?","?","E","R","M","T","?","M","E","$","?","R","BOSS","R","$","E","BOSS"],"items_purchased_type":["Card","Card","Relic","Relic","Card"],"build_version":"2020-12-22","purchased_purges":4,"victory":true,"max_hp_per_floor":[96,96,96,96,96,96,96,96,96,96,96,96,96,96,96,96,96,96,96,96,96,96,96,96,96,96,96,96,96,99,102,102,105,105,108,108,111,111,111,114,114,114,114,117,120,123,123,123,123,127,127,127,127,131,131],"relic_stats":{"counters":[31,155],"Black Blood":228,"Pen Nib":[22],"Bag of Preparation":[42],"Boot":[16],"Question Card":21,"Smiling Mask":225,"OrangePellets":[12],"Nunchaku":[19],"Art of War":[6],"Champion Belt":[3],"obtain_stats":[{"Potion Belt":8,"Black Blood":34,"Pen Nib":19,"Bag of Preparation":14,"Omamori":43,"Boot":23,"Question Card":25,"Smiling Mask":26,"Burning Blood":0,"Du-Vu Doll":40,"OrangePellets":38,"Anchor":6,"Nunchaku":26,"Matryoshka":10,"Orrery":28,"Fusion Hammer":17,"Art of War":9,"Champion Belt":54,"Meat on the Bone":46},{"Potion Belt":6,"Black Blood":20,"Pen Nib":12,"Bag of Preparation":10,"Omamori":25,"Boot":14,"Question Card":16,"Smiling Mask":16,"Burning Blood":0,"Du-Vu Doll":24,"OrangePellets":23,"Anchor":4,"Nunchaku":16,"Matryoshka":7,"Orrery":16,"Fusion Hammer":11,"Art of War":6,"Champion Belt":30,"Meat on the Bone":28},{"Potion Belt":25,"Black Blood":86,"Pen Nib":52,"Bag of Preparation":38,"Omamori":114,"Boot":57,"Question Card":65,"Smiling Mask":65,"Burning Blood":0,"Du-Vu Doll":109,"OrangePellets":102,"Anchor":17,"Nunchaku":65,"Matryoshka":28,"Orrery":65,"Fusion Hammer":46,"Art of War":25,"Champion Belt":145,"Meat on the Bone":133}],"Meat on the Bone":24},"card_choices":[{"not_picked":["Clash","Sword Boomerang"],"picked":"Combust","floor":1},{"not_picked":["Havoc","Armaments"],"picked":"Disarm","floor":2},{"not_picked":["Warcry","Second Wind"],"picked":"Pommel Strike","floor":4},{"not_picked":["Havoc","Body Slam"],"picked":"Carnage","floor":6},{"not_picked":["Warcry","Pommel Strike","Power Through"],"picked":"SKIP","floor":7},{"not_picked":["Headbutt","Havoc"],"picked":"Uppercut","floor":8},{"not_picked":["Perfected Strike","Dual Wield"],"picked":"Fiend Fire","floor":10},{"not_picked":["Warcry","Iron Wave"],"picked":"Ghostly Armor","floor":12},{"not_picked":["Blood for Blood","Dropkick","Combust"],"picked":"SKIP","floor":13},{"not_picked":["Perfected Strike","Anger"],"picked":"Dark Embrace","floor":14},{"not_picked":["Bludgeon","Berserk"],"picked":"Reaper","floor":16},{"not_picked":["Rage","Twin Strike","Hemokinesis"],"picked":"SKIP","floor":18},{"not_picked":["Burning Pact","True Grit"],"picked":"Clash+1","floor":22},{"not_picked":["Pummel","Thunderclap","Carnage+1"],"picked":"SKIP","floor":23},{"not_picked":["Armaments","Rampage","Cleave+1"],"picked":"SKIP","floor":24},{"not_picked":["Headbutt","Spot Weakness"],"picked":"Havoc+1","floor":25},{"not_picked":["Rupture","Uppercut","Sword Boomerang+1"],"picked":"Feel No Pain","floor":28},{"not_picked":["Bloodletting","Pommel Strike","Body Slam"],"picked":"Feed","floor":28},{"not_picked":["Rampage","Bloodletting","Headbutt"],"picked":"Inflame+1","floor":28},{"not_picked":["Shrug It Off","Perfected Strike","True Grit"],"picked":"Battle Trance","floor":29},{"not_picked":["Bloodletting+1","Hemokinesis","True Grit"],"picked":"Flame Barrier+1","floor":30},{"not_picked":["Metallicize","Armaments","Shrug It Off","Havoc"],"picked":"SKIP","floor":31},{"not_picked":["Bludgeon","Double Tap","Exhume"],"picked":"Corruption","floor":33},{"not_picked":["Body Slam+1","Headbutt+1","Iron Wave+1"],"picked":"Warcry+1","floor":35},{"not_picked":["Second Wind","Iron Wave+1","Body Slam+1"],"picked":"Havoc+1","floor":36},{"not_picked":["Clothesline","Headbutt+1","Sentinel+1","Sword Boomerang+1"],"picked":"SKIP","floor":37},{"not_picked":["Pommel Strike+1","Corruption","Flex"],"picked":"Shrug It Off","floor":40},{"not_picked":["Seeing Red","Heavy Blade","Second Wind+1"],"picked":"Inflame+1","floor":42},{"not_picked":["Evolve+1","True Grit","Sentinel","Clash"],"picked":"SKIP","floor":44},{"not_picked":["Thunderclap+1","Body Slam","Clash+1","Second Wind"],"picked":"SKIP","floor":45},{"not_picked":["Body Slam","Wild Strike","Pommel Strike"],"picked":"Shrug It Off","floor":46},{"not_picked":["Discovery","Transmutation","Mayhem"],"picked":"Apotheosis","floor":48},{"not_picked":["Flash of Steel","Panacea","Good Instincts"],"picked":"Blind","floor":48},{"not_picked":["Intimidate+1","Cleave+1","Headbutt"],"picked":"Uppercut+1","floor":54}],"player_experience":1358308,"relics_obtained":[{"floor":6,"key":"Anchor"},{"floor":8,"key":"Potion Belt"},{"floor":9,"key":"Art of War"},{"floor":10,"key":"Matryoshka"},{"floor":14,"key":"Bag of Preparation"},{"floor":23,"key":"Boot"},{"floor":25,"key":"Question Card"},{"floor":26,"key":"Nunchaku"},{"floor":26,"key":"Smiling Mask"},{"floor":40,"key":"Du-Vu Doll"},{"floor":43,"key":"Omamori"},{"floor":46,"key":"Meat on the Bone"},{"floor":54,"key":"Champion Belt"}],"event_choices":[{"cards_removed":["Defend_R"],"damage_healed":0,"gold_gain":0,"player_choice":"Purged","damage_taken":0,"max_hp_gain":0,"max_hp_loss":0,"event_name":"Purifier","floor":3,"gold_loss":0},{"damage_healed":0,"gold_gain":0,"player_choice":"Obtained Relic","damage_taken":0,"relics_obtained":["Pen Nib"],"max_hp_gain":0,"max_hp_loss":0,"event_name":"Addict","floor":19,"gold_loss":85},{"damage_healed":0,"gold_gain":0,"player_choice":"Bought 2 Potions","damage_taken":0,"max_hp_gain":0,"max_hp_loss":0,"event_name":"The Woman in Blue","floor":20,"gold_loss":0},{"damage_healed":0,"gold_gain":0,"cards_transformed":["Strike_R"],"player_choice":"Transformed","damage_taken":0,"max_hp_gain":0,"max_hp_loss":0,"event_name":"Transmorgrifier","floor":39,"gold_loss":0,"cards_obtained":["Offering"]},{"damage_healed":0,"gold_gain":0,"player_choice":"Memory 3","damage_taken":10,"max_hp_gain":0,"max_hp_loss":0,"event_name":"SensoryStone","floor":48,"gold_loss":0}],"is_beta":false,"boss_relics":[{"not_picked":["Runic Pyramid","Velvet Choker"],"picked":"Fusion Hammer"},{"not_picked":["Mark of Pain","Runic Dome"],"picked":"Black Blood"}],"items_purged_floors":[21,28,38,47],"is_endless":false,"potions_floor_spawned":[1,2,7,13,16,22,23,25,29,30,35,42,46],"ascension_level":4}}