{"host":"8jwif9mna8ud19ho","time":1614334135,"event":{"mods":["BaseMod","Better Vampires","Marisa£¨ìFÓê¡¡Ä§ÀíÉ³£©","Minty Spire (QoL Compilation)","Reimu£¨²©ÀöÁéÃÎ£©","RumiaBox-Â¶Ã×æ«µÄÉñÃØºÐ×Ó","StSLib","¡¾ÒÅÎï¿¨ÅÆ¡¿REMEMod"],"gold_per_floor":[113,113,131,206,206,236,236,268,319,338,350,350,368,65,65,139,139,155,105,123,173,184,184,209,209,209,96,122,207,247,305,305,396,396,418,161,161,193,225,225,256,275,298,337,365,389,414,364,364,376,385,385,385,106,161,185],"floor_reached":57,"language":"ZHS","playtime":2339,"items_purged":["Strike_R","Strike_R","Strike_R","Strike_R+1","Strike_R+1"],"score":3387,"play_id":"91f05608-e40b-4ff1-874c-8d7df63a4253","local_time":"20210226180855","is_ascension_mode":true,"campfire_choices":[{"data":"Blood for Blood","floor":7.0,"key":"SMITH"},{"data":"Fire Breathing","floor":12.0,"key":"SMITH"},{"data":"Feel No Pain","floor":15.0,"key":"SMITH"},{"data":"Armaments","floor":23.0,"key":"SMITH"},{"data":"REME_ACTH","floor":25.0,"key":"SMITH"},{"floor":32.0,"key":"RECALL"},{"data":"Limit Break","floor":40.0,"key":"SMITH"},{"data":"Deep Breath","floor":49.0,"key":"SMITH"},{"data":"Offering","floor":53.0,"key":"SMITH"}],"circlet_count":0,"master_deck":["AscendersBane","Defend_R","Defend_R","Defend_R","Defend_R","Bash","TreasureHunter","Blood for Blood+1","Fire Breathing+1","Feel No Pain+1","REME_ACTH+1","Armaments+1","Disarm","Feed+1","Second Wind","Warcry+1","Body Slam+1","Offering+1","CurseOfTheBell","REME_AllRoundStrike+1","Limit Break+1","Deep Breath+1","REME_TwoStrings","REME_Scribble","REME_FearOfPain+1"],"relics":["Burning Blood","REME_ComplimentaryCards","NeowsBlessing","ZombieArmy","The Courier","Boot","PreservedInsect","Smiling Mask","GodSword1","SoulBox","Molten Egg 2","Sundial","White Beast Statue","REME_ArchaeologicalTools","Juzu Bracelet","REME_HourglassOfDeath","GodSword4","Calling Bell","MealTicket","Paper Frog","Du-Vu Doll","Oddly Smooth Stone","Mummified Hand","Kunai","Bronze Scales"],"acts_visited":["Exordium","TheCity","TheBeyond","TheEnding"],"potions_floor_usage":[56],"damage_taken":[{"damage":0.0,"enemies":"Jaw Worm","floor":1.0,"turns":1.0},{"damage":0.0,"enemies":"Cultist","floor":3.0,"turns":1.0},{"damage":0.0,"enemies":"Gremlin Nob","floor":6.0,"turns":1.0},{"damage":20.0,"enemies":"3 Sentries","floor":8.0,"turns":7.0},{"damage":0.0,"enemies":"2 Louse","floor":10.0,"turns":2.0},{"damage":12.0,"enemies":"Looter","floor":11.0,"turns":3.0},{"damage":7.0,"enemies":"2 Fungi Beasts","floor":13.0,"turns":3.0},{"damage":25.0,"enemies":"Slime Boss","floor":16.0,"turns":6.0},{"damage":0.0,"enemies":"Chosen","floor":18.0,"turns":5.0},{"damage":25.0,"enemies":"Spheric Guardian","floor":20.0,"turns":5.0},{"damage":9.0,"enemies":"Chosen and Byrds","floor":22.0,"turns":5.0},{"damage":0.0,"enemies":"REME_1_Revenger","floor":24.0,"turns":5.0},{"damage":0.0,"enemies":"Book of Stabbing","floor":28.0,"turns":3.0},{"damage":1.0,"enemies":"3 Cultists","floor":29.0,"turns":4.0},{"damage":0.0,"enemies":"Centurion and Healer","floor":30.0,"turns":5.0},{"damage":0.0,"enemies":"Gremlin Leader","floor":31.0,"turns":6.0},{"damage":69.0,"enemies":"Automaton","floor":33.0,"turns":8.0},{"damage":35.0,"enemies":"3 Darklings","floor":35.0,"turns":3.0},{"damage":0.0,"enemies":"Orb Walker","floor":38.0,"turns":2.0},{"damage":8.0,"enemies":"Transient","floor":39.0,"turns":6.0},{"damage":38.0,"enemies":"4 Shapes","floor":41.0,"turns":3.0},{"damage":6.0,"enemies":"Sphere and 2 Shapes","floor":42.0,"turns":1.0},{"damage":14.0,"enemies":"Nemesis","floor":44.0,"turns":1.0},{"damage":2.0,"enemies":"Jaw Worm Horde","floor":45.0,"turns":2.0},{"damage":10.0,"enemies":"Maw","floor":46.0,"turns":3.0},{"damage":9.0,"enemies":"Transient","floor":47.0,"turns":6.0},{"damage":8.0,"enemies":"Donu and Deca","floor":50.0,"turns":4.0},{"damage":8.0,"enemies":"Awakened One","floor":51.0,"turns":4.0},{"damage":22.0,"enemies":"Shield and Spear","floor":55.0,"turns":3.0},{"damage":27,"enemies":"The Heart","floor":56,"turns":6}],"seed_played":"-1318178784464123956","potions_obtained":[{"floor":1.0,"key":"EssenceOfSteel"},{"floor":6.0,"key":"Strength Potion"},{"floor":13.0,"key":"ColorlessPotion"},{"floor":16.0,"key":"SkillPotion"},{"floor":24.0,"key":"DuplicationPotion"},{"floor":28.0,"key":"Fruit Juice"},{"floor":29.0,"key":"GamblersBrew"},{"floor":31.0,"key":"AttackPotion"},{"floor":33.0,"key":"Dexterity Potion"},{"floor":35.0,"key":"REME_GoldPotion"},{"floor":38.0,"key":"Strength Potion"},{"floor":41.0,"key":"BloodPotion"},{"floor":42.0,"key":"Energy Potion"},{"floor":55.0,"key":"DuplicationPotion"}],"is_trial":false,"path_per_floor":["M","?","M","?","?","E","R","E","T","M","M","R","M","$","R","B",null,"M","?","M","?","M","R","E","R","T","$","E","M","M","E","R","B",null,"M","$","?","M","M","R","M","M","T","E","M","M","M","$","R","B","B",null,"R","$","E","B",null],"character_chosen":"IRONCLAD","items_purchased":["Feel No Pain","GodSword1","Second Wind","REME_AllRoundStrike+1","Limit Break","Mummified Hand"],"campfire_rested":0,"item_purchase_floors":[14,14,27,36,36,54],"current_hp_per_floor":[74,75,75,64,41,47,47,33,33,39,33,33,32,32,32,13,60,66,66,47,47,44,44,50,50,50,50,61,70,80,86,86,23,72,47,62,52,58,58,58,47,47,47,41,47,51,51,66,66,66,70,107,107,119,105,84],"gold":185,"neow_bonus":"THREE_ENEMY_KILL","is_daily":false,"chose_seed":false,"campfire_upgraded":8,"win_rate":0.0,"timestamp":1614334135,"path_taken":["M","?","?","?","?","E","R","E","T","M","M","R","M","$","R","BOSS","BOSS","M","?","?","?","M","R","E","R","T","$","E","M","M","E","R","BOSS","M","$","?","M","M","R","M","M","T","E","M","M","M","$","R","BOSS","BOSS","R","$","E","BOSS"],"items_purchased_type":["Card","Relic","Card","Card","Card","Relic"],"build_version":"2020-12-22","purchased_purges":5,"victory":true,"max_hp_per_floor":[75,75,75,75,75,75,75,75,75,75,75,75,75,75,75,75,75,75,75,75,75,75,75,75,75,75,75,80,84,88,88,88,88,88,92,92,92,92,94,94,96,96,96,98,100,108,111,111,111,113,119,119,119,119,121,121],"card_choices":[{"not_picked":["Clash","Perfected Strike","Heavy Blade"],"picked":"SKIP","floor":1.0},{"not_picked":["Entrench","Clash","Wild Strike"],"picked":"SKIP","floor":3.0},{"not_picked":["Warcry","Infernal Blade"],"picked":"Blood for Blood","floor":6.0},{"not_picked":["Feel No Pain","Disarm"],"picked":"Fire Breathing","floor":8.0},{"not_picked":["Iron Wave","Anger","Inflame"],"picked":"SKIP","floor":10.0},{"not_picked":["Flex","Headbutt","Seeing Red"],"picked":"SKIP","floor":11.0},{"not_picked":["Headbutt","Wild Strike","Clash"],"picked":"SKIP","floor":13.0},{"not_picked":["Feed","REME_Fury"],"picked":"REME_ACTH","floor":16.0},{"not_picked":["Searing Blow","Hemokinesis","Infernal Blade"],"picked":"SKIP","floor":18.0},{"not_picked":["Shrug It Off","Iron Wave"],"picked":"Armaments","floor":20.0},{"not_picked":["REME_Cut","Cleave"],"picked":"Disarm","floor":22.0},{"not_picked":["Thunderclap+1","Armaments"],"picked":"Feed+1","floor":24.0},{"not_picked":["Headbutt+1","Searing Blow+1"],"picked":"Warcry+1","floor":28.0},{"not_picked":["Searing Blow+1","Twin Strike+1"],"picked":"Body Slam+1","floor":29.0},{"not_picked":["Anger+1","Dual Wield","Havoc"],"picked":"SKIP","floor":30.0},{"not_picked":["Shrug It Off","Clothesline+1","Thunderclap+1"],"picked":"SKIP","floor":31.0},{"not_picked":["Corruption","Reaper+1"],"picked":"Offering","floor":33.0},{"not_picked":["Iron Wave+1","Body Slam+1","Metallicize"],"picked":"SKIP","floor":35.0},{"not_picked":["Trip","Thinking Ahead"],"picked":"Deep Breath","floor":37.0},{"not_picked":["Impatience","Swift Strike+1"],"picked":"REME_TwoStrings","floor":37.0},{"not_picked":["Anger+1","Wild Strike+1"],"picked":"REME_Scribble","floor":38.0},{"not_picked":["Iron Wave+1","Reckless Charge+1","Carnage+1"],"picked":"SKIP","floor":39.0},{"not_picked":["Sever Soul+1","Wild Strike+1","Second Wind+1"],"picked":"SKIP","floor":41.0},{"not_picked":["Pommel Strike+1","True Grit+1"],"picked":"REME_FearOfPain+1","floor":42.0},{"not_picked":["Anger+1","Rampage+1","Rage"],"picked":"SKIP","floor":44.0},{"not_picked":["Rampage+1","Evolve","Sword Boomerang+1"],"picked":"SKIP","floor":45.0},{"not_picked":["Twin Strike+1","Flex+1","Intimidate"],"picked":"SKIP","floor":46.0},{"not_picked":["Fire Breathing","Cleave+1","Flex"],"picked":"SKIP","floor":47.0},{"not_picked":["Spot Weakness","Headbutt+1","Juggernaut"],"picked":"SKIP","floor":55.0}],"player_experience":1137043,"relics_obtained":[{"floor":6.0,"key":"ZombieArmy"},{"floor":6.0,"key":"The Courier"},{"floor":8.0,"key":"Boot"},{"floor":8.0,"key":"PreservedInsect"},{"floor":9.0,"key":"Smiling Mask"},{"floor":24.0,"key":"Molten Egg 2"},{"floor":24.0,"key":"Sundial"},{"floor":26.0,"key":"White Beast Statue"},{"floor":28.0,"key":"REME_ArchaeologicalTools"},{"floor":28.0,"key":"Juzu Bracelet"},{"floor":31.0,"key":"REME_HourglassOfDeath"},{"floor":31.0,"key":"GodSword4"},{"floor":34.0,"key":"MealTicket"},{"floor":34.0,"key":"Paper Frog"},{"floor":34.0,"key":"Du-Vu Doll"},{"floor":44.0,"key":"Oddly Smooth Stone"},{"floor":55.0,"key":"Kunai"},{"floor":55.0,"key":"Bronze Scales"}],"event_choices":[{"damage_healed":1.0,"max_hp_gain":0.0,"max_hp_loss":0.0,"gold_gain":0.0,"event_name":"Wheel of Change","player_choice":"Full Heal","floor":2.0,"gold_loss":0.0,"damage_taken":0.0},{"damage_healed":0.0,"max_hp_gain":0.0,"max_hp_loss":0.0,"gold_gain":75.0,"event_name":"World of Goop","player_choice":"Gather Gold","floor":4.0,"gold_loss":0.0,"damage_taken":11.0},{"damage_healed":0.0,"max_hp_gain":0.0,"max_hp_loss":0.0,"gold_gain":0.0,"event_name":"Shining Light","player_choice":"Entered Light","floor":5.0,"gold_loss":0.0,"damage_taken":23.0,"cards_upgraded":["Strike_R","Strike_R"]},{"damage_healed":0.0,"max_hp_gain":0.0,"max_hp_loss":0.0,"gold_gain":0.0,"event_name":"The Joust","player_choice":"Bet on Murderer","floor":19.0,"gold_loss":50.0,"damage_taken":0.0},{"damage_healed":0.0,"max_hp_gain":0.0,"max_hp_loss":0.0,"gold_gain":50.0,"event_name":"Nest","player_choice":"Stole From Cult","floor":21.0,"gold_loss":0.0,"damage_taken":0.0},{"damage_healed":0.0,"max_hp_gain":0.0,"max_hp_loss":0.0,"gold_gain":0.0,"event_name":"SensoryStone","player_choice":"Memory 3","floor":37.0,"gold_loss":0.0,"damage_taken":10.0}],"is_beta":false,"boss_relics":[{"not_picked":["Mark of Pain","REME_DuelDisc"],"picked":"SoulBox"},{"not_picked":["Coffee Dripper","SacredBark"],"picked":"Calling Bell"}],"items_purged_floors":[14,27,36,48,54],"is_endless":false,"potions_floor_spawned":[1,6,13,16,20,22,24,28,29,30,31,33,35,38,39,41,42,44,45,46,47,55],"ascension_level":20}}