{"host":"3n5xmnb54n2y5mb4","time":1614309295,"event":{"mods":["BaseMod","Colored Map","Colored Powertips","Downfall","Minty Spire (QoL Compilation)","Permanent Neow","StSLib","Unceasing Turn Reminder","everything is the same but u backflip on backflip"],"gold_per_floor":[0,12,24,24,99,99,99,124,124,136,154,183,83,83,94,193,193,193,213,109,209,47,79,79,164,164,180,191,217,217,235,247,352,352,352,369,25,25,75,108,108,124,124,124,2,2,38,48,59,59,59,59],"floor_reached":50,"language":"ENG","playtime":2680,"items_purged":[],"score":669,"play_id":"d309c662-44c3-4699-95a7-0ab5dd6ce221","local_time":"20210225221455","is_ascension_mode":true,"campfire_choices":[{"data":"Slimebound:Darklings","floor":1.0,"key":"SMITH"},{"data":"Slimebound:Nibble","floor":6.0,"key":"SMITH"},{"floor":9.0,"key":"RECALL"},{"data":"Slimebound:Split","floor":13.0,"key":"SMITH"},{"data":"Slimebound:CorrosiveSpit","floor":18.0,"key":"SMITH"},{"floor":26.0,"key":"REST"},{"data":"Slimebound:LeadByExample","floor":30.0,"key":"SMITH"},{"data":"Slimebound:MinionMaster","floor":35.0,"key":"SMITH"},{"data":"Slimebound:Defend_Slimebound","floor":44.0,"key":"PURGE"}],"circlet_count":0,"master_deck":["Slimebound:Defend_Slimebound","Slimebound:Defend_Slimebound","Slimebound:Defend_Slimebound","Slimebound:Split+1","Slimebound:Recollect","Slimebound:Darklings+1","Slimebound:Dissolve","Slimebound:Nibble+1","Slimebound:LeechingTouch+1","Slimebound:ItLooksTasty+1","Slimebound:SplitMire","Slimebound:Nibble+1","Slimebound:RallyTheTroops+1","Slimebound:LeechEnergy+1","Slimebound:PressTheAttack+1","Slimebound:Gluttony","Slimebound:GoopSpray+1","Slimebound:LeadByExample+1","Slimebound:SlimeSlap+1","Slimebound:ComboTackle+1","Slimebound:SlimeBrawl","Slimebound:HauntingLick+1","Slimebound:MinionMaster+1","Slimebound:PressTheAttack+1","Slimebound:SpikyOuterGoop","Slimebound:OneTwoCombo+1","Slimebound:SlimeBarrage+1","Slimebound:RallyTheTroops+1","Slimebound:MinionMaster","Slimebound:Replication"],"relics":["Slimebound:AbsorbEndCombat","Mango","Odd Mushroom","downfall:HeartBlessingRed","Runic Dome","Medical Kit","Orichalcum","Bottled Lightning","Omamori","Runic Pyramid","Bottled Flame","FossilizedHelix","Peace Pipe","The Courier","Eternal Feather","DollysMirror","CeramicFish"],"acts_visited":["Exordium","TheCity","TheBeyond"],"potions_floor_usage":[47,50],"damage_taken":[{"damage":6.0,"enemies":"Jaw Worm","floor":2.0,"turns":5.0},{"damage":0.0,"enemies":"Small Slimes","floor":3.0,"turns":4.0},{"damage":5.0,"enemies":"3 Sentries","floor":8.0,"turns":7.0},{"damage":0.0,"enemies":"2 Louse","floor":10.0,"turns":2.0},{"damage":9.0,"enemies":"Lots of Slimes","floor":11.0,"turns":4.0},{"damage":11.0,"enemies":"The Mushroom Lair","floor":12.0,"turns":4.0},{"damage":0.0,"enemies":"2 Fungi Beasts","floor":15.0,"turns":2.0},{"damage":0.0,"enemies":"SI_SHIV_ARCHETYPE","floor":16.0,"turns":5.0},{"damage":0.0,"enemies":"Shell Parasite","floor":19.0,"turns":3.0},{"damage":0.0,"enemies":"downfall:FleeingMerchant","floor":20.0,"turns":4.0},{"damage":4.0,"enemies":"downfall:FleeingMerchant","floor":22.0,"turns":4.0},{"damage":16.0,"enemies":"Gremlin Leader","floor":23.0,"turns":4.0},{"damage":0.0,"enemies":"Chosen","floor":27.0,"turns":3.0},{"damage":2.0,"enemies":"Centurion and Healer","floor":28.0,"turns":4.0},{"damage":11.0,"enemies":"Slavers","floor":29.0,"turns":4.0},{"damage":4.0,"enemies":"Shelled Parasite and Fungi","floor":31.0,"turns":2.0},{"damage":9.0,"enemies":"Snecko","floor":32.0,"turns":3.0},{"damage":14.0,"enemies":"IC_MUSHROOM_ARCHETYPE","floor":33.0,"turns":4.0},{"damage":27.0,"enemies":"3 Darklings","floor":36.0,"turns":3.0},{"damage":10.0,"enemies":"downfall:FleeingMerchant","floor":37.0,"turns":3.0},{"damage":0.0,"enemies":"downfall:FleeingMerchant","floor":39.0,"turns":3.0},{"damage":6.0,"enemies":"Nemesis","floor":40.0,"turns":3.0},{"damage":0.0,"enemies":"Orb Walker","floor":42.0,"turns":2.0},{"damage":18.0,"enemies":"Orb Walker","floor":43.0,"turns":3.0},{"damage":0,"enemies":"Giant Head","floor":47,"turns":6},{"damage":0,"enemies":"Writhing Mass","floor":48,"turns":3},{"damage":5,"enemies":"4 Shapes","floor":49,"turns":3},{"damage":95,"enemies":"DF_ARCHETYPE_ORBS","floor":50,"turns":5}],"seed_played":"-1460247676242712285","potions_obtained":[{"floor":2.0,"key":"CultistPotion"},{"floor":12.0,"key":"sneckomod:MuddlingPotion"},{"floor":23.0,"key":"Swift Potion"},{"floor":27.0,"key":"Ancient Potion"},{"floor":32.0,"key":"DuplicationPotion"},{"floor":42.0,"key":"PowerPotion"},{"floor":48,"key":"GamblersBrew"}],"is_trial":false,"path_per_floor":["R","M","M","?","?","R","T","E","R","M","M","?","R","?","M","B",null,"R","M","$","?","$","E","T","?","R","M","M","E","R","M","M","B",null,"R","M","$","?","?","E","T","M","?","R","$","?","E","M","M","B"],"character_chosen":"SLIMEBOUND","items_purchased":["Slimebound:PressTheAttack+1","Slimebound:Gluttony","Medical Kit","Bottled Flame","FossilizedHelix","Slimebound:PressTheAttack+1","Slimebound:SpikyOuterGoop","DollysMirror"],"campfire_rested":1,"item_purchase_floors":[20,20,22,37,37,37,37,45],"current_hp_per_floor":[65,61,65,65,65,65,65,79,79,79,75,70,70,70,78,79,79,79,79,79,79,79,71,71,59,79,79,79,70,70,68,61,55,79,79,56,54,54,62,62,62,66,56,71,71,71,79,79,76,0,0,0],"gold":59,"neow_bonus":"TRANSFORM_TWO_CARDS","is_daily":false,"chose_seed":false,"campfire_upgraded":6,"win_rate":0.0,"timestamp":1614309295,"path_taken":["R","M","M","?","?","R","T","E","R","?","M","?","R","?","M","BOSS","R","M","?","?","$","E","T","?","R","M","M","E","R","M","M","BOSS","R","M","$","?","?","E","T","M","?","R","$","?","E","?","M","BOSS"],"items_purchased_type":["Card","Card","Relic","Relic","Relic","Card","Card","Relic"],"build_version":"2020-12-22","purchased_purges":0,"victory":false,"max_hp_per_floor":[65,65,65,65,65,65,65,79,79,79,79,79,79,79,79,79,79,79,79,79,79,79,79,79,79,79,79,79,79,79,79,79,79,79,79,79,79,79,79,79,79,79,79,79,79,79,79,79,79,79,79,79],"card_choices":[{"not_picked":["Slimebound:ComboTackle","Slimebound:SplitAcid"],"picked":"Slimebound:Dissolve","floor":2.0},{"not_picked":["Slimebound:RollThrough","Slimebound:SplitBruiser"],"picked":"Slimebound:Nibble","floor":3.0},{"not_picked":["Slimebound:Schlurp","Slimebound:RollThrough+1"],"picked":"Slimebound:LeechingTouch+1","floor":8.0},{"not_picked":["Slimebound:GoopSpray","Slimebound:SplitBruiser","Slimebound:CheckThePlaybook"],"picked":"SKIP","floor":10.0},{"not_picked":["Slimebound:SamplingLick","Slimebound:Dissolve"],"picked":"Slimebound:ItLooksTasty+1","floor":11.0},{"not_picked":["Slimebound:SplitBruiser","Slimebound:SamplingLick"],"picked":"Slimebound:SplitMire","floor":12.0},{"not_picked":["Slimebound:GoopSpray","Slimebound:FormOfPuddle"],"picked":"Slimebound:Nibble+1","floor":15.0},{"not_picked":["Slimebound:Overexert","Slimebound:Teamwork"],"picked":"Slimebound:RallyTheTroops+1","floor":16.0},{"not_picked":["Slimebound:SplitMire+1","Slimebound:SamplingLick","Slimebound:SplitBruiser+1"],"picked":"SKIP","floor":19.0},{"not_picked":["Slimebound:ItLooksTasty+1","Slimebound:SlimeSpikes"],"picked":"Slimebound:LeechEnergy+1","floor":20.0},{"not_picked":["Slimebound:ComboTackle+1","Slimebound:LeechingTouch+1"],"picked":"Slimebound:GoopSpray+1","floor":22.0},{"not_picked":["Slimebound:Replication","Slimebound:LeechingTouch+1"],"picked":"Slimebound:LeadByExample","floor":23.0},{"not_picked":["Slimebound:ViciousTackle+1","Slimebound:RollThrough+1"],"picked":"Slimebound:SlimeSlap+1","floor":27.0},{"not_picked":["Slimebound:Equalize+1","Slimebound:ItLooksTasty+1","Slimebound:GrowthPunch+1"],"picked":"SKIP","floor":28.0},{"not_picked":["Slimebound:GoopTackle+1","Slimebound:SplitBruiser"],"picked":"Slimebound:ComboTackle+1","floor":29.0},{"not_picked":["Slimebound:GoopTackle+1","Slimebound:Nibble+1"],"picked":"Slimebound:SlimeBrawl","floor":31.0},{"not_picked":["Slimebound:SplitMire+1","Slimebound:ComboTackle+1"],"picked":"Slimebound:HauntingLick+1","floor":32.0},{"not_picked":["Slimebound:DouseInSlime","Slimebound:SlimeSlap+1"],"picked":"Slimebound:MinionMaster","floor":33.0},{"not_picked":["Slimebound:RollThrough+1","Slimebound:Chomp+1","Slimebound:LeechEnergy+1"],"picked":"SKIP","floor":36.0},{"not_picked":["Slimebound:HungryTackle+1","Slimebound:ItLooksTasty+1","Slimebound:SamplingLick+1"],"picked":"SKIP","floor":37.0},{"not_picked":["Slimebound:GoopSpray+1","Slimebound:HauntingLick"],"picked":"Slimebound:OneTwoCombo+1","floor":40.0},{"not_picked":["Slimebound:GoopSpray+1","Slimebound:LeechingTouch+1"],"picked":"Slimebound:SlimeBarrage+1","floor":42.0},{"not_picked":["Slimebound:GrowthPunch+1","Slimebound:PressTheAttack"],"picked":"Slimebound:Replication","floor":47},{"not_picked":["Slimebound:LeechEnergy+1","Slimebound:LeechLife","Slimebound:SplitSpecialist+1"],"picked":"SKIP","floor":48},{"not_picked":["Slimebound:LivingWall+1","Slimebound:HauntingLick","Slimebound:HungryTackle+1"],"picked":"SKIP","floor":49}],"player_experience":1173742,"relics_obtained":[{"floor":7.0,"key":"Molten Egg 2"},{"floor":8.0,"key":"Mango"},{"floor":12.0,"key":"Odd Mushroom"},{"floor":23.0,"key":"Orichalcum"},{"floor":24.0,"key":"Bottled Lightning"},{"floor":29.0,"key":"Omamori"},{"floor":39.0,"key":"Peace Pipe"},{"floor":40.0,"key":"The Courier"},{"floor":41.0,"key":"Eternal Feather"},{"floor":47,"key":"CeramicFish"}],"event_choices":[{"damage_healed":0.0,"max_hp_gain":0.0,"max_hp_loss":0.0,"gold_gain":0.0,"event_name":"Mushrooms","player_choice":"Fought Mushrooms","floor":12.0,"gold_loss":0.0,"damage_taken":0.0},{"cards_removed":["Slimebound:CorrosiveSpit"],"damage_healed":0.0,"max_hp_gain":0.0,"max_hp_loss":0.0,"gold_gain":0.0,"event_name":"Falling","player_choice":"Removed Skill","floor":38.0,"gold_loss":0.0,"damage_taken":0.0}],"is_beta":false,"boss_relics":[{"not_picked":["SacredBark","Pandora\u0027s Box"],"picked":"Runic Dome"},{"not_picked":["Snecko Eye","Empty Cage"],"picked":"Runic Pyramid"}],"items_purged_floors":[],"is_endless":false,"potions_floor_spawned":[2,12,23,27,32,39,42,48],"killed_by":"DF_ARCHETYPE_ORBS","ascension_level":1}}