{"host":"dhv3u8yhd2rnugsp","time":1614316160,"event":{"mods":["BaseMod","Block Reminder","Colored Map","Googly Eyes","Highlight Path","Minty Spire (QoL Compilation)","Permanent Neow","Quick Restart","Random Character Button","StSLib"],"gold_per_floor":[111,130,141,159,179,205,205,232,258,284,307,307,333,333,333,405,405,425,436,451,219,233,233,263,263,263,290,73,115,115,40,49,49,49],"floor_reached":33,"language":"ENG","playtime":1992,"items_purged":["Strike_B","Strike_B"],"score":646,"play_id":"7112a341-e6e6-4abc-8888-72b7d2dc0296","local_time":"20210225230920","is_ascension_mode":true,"campfire_choices":[{"floor":7,"key":"REST"},{"floor":12,"key":"REST"},{"floor":15,"key":"REST"},{"data":"Biased Cognition","floor":23,"key":"SMITH"},{"floor":32,"key":"REST"}],"circlet_count":0,"master_deck":["AscendersBane","Strike_B+1","Strike_B+1","Defend_B","Defend_B+1","Defend_B","Zap","Dualcast","Self Repair+1","Sweeping Beam","Coolheaded","Cold Snap+1","Core Surge","Leap","Chill+1","Cold Snap","Conserve Battery","Biased Cognition+1","Doom and Gloom","Lockon","Coolheaded","Blizzard+1"],"relics":["Black Star","Bird Faced Urn","Bag of Preparation","Boot","Dream Catcher","War Paint","Odd Mushroom","Ancient Tea Set","FossilizedHelix","Pen Nib","SlaversCollar","Lantern","Art of War","Whetstone","Molten Egg 2","Oddly Smooth Stone","Smiling Mask","DataDisk","CeramicFish","StrikeDummy"],"acts_visited":["Exordium","TheCity"],"potions_floor_usage":[6,6,8,10,16,19,24,24,29],"damage_taken":[{"damage":2,"enemies":"Cultist","floor":1,"turns":4},{"damage":10,"enemies":"Small Slimes","floor":2,"turns":4},{"damage":12,"enemies":"Jaw Worm","floor":3,"turns":4},{"damage":10,"enemies":"2 Fungi Beasts","floor":4,"turns":4},{"damage":15,"enemies":"Large Slime","floor":5,"turns":6},{"damage":35,"enemies":"Gremlin Nob","floor":6,"turns":4},{"damage":24,"enemies":"Lagavulin","floor":8,"turns":10},{"damage":10,"enemies":"The Mushroom Lair","floor":10,"turns":4},{"damage":14,"enemies":"3 Sentries","floor":13,"turns":11},{"damage":31,"enemies":"Slime Boss","floor":16,"turns":14},{"damage":0,"enemies":"Shell Parasite","floor":18,"turns":9},{"damage":8,"enemies":"3 Byrds","floor":19,"turns":5},{"damage":0,"enemies":"Centurion and Healer","floor":20,"turns":8},{"damage":0,"enemies":"Snecko","floor":22,"turns":6},{"damage":7,"enemies":"Book of Stabbing","floor":24,"turns":6},{"damage":54,"enemies":"Gremlin Leader","floor":27,"turns":9},{"damage":14,"enemies":"Slavers","floor":29,"turns":5},{"damage":45,"enemies":"Champ","floor":33,"turns":17}],"seed_played":"2046828442012885681","potions_obtained":[{"floor":1,"key":"DuplicationPotion"},{"floor":3,"key":"CultistPotion"},{"floor":6,"key":"Fire Potion"},{"floor":8,"key":"DistilledChaos"},{"floor":10,"key":"PowerPotion"},{"floor":16,"key":"Dexterity Potion"},{"floor":18,"key":"LiquidMemories"},{"floor":20,"key":"AttackPotion"},{"floor":27,"key":"Ancient Potion"}],"is_trial":false,"path_per_floor":["M","M","M","M","M","E","R","E","T","?","T","R","E","?","R","B",null,"M","M","M","$","M","R","E","?","T","E","$","E","?","?","R","B"],"character_chosen":"DEFECT","items_purchased":["Lantern","DataDisk"],"campfire_rested":4,"item_purchase_floors":[21,28],"current_hp_per_floor":[62,59,54,51,43,15,36,21,21,20,20,41,36,15,36,19,58,71,71,71,71,71,71,71,71,71,31,31,31,11,11,33,0,0],"gold":49,"neow_bonus":"BOSS_RELIC","is_daily":false,"chose_seed":false,"campfire_upgraded":1,"win_rate":0.0,"timestamp":1614316160,"path_taken":["M","M","M","?","M","E","R","E","T","?","?","R","E","?","R","BOSS","M","M","M","$","M","R","E","?","T","E","$","E","?","?","R","BOSS"],"items_purchased_type":["Relic","Relic"],"build_version":"2020-12-22","purchased_purges":2,"victory":false,"max_hp_per_floor":[71,71,71,71,71,71,71,71,71,71,71,71,71,71,71,71,71,71,71,71,71,71,71,71,71,71,71,71,71,76,76,76,76,76],"card_choices":[{"not_picked":["Steam Power","Capacitor"],"picked":"Self Repair","floor":1},{"not_picked":["White Noise","Blizzard"],"picked":"Sweeping Beam","floor":2},{"not_picked":["Hologram","Rebound"],"picked":"Coolheaded","floor":3},{"not_picked":["Turbo","Defragment"],"picked":"Cold Snap","floor":4},{"not_picked":["Undo","Rip and Tear"],"picked":"Core Surge","floor":5},{"not_picked":["Chaos","Barrage"],"picked":"Leap","floor":6},{"not_picked":["Go for the Eyes","BootSequence"],"picked":"Chill","floor":8},{"not_picked":["Beam Cell","Steam"],"picked":"Cold Snap","floor":12},{"not_picked":["Storm","Thunder Strike","Go for the Eyes"],"picked":"SKIP","floor":13},{"not_picked":["Steam","Streamline"],"picked":"Conserve Battery","floor":15},{"not_picked":["Buffer","Seek"],"picked":"Biased Cognition","floor":16},{"not_picked":["Self Repair","Go for the Eyes"],"picked":"Doom and Gloom","floor":18},{"not_picked":["Turbo","Stack","Barrage"],"picked":"SKIP","floor":19},{"not_picked":["Leap","Turbo","Force Field"],"picked":"SKIP","floor":20},{"not_picked":["Cold Snap+1","Heatsinks","Chill"],"picked":"SKIP","floor":22},{"not_picked":["Genetic Algorithm","Sweeping Beam+1"],"picked":"Lockon","floor":24},{"not_picked":["Aggregate","Stack","Double Energy"],"picked":"SKIP","floor":27},{"not_picked":["Tempest","Recycle"],"picked":"Coolheaded","floor":29},{"not_picked":["Stack+1","Conserve Battery+1"],"picked":"Blizzard+1","floor":32}],"player_experience":1710513,"relics_obtained":[{"floor":6,"key":"Bird Faced Urn"},{"floor":6,"key":"Bag of Preparation"},{"floor":8,"key":"Boot"},{"floor":8,"key":"Dream Catcher"},{"floor":9,"key":"War Paint"},{"floor":10,"key":"Odd Mushroom"},{"floor":11,"key":"Ancient Tea Set"},{"floor":13,"key":"FossilizedHelix"},{"floor":13,"key":"Pen Nib"},{"floor":24,"key":"Art of War"},{"floor":24,"key":"Whetstone"},{"floor":26,"key":"Molten Egg 2"},{"floor":27,"key":"Oddly Smooth Stone"},{"floor":27,"key":"Smiling Mask"},{"floor":29,"key":"CeramicFish"},{"floor":29,"key":"StrikeDummy"}],"event_choices":[{"damage_healed":0,"gold_gain":0,"player_choice":"Fought Mushrooms","damage_taken":0,"max_hp_gain":0,"max_hp_loss":0,"event_name":"Mushrooms","floor":10,"gold_loss":0},{"damage_healed":0,"gold_gain":0,"player_choice":"Entered Light","damage_taken":21,"max_hp_gain":0,"max_hp_loss":0,"event_name":"Shining Light","floor":14,"gold_loss":0,"cards_upgraded":["Self Repair","Strike_B"]},{"damage_healed":0,"gold_gain":0,"player_choice":"Ignored","damage_taken":0,"max_hp_gain":0,"max_hp_loss":0,"event_name":"Ghosts","floor":25,"gold_loss":0},{"damage_healed":0,"gold_gain":0,"player_choice":"Shed Blood","damage_taken":25,"max_hp_gain":5,"max_hp_loss":0,"event_name":"Forgotten Altar","floor":30,"gold_loss":0},{"cards_removed":["Defend_B"],"damage_healed":0,"gold_gain":0,"player_choice":"Gave Gold","damage_taken":0,"max_hp_gain":0,"max_hp_loss":0,"event_name":"Beggar","floor":31,"gold_loss":75}],"is_beta":false,"boss_relics":[{"not_picked":["Ectoplasm","Empty Cage"],"picked":"SlaversCollar"}],"items_purged_floors":[21,28],"is_endless":false,"potions_floor_spawned":[1,3,6,8,10,16,18,20,27],"killed_by":"Champ","ascension_level":20}}