{"host":"h2gxemxa99wv6yfu","time":1614314615,"event":{"mods":["AchievementEnabler","BaseMod","Better Note","Better Skull","BetterRewards","Block Reminder","Colored Powertips","Friendly Minions","Googly Eyes","Highlight Path","Infinite Spire","Minty Spire (QoL Compilation)","Permanent Neow","Quick Restart","Relic Sorter","Relic Stats","Reliquary","Replay The Spire","Shop Mod","StSLib","Uncapped"],"gold_per_floor":[112,387,404,424,599,609,609,609,609,625,625,400,400,400],"floor_reached":13,"language":"ENG","playtime":249,"items_purged":["Regret"],"score":79,"play_id":"2fa4c97c-817b-45ad-be36-473dabecdf5f","local_time":"20210225224335","is_ascension_mode":true,"campfire_choices":[],"circlet_count":0,"master_deck":["Strike_B","Strike_B","Strike_B","Strike_B","Defend_B","Defend_B","Defend_B","Defend_B","Zap+1","Dualcast+1","Gash","Doubt","Go for the Eyes"],"relics":["Cracked Core","NeowsBlessing","Golden Idol","Replay:Bottled Flurry","reliquary:Buckler"],"acts_visited":["Exordium"],"potions_floor_usage":[10],"damage_taken":[{"damage":0,"enemies":"2 Louse","floor":1,"turns":1},{"damage":0,"enemies":"Cultist","floor":3,"turns":1},{"damage":0,"enemies":"Jaw Worm","floor":4,"turns":1},{"damage":16,"enemies":"Blue Slaver","floor":6,"turns":3},{"damage":10,"enemies":"Large Slime","floor":10,"turns":6},{"damage":34,"enemies":"Lagavulin","floor":13,"turns":7}],"seed_played":"-418736868194830816","potions_obtained":[{"floor":3,"key":"Adrenaline Potion"}],"is_trial":false,"path_per_floor":["M","?","M","M","?","M","?","PTL","PTL","M","T","$","E"],"character_chosen":"DEFECT","items_purchased":["reliquary:Buckler"],"campfire_rested":0,"item_purchase_floors":[12],"current_hp_per_floor":[75,75,75,75,75,59,41,41,41,31,31,31,0,0],"gold":400,"neow_bonus":"THREE_ENEMY_KILL","is_daily":false,"chose_seed":false,"campfire_upgraded":0,"win_rate":0.0,"timestamp":1614314615,"path_taken":["M","?","M","?","?","M","?","PTL","PTL","M","T","$","E"],"items_purchased_type":["Relic"],"build_version":"2020-12-22","purchased_purges":1,"victory":false,"max_hp_per_floor":[75,75,75,75,75,75,75,75,75,75,75,75,75,75],"relic_stats":{"counters":[6,19],"Golden Idol":3,"obtain_stats":[{"NeowsBlessing":0,"Golden Idol":7,"reliquary:Buckler":12,"Replay:Bottled Flurry":11,"Cracked Core":0},{"NeowsBlessing":0,"Golden Idol":4,"reliquary:Buckler":5,"Replay:Bottled Flurry":5,"Cracked Core":0},{"NeowsBlessing":0,"Golden Idol":6,"reliquary:Buckler":12,"Replay:Bottled Flurry":12,"Cracked Core":0}]},"card_choices":[{"not_picked":["Barrage","Cold Snap","Coolheaded"],"picked":"SKIP","floor":1},{"not_picked":["ReplayTheSpireMod:Calculation Training","Steam Power"],"picked":"Gash","floor":3},{"not_picked":["Aggregate","Time Bomb","Glacier"],"picked":"SKIP","floor":4},{"not_picked":["Conserve Battery","ReplayTheSpireMod:Reroute Power"],"picked":"Go for the Eyes","floor":6},{"not_picked":["ReplayTheSpireMod:System Scan","BootSequence","Leap"],"picked":"SKIP","floor":10}],"player_experience":40000,"relics_obtained":[{"floor":11,"key":"Replay:Bottled Flurry"}],"event_choices":[{"damage_healed":0,"gold_gain":275,"player_choice":"Desecrate","damage_taken":0,"max_hp_gain":0,"max_hp_loss":0,"event_name":"Golden Shrine","floor":2,"gold_loss":0,"cards_obtained":["Regret"]},{"damage_healed":0,"gold_gain":175,"player_choice":"AGREE","damage_taken":0,"max_hp_gain":0,"max_hp_loss":0,"event_name":"Liars Game","floor":5,"gold_loss":0,"cards_obtained":["Doubt"]},{"damage_healed":0,"gold_gain":0,"player_choice":"Take Damage","damage_taken":18,"relics_obtained":["Golden Idol"],"max_hp_gain":0,"max_hp_loss":0,"event_name":"Golden Idol","floor":7,"gold_loss":0}],"is_beta":false,"boss_relics":[],"items_purged_floors":[12],"is_endless":false,"potions_floor_spawned":[3],"killed_by":"Lagavulin","ascension_level":1}}