{"host":"8piv3t5bmy3h6dgk","time":1614307806,"event":{"mods":["AchievementEnabler","Astrologer","Bard","BaseMod","Better Altar","Better Match","BetterRewards","Colored Map","Colored Powertips","Faster Ascension Climbing","Gold Saver","Hermit","Minty Spire (QoL Compilation)","Remove Card Discount Mod","StSLib","The Disciple","The Hierophant","The Marked","The Necromancer","The Problem Sleuth","The Valiant","The Wild Card"],"gold_per_floor":[820,834,734,734,734,768,778,778,846,863,888,900,915,935,935,1035,1035,1047,1247,1260,1279,1120,1120,1152,1152,1152,1152,1166,1179,1179,1195,1195,1299,1299,1309,1358,1358,1374,1244,1244,1244,1256,1310,1327,1107,1141,1011,1022,1022,1022],"floor_reached":51,"language":"ENG","playtime":1880,"items_purged":["Defend_R","Defend_R","Defend_R","Defend_R"],"score":1086,"play_id":"72ccc2a2-1ecd-414f-b46e-04d5c4dc2e92","local_time":"20210225215006","is_ascension_mode":false,"campfire_choices":[{"data":"Whirlwind","floor":8,"key":"SMITH"},{"data":"Clash","floor":15,"key":"SMITH"},{"data":"Feed","floor":23,"key":"SMITH"},{"data":"Apotheosis","floor":27,"key":"SMITH"},{"data":"Feed","floor":32,"key":"SMITH"},{"data":"Limit Break","floor":40,"key":"SMITH"},{"data":"Inflame","floor":49,"key":"SMITH"}],"circlet_count":0,"master_deck":["Strike_R","Strike_R","Strike_R","Strike_R","Strike_R","Bash","Heavy Blade","Clash+1","Whirlwind+1","Clash+1","Feed+1","Flex","Feed+1","Cleave","Apotheosis+1","Flex","Heavy Blade","Clash+1","Limit Break+1","Whirlwind+1","Flex","Heavy Blade","Inflame+1","Inflame","Flex","Inflame+1"],"relics":["Burning Blood","Membership Card","Pear","Orichalcum","Strawberry","HornCleat","Eternal Feather","Runic Dome","Dead Branch","Ornamental Fan","Philosopher\u0027s Stone","Prayer Wheel","Vajra","MealTicket","Chemical X","Anchor","Pantograph","Pen Nib"],"acts_visited":["Exordium","TheCity","TheBeyond"],"potions_floor_usage":[16,16,33,36,42,50,50],"damage_taken":[{"damage":5,"enemies":"2 Louse","floor":1,"turns":2},{"damage":11,"enemies":"Jaw Worm","floor":2,"turns":2},{"damage":0,"enemies":"Gremlin Nob","floor":6,"turns":3},{"damage":0,"enemies":"Cultist","floor":7,"turns":2},{"damage":4,"enemies":"Looter","floor":10,"turns":2},{"damage":0,"enemies":"3 Sentries","floor":11,"turns":3},{"damage":2,"enemies":"Gremlin Gang","floor":12,"turns":2},{"damage":14,"enemies":"Exordium Thugs","floor":13,"turns":2},{"damage":4,"enemies":"Looter","floor":14,"turns":2},{"damage":38,"enemies":"The Guardian","floor":16,"turns":5},{"damage":4,"enemies":"3 Byrds","floor":18,"turns":3},{"damage":4,"enemies":"2 Thieves","floor":20,"turns":2},{"damage":7,"enemies":"Snake Plant","floor":21,"turns":3},{"damage":28,"enemies":"Gremlin Leader","floor":24,"turns":5},{"damage":7,"enemies":"Shelled Parasite and Fungi","floor":28,"turns":3},{"damage":0,"enemies":"Snecko","floor":29,"turns":2},{"damage":5,"enemies":"3 Cultists","floor":31,"turns":4},{"damage":76,"enemies":"Champ","floor":33,"turns":7},{"damage":23,"enemies":"3 Shapes","floor":35,"turns":3},{"damage":91,"enemies":"2 Orb Walkers","floor":36,"turns":6},{"damage":12,"enemies":"3 Darklings","floor":38,"turns":2},{"damage":0,"enemies":"Sphere and 2 Shapes","floor":42,"turns":2},{"damage":6,"enemies":"Transient","floor":44,"turns":5},{"damage":18,"enemies":"Reptomancer","floor":46,"turns":5},{"damage":12,"enemies":"Maw","floor":48,"turns":5},{"damage":53,"enemies":"Time Eater","floor":50,"turns":6}],"seed_played":"-1342377629630490896","potions_obtained":[{"floor":1,"key":"ColorlessPotion"},{"floor":10,"key":"CultistPotion"},{"floor":12,"key":"Dexterity Potion"},{"floor":13,"key":"Strength Potion"},{"floor":24,"key":"Strength Potion"},{"floor":25,"key":"Energy Potion"},{"floor":42,"key":"FairyPotion"},{"floor":46,"key":"LiquidBronze"}],"is_trial":false,"path_per_floor":["M","M","$","?","?","E","M","R","T","M","E","M","M","M","R","B",null,"M","?","M","M","$","R","E","?","T","R","M","M","$","M","R","B",null,"M","?","?","M","$","R","?","M","T","M","$","E","$","M","R","B",null],"character_chosen":"IRONCLAD","items_purchased":["Membership Card","Pear","Clash","Orichalcum","Apotheosis","Flex","Heavy Blade","BloodPotion","Vajra","Block Potion","Flex","Chemical X","Inflame","Flex","Anchor","Strength Potion","Strength Potion","Pen Nib"],"campfire_rested":0,"item_purchase_floors":[0,0,3,3,22,22,22,22,39,39,39,45,45,45,45,47,47,47],"current_hp_per_floor":[90,85,85,85,85,97,97,97,97,97,97,97,89,91,97,68,100,103,103,103,102,102,103,81,81,81,90,92,98,98,103,110,44,114,101,43,48,42,42,54,54,64,64,64,79,67,82,76,91,69],"gold":1022,"neow_bonus":"","is_daily":false,"chose_seed":false,"campfire_upgraded":7,"win_rate":0.0,"timestamp":1614307806,"path_taken":["M","M","$","?","?","E","M","R","T","M","E","?","M","M","R","BOSS","M","?","?","M","$","R","E","?","T","R","?","M","$","M","R","BOSS","M","?","?","?","$","R","?","M","T","M","$","E","$","M","R","BOSS"],"items_purchased_type":["Relic","Relic","Card","Relic","Card","Card","Card","Potion","Relic","Potion","Card","Relic","Card","Card","Relic","Potion","Potion","Relic"],"build_version":"2020-12-22","purchased_purges":4,"victory":true,"max_hp_per_floor":[90,90,90,90,90,97,97,97,97,97,97,97,97,97,97,100,100,103,103,103,103,103,103,103,103,103,103,106,106,106,110,110,114,114,118,122,122,122,122,122,122,126,126,126,126,126,126,126,126,126],"card_choices":[{"not_picked":["Perfected Strike","Ghostly Armor"],"picked":"Heavy Blade","floor":1},{"not_picked":["Warcry","Wild Strike","Iron Wave"],"picked":"SKIP","floor":2},{"not_picked":["Shrug It Off","Havoc","Infernal Blade"],"picked":"SKIP","floor":6},{"not_picked":["Bludgeon","Wild Strike"],"picked":"Whirlwind","floor":7},{"not_picked":["Heavy Blade","True Grit"],"picked":"Clash","floor":10},{"not_picked":["Warcry","Intimidate","Reckless Charge"],"picked":"SKIP","floor":11},{"not_picked":["Sword Boomerang","Shrug It Off"],"picked":"Clash","floor":12},{"not_picked":["Anger","Twin Strike"],"picked":"Feed","floor":13},{"not_picked":["Pummel","Shrug It Off"],"picked":"Flex","floor":14},{"not_picked":["Juggernaut","Impervious"],"picked":"Feed","floor":16},{"not_picked":["Anger+1","Havoc+1"],"picked":"Cleave","floor":18},{"not_picked":["Rage","Battle Trance","Havoc+1"],"picked":"SKIP","floor":20},{"not_picked":["Fire Breathing","Bludgeon","Armaments"],"picked":"SKIP","floor":21},{"not_picked":["Fiend Fire","Body Slam"],"picked":"Clash+1","floor":24},{"not_picked":["Thunderclap+1","Clothesline+1","Anger"],"picked":"SKIP","floor":28},{"not_picked":["Evolve","Fire Breathing+1","Rage"],"picked":"SKIP","floor":29},{"not_picked":["Perfected Strike","True Grit","Anger+1"],"picked":"SKIP","floor":31},{"not_picked":["Fiend Fire","Exhume"],"picked":"Limit Break","floor":33},{"not_picked":["Headbutt","Anger","Warcry+1"],"picked":"SKIP","floor":35},{"not_picked":["Perfected Strike","True Grit"],"picked":"Whirlwind+1","floor":38},{"not_picked":["Uppercut","Seeing Red","Pommel Strike"],"picked":"SKIP","floor":38},{"not_picked":["Dual Wield","Fire Breathing+1"],"picked":"Heavy Blade","floor":42},{"not_picked":["Wild Strike","Dropkick","Perfected Strike"],"picked":"SKIP","floor":42},{"not_picked":["Wild Strike+1","Shrug It Off"],"picked":"Inflame+1","floor":44},{"not_picked":["Sword Boomerang+1","Uppercut+1","Entrench+1"],"picked":"SKIP","floor":44},{"not_picked":["Immolate","Wild Strike","Uppercut"],"picked":"SKIP","floor":46},{"not_picked":["Evolve","Dropkick+1"],"picked":"Inflame","floor":48},{"not_picked":["Shrug It Off","Rage","Dropkick+1"],"picked":"SKIP","floor":48}],"player_experience":169742,"relics_obtained":[{"floor":6,"key":"Strawberry"},{"floor":9,"key":"HornCleat"},{"floor":11,"key":"Eternal Feather"},{"floor":24,"key":"Dead Branch"},{"floor":26,"key":"Ornamental Fan"},{"floor":36,"key":"Prayer Wheel"},{"floor":43,"key":"MealTicket"},{"floor":46,"key":"Pantograph"}],"event_choices":[{"damage_healed":0,"gold_gain":0,"player_choice":"Grow","damage_taken":0,"max_hp_gain":0,"max_hp_loss":0,"event_name":"Living Wall","floor":4,"gold_loss":0,"cards_upgraded":["Clash"]},{"damage_healed":0,"gold_gain":0,"player_choice":"Ignored","damage_taken":0,"max_hp_gain":0,"max_hp_loss":0,"event_name":"Purifier","floor":5,"gold_loss":0},{"damage_healed":0,"gold_gain":250,"player_choice":"Bet on Owner","damage_taken":0,"max_hp_gain":0,"max_hp_loss":0,"event_name":"The Joust","floor":19,"gold_loss":50},{"damage_healed":0,"gold_gain":0,"player_choice":"Got Potions","damage_taken":0,"max_hp_gain":0,"max_hp_loss":0,"event_name":"Lab","floor":25,"gold_loss":0},{"damage_healed":0,"gold_gain":0,"player_choice":"Fight","damage_taken":0,"max_hp_gain":0,"max_hp_loss":0,"event_name":"Mysterious Sphere","floor":36,"gold_loss":0},{"cards_removed":["Clash"],"damage_healed":5,"gold_gain":0,"player_choice":"Offered Common","damage_taken":0,"max_hp_gain":0,"max_hp_loss":0,"event_name":"Bonfire Elementals","floor":37,"gold_loss":0},{"cards_removed":["Clash"],"damage_healed":5,"gold_gain":0,"player_choice":"Offered Special","damage_taken":0,"max_hp_gain":0,"max_hp_loss":0,"event_name":"Bonfire Elementals","floor":37,"gold_loss":0},{"damage_healed":0,"gold_gain":0,"player_choice":"Ignored","damage_taken":0,"max_hp_gain":0,"max_hp_loss":0,"event_name":"Tomb of Lord Red Mask","floor":41,"gold_loss":0}],"is_beta":false,"boss_relics":[{"not_picked":["Busted Crown","Cursed Key"],"picked":"Runic Dome"},{"not_picked":["Runic Pyramid","Runic Cube"],"picked":"Philosopher\u0027s Stone"}],"items_purged_floors":[0,0,0,0],"is_endless":false,"potions_floor_spawned":[1,10,12,13,14,24,28,31,42,46,48],"ascension_level":0}}