{"host":"684z1xpuwaoqmmh1","time":1614338362,"event":{"mods":["BaseMod","CatGirl Mod","Downfall","Hermit","Jorbs\u0027s Wanderer Trilogy","Marisa????????","Minty Spire (QoL Compilation)","Robot Space Explorer","Shade Mod","Shapeshifter Mod","StSLib","The Bug Knight","The Clintock","The Dragon Tamer","The Elementalist","The Hayseed","The Hierophant","The Marked","The Mystic","The Poker Player","The Runesmith","The Sage","The Saiyan","The Showman","The Spell Scribe","The Valiant","The Vixen","TheBandit","TheFirefly","TheVacant"],"gold_per_floor":[188,203,278,290,304,304,334,334,385,413,429,14,25,57,57,162,162,179,164,183,183,202,217,244,244,244,298,298,309,328,344,344,444,444,459,79,92,104,104,129,140,140,165,165,177,177,177,207,207,207,207,207,5,36,36,36],"floor_reached":55,"language":"ENG","playtime":4178,"items_purged":["sagemod:Defend","sagemod:Strike+1","sagemod:Strike+1"],"score":793,"play_id":"0e6f0d46-9317-46d9-9671-ca0879210f08","local_time":"20210226131922","is_ascension_mode":false,"campfire_choices":[{"data":"sagemod:How_To_Befriend_A_Turtle","floor":6.0,"key":"SMITH"},{"data":"sagemod:Taste_This_One","floor":8.0,"key":"SMITH"},{"data":"sagemod:Upwards","floor":15.0,"key":"SMITH"},{"floor":25.0,"key":"REST"},{"floor":32.0,"key":"REST"},{"floor":42,"key":"RECALL"},{"data":"sagemod:Escape","floor":46,"key":"SMITH"},{"floor":49,"key":"REST"},{"data":"sagemod:Brewmaster","floor":52,"key":"SMITH"}],"circlet_count":0,"master_deck":["sagemod:Strike+1","sagemod:Defend+1","sagemod:Defend+1","sagemod:Defend+1","sagemod:Fly","sagemod:Upwards+1","sagemod:Quackster","sagemod:Fire_Brew","sagemod:How_To_Befriend_A_Turtle+1","sagemod:Taste_This_One+1","sagemod:Salty_Strike","sagemod:Brewmaster+1","sagemod:Swoop_Down","sagemod:Escape+1","sagemod:Step_Back+1","sagemod:How_To_Greet_Byrds","sagemod:Flying_Cauldron+1","sagemod:Armor_Brew","sagemod:Rickety_Defense+1","sagemod:Step_Back+1","sagemod:Momentum+1","sagemod:On_Fire+1","sagemod:Altitude+1","sagemod:Cane_Strike+1","sagemod:Flying_Cauldron+1","sagemod:Flight_Feint","sagemod:Grounded_Strike+1","sagemod:Rickety_Defense+1","sagemod:Armor_Brew+1"],"relics":["sagemod:Flying_Carpet","Gremlin Horn","Winged Necklace","Strawberry","Runesmith:Nanobots","White Beast Statue","SacredBark","Frozen Egg 2","Blue Candle","bronze:DecasWashers","Philosopher\u0027s Stone","Ornamental Fan","Prayer Beads","Unceasing Top","Mercury Hourglass"],"acts_visited":["Exordium","TheCity","TheBeyond","TheEnding"],"potions_floor_usage":[40,40,40,40,41,41,41,41,41,45,45,45,48,48,48,48,48,48,50,50,50,50,50,50,50,50,50,50,54,54,54,54,54,54,54,55,55,55,55,55,55,55],"damage_taken":[{"damage":3.0,"enemies":"2 Louse","floor":1.0,"turns":5.0},{"damage":1.0,"enemies":"Cultist","floor":2.0,"turns":6.0},{"damage":2.0,"enemies":"Small Slimes","floor":4.0,"turns":6.0},{"damage":1.0,"enemies":"Blue Slaver","floor":5.0,"turns":6.0},{"damage":0.0,"enemies":"Lagavulin","floor":7.0,"turns":9.0},{"damage":0.0,"enemies":"3 Sentries","floor":10.0,"turns":9.0},{"damage":0.0,"enemies":"3 Louse","floor":11.0,"turns":3.0},{"damage":2.0,"enemies":"Exordium Thugs","floor":13.0,"turns":9.0},{"damage":9.0,"enemies":"Gremlin Nob","floor":14.0,"turns":4.0},{"damage":13.0,"enemies":"Slime Boss","floor":16.0,"turns":10.0},{"damage":0.0,"enemies":"Chosen","floor":18.0,"turns":4.0},{"damage":2.0,"enemies":"2 Thieves","floor":19.0,"turns":4.0},{"damage":26.0,"enemies":"Snake Plant","floor":20.0,"turns":6.0},{"damage":41.0,"enemies":"3 Cultists","floor":22.0,"turns":8.0},{"damage":7.0,"enemies":"Centurion and Healer","floor":23.0,"turns":7.0},{"damage":24.0,"enemies":"Slavers","floor":24.0,"turns":6.0},{"damage":9.0,"enemies":"HollowMod:Nosk","floor":27.0,"turns":9.0},{"damage":5.0,"enemies":"Snake Plant","floor":29.0,"turns":3.0},{"damage":14.0,"enemies":"3 Cultists","floor":30.0,"turns":8.0},{"damage":9.0,"enemies":"Chosen and Byrds","floor":31.0,"turns":8.0},{"damage":7.0,"enemies":"Champ","floor":33.0,"turns":12.0},{"damage":15.0,"enemies":"3 Darklings","floor":35.0,"turns":6.0},{"damage":27.0,"enemies":"3 Shapes","floor":37.0,"turns":4.0},{"damage":3.0,"enemies":"Transient","floor":38.0,"turns":5.0},{"damage":14,"enemies":"Nemesis","floor":40,"turns":3},{"damage":0,"enemies":"Maw","floor":41,"turns":7},{"damage":0,"enemies":"3 Darklings","floor":45,"turns":4},{"damage":15,"enemies":"Reptomancer","floor":48,"turns":6},{"damage":33,"enemies":"Awakened One","floor":50,"turns":7},{"damage":27,"enemies":"Shield and Spear","floor":54,"turns":6},{"damage":29,"enemies":"The Heart","floor":55,"turns":6}],"seed_played":"4731271458149618951","potions_obtained":[{"floor":1.0,"key":"DuplicationPotion"},{"floor":7.0,"key":"Fire Potion"},{"floor":10.0,"key":"Ancient Potion"},{"floor":14.0,"key":"Regen Potion"},{"floor":16.0,"key":"SmokeBomb"},{"floor":18.0,"key":"Block Potion"},{"floor":19.0,"key":"SteroidPotion"},{"floor":20.0,"key":"CultistPotion"},{"floor":22.0,"key":"LiquidBronze"},{"floor":23.0,"key":"Energy Potion"},{"floor":24.0,"key":"sagemod:Flight_Potion"},{"floor":27.0,"key":"EssenceOfSteel"},{"floor":29.0,"key":"Slimebound:ThreeZeroPotion"},{"floor":30.0,"key":"Dexterity Potion"},{"floor":31.0,"key":"ColorlessPotion"},{"floor":33.0,"key":"SteroidPotion"},{"floor":35.0,"key":"LiquidBronze"},{"floor":35.0,"key":"Swift Potion"},{"floor":35.0,"key":"Block Potion"},{"floor":35.0,"key":"Fire Potion"},{"floor":37.0,"key":"AttackPotion"},{"floor":38.0,"key":"Block Potion"},{"floor":38.0,"key":"Swift Potion"},{"floor":38.0,"key":"Fire Potion"},{"floor":38.0,"key":"AttackPotion"},{"floor":40,"key":"Strength Potion"},{"floor":41,"key":"sagemod:Wine"},{"floor":41,"key":"Fire Potion"},{"floor":45,"key":"SteroidPotion"},{"floor":45,"key":"Block Potion"},{"floor":45,"key":"Swift Potion"},{"floor":48,"key":"Swift Potion"},{"floor":54,"key":"hexamod:SoulburnPotion"}],"is_trial":false,"path_per_floor":["M","M","?","M","M","R","E","R","T","E","M","$","M","E","R","B",null,"M","M","M","?","M","M","E","R","T","E","?","M","M","M","R","B",null,"M","$","M","M","?","E","M","R","T","?","M","R","?","E","R","B",null,"R","$","E","B"],"character_chosen":"THE_SAGE","items_purchased":["sagemod:Brewmaster","Runesmith:Nanobots","sagemod:Altitude+1","Ornamental Fan","sagemod:Rickety_Defense+1"],"campfire_rested":3,"item_purchase_floors":[12,12,36,36,53],"current_hp_per_floor":[52,51,46,44,43,43,43,43,43,50,50,50,48,39,39,41,62,62,60,34,34,37,30,6,24,24,15,35,30,16,7,25,18,62,47,47,20,17,54,40,40,40,40,40,40,40,40,25,41,8,54,54,54,27,0,0],"gold":36,"neow_bonus":"TEN_PERCENT_HP_BONUS","is_daily":false,"chose_seed":false,"campfire_upgraded":5,"win_rate":0.0,"timestamp":1614338362,"path_taken":["M","M","?","M","M","R","E","R","T","E","M","?","M","E","R","BOSS","M","M","M","?","M","M","E","R","T","E","?","M","M","M","R","BOSS","M","$","M","M","?","E","M","R","T","?","?","R","?","E","R","BOSS","R","$","E","BOSS"],"items_purchased_type":["Card","Relic","Card","Relic","Card"],"build_version":"2020-12-22","purchased_purges":3,"victory":false,"max_hp_per_floor":[55,55,55,55,55,55,55,55,55,62,62,62,62,62,62,62,62,62,62,62,62,62,62,62,62,62,62,62,62,62,62,62,62,62,62,62,62,62,54,54,54,54,54,54,54,54,54,54,54,54,54,54,54,54,54,54],"card_choices":[{"not_picked":["sagemod:Bouncing_Strike","sagemod:How_To_Warm_Elephants"],"picked":"sagemod:Quackster","floor":1.0},{"not_picked":["sagemod:Cane_Strike","sagemod:How_To_Murder_Ants"],"picked":"sagemod:Fire_Brew","floor":2.0},{"not_picked":["sagemod:Ambition","sagemod:About_Clark"],"picked":"sagemod:How_To_Befriend_A_Turtle","floor":4.0},{"not_picked":["sagemod:Energetic_Brew","sagemod:Tinker"],"picked":"sagemod:Taste_This_One","floor":5.0},{"not_picked":["sagemod:How_To_Warm_Elephants","sagemod:How_To_Charm_A_Sentry","sagemod:Gearwheel_Master"],"picked":"SKIP","floor":7.0},{"not_picked":["sagemod:Mechanics_Break","sagemod:Energetic_Brew"],"picked":"sagemod:Salty_Strike","floor":10.0},{"not_picked":["sagemod:About_Clark","sagemod:How_To_Befriend_A_Turtle","sagemod:Poem"],"picked":"SKIP","floor":11.0},{"not_picked":["sagemod:Bouncing_Strike","sagemod:Fire_Brew"],"picked":"sagemod:Swoop_Down","floor":13.0},{"not_picked":["sagemod:Cane_Strike","sagemod:Lunchtime","sagemod:How_To_Poke_At_Slimes"],"picked":"SKIP","floor":14.0},{"not_picked":["sagemod:Meditation","sagemod:Alchemy_Expert"],"picked":"sagemod:Escape","floor":16.0},{"not_picked":["sagemod:Fire_Brew","sagemod:Crank+1"],"picked":"sagemod:Step_Back+1","floor":18.0},{"not_picked":["sagemod:How_To_Poke_At_Slimes","sagemod:How_To_Befriend_A_Turtle","sagemod:Step_Back"],"picked":"SKIP","floor":19.0},{"not_picked":["sagemod:Armor_Brew","sagemod:Mechanics_Break"],"picked":"sagemod:How_To_Greet_Byrds","floor":20.0},{"not_picked":["sagemod:How_To_Charm_A_Sentry","sagemod:Potion_Trance"],"picked":"sagemod:Flying_Cauldron+1","floor":22.0},{"not_picked":["sagemod:Gearwheel_Master","sagemod:How_To_Greet_Byrds","sagemod:Brewmaster"],"picked":"SKIP","floor":23.0},{"not_picked":["sagemod:Salty_Strike+1","sagemod:Slalom"],"picked":"sagemod:Armor_Brew","floor":24.0},{"not_picked":["sagemod:Ambition","sagemod:How_To_Wake_Lyons","sagemod:Grounded_Strike"],"picked":"SKIP","floor":27.0},{"not_picked":["sagemod:On_The_Head","sagemod:How_To_Warm_Elephants"],"picked":"sagemod:Rickety_Defense+1","floor":29.0},{"not_picked":["sagemod:Poem","sagemod:Pincer_Attack+1"],"picked":"sagemod:Step_Back+1","floor":30.0},{"not_picked":["sagemod:Tinker","sagemod:Salty_Strike"],"picked":"sagemod:Momentum+1","floor":31.0},{"not_picked":["sagemod:Blurry","sagemod:Vigorous_Body+1"],"picked":"sagemod:On_Fire+1","floor":33.0},{"not_picked":["sagemod:Step_Back+1","sagemod:Pincer_Repair","sagemod:Salty_Strike+1"],"picked":"SKIP","floor":35.0},{"not_picked":["sagemod:Turn_Around","sagemod:Step_Back+1","sagemod:How_To_Poke_At_Slimes+1"],"picked":"SKIP","floor":37.0},{"not_picked":["sagemod:How_To_Warm_Elephants","sagemod:About_Clark+1"],"picked":"sagemod:Cane_Strike+1","floor":38.0},{"not_picked":["sagemod:Meditation","sagemod:Pour_Tar_Pitch"],"picked":"sagemod:Flying_Cauldron+1","floor":40},{"not_picked":["sagemod:Slalom+1","sagemod:Fire_Brew","sagemod:Potion_Trance+1"],"picked":"SKIP","floor":41},{"not_picked":["sagemod:Cane_Strike+1","sagemod:Anti_Ancient_Attack"],"picked":"sagemod:Flight_Feint","floor":45},{"not_picked":["sagemod:Cane_Strike","sagemod:Fire_Brew+1"],"picked":"sagemod:Grounded_Strike+1","floor":48},{"not_picked":["sagemod:Perpetuum_Mobile+1","sagemod:Let_It_Go"],"picked":"sagemod:Armor_Brew+1","floor":54}],"player_experience":3175278,"relics_obtained":[{"floor":7.0,"key":"Gremlin Horn"},{"floor":9.0,"key":"Winged Necklace"},{"floor":10.0,"key":"Strawberry"},{"floor":14.0,"key":"White Beast Statue"},{"floor":24.0,"key":"Frozen Egg 2"},{"floor":26.0,"key":"Blue Candle"},{"floor":27.0,"key":"bronze:DecasWashers"},{"floor":40,"key":"Prayer Beads"},{"floor":48,"key":"Unceasing Top"},{"floor":54,"key":"Mercury Hourglass"}],"event_choices":[{"damage_healed":0.0,"max_hp_gain":0.0,"max_hp_loss":0.0,"gold_gain":75.0,"event_name":"FaceTrader","player_choice":"Touch","floor":3.0,"gold_loss":0.0,"damage_taken":5.0},{"damage_healed":0.0,"max_hp_gain":0.0,"max_hp_loss":0.0,"gold_gain":0.0,"event_name":"Back to Basics","player_choice":"Simplicity","floor":21.0,"gold_loss":0.0,"damage_taken":0.0,"cards_upgraded":["sagemod:Strike","sagemod:Strike","sagemod:Strike","sagemod:Strike","sagemod:Defend","sagemod:Defend","sagemod:Defend"]},{"damage_healed":20.0,"max_hp_gain":0.0,"max_hp_loss":0.0,"gold_gain":0.0,"event_name":"The Library","player_choice":"Heal","floor":28.0,"gold_loss":0.0,"damage_taken":0.0},{"damage_healed":54.0,"max_hp_gain":0.0,"max_hp_loss":8.0,"gold_gain":0.0,"event_name":"The Moai Head","player_choice":"Heal","floor":39.0,"gold_loss":0.0,"damage_taken":0.0},{"cards_removed":["sagemod:Strike"],"damage_healed":0,"gold_gain":0,"player_choice":"Card Removal","damage_taken":0,"max_hp_gain":0,"max_hp_loss":0,"event_name":"Wheel of Change","floor":44,"gold_loss":0},{"damage_healed":0,"gold_gain":0,"player_choice":"Ignored","damage_taken":0,"max_hp_gain":0,"max_hp_loss":0,"event_name":"Tomb of Lord Red Mask","floor":47,"gold_loss":0}],"is_beta":false,"boss_relics":[{"not_picked":["Cursed Key","sagemod:Thunder_Carpet"],"picked":"SacredBark"},{"not_picked":["Tiny House","Runic Pyramid"],"picked":"Philosopher\u0027s Stone"}],"items_purged_floors":[12,36,53],"is_endless":false,"potions_floor_spawned":[1,10,13,14,16,18,19,20,22,23,24,27,29,30,31,33,35,37,38,40,41,45,48,54],"killed_by":"The Heart","ascension_level":0}}