{"host":"ev0u5pyx0moiq7pp","time":1614328549,"event":{"mods":["Act Like it!","BaseMod","CapriCore","Challenge The Spire","Colored Map","Colored Powertips","Custom Start","DeckTracker","Elementarium","Energized Spire","Hubris","Koishi","Luminous","Minty Spire (QoL Compilation)","Quick Restart","Random Character Button","Ruina","Shop Mod","StSLib","Synergy Search","The Bladedancer","The Bug Knight","The Hierophant","The Immortal","The Necromancer","The Runesmith"],"gold_per_floor":[119,84,94,94,94,94,128,128,128,146,179,192,222,252,252,355,355,372,391,411,185,185,185,185],"floor_reached":23,"language":"DEU","playtime":1661,"items_purged":[],"score":342,"play_id":"7db2bfb8-8bea-48dd-8c0d-4dc2db3824a0","local_time":"20210226093549","daily_mods":["SealedDeck","Heirloom","DeadlyEvents","Elite Swarm","Lethality","Uncertain Future"],"is_ascension_mode":true,"campfire_choices":[{"data":"Bones_to_Steel","floor":6,"key":"SMITH"},{"data":"Spectral_Armor","floor":8,"key":"SMITH"},{"floor":15,"key":"REST"}],"circlet_count":0,"master_deck":["Spectral_Walk","Bone_Shift","Bone_Shift","Bone_Bullets","Bone_Bullets","Bones_to_Steel+1","Bone_Armor","Bone_Armor","Spectral_Walk","Spectral_Armor+1","Thousand_Bone_Knives","Decay","Detonate_Bones","Bone_Armor","Summon_Vampire_Lady","Shackles_Of_Pain","Summon_Death_Knight","Blood_Is_Power","Bone_Armor+1","Shackles_Of_Pain","Bone_Armory","Bone_Armory","Bone_Spikes","Bone_Prison","Summon_Undead_Army+1"],"relics":["Vampire_Amulet","Unceasing Top","Bronze Scales","Mercury Hourglass","Torii","Akabeko","Dream Catcher","Orrery"],"acts_visited":["Exordium","Exordium"],"potions_floor_usage":[7,13,13,13,13,13,16,18,18,19,20,20],"damage_taken":[{"damage":8,"enemies":"Small Slimes","floor":1,"turns":5},{"damage":0,"enemies":"Cultist","floor":3,"turns":2},{"damage":0,"enemies":"Gremlin Nob","floor":7,"turns":3},{"damage":3,"enemies":"Jaw Worm","floor":10,"turns":2},{"damage":14,"enemies":"Lagavulin","floor":11,"turns":7},{"damage":1,"enemies":"Blue Slaver","floor":12,"turns":2},{"damage":14,"enemies":"Gremlin Nob","floor":13,"turns":3},{"damage":3,"enemies":"Lagavulin","floor":14,"turns":4},{"damage":23,"enemies":"The Guardian","floor":16,"turns":11},{"damage":27,"enemies":"ruina:Nosferatu","floor":18,"turns":4},{"damage":3,"enemies":"ruina:3_Bats","floor":19,"turns":3},{"damage":3,"enemies":"ruina:QueenOfHate","floor":20,"turns":4},{"damage":59,"enemies":"ruina:RoadHome","floor":23,"turns":4}],"seed_played":"4664865215859465214","potions_obtained":[{"floor":3,"key":"AttackPotion"},{"floor":7,"key":"PowerPotion"},{"floor":11,"key":"EntropicBrew"},{"floor":14,"key":"EssenceOfSteel"},{"floor":16,"key":"FearPotion"},{"floor":18,"key":"FearPotion"},{"floor":19,"key":"SkillPotion"}],"is_trial":true,"path_per_floor":["M","?","M","$","?","R","E","R","T","M","E","M","E","E","R","B",null,"M","M","M","$","?","E"],"character_chosen":"NECROMANCER","items_purchased":["Bone_Armory","Orrery"],"campfire_rested":1,"item_purchase_floors":[21,21],"current_hp_per_floor":[64,75,75,75,75,75,75,75,75,74,62,63,60,68,75,63,72,56,59,58,58,58,0,0],"gold":185,"neow_bonus":"","is_daily":false,"chose_seed":false,"campfire_upgraded":2,"win_rate":0.0,"timestamp":1614328549,"path_taken":["M","?","M","$","?","R","E","R","T","M","E","M","E","?","R","BOSS","M","M","M","$","?","E"],"items_purchased_type":["Card","Relic"],"build_version":"2020-12-22","purchased_purges":0,"victory":false,"max_hp_per_floor":[75,75,75,75,75,75,75,75,75,75,75,75,75,75,75,75,75,75,75,75,75,75,75,75],"card_choices":[{"not_picked":["Consume_Illness","Negative_Energy_Shield"],"picked":"Thousand_Bone_Knives","floor":1},{"not_picked":["Death_Coil","Chill_Blood","Negative_Energy_Mist"],"picked":"SKIP","floor":3},{"not_picked":["Hellfire","Reap_The_Weak"],"picked":"Detonate_Bones","floor":7},{"not_picked":["Necromantic_Selection","Negative_Energy_Javelin"],"picked":"Bone_Armor","floor":10},{"not_picked":["Detonate_Bones","Requiem"],"picked":"Summon_Vampire_Lady","floor":11},{"not_picked":["Chill_Blood","Consume_Illness"],"picked":"Shackles_Of_Pain","floor":12},{"not_picked":["Grasp_Heart","Hellfire"],"picked":"Summon_Death_Knight","floor":13},{"not_picked":["Grasp_Heart","Blood_Magic","Blood_Wake"],"picked":"SKIP","floor":14},{"not_picked":["Blood_Curse","Negative_Energy_Sphere"],"picked":"Blood_Is_Power","floor":15},{"not_picked":["Scare","Summon_Undead_Army"],"picked":"Bone_Armor+1","floor":18},{"not_picked":["Finger_Of_Death+1","Death_Knell"],"picked":"Shackles_Of_Pain","floor":19},{"not_picked":["Shade_Step+1","Violent_Necrosis"],"picked":"Bone_Armory","floor":20},{"not_picked":["Deaths_Shadow+1","Finger_Of_Death"],"picked":"Bone_Spikes","floor":21},{"not_picked":["Life_Drain+1","Epidemic"],"picked":"Bone_Prison","floor":21},{"not_picked":["Death_March_Dance+1","Negative_Energy_Javelin"],"picked":"Summon_Undead_Army+1","floor":21}],"player_experience":581327,"relics_obtained":[{"floor":7,"key":"Bronze Scales"},{"floor":9,"key":"Mercury Hourglass"},{"floor":11,"key":"Torii"},{"floor":13,"key":"Akabeko"},{"floor":14,"key":"Dream Catcher"}],"event_choices":[{"damage_healed":18,"gold_gain":0,"player_choice":"Healed","damage_taken":0,"max_hp_gain":0,"max_hp_loss":0,"event_name":"The Cleric","floor":2,"gold_loss":35},{"damage_healed":0,"gold_gain":0,"player_choice":"Cursed","damage_taken":0,"max_hp_gain":0,"max_hp_loss":0,"event_name":"Wheel of Change","floor":5,"gold_loss":0,"cards_obtained":["Decay"]}],"is_beta":false,"boss_relics":[{"not_picked":["Snecko Eye","Coffee Dripper","energizedSpire:DeadBattery"]}],"items_purged_floors":[],"is_endless":false,"potions_floor_spawned":[3,7,11,14,16,18,19],"killed_by":"ruina:RoadHome","ascension_level":6}}