{"host":"yp3213dt42p7qr93","time":1614363043,"event":{"mods":["AchievementEnabler","BaseMod","Minty Spire (QoL Compilation)","Relic Stats"],"gold_per_floor":[115,133,133,208,283,283,318,318,318,344,358,375,400,31,31,135,135,154,154,165,65,77,102,102,134,134,168,184,195,110,136,136,136,136],"floor_reached":33,"language":"ENG","playtime":2341,"items_purged":["Strike_G","Strike_G"],"score":454,"play_id":"a169d65b-be8c-4f2e-ad51-94a4f2b55958","local_time":"20210226131043","is_ascension_mode":true,"campfire_choices":[{"data":"Crippling Poison","floor":6.0,"key":"SMITH"},{"floor":8.0,"key":"REST"},{"floor":15.0,"key":"REST"},{"data":"Adrenaline","floor":24,"key":"SMITH"},{"floor":32,"key":"REST"}],"circlet_count":0,"master_deck":["Strike_G","Strike_G+1","Strike_G","Defend_G","Defend_G","Defend_G","Defend_G","Defend_G","Survivor","Neutralize+1","Grand Finale","Dagger Throw","Crippling Poison+1","Skewer","PiercingWail","Quick Slash","Die Die Die","Adrenaline+1","Flying Knee","Ghostly","Ghostly","Ghostly","Ghostly","Ghostly","Well Laid Plans","Dagger Throw+1","Outmaneuver+1","Quick Slash","Calculated Gamble","Sucker Punch+1","Leg Sweep"],"relics":["Ring of the Snake","Toy Ornithopter","InkBottle","Mango","Boot","Ginger","Runic Dome","Letter Opener","Bronze Scales","Bottled Flame","Calipers","Smiling Mask","Omamori"],"acts_visited":["Exordium","TheCity"],"potions_floor_usage":[23,33,33],"damage_taken":[{"damage":4.0,"enemies":"Cultist","floor":1.0,"turns":5.0},{"damage":0.0,"enemies":"2 Louse","floor":2.0,"turns":2.0},{"damage":14.0,"enemies":"Gremlin Nob","floor":7.0,"turns":4.0},{"damage":18.0,"enemies":"Lagavulin","floor":10.0,"turns":6.0},{"damage":0.0,"enemies":"Small Slimes","floor":11.0,"turns":2.0},{"damage":0.0,"enemies":"2 Fungi Beasts","floor":12.0,"turns":2.0},{"damage":8.0,"enemies":"Gremlin Nob","floor":13.0,"turns":3.0},{"damage":31.0,"enemies":"Slime Boss","floor":16.0,"turns":15.0},{"damage":4,"enemies":"Spheric Guardian","floor":18,"turns":4},{"damage":2,"enemies":"Chosen","floor":20,"turns":4},{"damage":0,"enemies":"Centurion and Healer","floor":22,"turns":9},{"damage":3,"enemies":"Gremlin Leader","floor":23,"turns":7},{"damage":4,"enemies":"Book of Stabbing","floor":25,"turns":7},{"damage":12,"enemies":"Gremlin Leader","floor":27,"turns":5},{"damage":2,"enemies":"Chosen and Byrds","floor":28,"turns":5},{"damage":1,"enemies":"Snecko","floor":29,"turns":5},{"damage":3,"enemies":"Book of Stabbing","floor":31,"turns":5},{"damage":55,"enemies":"Collector","floor":33,"turns":10}],"seed_played":"3291772441726961383","potions_obtained":[{"floor":2.0,"key":"SteroidPotion"},{"floor":10.0,"key":"EssenceOfSteel"},{"floor":12.0,"key":"FearPotion"},{"floor":20,"key":"Poison Potion"},{"floor":22,"key":"Explosive Potion"},{"floor":31,"key":"Weak Potion"}],"is_trial":false,"path_per_floor":["M","M","?","?","?","R","E","R","T","E","M","M","E","$","R","B",null,"M","?","M","$","M","E","R","E","T","E","M","M","?","E","R","B"],"character_chosen":"THE_SILENT","items_purchased":["Ginger"],"campfire_rested":3,"item_purchase_floors":[14],"current_hp_per_floor":[66,66,52,41,34,34,20,41,41,37,37,37,39,39,64,33,71,67,42,40,40,40,39,39,35,35,23,21,20,20,17,29,0,0],"gold":136,"neow_bonus":"ONE_RANDOM_RARE_CARD","is_daily":false,"chose_seed":false,"campfire_upgraded":2,"win_rate":0.0,"timestamp":1614363043,"path_taken":["M","M","?","?","?","R","E","R","T","E","?","?","E","$","R","BOSS","M","?","M","$","M","E","R","E","T","E","M","M","?","E","R","BOSS"],"items_purchased_type":["Relic"],"build_version":"2020-12-22","purchased_purges":2,"victory":false,"max_hp_per_floor":[70,70,70,70,70,70,70,70,70,84,84,84,84,84,84,84,84,84,42,42,42,42,42,42,42,42,42,42,42,42,42,42,42,42],"relic_stats":{"counters":[18,100],"Bronze Scales":[99],"Ginger":[12],"Letter Opener":[88],"Boot":[32],"Smiling Mask":0,"obtain_stats":[{"Calipers":27,"Mango":10,"Omamori":31,"Ginger":14,"Letter Opener":23,"Boot":13,"Smiling Mask":30,"Runic Dome":17,"Bottled Flame":26,"Bronze Scales":25,"Toy Ornithopter":7,"InkBottle":9,"Ring of the Snake":0},{"Calipers":14,"Mango":4,"Omamori":17,"Ginger":7,"Letter Opener":12,"Boot":7,"Smiling Mask":16,"Runic Dome":8,"Bottled Flame":13,"Bronze Scales":13,"Toy Ornithopter":3,"InkBottle":3,"Ring of the Snake":0},{"Calipers":75,"Mango":17,"Omamori":90,"Ginger":24,"Letter Opener":63,"Boot":24,"Smiling Mask":85,"Runic Dome":39,"Bottled Flame":70,"Bronze Scales":70,"Toy Ornithopter":11,"InkBottle":11,"Ring of the Snake":0}],"Toy Ornithopter":22,"InkBottle":[35],"Ring of the Snake":[36]},"card_choices":[{"not_picked":["Outmaneuver","Cloak And Dagger"],"picked":"Dagger Throw","floor":1.0},{"not_picked":["Calculated Gamble","Poisoned Stab"],"picked":"Crippling Poison","floor":2.0},{"not_picked":["Calculated Gamble","Dagger Throw"],"picked":"Skewer","floor":7.0},{"not_picked":["Masterful Stab","Sucker Punch"],"picked":"PiercingWail","floor":10.0},{"not_picked":["Prepared","Accuracy","Acrobatics"],"picked":"SKIP","floor":11.0},{"not_picked":["PiercingWail","Concentrate"],"picked":"Quick Slash","floor":12.0},{"not_picked":["Sucker Punch","Deflect"],"picked":"Die Die Die","floor":13.0},{"not_picked":["Doppelganger","Glass Knife"],"picked":"Adrenaline","floor":16.0},{"not_picked":["PiercingWail","Flechettes"],"picked":"Flying Knee","floor":18},{"not_picked":["Underhanded Strike","Setup"],"picked":"Well Laid Plans","floor":20},{"not_picked":["Blade Dance","Expertise"],"picked":"Dagger Throw+1","floor":22},{"not_picked":["Bane","Well Laid Plans"],"picked":"Outmaneuver+1","floor":23},{"not_picked":["Slice","Terror"],"picked":"Quick Slash","floor":25},{"not_picked":["Underhanded Strike","Blur"],"picked":"Calculated Gamble","floor":27},{"not_picked":["Outmaneuver+1","Setup","Choke"],"picked":"SKIP","floor":28},{"not_picked":["Choke","Blur"],"picked":"Sucker Punch+1","floor":29},{"not_picked":["Dodge and Roll","Skewer"],"picked":"Leg Sweep","floor":31}],"player_experience":141823,"relics_obtained":[{"floor":7.0,"key":"Toy Ornithopter"},{"floor":9.0,"key":"InkBottle"},{"floor":10.0,"key":"Mango"},{"floor":13.0,"key":"Boot"},{"floor":23,"key":"Letter Opener"},{"floor":25,"key":"Bronze Scales"},{"floor":26,"key":"Bottled Flame"},{"floor":27,"key":"Calipers"},{"floor":31,"key":"Omamori"}],"event_choices":[{"damage_healed":0.0,"max_hp_gain":0.0,"max_hp_loss":0.0,"gold_gain":0.0,"event_name":"Shining Light","player_choice":"Entered Light","floor":3.0,"gold_loss":0.0,"damage_taken":14.0,"cards_upgraded":["Strike_G","Neutralize"]},{"damage_healed":0.0,"max_hp_gain":0.0,"max_hp_loss":0.0,"gold_gain":75.0,"event_name":"World of Goop","player_choice":"Gather Gold","floor":4.0,"gold_loss":0.0,"damage_taken":11.0},{"damage_healed":0.0,"max_hp_gain":0.0,"max_hp_loss":0.0,"gold_gain":75.0,"event_name":"FaceTrader","player_choice":"Touch","floor":5.0,"gold_loss":0.0,"damage_taken":7.0},{"damage_healed":0,"gold_gain":0,"player_choice":"Became a Ghost","damage_taken":0,"max_hp_gain":0,"max_hp_loss":42,"event_name":"Ghosts","floor":19,"gold_loss":0,"cards_obtained":["Ghostly","Ghostly","Ghostly","Ghostly","Ghostly"]},{"damage_healed":0,"gold_gain":0,"player_choice":"Obtained Relic","damage_taken":0,"relics_obtained":["Smiling Mask"],"max_hp_gain":0,"max_hp_loss":0,"event_name":"Addict","floor":30,"gold_loss":85}],"is_beta":false,"boss_relics":[{"not_picked":["SacredBark","Pandora\u0027s Box"],"picked":"Runic Dome"}],"items_purged_floors":[14,21],"is_endless":false,"potions_floor_spawned":[2,10,12,20,22,31],"killed_by":"Collector","ascension_level":5}}