{"host":"u7lm8z2rvb4dg2oo","time":1614318418,"event":{"mods":["AchievementEnabler","BaseMod","Bestiary","Block Reminder","Colored Map","Colored Powertips","Curses Come First","DeckTracker","Googly Eyes","Highlight Path","Minty Spire (QoL Compilation)","Quick Restart","StSLib"],"gold_per_floor":[111,31,31,31,56,89,109,143,170,170,190,203,203,222,222,315,315,339,339,364,344,362,362,387,387,439,482,222,222,222],"floor_reached":29,"language":"ENG","playtime":1249,"items_purged":[],"score":560,"play_id":"3d7b24df-55d8-4b8d-a12f-3ebc220f96d0","local_time":"20210226004658","is_ascension_mode":true,"campfire_choices":[{"floor":10,"key":"REST"},{"floor":13,"key":"REST"},{"data":"Envenom","floor":15,"key":"SMITH"},{"floor":23,"key":"REST"},{"floor":25,"key":"REST"}],"circlet_count":0,"master_deck":["AscendersBane","Strike_G","Strike_G","Strike_G","Strike_G","Strike_G","Defend_G","Defend_G","Defend_G+1","Defend_G","Defend_G","Survivor","Neutralize","Riddle With Holes","Dagger Spray","Blade Dance+1","Envenom+1","Leg Sweep","Choke","Bane","Phantasmal Killer","Blur","Burst","A Thousand Cuts","Accuracy"],"relics":["Ring of the Snake","NeowsBlessing","Snake Skull","Golden Idol","Bag of Marbles","Bottled Lightning","War Paint","Philosopher\u0027s Stone","Dream Catcher","Pantograph","Strawberry"],"acts_visited":["Exordium","TheCity"],"potions_floor_usage":[7,7,16,18,22,24,24,27],"damage_taken":[{"damage":0,"enemies":"Cultist","floor":1,"turns":1},{"damage":0,"enemies":"Small Slimes","floor":5,"turns":1},{"damage":0,"enemies":"3 Sentries","floor":6,"turns":1},{"damage":0,"enemies":"Jaw Worm","floor":7,"turns":3},{"damage":22,"enemies":"Lagavulin","floor":8,"turns":6},{"damage":8,"enemies":"Blue Slaver","floor":11,"turns":2},{"damage":0,"enemies":"Exordium Thugs","floor":12,"turns":2},{"damage":0,"enemies":"2 Fungi Beasts","floor":14,"turns":2},{"damage":32,"enemies":"Slime Boss","floor":16,"turns":9},{"damage":33,"enemies":"Spheric Guardian","floor":18,"turns":6},{"damage":0,"enemies":"Chosen","floor":20,"turns":2},{"damage":1,"enemies":"3 Cultists","floor":22,"turns":4},{"damage":13,"enemies":"Shelled Parasite and Fungi","floor":24,"turns":3},{"damage":22,"enemies":"Slavers","floor":27,"turns":4},{"damage":29,"enemies":"Cultist and Chosen","floor":29,"turns":5}],"seed_played":"5994674884295454820","potions_obtained":[{"floor":1,"key":"AttackPotion"},{"floor":14,"key":"SteroidPotion"},{"floor":16,"key":"GamblersBrew"},{"floor":18,"key":"SpeedPotion"},{"floor":20,"key":"SpeedPotion"},{"floor":21,"key":"EntropicBrew"},{"floor":24,"key":"LiquidMemories"}],"is_trial":false,"path_per_floor":["M","$","?","?","M","E","M","E","T","R","M","M","R","M","R","B",null,"M","?","M","?","M","R","M","R","T","E","$","M"],"character_chosen":"THE_SILENT","items_purchased":["Dagger Spray","SteroidPotion","Accuracy","Strawberry"],"campfire_rested":4,"item_purchase_floors":[2,2,28,28],"current_hp_per_floor":[59,59,54,31,31,31,31,9,9,28,20,20,39,39,39,7,51,18,9,9,9,8,27,14,33,33,11,18,0,0],"gold":222,"neow_bonus":"THREE_ENEMY_KILL","is_daily":false,"chose_seed":false,"campfire_upgraded":1,"win_rate":0.0,"timestamp":1614318418,"path_taken":["M","$","?","?","M","E","M","E","T","R","M","M","R","M","R","BOSS","M","?","M","?","?","R","M","R","T","E","$","M"],"items_purchased_type":["Card","Potion","Card","Relic"],"build_version":"2020-12-22","purchased_purges":0,"victory":false,"max_hp_per_floor":[66,66,66,66,66,66,66,66,66,66,66,66,66,66,66,66,66,66,66,66,66,66,66,66,66,66,66,73,73,73],"card_choices":[{"not_picked":["Heel Hook","Dagger Throw"],"picked":"Riddle With Holes","floor":1},{"not_picked":["Dagger Throw","Dagger Spray"],"picked":"Blade Dance","floor":5},{"not_picked":["Heel Hook","Noxious Fumes"],"picked":"Envenom","floor":6},{"not_picked":["Flying Knee","Sucker Punch","Quick Slash"],"picked":"SKIP","floor":7},{"not_picked":["Blur","Flying Knee"],"picked":"Leg Sweep","floor":8},{"not_picked":["Deflect","Caltrops"],"picked":"Choke","floor":11},{"not_picked":["Slice","Dagger Throw","Caltrops"],"picked":"SKIP","floor":12},{"not_picked":["Flying Knee","Distraction"],"picked":"Bane","floor":14},{"not_picked":["Tools of the Trade","Storm of Steel"],"picked":"Phantasmal Killer","floor":16},{"not_picked":["Slice","Dagger Spray","Backflip"],"picked":"SKIP","floor":18},{"not_picked":["Sucker Punch","All Out Attack"],"picked":"Blur","floor":20},{"not_picked":["Outmaneuver","Quick Slash","Crippling Poison"],"picked":"SKIP","floor":22},{"not_picked":["Outmaneuver","Underhanded Strike"],"picked":"Burst","floor":24},{"not_picked":["Setup","Tactician+1"],"picked":"A Thousand Cuts","floor":27}],"player_experience":2088481,"relics_obtained":[{"floor":6,"key":"Bag of Marbles"},{"floor":8,"key":"Bottled Lightning"},{"floor":9,"key":"War Paint"},{"floor":26,"key":"Dream Catcher"},{"floor":27,"key":"Pantograph"}],"event_choices":[{"damage_healed":0,"gold_gain":0,"player_choice":"Success","damage_taken":5,"relics_obtained":["Snake Skull"],"max_hp_gain":0,"max_hp_loss":0,"event_name":"Scrap Ooze","floor":3,"gold_loss":0},{"damage_healed":0,"gold_gain":0,"player_choice":"Take Damage","damage_taken":23,"relics_obtained":["Golden Idol"],"max_hp_gain":0,"max_hp_loss":0,"event_name":"Golden Idol","floor":4,"gold_loss":0},{"damage_healed":0,"gold_gain":0,"player_choice":"Stopped","damage_taken":9,"max_hp_gain":0,"max_hp_loss":0,"event_name":"Cursed Tome","floor":19,"gold_loss":0},{"damage_healed":0,"gold_gain":0,"player_choice":"Bought 1 Potion","damage_taken":0,"max_hp_gain":0,"max_hp_loss":0,"event_name":"The Woman in Blue","floor":21,"gold_loss":0}],"is_beta":false,"boss_relics":[{"not_picked":["Runic Dome","Tiny House"],"picked":"Philosopher\u0027s Stone"}],"items_purged_floors":[],"is_endless":false,"potions_floor_spawned":[1,5,14,16,18,20,24],"killed_by":"Cultist and Chosen","ascension_level":20}}