{"host":"005oipbkxhicanek","time":1614358393,"event":{"mods":["AchievementEnabler","BaseMod","Colored Map","Colored Powertips","Minty Spire (QoL Compilation)"],"gold_per_floor":[115,190,204,216,216,244,258,258,258,269,269,3,28,28,28,139,139,164,183,217,237,237,237,279,65,89,98,124,135,135,151,151,151,151],"floor_reached":33,"language":"ENG","playtime":1566,"items_purged":["Strike_R"],"score":307,"play_id":"9869785d-c4d6-4775-b8e6-8edcfbc5b2d0","local_time":"20210226175313","is_ascension_mode":true,"campfire_choices":[{"data":"Disarm","floor":11,"key":"SMITH"},{"data":"Apotheosis","floor":15,"key":"SMITH"},{"data":"Brutality","floor":23,"key":"SMITH"},{"floor":32,"key":"REST"}],"circlet_count":0,"master_deck":["Strike_R","Strike_R","Strike_R","Strike_R","Defend_R","Defend_R","Defend_R","Defend_R","Bash+1","Shockwave","Headbutt","Iron Wave","Disarm+1","Shrug It Off","Headbutt","Apotheosis+1","Brutality+1","Burning Pact","Shrug It Off","Spot Weakness","Rupture","Disarm+1","Disarm+1","Flame Barrier"],"relics":["Burning Blood","NeowsBlessing","Akabeko","Paper Frog","CeramicFish","Sozu","Red Mask","Bird Faced Urn","DollysMirror","Orichalcum"],"acts_visited":["Exordium","TheCity"],"potions_floor_usage":[6,18,31,33],"damage_taken":[{"damage":0,"enemies":"2 Louse","floor":1,"turns":1},{"damage":0,"enemies":"Cultist","floor":3,"turns":1},{"damage":0,"enemies":"Small Slimes","floor":4,"turns":1},{"damage":68,"enemies":"Lagavulin","floor":6,"turns":11},{"damage":1,"enemies":"2 Fungi Beasts","floor":7,"turns":3},{"damage":0,"enemies":"Exordium Wildlife","floor":10,"turns":3},{"damage":28,"enemies":"The Guardian","floor":16,"turns":11},{"damage":10,"enemies":"2 Thieves","floor":18,"turns":4},{"damage":9,"enemies":"Spheric Guardian","floor":19,"turns":5},{"damage":18,"enemies":"Masked Bandits","floor":20,"turns":5},{"damage":3,"enemies":"Centurion and Healer","floor":21,"turns":5},{"damage":30,"enemies":"Book of Stabbing","floor":24,"turns":8},{"damage":17,"enemies":"Cultist and Chosen","floor":28,"turns":7},{"damage":11,"enemies":"Snecko","floor":29,"turns":5},{"damage":14,"enemies":"Snake Plant","floor":31,"turns":4},{"damage":44,"enemies":"Automaton","floor":33,"turns":10}],"seed_played":"-2542872547595278147","potions_obtained":[{"floor":1,"key":"ColorlessPotion"},{"floor":7,"key":"Fire Potion"},{"floor":10,"key":"EntropicBrew"},{"floor":16,"key":"PowerPotion"}],"is_trial":false,"path_per_floor":["M","?","M","M","?","E","M","?","T","M","R","$","T","$","R","B",null,"M","M","?","M","?","R","E","$","T","?","M","M","?","M","R","B"],"character_chosen":"IRONCLAD","items_purchased":["Apotheosis","Rupture","DollysMirror"],"campfire_rested":1,"item_purchase_floors":[12,25,25],"current_hp_per_floor":[80,72,78,80,80,18,23,49,49,55,55,55,55,55,55,33,80,76,73,61,64,64,64,40,40,40,40,33,32,17,15,40,0,0],"gold":151,"neow_bonus":"THREE_ENEMY_KILL","is_daily":false,"chose_seed":false,"campfire_upgraded":3,"win_rate":0.0,"timestamp":1614358393,"path_taken":["M","?","M","?","?","E","M","?","T","M","R","$","?","$","R","BOSS","M","M","?","M","?","R","E","$","T","?","M","?","?","M","R","BOSS"],"items_purchased_type":["Card","Card","Relic"],"build_version":"2020-12-22","purchased_purges":1,"victory":false,"max_hp_per_floor":[80,80,80,80,80,80,80,80,80,80,80,80,80,80,80,80,80,80,80,80,80,80,80,80,80,80,80,80,80,85,85,85,85,85],"card_choices":[{"not_picked":["Sword Boomerang","Pommel Strike"],"picked":"Shockwave","floor":1},{"not_picked":["Intimidate","Uppercut"],"picked":"Headbutt","floor":3},{"not_picked":["Wild Strike","Sword Boomerang"],"picked":"Iron Wave","floor":4},{"not_picked":["Twin Strike","Flex"],"picked":"Disarm","floor":6},{"not_picked":["Twin Strike","Pommel Strike"],"picked":"Shrug It Off","floor":7},{"not_picked":["Body Slam","Ghostly Armor"],"picked":"Headbutt","floor":10},{"not_picked":["Double Tap","Offering"],"picked":"Brutality","floor":16},{"not_picked":["Feel No Pain","Twin Strike"],"picked":"Burning Pact","floor":18},{"not_picked":["Perfected Strike","Flex+1"],"picked":"Shrug It Off","floor":19},{"not_picked":["Wild Strike","Clash","Power Through"],"picked":"SKIP","floor":21},{"not_picked":["Shrug It Off","Iron Wave+1"],"picked":"Spot Weakness","floor":24},{"not_picked":["Shrug It Off","Iron Wave"],"picked":"Flame Barrier","floor":28},{"not_picked":["Reckless Charge","Berserk","Rage+1"],"picked":"SKIP","floor":29},{"not_picked":["Armaments","Havoc","Twin Strike"],"picked":"SKIP","floor":31}],"player_experience":134287,"relics_obtained":[{"floor":6,"key":"Akabeko"},{"floor":9,"key":"Paper Frog"},{"floor":13,"key":"CeramicFish"},{"floor":20,"key":"Red Mask"},{"floor":24,"key":"Bird Faced Urn"},{"floor":26,"key":"Orichalcum"}],"event_choices":[{"damage_healed":0,"gold_gain":75,"player_choice":"Touch","damage_taken":8,"max_hp_gain":0,"max_hp_loss":0,"event_name":"FaceTrader","floor":2,"gold_loss":0},{"damage_healed":0,"gold_gain":0,"player_choice":"Grow","damage_taken":0,"max_hp_gain":0,"max_hp_loss":0,"event_name":"Living Wall","floor":5,"gold_loss":0,"cards_upgraded":["Bash"]},{"damage_healed":26,"gold_gain":0,"player_choice":"Banana","damage_taken":0,"max_hp_gain":0,"max_hp_loss":0,"event_name":"Big Fish","floor":8,"gold_loss":0},{"damage_healed":0,"gold_gain":0,"player_choice":"Fought Bandits","damage_taken":0,"max_hp_gain":0,"max_hp_loss":0,"event_name":"Masked Bandits","floor":20,"gold_loss":0},{"damage_healed":0,"gold_gain":0,"player_choice":"Ignored","damage_taken":0,"max_hp_gain":0,"max_hp_loss":0,"event_name":"Ghosts","floor":22,"gold_loss":0},{"damage_healed":0,"gold_gain":0,"player_choice":"Copied","damage_taken":0,"max_hp_gain":0,"max_hp_loss":0,"event_name":"Duplicator","floor":27,"gold_loss":0,"cards_obtained":["Disarm"]},{"damage_healed":0,"gold_gain":0,"player_choice":"Shed Blood","damage_taken":20,"max_hp_gain":5,"max_hp_loss":0,"event_name":"Forgotten Altar","floor":30,"gold_loss":0}],"is_beta":false,"boss_relics":[{"not_picked":["Ectoplasm","Calling Bell"],"picked":"Sozu"}],"items_purged_floors":[12],"is_endless":false,"potions_floor_spawned":[1,7,10,16,18,28,29,31],"killed_by":"Automaton","ascension_level":3}}