{"host":"z439itq93uucuvou","time":1614314452,"event":{"mods":["BaseMod","Colored Powertips","Downfall","Jorbs\u0027s Wanderer Trilogy","Minty Spire (QoL Compilation)","StSLib"],"gold_per_floor":[99,110,126,146,162,173,228,248,264,321,350,350,350,350,367,470,470,470,485,485,93,111,141,141,174,186,286,306,320,320,49,69,170,170,170,180,180,180,180],"floor_reached":37,"language":"ENG","playtime":2864,"items_purged":["bronze:Strike","downfall:Bewildered"],"score":488,"play_id":"e521e011-80d9-4752-bd37-6f9c0d1623ef","local_time":"20210225204052","is_ascension_mode":true,"campfire_choices":[{"data":"bronze:Goto","floor":1.0,"key":"SMITH"},{"data":"bronze:ForLoop","floor":13.0,"key":"SMITH"},{"data":"bronze:Virus","floor":18.0,"key":"SMITH"},{"floor":30.0,"key":"REST"},{"data":"bronze:ClassDefault","floor":35,"key":"SMITH"}],"circlet_count":0,"master_deck":["bronze:Strike","bronze:Strike","bronze:Strike","bronze:Defend","bronze:Defend","bronze:Defend","bronze:Defend","bronze:Replicate","bronze:Goto+1","bronze:Repair","bronze:Boost","bronze:CutThrough","bronze:Fortify","bronze:Virus+1","bronze:ForLoop+1","bronze:ClassDefault+1","bronze:WhirlingStrike","bronze:ShipIt","bronze:Shield","bronze:Verify","bronze:Overload+1","bronze:Return","bronze:Shield+1","Pain","bronze:DigitalCarnage+1","bronze:Overheat","bronze:BitShift+1","bronze:Invalidate","bronze:ChosenStrike","bronze:Philosophize","bronze:CloningBeam","bronze:CleanCode","bronze:Backtrace+1"],"relics":["bronze:BronzeCore","Blue Candle","Omamori","Orichalcum","downfall:ExtraCursedKey","Calling Bell","bronze:ProtectiveGoggles","The Courier","TungstenRod","downfall:RedIOU","Medical Kit","Bottled Tornado","Tiny Chest","Letter Opener","Bottled Lightning","Runic Dome"],"acts_visited":["Exordium","TheCity","TheBeyond"],"potions_floor_usage":[33,33],"damage_taken":[{"damage":0.0,"enemies":"Small Slimes","floor":2.0,"turns":2.0},{"damage":0.0,"enemies":"2 Louse","floor":3.0,"turns":3.0},{"damage":7.0,"enemies":"Jaw Worm","floor":4.0,"turns":4.0},{"damage":15.0,"enemies":"Exordium Thugs","floor":5.0,"turns":5.0},{"damage":0.0,"enemies":"Blue Slaver","floor":6.0,"turns":5.0},{"damage":1.0,"enemies":"2 Fungi Beasts","floor":8.0,"turns":3.0},{"damage":0.0,"enemies":"Exordium Wildlife","floor":9.0,"turns":3.0},{"damage":2.0,"enemies":"3 Sentries","floor":10.0,"turns":5.0},{"damage":11.0,"enemies":"Lagavulin","floor":11.0,"turns":4.0},{"damage":3.0,"enemies":"downfall:LooterAlt","floor":15.0,"turns":3.0},{"damage":0.0,"enemies":"SI_SHIV_ARCHETYPE","floor":16.0,"turns":5.0},{"damage":0.0,"enemies":"Chosen","floor":19.0,"turns":4.0},{"damage":2.0,"enemies":"downfall:FleeingMerchant","floor":21.0,"turns":4.0},{"damage":3.0,"enemies":"Shell Parasite","floor":22.0,"turns":4.0},{"damage":23.0,"enemies":"Gremlin Leader","floor":23.0,"turns":5.0},{"damage":32.0,"enemies":"Book of Stabbing","floor":25.0,"turns":9.0},{"damage":10.0,"enemies":"Shelled Parasite and Fungi","floor":26.0,"turns":5.0},{"damage":12.0,"enemies":"3 Cultists","floor":28.0,"turns":5.0},{"damage":16.0,"enemies":"Cultist and Chosen","floor":29.0,"turns":6.0},{"damage":3.0,"enemies":"downfall:FleeingMerchant","floor":31.0,"turns":4.0},{"damage":9.0,"enemies":"Centurion and Healer","floor":32.0,"turns":6.0},{"damage":38,"enemies":"WA_ARCHETYPE_CALM","floor":33,"turns":8},{"damage":33,"enemies":"3 Shapes","floor":36,"turns":4},{"damage":53,"enemies":"3 Shapes","floor":37,"turns":5}],"seed_played":"6217153134607015209","potions_obtained":[{"floor":2.0,"key":"BlessingOfTheForge"},{"floor":6.0,"key":"Explosive Potion"},{"floor":9.0,"key":"DistilledChaos"},{"floor":15.0,"key":"Dexterity Potion"},{"floor":16.0,"key":"SkillPotion"},{"floor":19.0,"key":"DuplicationPotion"},{"floor":22.0,"key":"DuplicationPotion"},{"floor":26.0,"key":"Regen Potion"},{"floor":29.0,"key":"Dexterity Potion"}],"is_trial":false,"path_per_floor":["R","M","M","M","M","M","T","M","M","?","E","?","R","?","M","B",null,"R","M","?","$","M","E","T","E","M","?","M","M","R","$","M","B",null,"R","M","?"],"character_chosen":"THE_AUTOMATON","items_purchased":["Medical Kit","Bottled Tornado","bronze:ChosenStrike","bronze:Philosophize","Guardian:BlockOnCardUsePotion"],"campfire_rested":1,"item_purchase_floors":[21,21,31,31,31],"current_hp_per_floor":[77,77,77,77,69,76,76,77,77,77,66,41,41,41,45,52,77,77,77,77,77,74,58,58,33,23,23,38,22,45,42,40,9,77,77,51,0,0,0],"gold":180,"neow_bonus":"TEN_PERCENT_HP_BONUS","is_daily":false,"chose_seed":false,"campfire_upgraded":4,"win_rate":0.0,"timestamp":1614314452,"path_taken":["R","M","M","M","M","M","T","M","M","?","E","?","R","?","M","BOSS","R","M","?","$","M","E","T","E","M","?","M","?","R","$","M","BOSS","R","M","?"],"items_purchased_type":["Relic","Relic","Card","Card","Potion"],"build_version":"2020-12-22","purchased_purges":2,"victory":false,"max_hp_per_floor":[77,77,77,77,77,77,77,77,77,77,77,77,77,77,77,77,77,77,77,77,77,77,77,77,77,77,77,77,77,77,77,77,77,77,77,77,77,77,77],"card_choices":[{"not_picked":["bronze:FineTuning","bronze:CutThrough"],"picked":"bronze:Repair","floor":2.0},{"not_picked":["bronze:WhirlingStrike","bronze:ItsAFeature"],"picked":"bronze:Boost","floor":3.0},{"not_picked":["bronze:InfiniteBeams","bronze:BuggyMess"],"picked":"bronze:CutThrough","floor":4.0},{"not_picked":["bronze:OilSpill","bronze:InfiniteBeams"],"picked":"bronze:Fortify","floor":5.0},{"not_picked":["bronze:BuggyMess","bronze:WhirlingStrike"],"picked":"bronze:Virus","floor":6.0},{"not_picked":["bronze:Frontload","bronze:Deprecate"],"picked":"bronze:ForLoop","floor":8.0},{"not_picked":["bronze:CloningBeam","bronze:Turbo"],"picked":"bronze:ClassDefault","floor":9.0},{"not_picked":["bronze:Deprecate","bronze:BronzeOrb"],"picked":"bronze:WhirlingStrike","floor":10.0},{"not_picked":["bronze:ItsAFeature","bronze:BuggyMess","bronze:BitShift"],"picked":"SKIP","floor":11.0},{"not_picked":["bronze:Overheat","bronze:Turbo"],"picked":"bronze:Shield","floor":15.0},{"not_picked":["bronze:TinkerersToolbox","bronze:Hardcode"],"picked":"bronze:Verify","floor":16.0},{"not_picked":["bronze:ChildClass","bronze:FineTuning"],"picked":"bronze:Overload+1","floor":19.0},{"not_picked":["bronze:BuggyMess","bronze:DarkDash+1"],"picked":"bronze:Return","floor":21.0},{"not_picked":["bronze:Separator","bronze:WildBeam+1"],"picked":"bronze:Shield+1","floor":22.0},{"not_picked":["bronze:CutThrough+1","bronze:Deprecate","bronze:Overheat+1"],"picked":"SKIP","floor":23.0},{"not_picked":["bronze:TinkerersToolbox","bronze:RecursiveStrike"],"picked":"bronze:DigitalCarnage+1","floor":25.0},{"not_picked":["bronze:Optimize","bronze:Overload"],"picked":"bronze:Overheat","floor":26.0},{"not_picked":["bronze:BronzeOrb","bronze:ClassDefault"],"picked":"bronze:BitShift+1","floor":28.0},{"not_picked":["bronze:DelayedSlice","bronze:OilSpill","bronze:ForLoop"],"picked":"SKIP","floor":29.0},{"not_picked":["bronze:FineTuning","bronze:Mutator"],"picked":"bronze:Invalidate","floor":31.0},{"not_picked":["bronze:BronzeArmor","bronze:Philosophize"],"picked":"bronze:CloningBeam","floor":32.0},{"not_picked":["bronze:SpaghettiCode","bronze:InfiniteLoop"],"picked":"bronze:CleanCode","floor":33},{"not_picked":["bronze:Deprecate+1","bronze:BuggyMess+1"],"picked":"bronze:Backtrace+1","floor":36}],"player_experience":1761625,"relics_obtained":[{"floor":7.0,"key":"Happy Flower"},{"floor":11.0,"key":"Omamori"},{"floor":17.0,"key":"bronze:ProtectiveGoggles"},{"floor":17.0,"key":"The Courier"},{"floor":17.0,"key":"TungstenRod"},{"floor":23.0,"key":"Tiny Chest"},{"floor":24.0,"key":"Letter Opener"},{"floor":25.0,"key":"Bottled Lightning"}],"event_choices":[{"damage_healed":0.0,"max_hp_gain":0.0,"max_hp_loss":0.0,"gold_gain":0.0,"event_name":"Scrap Ooze","player_choice":"Success","floor":12.0,"gold_loss":0.0,"damage_taken":25.0,"relics_obtained":["Orichalcum"]}],"is_beta":false,"boss_relics":[{"not_picked":["Busted Crown","Coffee Dripper"],"picked":"Calling Bell"},{"not_picked":["SlaversCollar","Black Star"],"picked":"Runic Dome"}],"items_purged_floors":[21,31],"is_endless":false,"potions_floor_spawned":[2,6,9,15,16,19,22,26,29],"killed_by":"3 Shapes","ascension_level":1}}