{"host":"n7ibbaht59lcm2b7","time":1614339224,"event":{"mods":["AchievementEnabler","Act Like it!","Ascension Unlocker","BaseMod","CapriCore","Challenge The Spire","Colored Map","Colored Powertips","Highlight Path","Marisa????????","Minty Spire (QoL Compilation)","Reimu??????","Replay The Spire","StSLib","The Jungle","everything is the same but u backflip on backflip","slay the spire mod where everything is the same but ironclad has a cowboy hat"],"gold_per_floor":[503,198,314,434,550,550,99,99,209,329,441,441,216,76,192,309,420,537],"floor_reached":19,"language":"ENG","playtime":1719,"items_purged":["Strike_G","Strike_G","Strike_G","Regret","Sickly"],"score":4633,"play_id":"f20ef025-3bce-44d4-b18b-94b84719859c","local_time":"20210226113344","daily_mods":["challengethespire:Gold Difficulty","challengethespire:Boss Rush","Uncertain Future"],"is_ascension_mode":true,"campfire_choices":[{"floor":8,"key":"DIG"}],"circlet_count":0,"master_deck":["AscendersBane","Strike_G","Strike_G","Defend_G","Defend_G","Defend_G","Defend_G","Defend_G","Survivor","Neutralize","Hidden Blade+1","Backflip+1","Sneak Up+1","Escape Plan+1","ReplayTheSpireMod:Scrap Shanks+1","Backflip+1","Acrobatics+1","Prepared+1","Cloak And Dagger+1","Footwork+1","Burst+1","Reflex+1","Pot Of Greed+1","Pot Of Greed+1","Calculated Gamble+1","Pot Of Greed+1","Accuracy+1","Outmaneuver+1","ReplayTheSpireMod:The Works+1","Replay:Sluggish","Deflect+1","Survey Options+1","Deflect+1","Blur+1","Tactician+1","ReplayTheSpireMod:The Works+1"],"relics":["Ring of the Snake","The Courier","Molten Egg 2","Toxic Egg 2","Frozen Egg 2","Shuriken","Shovel","Iron Hammer","HoveringKite","Grinning Jar","Snack Pack","MealTicket","Gremlin Food","Replay:Accelerometer","Vampiric Spirits","Replay:Ancient Bell","ReplayTheSpireMod:TigerMarble","Kunai","Du-Vu Doll","Regal Pillow","Toy Ornithopter","Letter Opener","Blue Candle"],"acts_visited":["Exordium"],"potions_floor_usage":[11,15,18,18],"damage_taken":[{"damage":30,"enemies":"Slime Boss","floor":3,"turns":12},{"damage":1,"enemies":"Hexaghost","floor":4,"turns":8},{"damage":0,"enemies":"The Guardian","floor":5,"turns":9},{"damage":0,"enemies":"Collector","floor":9,"turns":6},{"damage":2,"enemies":"Champ","floor":10,"turns":5},{"damage":68,"enemies":"Automaton","floor":11,"turns":7},{"damage":42,"enemies":"Time Eater","floor":15,"turns":12},{"damage":0,"enemies":"Donu and Deca","floor":16,"turns":2},{"damage":0,"enemies":"Awakened One","floor":17,"turns":7},{"damage":23,"enemies":"The Heart","floor":18,"turns":8}],"seed_played":"-9140965213168487586","potions_obtained":[{"floor":9,"key":"Venom Potion"},{"floor":10,"key":"Regen Potion"},{"floor":11,"key":"ZuzhouPotion:ReiMu"},{"floor":16,"key":"DuplicationPotion"},{"floor":17,"key":"Elixir"},{"floor":18,"key":"Toxic Potion"}],"is_trial":true,"path_per_floor":["$","$","M","M","M","T","$","R","M","M","M","T","$","$","M","M","M","M",null],"character_chosen":"THE_SILENT","items_purchased":["Hidden Blade+1","Backflip+1","Sneak Up+1","Escape Plan+1","ReplayTheSpireMod:Scrap Shanks+1","Backflip+1","Acrobatics+1","Prepared+1","Cloak And Dagger+1","Grinning Jar","Calculated Gamble+1","Snack Pack","Deflect+1","Survey Options+1"],"campfire_rested":0,"item_purchase_floors":[1,1,1,1,2,2,2,2,2,7,7,7,13,13],"current_hp_per_floor":[59,59,29,28,28,28,28,28,52,66,23,23,38,53,29,66,66,64],"gold":537,"neow_bonus":"","is_daily":false,"chose_seed":false,"campfire_upgraded":0,"win_rate":0.0,"timestamp":1614339224,"path_taken":["$","$","M","M","M","T","$","R","M","M","M","T","$","$","M","M","M","M"],"items_purchased_type":["Card","Card","Card","Card","Card","Card","Card","Card","Card","Relic","Card","Relic","Card","Card"],"build_version":"2020-12-22","purchased_purges":5,"victory":true,"max_hp_per_floor":[66,66,66,66,66,66,66,66,66,66,66,66,66,66,66,66,66,66],"card_choices":[{"not_picked":["ReplayTheSpireMod:Doomed","Parasite"],"picked":"Sickly","floor":12},{"not_picked":["Parasite","Overencumbered"],"picked":"Regret","floor":12},{"not_picked":["Poor:ReiMu","ReplayTheSpireMod:Restless Dread"],"picked":"Replay:Sluggish","floor":12}],"player_experience":1189931,"relics_obtained":[{"floor":3,"key":"Shuriken"},{"floor":4,"key":"Shovel"},{"floor":5,"key":"Iron Hammer"},{"floor":8,"key":"MealTicket"},{"floor":9,"key":"Gremlin Food"},{"floor":10,"key":"Replay:Accelerometer"},{"floor":11,"key":"Vampiric Spirits"},{"floor":15,"key":"Regal Pillow"},{"floor":16,"key":"Toy Ornithopter"},{"floor":17,"key":"Letter Opener"},{"floor":18,"key":"Blue Candle"}],"event_choices":[],"is_beta":false,"boss_relics":[{"not_picked":["Snecko Eye","Velvet Choker"],"picked":"HoveringKite"},{"not_picked":["Painkiller Herb","Runic Pyramid"],"picked":"Replay:Ancient Bell"},{"not_picked":["RuthlessExorcism:ReiMu","Smiling Mask"],"picked":"ReplayTheSpireMod:TigerMarble"},{"not_picked":["Pear","Replay:Ringing Soul"],"picked":"Kunai"},{"not_picked":["StoneCalendar","CaptainsWheel"],"picked":"Du-Vu Doll"}],"items_purged_floors":[1,2,7,13,14],"is_endless":false,"potions_floor_spawned":[9,10,11,16,17,18],"ascension_level":15}}