{"host":"7vsti54a9aip3o1e","time":1614372739,"event":{"mods":["AchievementEnabler","BaseMod","Colored Map","Colored Powertips","Highlight Path","Minty Spire (QoL Compilation)","Quick Restart","Rare Cards Sparkle","SuperFastMode"],"gold_per_floor":[119,136,211,226,73,73,106,106,106,135,135,154,6,20,20,99,99,69,69,69,79,91,91,123,132,132,132,132],"floor_reached":27,"language":"ENG","playtime":975,"items_purged":["Strike_B"],"score":422,"play_id":"b673d61a-28c9-4054-967e-6ce99d8015eb","local_time":"20210226155219","is_ascension_mode":true,"campfire_choices":[{"data":"Go for the Eyes","floor":6.0,"key":"SMITH"},{"floor":8.0,"key":"REST"},{"floor":15.0,"key":"REST"},{"floor":23.0,"key":"REST"}],"circlet_count":0,"master_deck":["AscendersBane","Strike_B","Strike_B","Strike_B","Defend_B","Defend_B","Defend_B","Defend_B","Zap","Dualcast","Gash","Genetic Algorithm","Go for the Eyes+1","All For One","Gash","Glacier+1","Beam Cell","Leap","Capacitor","Core Surge","Streamline","Writhe"],"relics":["Cracked Core","NeowsBlessing","HornCleat","Art of War","Thread and Needle","Sozu","Bag of Preparation","CeramicFish","The Courier"],"acts_visited":["Exordium","TheCity"],"potions_floor_usage":[24],"damage_taken":[{"damage":0.0,"enemies":"Cultist","floor":1.0,"turns":1.0},{"damage":0.0,"enemies":"2 Louse","floor":2.0,"turns":1.0},{"damage":0.0,"enemies":"Small Slimes","floor":4.0,"turns":1.0},{"damage":38.0,"enemies":"Lagavulin","floor":7.0,"turns":7.0},{"damage":28.0,"enemies":"3 Sentries","floor":10.0,"turns":7.0},{"damage":0.0,"enemies":"Red Slaver","floor":12.0,"turns":3.0},{"damage":0.0,"enemies":"Exordium Thugs","floor":14.0,"turns":4.0},{"damage":27.0,"enemies":"Slime Boss","floor":16.0,"turns":9.0},{"damage":0.0,"enemies":"2 Thieves","floor":18.0,"turns":5.0},{"damage":8.0,"enemies":"Spheric Guardian","floor":21.0,"turns":4.0},{"damage":0.0,"enemies":"Snake Plant","floor":22.0,"turns":6.0},{"damage":26,"enemies":"Gremlin Leader","floor":24,"turns":7},{"damage":26,"enemies":"3 Cultists","floor":27,"turns":6}],"seed_played":"-395138757578226356","potions_obtained":[{"floor":1.0,"key":"Swift Potion"},{"floor":7.0,"key":"Regen Potion"},{"floor":12.0,"key":"FearPotion"},{"floor":14.0,"key":"FearPotion"}],"is_trial":false,"path_per_floor":["M","M","?","M","$","R","E","R","T","E","?","M","$","M","R","B",null,"M","$","?","M","M","R","E","?","T","M"],"character_chosen":"DEFECT","items_purchased":["All For One","Beam Cell","Leap"],"campfire_rested":3,"item_purchase_floors":[5,13,13],"current_hp_per_floor":[64,64,53,53,53,53,15,36,36,8,8,8,8,20,41,14,57,57,57,37,29,29,51,25,25,25,0,0],"gold":132,"neow_bonus":"THREE_ENEMY_KILL","is_daily":false,"chose_seed":false,"campfire_upgraded":1,"win_rate":0.0,"timestamp":1614372739,"path_taken":["M","?","?","M","$","R","E","R","T","E","?","M","$","?","R","BOSS","M","$","?","M","M","R","E","?","T","M"],"items_purchased_type":["Card","Card","Card"],"build_version":"2020-12-22","purchased_purges":1,"victory":false,"max_hp_per_floor":[71,71,71,71,71,71,71,71,71,71,71,71,71,71,71,71,71,71,71,76,76,76,76,76,76,76,76,76],"card_choices":[{"not_picked":["Compile Driver","Turbo"],"picked":"Gash","floor":1.0},{"not_picked":["Redo","Loop"],"picked":"Genetic Algorithm","floor":2.0},{"not_picked":["Ball Lightning","Stack"],"picked":"Go for the Eyes","floor":4.0},{"not_picked":["Fission","Blizzard"],"picked":"Gash","floor":7.0},{"not_picked":["Go for the Eyes","Turbo"],"picked":"Glacier","floor":10.0},{"not_picked":["Static Discharge","Recycle","Turbo"],"picked":"SKIP","floor":12.0},{"not_picked":["Undo","Go for the Eyes"],"picked":"Capacitor","floor":14.0},{"not_picked":["Fission","Seek"],"picked":"Core Surge","floor":16.0},{"not_picked":["Doom and Gloom","Beam Cell"],"picked":"Streamline","floor":18.0},{"not_picked":["Cold Snap","Turbo","Storm"],"picked":"SKIP","floor":21.0},{"not_picked":["Darkness","Streamline","Leap"],"picked":"SKIP","floor":22.0},{"not_picked":["Conserve Battery","Sweeping Beam","Lockon"],"picked":"SKIP","floor":24}],"player_experience":572696,"relics_obtained":[{"floor":7.0,"key":"HornCleat"},{"floor":9.0,"key":"Art of War"},{"floor":10.0,"key":"Thread and Needle"},{"floor":24,"key":"Bag of Preparation"},{"floor":26,"key":"The Courier"}],"event_choices":[{"damage_healed":0.0,"max_hp_gain":0.0,"max_hp_loss":0.0,"gold_gain":75.0,"event_name":"World of Goop","player_choice":"Gather Gold","floor":3.0,"gold_loss":0.0,"damage_taken":11.0},{"damage_healed":0.0,"max_hp_gain":0.0,"max_hp_loss":0.0,"gold_gain":0.0,"event_name":"Accursed Blacksmith","player_choice":"Forge","floor":11.0,"gold_loss":0.0,"damage_taken":0.0,"cards_upgraded":["Glacier"]},{"damage_healed":0.0,"max_hp_gain":5.0,"max_hp_loss":0.0,"gold_gain":0.0,"event_name":"Forgotten Altar","player_choice":"Shed Blood","floor":20.0,"gold_loss":0.0,"damage_taken":25.0},{"damage_healed":0,"gold_gain":0,"player_choice":"Opened","damage_taken":0,"relics_obtained":["CeramicFish"],"max_hp_gain":0,"max_hp_loss":0,"event_name":"The Mausoleum","floor":25,"gold_loss":0,"cards_obtained":["Writhe"]}],"is_beta":false,"boss_relics":[{"not_picked":["Philosopher\u0027s Stone","Velvet Choker"],"picked":"Sozu"}],"items_purged_floors":[13],"is_endless":false,"potions_floor_spawned":[1,7,10,12,14,21,22],"killed_by":"3 Cultists","ascension_level":15}}