{"host":"5zhjtp2pgwgfdund","time":1614315162,"event":{"mods":["2.2 Compatiblity","AchievementEnabler","Act Like it!","BaseMod","Colored Map","Colored Powertips","Downfall","Gensokyo","Infinite Spire","Minty Spire (QoL Compilation)","Replay The Spire","Shop Mod","StSLib","The Bug Knight","The Jungle"],"gold_per_floor":[99,112,212,232,245,271,294,294,294,294,305,305,305,305,337,347,362,465,465,465,484,495,508,508,524,524,524,424,434,434,452,452,169,184,184,184,184],"floor_reached":35,"language":"ENG","playtime":3005,"items_purged":[],"score":296,"play_id":"e6ce6fb3-b9b8-4f9c-8077-f1265f721306","local_time":"20210225235242","is_ascension_mode":false,"campfire_choices":[{"floor":1,"key":"DIG"},{"floor":12,"key":"REST"},{"floor":20,"key":"RECALL"},{"floor":30,"key":"REST"},{"floor":32,"key":"REST"}],"circlet_count":0,"master_deck":["sneckomod:TailWhip","sneckomod:SnekBite","sneckomod:Unknown","sneckomod:Unknown","Dramatic Entrance","sneckomod:DiceBlock","sneckomod:IronFang","sneckomod:IronFang","sneckomod:UnknownUncommonPower+1","sneckomod:UnknownClassTHE_BRONZE_AUTOMATON","sneckomod:SerpentIdol","sneckomod:UnknownCommonAttack+1","sneckomod:UnknownBlock+1","sneckomod:UnknownCommonAttack+1","sneckomod:UnknownRareSkill","sneckomod:SerpentIdol","sneckomod:UnendingSupply","sneckomod:UnknownDraw","sneckomod:SnakeSap+1","sneckomod:UnknownUncommonSkill","sneckomod:Memorize","sneckomod:SnakeSap+1","sneckomod:UnknownVulnerable","sneckomod:Unknown1Cost","sneckomod:UnknownCommonAttack+1","sneckomod:DangerNoodle+1","sneckomod:UnknownExhaust+1","sneckomod:RainOfDice+1","sneckomod:UnknownCommonAttack+1","sneckomod:SlitherStrike+1","sneckomod:UnknownBoss","sneckomod:ImprovisedAttack+1"],"relics":["sneckomod:SneckoSoul","Lantern","Replay:Multitool","sneckomod:SneckoCommon","Molten Egg 2","Meat on the Bone","infinitespire:Lucky Rock","Pandora\u0027s Box","MutagenicStrength","Nloth\u0027s Gift","downfall:HeartBlessingRed"],"acts_visited":["Exordium","TheCity"],"potions_floor_usage":[18,18,35,35,35],"damage_taken":[{"damage":0,"enemies":"Small Slimes","floor":2,"turns":2},{"damage":1,"enemies":"Jaw Worm","floor":4,"turns":2},{"damage":0,"enemies":"2 Louse","floor":5,"turns":1},{"damage":30,"enemies":"3 Sentries","floor":6,"turns":9},{"damage":8,"enemies":"Large Slime","floor":11,"turns":6},{"damage":7,"enemies":"Gremlin Nob","floor":15,"turns":4},{"damage":0,"enemies":"Lots of Slimes","floor":16,"turns":2},{"damage":0,"enemies":"downfall:LooterAlt","floor":17,"turns":3},{"damage":67,"enemies":"WA_ARCHETYPE_RETAIN","floor":18,"turns":12},{"damage":24,"enemies":"Spheric Guardian","floor":21,"turns":4},{"damage":0,"enemies":"Chosen","floor":22,"turns":4},{"damage":20,"enemies":"Centurion and Healer","floor":23,"turns":6},{"damage":38,"enemies":"Chosen and Byrds","floor":25,"turns":7},{"damage":20,"enemies":"Shelled Parasite and Fungi","floor":29,"turns":5},{"damage":20,"enemies":"Cultist and Chosen","floor":31,"turns":4},{"damage":5,"enemies":"downfall:FleeingMerchant","floor":33,"turns":4},{"damage":43,"enemies":"Snecko","floor":34,"turns":6},{"damage":38,"enemies":"SI_MIRROR_ARCHETYPE","floor":35,"turns":4}],"seed_played":"642468431745918385","potions_obtained":[{"floor":2,"key":"SmokeBomb"},{"floor":15,"key":"ColorlessPotion"},{"floor":16,"key":"Weak Potion"},{"floor":17,"key":"BlessingOfTheForge"},{"floor":21,"key":"Explosive Potion"},{"floor":25,"key":"hexamod:SoulburnPotion"}],"is_trial":false,"path_per_floor":["R_BF","M","?","M","M","E","T","?","R","T","M","R","PTL","PTL","E","M","M","B",null,"R_BF","M","M","M","?","M","T","?","R","M","R","M","R","$","M","B"],"character_chosen":"THE_SNECKO","items_purchased":["sneckomod:UnknownCommonAttack+1","sneckomod:SlitherStrike+1","sneckomod:UnknownBoss"],"campfire_rested":3,"item_purchase_floors":[33,33,33],"current_hp_per_floor":[90,90,90,89,89,59,59,52,79,79,71,90,90,90,83,83,83,28,90,90,66,66,46,46,20,20,20,47,39,66,46,73,68,37,0,0,0],"gold":184,"neow_bonus":"RANDOM_COLORLESS","is_daily":false,"chose_seed":false,"campfire_upgraded":0,"win_rate":0.0,"timestamp":1614315162,"path_taken":["R_BF","M","?","M","M","E","T","?","R","?","M","R","PTL","PTL","E","M","M","BOSS","R_BF","M","M","M","?","M","T","?","R","?","R","M","R","?","M","BOSS"],"items_purchased_type":["Card","Card","Card"],"build_version":"2020-12-22","purchased_purges":0,"victory":false,"max_hp_per_floor":[90,90,90,90,90,90,90,90,90,90,90,90,90,90,90,90,90,90,90,90,90,90,90,90,90,90,90,90,90,90,90,90,90,90,90,90,90],"card_choices":[{"not_picked":["ReplayTheSpireMod:Trickstab","Replay:Bootleg Shield Generator"],"picked":"Dramatic Entrance","floor":0},{"not_picked":["sneckomod:WideSting","sneckomod:CheapStock"],"picked":"sneckomod:DiceBlock","floor":2},{"not_picked":["sneckomod:UnknownExhaust","sneckomod:UnknownCommonSkill"],"picked":"sneckomod:IronFang","floor":4},{"not_picked":["sneckomod:UnknownCommonAttack","sneckomod:QuickMove"],"picked":"sneckomod:IronFang","floor":5},{"not_picked":["sneckomod:IronFang","sneckomod:CheapStock"],"picked":"sneckomod:UnknownUncommonPower","floor":6},{"not_picked":["sneckomod:SoulDraw","sneckomod:UnknownVulnerable"],"picked":"sneckomod:SerpentIdol","floor":11},{"not_picked":["sneckomod:Unknown2Cost","sneckomod:UnknownRarePower"],"picked":"sneckomod:UnknownCommonAttack+1","floor":15},{"not_picked":["sneckomod:UnknownDraw","sneckomod:SoulDraw"],"picked":"sneckomod:UnknownBlock","floor":16},{"not_picked":["sneckomod:SoulDraw","sneckomod:CheapStock"],"picked":"sneckomod:UnknownCommonAttack+1","floor":17},{"not_picked":["sneckomod:SerpentMind","sneckomod:UnknownRarePower"],"picked":"sneckomod:UnknownRareSkill","floor":18},{"not_picked":["sneckomod:SoulDraw+1","sneckomod:UnknownClassTHE_BRONZE_AUTOMATON"],"picked":"sneckomod:SnakeSap+1","floor":21},{"not_picked":["sneckomod:CheapStock","sneckomod:DiceBlock"],"picked":"sneckomod:UnknownVulnerable","floor":22},{"not_picked":["sneckomod:UnknownDraw","sneckomod:SoulRoll+1"],"picked":"sneckomod:Unknown1Cost","floor":23},{"not_picked":["sneckomod:DiceBlock","sneckomod:UnknownDexterity+1"],"picked":"sneckomod:UnknownCommonAttack+1","floor":25},{"not_picked":["sneckomod:PureSnecko","sneckomod:WideSting+1"],"picked":"sneckomod:DangerNoodle+1","floor":29},{"not_picked":["sneckomod:UnknownClassBLUE","sneckomod:UnknownVulnerable+1"],"picked":"sneckomod:UnknownExhaust+1","floor":31},{"not_picked":["sneckomod:UnknownDraw","sneckomod:UnknownX+1"],"picked":"sneckomod:RainOfDice+1","floor":33},{"not_picked":["sneckomod:UnknownBlock+1","sneckomod:Unknown2Cost"],"picked":"sneckomod:ImprovisedAttack+1","floor":34}],"player_experience":185867,"relics_obtained":[{"floor":1,"key":"Lantern"},{"floor":6,"key":"Replay:Multitool"},{"floor":7,"key":"sneckomod:SneckoCommon"},{"floor":10,"key":"Meat on the Bone"},{"floor":15,"key":"infinitespire:Lucky Rock"},{"floor":26,"key":"Bottled Flame"}],"event_choices":[{"damage_healed":0,"gold_gain":0,"player_choice":"Success","damage_taken":7,"relics_obtained":["Molten Egg 2"],"max_hp_gain":0,"max_hp_loss":0,"event_name":"Scrap Ooze","floor":8,"gold_loss":0},{"damage_healed":0,"gold_gain":0,"player_choice":"Inject Mutagens","damage_taken":0,"relics_obtained":["MutagenicStrength"],"max_hp_gain":0,"max_hp_loss":0,"event_name":"Drug Dealer","floor":24,"gold_loss":0}],"is_beta":false,"boss_relics":[{"not_picked":["Fusion Hammer","Velvet Choker"],"picked":"Pandora\u0027s Box"}],"items_purged_floors":[],"is_endless":false,"potions_floor_spawned":[2,15,16,17,21,25,29],"killed_by":"SI_MIRROR_ARCHETYPE","ascension_level":0}}