{"host":"rsbhidffjle4v6w5","time":1614363715,"event":{"mods":["Act Like it!","Ascension Reborn","BaseMod","Better Note","Better Third Choice","BetterRewards","Block Reminder","Colored Map","Hermit","Minty Spire (QoL Compilation)","Quick Restart","Replay The Spire","Ruina","StSLib"],"gold_per_floor":[133,166,225,264,539,591,591,625,625,657,697,697,740,778,778,913,913,989,1439,1439,820,840,855,855],"floor_reached":23,"language":"ENG","playtime":1098,"items_purged":["Regret"],"score":253,"play_id":"0210fde9-f8e8-4424-b985-24fdc53a042b","local_time":"20210226212155","is_ascension_mode":true,"campfire_choices":[{"floor":7.0,"key":"RECALL"},{"data":"HandOfGreed","floor":15,"key":"SMITH"}],"circlet_count":0,"master_deck":["AscendersBane","hermit:Strike_Hermit+1","hermit:Strike_Hermit+1","hermit:Strike_Hermit+1","hermit:Strike_Hermit+1","hermit:Defend_Hermit+1","hermit:Defend_Hermit+1","hermit:Defend_Hermit+1","hermit:Defend_Hermit+1","hermit:Snapshot+1","hermit:Covet+1","HandOfGreed+1","hermit:FlashPowder","hermit:BodyArmor","hermit:GhostlyPresence","hermit:Scavenge","hermit:Scavenge","hermit:Gestalt","hermit:Scavenge","hermit:Reprieve","Flash of Steel","Mayhem","Good Instincts","Flash of Steel","hermit:Scavenge"],"relics":["hermit:Momento","Replay:PocketPolymizer","Lee\u0027s Waffle","Blood Vial","Ancient Tea Set","Mercury Hourglass","ReplayFunnel","Black Star","Ice Cream","ReplayTheSpireMod:ShopPack"],"acts_visited":["Exordium","TheCity"],"potions_floor_usage":[10,16,16,23,23],"damage_taken":[{"damage":0.0,"enemies":"Cultist","floor":1.0,"turns":3.0},{"damage":0.0,"enemies":"Small Slimes","floor":2.0,"turns":1.0},{"damage":0.0,"enemies":"2 Louse","floor":4.0,"turns":1.0},{"damage":23.0,"enemies":"Lagavulin","floor":6.0,"turns":6.0},{"damage":0.0,"enemies":"Large Slime","floor":8.0,"turns":5.0},{"damage":30,"enemies":"Gremlin Nob","floor":10,"turns":4},{"damage":7,"enemies":"2 Fungi Beasts","floor":11,"turns":3},{"damage":0,"enemies":"Blue Slaver","floor":13,"turns":6},{"damage":0,"enemies":"Gremlin Gang","floor":14,"turns":5},{"damage":18,"enemies":"Hexaghost","floor":16,"turns":15},{"damage":2,"enemies":"3 Byrds","floor":18,"turns":6},{"damage":18,"enemies":"Shell Parasite","floor":22,"turns":6},{"damage":48,"enemies":"Book of Stabbing","floor":23,"turns":8}],"seed_played":"-5250870302639408660","potions_obtained":[{"floor":1.0,"key":"SpeedPotion"},{"floor":6.0,"key":"Strength Potion"},{"floor":10,"key":"LiquidMemories"},{"floor":16,"key":"Regen Potion"}],"is_trial":false,"path_per_floor":["M","M","?","M","?","E","R","M","T","E","M","?","M","M","R","B",null,"M","?","?","$","M","E"],"character_chosen":"HERMIT","items_purchased":["Lee\u0027s Waffle","Blood Vial","HandOfGreed","FairyPotion","Ice Cream","SpeedPotion","Flash of Steel","ReplayTheSpireMod:ShopPack"],"campfire_rested":0,"item_purchase_floors":[0,0,0,0,21,21,21,21],"current_hp_per_floor":[78,78,78,78,78,55,55,57,57,29,24,24,26,28,28,12,78,76,24,24,24,16,12,12],"gold":855,"neow_bonus":"","is_daily":false,"chose_seed":false,"campfire_upgraded":1,"win_rate":0.0,"timestamp":1614363715,"path_taken":["M","M","?","M","?","E","R","?","T","E","M","?","M","M","R","BOSS","M","?","?","$","M","E"],"items_purchased_type":["Relic","Relic","Card","Potion","Relic","Potion","Card","Relic"],"build_version":"2020-12-22","purchased_purges":1,"victory":false,"max_hp_per_floor":[78,78,78,78,78,78,78,78,78,78,78,78,78,78,78,78,78,78,78,78,78,78,78,78],"card_choices":[{"not_picked":["hermit:Headshot","hermit:Snipe","hermit:Dive"],"picked":"SKIP","floor":1.0},{"not_picked":["hermit:Headshot","hermit:Misfire"],"picked":"hermit:FlashPowder","floor":2.0},{"not_picked":["hermit:SprayPray","hermit:Desperado"],"picked":"hermit:BodyArmor","floor":4.0},{"not_picked":["hermit:Snipe","hermit:Coalescence","hermit:CalledShot"],"picked":"SKIP","floor":6.0},{"not_picked":["hermit:Grudge","hermit:ShadowCloak"],"picked":"hermit:GhostlyPresence","floor":8.0},{"not_picked":["hermit:Malice","hermit:Dive"],"picked":"hermit:Scavenge","floor":10},{"not_picked":["hermit:CalledShot","hermit:Coalescence"],"picked":"hermit:Scavenge","floor":11},{"not_picked":["hermit:SprayPray","hermit:FromBeyond"],"picked":"hermit:Gestalt","floor":13},{"not_picked":["hermit:TakeAim","hermit:Misfire"],"picked":"hermit:Scavenge","floor":14},{"not_picked":["hermit:EternalForm","hermit:Magnum"],"picked":"hermit:Reprieve","floor":16},{"not_picked":["hermit:LowProfile","hermit:BigShot","hermit:Desperado"],"picked":"SKIP","floor":18},{"not_picked":["Apotheosis","Crow Ritual"],"picked":"Mayhem","floor":21},{"not_picked":["Bandage Up","Blind"],"picked":"Good Instincts","floor":21},{"not_picked":["Panache","Jack Of All Trades"],"picked":"Flash of Steel","floor":21},{"not_picked":["hermit:Glare","hermit:EyeOfTheStorm+1"],"picked":"hermit:Scavenge","floor":22}],"player_experience":1181315,"relics_obtained":[{"floor":6.0,"key":"Ancient Tea Set"},{"floor":9.0,"key":"Mercury Hourglass"},{"floor":10,"key":"ReplayFunnel"}],"event_choices":[{"damage_healed":0.0,"max_hp_gain":0.0,"max_hp_loss":0.0,"gold_gain":59.0,"event_name":"Golden Wing","player_choice":"Gained Gold","floor":3.0,"gold_loss":0.0,"damage_taken":0.0},{"damage_healed":0.0,"max_hp_gain":0.0,"max_hp_loss":0.0,"gold_gain":275.0,"event_name":"Golden Shrine","player_choice":"Desecrate","floor":5.0,"gold_loss":0.0,"damage_taken":0.0,"cards_obtained":["Regret"]},{"damage_healed":0,"gold_gain":450,"player_choice":"GOLD GOLD GOLD GOLD GOLD POTION ","damage_taken":52,"max_hp_gain":0,"max_hp_loss":0,"event_name":"Knowing Skull","floor":19,"potions_obtained":["Milkshake"],"gold_loss":0,"cards_obtained":[]},{"cards_removed":["Regret"],"damage_healed":0,"gold_gain":0,"player_choice":"Give","damage_taken":0,"max_hp_gain":0,"max_hp_loss":0,"event_name":"betterNote:BetterNote","floor":20,"gold_loss":0,"cards_obtained":["Pain"]}],"is_beta":false,"boss_relics":[{"not_picked":["Honey Jar","hermit:ClaspedLocket"],"picked":"Black Star"}],"items_purged_floors":[21],"is_endless":false,"potions_floor_spawned":[1,6,10,14,16,22],"killed_by":"Book of Stabbing","ascension_level":0}}