{"host":"28p8ce41sjwa6lzf","time":1614357558,"event":{"mods":["BaseMod","Bestiary","Colored Map","Colored Powertips","Dark Map","Highlight Path","Minty Spire (QoL Compilation)","Permanent Neow","Quick Restart","Random Character Button","Rare Cards Sparkle","Relic Stats","StSLib","Unceasing Turn Reminder","ojb\u0027s Info Mod: The sequel"],"gold_per_floor":[112,123,142,159,171,171,206,224,224,224,171,198,217,275,275,350,350,362,150,150,200,216,216,229,229,229],"floor_reached":25,"language":"ENG","playtime":1510,"items_purged":["Strike_G"],"score":430,"play_id":"905eee15-e2b5-45bc-910e-932780b01375","local_time":"20210226103918","is_ascension_mode":true,"campfire_choices":[{"data":"Noxious Fumes","floor":6.0,"key":"SMITH"},{"data":"Noxious Fumes","floor":10.0,"key":"SMITH"},{"data":"Cloak And Dagger","floor":15.0,"key":"SMITH"},{"data":"Catalyst","floor":23.0,"key":"SMITH"}],"circlet_count":0,"master_deck":["AscendersBane","Strike_G","Strike_G","Strike_G","Strike_G","Defend_G","Defend_G","Defend_G","Defend_G","Defend_G","Survivor","Neutralize","Blade Dance","Noxious Fumes+1","Blade Dance","Backflip","PiercingWail","Venomology","Blur","Noxious Fumes+1","Backflip","Cloak And Dagger+1","Wraith Form v2","Dodge and Roll","Catalyst+1","Crippling Poison"],"relics":["Ring of the Snake","Ornamental Fan","HornCleat","Smiling Mask","Sundial","Meat on the Bone","Philosopher\u0027s Stone","Anchor"],"acts_visited":["Exordium","TheCity"],"potions_floor_usage":[25,25,25],"damage_taken":[{"damage":6.0,"enemies":"Cultist","floor":1.0,"turns":4.0},{"damage":2.0,"enemies":"Jaw Worm","floor":2.0,"turns":4.0},{"damage":0.0,"enemies":"Small Slimes","floor":3.0,"turns":3.0},{"damage":1.0,"enemies":"Looter","floor":4.0,"turns":4.0},{"damage":2.0,"enemies":"Exordium Wildlife","floor":5.0,"turns":3.0},{"damage":8.0,"enemies":"Gremlin Nob","floor":7.0,"turns":3.0},{"damage":0.0,"enemies":"Large Slime","floor":8.0,"turns":7.0},{"damage":2.0,"enemies":"3 Sentries","floor":12.0,"turns":7.0},{"damage":0.0,"enemies":"Gremlin Gang","floor":13.0,"turns":6.0},{"damage":1.0,"enemies":"3 Sentries","floor":14.0,"turns":5.0},{"damage":16.0,"enemies":"The Guardian","floor":16.0,"turns":11.0},{"damage":5.0,"enemies":"3 Byrds","floor":18.0,"turns":4.0},{"damage":8.0,"enemies":"Spheric Guardian","floor":22.0,"turns":6.0},{"damage":27.0,"enemies":"Snake Plant","floor":24.0,"turns":6.0},{"damage":38,"enemies":"Gremlin Leader","floor":25,"turns":6}],"seed_played":"-6973667248885921753","potions_obtained":[{"floor":2.0,"key":"BlessingOfTheForge"},{"floor":5.0,"key":"SkillPotion"},{"floor":7.0,"key":"AttackPotion"},{"floor":13.0,"key":"DuplicationPotion"},{"floor":14.0,"key":"SteroidPotion"},{"floor":16.0,"key":"Fruit Juice"},{"floor":24.0,"key":"EssenceOfSteel"}],"is_trial":false,"path_per_floor":["M","M","M","M","M","R","E","M","T","R","?","E","M","?","R","B",null,"M","$","?","?","M","R","M","E"],"character_chosen":"THE_SILENT","items_purchased":["Anchor"],"campfire_rested":0,"item_purchase_floors":[19],"current_hp_per_floor":[53,51,51,50,48,48,40,40,40,40,40,38,38,37,37,33,58,58,58,58,58,50,50,35,0,0],"gold":229,"neow_bonus":"THREE_CARDS","is_daily":false,"chose_seed":false,"campfire_upgraded":4,"win_rate":0.0,"timestamp":1614357558,"path_taken":["M","M","M","M","M","R","E","M","T","R","?","E","?","?","R","BOSS","M","$","?","?","M","R","M","E"],"items_purchased_type":["Relic"],"build_version":"2020-12-22","purchased_purges":1,"victory":false,"max_hp_per_floor":[66,66,66,66,66,66,66,66,66,66,66,66,66,66,66,66,66,71,71,71,71,71,71,71,71,71],"relic_stats":{"counters":[15,79],"Ornamental Fan":[120],"Sundial":[6],"Smiling Mask":25,"obtain_stats":[{"Anchor":19,"HornCleat":9,"Ornamental Fan":7,"Sundial":12,"Philosopher\u0027s Stone":17,"Smiling Mask":11,"Ring of the Snake":0,"Meat on the Bone":14},{"Anchor":12,"HornCleat":7,"Ornamental Fan":6,"Sundial":8,"Philosopher\u0027s Stone":11,"Smiling Mask":7,"Ring of the Snake":0,"Meat on the Bone":10},{"Anchor":61,"HornCleat":28,"Ornamental Fan":21,"Sundial":35,"Philosopher\u0027s Stone":57,"Smiling Mask":28,"Ring of the Snake":0,"Meat on the Bone":46}],"Ring of the Snake":[30],"Meat on the Bone":24},"card_choices":[{"not_picked":["Cloak And Dagger","Deflect"],"picked":"Blade Dance","floor":0.0},{"not_picked":["Outmaneuver","Dagger Throw"],"picked":"Noxious Fumes","floor":1.0},{"not_picked":["Acrobatics","Dagger Throw"],"picked":"Blade Dance","floor":2.0},{"not_picked":["Heel Hook","Bane"],"picked":"Backflip","floor":3.0},{"not_picked":["Backflip","Well Laid Plans"],"picked":"PiercingWail","floor":4.0},{"not_picked":["Deadly Poison","Bane"],"picked":"Venomology","floor":5.0},{"not_picked":["Deflect","Flying Knee"],"picked":"Blur","floor":7.0},{"not_picked":["Deflect","Sucker Punch"],"picked":"Noxious Fumes","floor":8.0},{"not_picked":["Quick Slash","Acrobatics"],"picked":"Backflip","floor":12.0},{"not_picked":["Tactician","Setup","Flying Knee"],"picked":"SKIP","floor":13.0},{"not_picked":["Poisoned Stab","Dagger Spray"],"picked":"Cloak And Dagger","floor":14.0},{"not_picked":["Corpse Explosion","Die Die Die"],"picked":"Wraith Form v2","floor":16.0},{"not_picked":["Tactician","Acrobatics"],"picked":"Dodge and Roll","floor":18.0},{"not_picked":["Dagger Throw","Poisoned Stab","Skewer"],"picked":"SKIP","floor":22.0},{"not_picked":["Calculated Gamble","Blade Dance"],"picked":"Crippling Poison","floor":24.0}],"player_experience":1423001,"relics_obtained":[{"floor":7.0,"key":"Ornamental Fan"},{"floor":9.0,"key":"HornCleat"},{"floor":12.0,"key":"Sundial"},{"floor":14.0,"key":"Meat on the Bone"}],"event_choices":[{"damage_healed":0.0,"max_hp_gain":0.0,"max_hp_loss":0.0,"gold_gain":0.0,"event_name":"WeMeetAgain","player_choice":"Paid Gold","floor":11.0,"gold_loss":53.0,"damage_taken":0.0,"relics_obtained":["Smiling Mask"]},{"damage_healed":0.0,"max_hp_gain":0.0,"max_hp_loss":0.0,"gold_gain":0.0,"event_name":"Dead Adventurer","player_choice":"Searched \u00272\u0027 times","floor":14.0,"gold_loss":0.0,"damage_taken":0.0},{"damage_healed":0.0,"max_hp_gain":0.0,"max_hp_loss":0.0,"gold_gain":0.0,"event_name":"The Library","player_choice":"Read","floor":20.0,"gold_loss":0.0,"damage_taken":0.0,"cards_obtained":["Catalyst"]},{"damage_healed":0.0,"max_hp_gain":0.0,"max_hp_loss":0.0,"gold_gain":50.0,"event_name":"Nest","player_choice":"Stole From Cult","floor":21.0,"gold_loss":0.0,"damage_taken":0.0}],"is_beta":false,"boss_relics":[{"not_picked":["Velvet Choker","Sozu"],"picked":"Philosopher\u0027s Stone"}],"items_purged_floors":[19],"is_endless":false,"potions_floor_spawned":[2,5,7,13,14,16,18,24],"killed_by":"Gremlin Leader","ascension_level":20}}