{"host":"v6biu77h43umse0l","time":1614316405,"event":{"mods":["BaseMod","DeckTracker","Lobotomy","Minty Spire (QoL Compilation)","StSLib","SuperFastMode"],"gold_per_floor":[119,131,151,166,176,176,176],"floor_reached":6,"language":"KOR","playtime":252,"items_purged":[],"score":50,"play_id":"57100521-ac1d-49cc-881c-a79ae64a85d5","local_time":"20210226141325","is_ascension_mode":true,"campfire_choices":[],"circlet_count":0,"master_deck":["Strike_B","Strike_B","Strike_B","Strike_B","Defend_B","Defend_B","Defend_B","Defend_B","Zap","Dualcast","LaLuna","Sweeping Beam","Laetitia","Melter","OSAHOGD","Sunder","PunishingBird","Woodsman","Hello World"],"relics":["Cracked Core","CogitoBucket"],"acts_visited":["Exordium"],"potions_floor_usage":[6,6],"damage_taken":[{"damage":5,"enemies":"Small Slimes","floor":1,"turns":3},{"damage":1,"enemies":"2 Louse","floor":2,"turns":2},{"damage":6,"enemies":"Cultist","floor":3,"turns":3},{"damage":4,"enemies":"Blue Slaver","floor":4,"turns":3},{"damage":12,"enemies":"Gremlin Gang","floor":5,"turns":3},{"damage":49,"enemies":"Lagavulin","floor":6,"turns":6}],"seed_played":"1188463419700918398","potions_obtained":[{"floor":1,"key":"Energy Potion"},{"floor":3,"key":"AttackPotion"}],"is_trial":false,"path_per_floor":["M","M","M","M","M","E"],"character_chosen":"DEFECT","items_purchased":[],"campfire_rested":0,"item_purchase_floors":[],"current_hp_per_floor":[70,69,63,59,47,0,0],"gold":176,"neow_bonus":"","is_daily":false,"chose_seed":false,"campfire_upgraded":0,"win_rate":0.0,"timestamp":1614316405,"path_taken":["M","M","M","M","M","E"],"items_purchased_type":[],"build_version":"2020-12-22","purchased_purges":0,"victory":false,"max_hp_per_floor":[75,75,75,75,75,75,75],"card_choices":[{"not_picked":["MHz","Bloodbath"],"picked":"LaLuna","floor":1},{"not_picked":["Blizzard","Steam"],"picked":"Sweeping Beam","floor":1},{"not_picked":["OldLady","CrumblingArmor"],"picked":"Laetitia","floor":2},{"not_picked":["Turbo","Redo"],"picked":"Melter","floor":2},{"not_picked":["VoidDream","WallGazer"],"picked":"OSAHOGD","floor":3},{"not_picked":["BootSequence","Streamline"],"picked":"Sunder","floor":3},{"not_picked":["LittlePrince","VoidDream"],"picked":"PunishingBird","floor":4},{"not_picked":["Lockon","Barrage","Go for the Eyes"],"picked":"SKIP","floor":4},{"not_picked":["BeautyBeast","SingingMachine"],"picked":"Woodsman","floor":5},{"not_picked":["Beam Cell","Go for the Eyes"],"picked":"Hello World","floor":5}],"player_experience":388326,"relics_obtained":[],"event_choices":[],"is_beta":false,"boss_relics":[],"items_purged_floors":[],"is_endless":false,"potions_floor_spawned":[1,3],"killed_by":"Lagavulin","ascension_level":5}}