{"host":"kmq7aw60w430zvtx","time":1614332432,"event":{"mods":["Aspiration","BaseMod","Downfall","GifTheSpireLib","Hermit","Hubris","Infinite Spire","Minty Spire (QoL Compilation)","Reliquary","Replay The Spire","Spire Arcade","StSLib","The Construct","The Cursed","The Hierophant","The Jungle","The Necromancer","The Runesmith"],"gold_per_floor":[114,114,114,132,82,116,142,142,217,230,265,265,297,372,372,477,477,495,495,513,513,523,551,551,571,571,596,613,23,35,49,49,151,151,172,198,228,228,258,258,308,308,332,380,360,398,435,483,483,483,483,483,16,16,16],"floor_reached":54,"language":"ENG","playtime":4247,"items_purged":["Predator"],"score":1431,"play_id":"e2266c0c-1fb3-4d41-afe2-0c81e2be0121","local_time":"20210226104032","is_ascension_mode":true,"campfire_choices":[{"floor":8,"key":"RECALL"},{"data":"1","floor":12,"key":"LIFT"},{"floor":15,"key":"REST"},{"data":"2","floor":24,"key":"LIFT"},{"data":"3","floor":40,"key":"LIFT"},{"floor":42,"key":"REST"},{"data":"ReplayTheSpireMod:Brewmster","floor":52,"key":"SMITH"}],"circlet_count":0,"master_deck":["AscendersBane","Strike_G","Strike_G","Strike_G","Strike_G","Defend_G","Defend_G","Defend_G","Defend_G","Survivor","Neutralize","Cloak And Dagger","Tactician+1","Dagger Throw","Calculated Gamble","Caltrops","Malaise","Prepared","Endless Agony","Envenom","PiercingWail","Flying Knee","Dagger Spray+1","Slice","Underhanded Strike","Dash+1","Dagger Throw","ReplayTheSpireMod:Brewmster+1","Caltrops","Dagger Throw","Slice+1","Die Die Die","Deflect+1","Underhanded Strike+1","hubris:Counter+1","ReplayTheSpireMod:Speed Training+1","Deflect","Dagger Spray","Footwork+1","hubris:SlightOfHand+1","PiercingWail+1","Flying Knee","ReplayTheSpireMod:The Works+1","Slice"],"relics":["Runic Pyramid","Runesmith:AutoHammer","Girya","HornCleat","Runesmith:Nanobots","Dream Catcher","construct:WeddingRing","HoveringKite","The Courier","construct:FoamFinger","Pear","Blue Candle","Thread and Needle","Chameleon Ring","infinitespire:EvilPickle","aspiration:FutureDiary","reliquary:Boomerang","Vampiric Spirits","Anchor","reliquary:Firecrackers","Strawberry","Lee\u0027s Waffle"],"acts_visited":["Exordium","TheCity","TheBeyond","TheEnding"],"potions_floor_usage":[11,16,22,23,23,30,33,33,33,33,35,37,37,39,41,41,44,44,44,44,46,46,47,50,50,54,54],"damage_taken":[{"damage":0,"enemies":"Cultist","floor":1,"turns":5},{"damage":3,"enemies":"Small Slimes","floor":4,"turns":4},{"damage":5,"enemies":"Replay:BlueRogue","floor":6,"turns":8},{"damage":0,"enemies":"2 Louse","floor":10,"turns":2},{"damage":7,"enemies":"3 Sentries","floor":11,"turns":8},{"damage":12,"enemies":"Lagavulin","floor":13,"turns":8},{"damage":15,"enemies":"The Guardian","floor":16,"turns":9},{"damage":7,"enemies":"3 Byrds","floor":18,"turns":5},{"damage":0,"enemies":"Shell Parasite","floor":20,"turns":5},{"damage":12,"enemies":"Snake Plant","floor":22,"turns":5},{"damage":11,"enemies":"Slavers","floor":23,"turns":4},{"damage":0,"enemies":"Sentry and Sphere","floor":25,"turns":3},{"damage":8,"enemies":"Book of Stabbing","floor":27,"turns":5},{"damage":5,"enemies":"Cultist and Chosen","floor":28,"turns":3},{"damage":0,"enemies":"Centurion and Healer","floor":30,"turns":4},{"damage":0,"enemies":"Snake Plant","floor":31,"turns":4},{"damage":11,"enemies":"Pondfish","floor":33,"turns":7},{"damage":0,"enemies":"3 Shapes","floor":35,"turns":4},{"damage":0,"enemies":"Orb Walker","floor":36,"turns":3},{"damage":24,"enemies":"Sphere and 2 Shapes","floor":37,"turns":4},{"damage":0,"enemies":"3 Darklings","floor":39,"turns":3},{"damage":10,"enemies":"2 Orb Walkers","floor":41,"turns":3},{"damage":21,"enemies":"Giant Head","floor":44,"turns":9},{"damage":0,"enemies":"Maw","floor":46,"turns":7},{"damage":1,"enemies":"Writhing Mass","floor":47,"turns":4},{"damage":1,"enemies":"3 Darklings","floor":48,"turns":5},{"damage":55,"enemies":"Donu and Deca","floor":50,"turns":10},{"damage":113,"enemies":"Shield and Spear","floor":54,"turns":9}],"seed_played":"2396893882993387818","potions_obtained":[{"floor":1,"key":"SpeedPotion"},{"floor":4,"key":"DuplicationPotion"},{"floor":11,"key":"Death Potion"},{"floor":13,"key":"Strength Potion"},{"floor":16,"key":"Ancient Potion"},{"floor":21,"key":"Regen Potion"},{"floor":21,"key":"LifebloodPotion"},{"floor":22,"key":"Swift Potion"},{"floor":27,"key":"Swift Potion"},{"floor":31,"key":"Adrenaline Potion"},{"floor":37,"key":"Swift Potion"},{"floor":41,"key":"SkillPotion"},{"floor":45,"key":"Adrenaline Potion"}],"is_trial":false,"path_per_floor":["M","?","?","M","?","E","T","R","T","M","E","R","E","?","R","B",null,"M","AVR","M","?","M","E","R","M","T","E","M","$","M","M","R","B",null,"M","M","M","AVR","M","R","?","R","T","E","?","M","M","M","R","B",null,"R","$","E"],"character_chosen":"THE_SILENT","items_purchased":["Thread and Needle","Chameleon Ring","ReplayTheSpireMod:Brewmster","ReplayTheSpireMod:The Works+1","Strawberry","Lee\u0027s Waffle","Slice","Block Potion","Block Potion"],"campfire_rested":2,"item_purchase_floors":[29,29,29,53,53,53,53,53,53],"current_hp_per_floor":[63,63,63,60,60,55,55,55,55,55,48,48,36,25,46,31,60,53,53,53,53,56,45,45,45,55,47,42,42,42,42,66,62,76,76,76,52,52,52,52,42,66,66,59,59,69,68,74,74,25,66,66,94,0,0],"gold":16,"neow_bonus":"BOSS_RELIC","is_daily":false,"chose_seed":false,"campfire_upgraded":1,"win_rate":0.0,"timestamp":1614332432,"path_taken":["M","?","?","M","?","E","?","R","T","M","E","R","E","?","R","BOSS","M","AVR","M","?","?","E","R","M","T","E","M","$","M","M","R","BOSS","M","?","M","AVR","M","R","?","R","T","E","?","M","?","M","R","BOSS","R","$","E"],"items_purchased_type":["Relic","Relic","Card","Card","Relic","Relic","Card","Potion","Potion"],"build_version":"2020-12-22","purchased_purges":1,"victory":false,"max_hp_per_floor":[70,70,70,70,70,70,70,70,70,70,70,70,70,70,70,70,70,70,70,70,70,70,70,70,70,80,80,80,80,80,80,80,80,80,80,80,80,80,80,80,80,80,80,80,80,80,80,80,80,80,80,80,94,94,94],"card_choices":[{"not_picked":["Backflip","ReplayTheSpireMod:Exploit Weakness"],"picked":"Cloak And Dagger","floor":1},{"not_picked":["Prepared","Expertise"],"picked":"Dagger Throw","floor":4},{"not_picked":["Bane","Flying Knee"],"picked":"Calculated Gamble","floor":6},{"not_picked":["hubris:TrickCloak","ReplayTheSpireMod:Exploit Weakness"],"picked":"Caltrops","floor":10},{"not_picked":["Fluid Movement","Catalyst"],"picked":"Malaise","floor":11},{"not_picked":["Cloak And Dagger","Blade Dance"],"picked":"Prepared","floor":13},{"not_picked":["Prepared","Catalyst"],"picked":"Endless Agony","floor":15},{"not_picked":["Glass Knife","Malaise"],"picked":"Envenom","floor":16},{"not_picked":["Hidden Blade+1","ReplayTheSpireMod:Exploit Weakness"],"picked":"PiercingWail","floor":18},{"not_picked":["Backflip","PiercingWail"],"picked":"Flying Knee","floor":20},{"not_picked":["Dodge and Roll+1","hubris:SlightOfHand"],"picked":"Dagger Spray+1","floor":22},{"not_picked":["All Out Attack","hubris:Counter"],"picked":"Slice","floor":23},{"not_picked":["Poisoned Stab","Slice"],"picked":"Underhanded Strike","floor":25},{"not_picked":["Sucker Punch","Night Terror"],"picked":"Dash","floor":27},{"not_picked":["Dagger Spray","Dodge and Roll"],"picked":"Dagger Throw","floor":28},{"not_picked":["ReplayTheSpireMod:Shiv Toss","PiercingWail"],"picked":"Caltrops","floor":30},{"not_picked":["ReplayTheSpireMod:Tripwire","hubris:SlightOfHand"],"picked":"Dagger Throw","floor":31},{"not_picked":["Prepared","Outmaneuver"],"picked":"Slice+1","floor":32},{"not_picked":["Night Terror","Replay:Bag of Tricks"],"picked":"Die Die Die","floor":33},{"not_picked":["Leg Sweep+1","Flying Knee"],"picked":"Deflect+1","floor":35},{"not_picked":["Distraction","Reflex"],"picked":"Underhanded Strike+1","floor":36},{"not_picked":["Bane+1","Die Die Die"],"picked":"hubris:Counter+1","floor":37},{"not_picked":["Poisoned Stab+1","Dagger Throw+1"],"picked":"ReplayTheSpireMod:Speed Training+1","floor":39},{"not_picked":["Toxin Wave","Accuracy"],"picked":"Deflect","floor":41},{"not_picked":["Well Laid Plans+1","Sneak Up"],"picked":"Dagger Spray","floor":42},{"not_picked":["Slice+1","Flying Knee+1"],"picked":"Footwork+1","floor":44},{"not_picked":["Backflip+1","Poisoned Stab+1"],"picked":"hubris:SlightOfHand+1","floor":46},{"not_picked":["Cloak And Dagger+1","Dodge and Roll+1"],"picked":"PiercingWail+1","floor":47},{"not_picked":["Acrobatics+1","Expertise+1"],"picked":"Flying Knee","floor":48}],"player_experience":418912,"relics_obtained":[{"floor":6,"key":"Girya"},{"floor":9,"key":"HornCleat"},{"floor":11,"key":"Runesmith:Nanobots"},{"floor":13,"key":"Dream Catcher"},{"floor":23,"key":"construct:FoamFinger"},{"floor":26,"key":"Pear"},{"floor":27,"key":"Blue Candle"},{"floor":41,"key":"Vampiric Spirits"},{"floor":43,"key":"Anchor"},{"floor":44,"key":"reliquary:Firecrackers"}],"event_choices":[{"damage_healed":0,"gold_gain":0,"player_choice":"Box","damage_taken":0,"relics_obtained":["Runesmith:AutoHammer"],"max_hp_gain":0,"max_hp_loss":0,"event_name":"Big Fish","floor":3,"gold_loss":0,"cards_obtained":["Regret"]},{"cards_removed":["Regret"],"damage_healed":0,"gold_gain":0,"player_choice":"Card Removal","damage_taken":0,"max_hp_gain":0,"max_hp_loss":0,"event_name":"The Cleric","floor":5,"gold_loss":50},{"damage_healed":0,"gold_gain":75,"player_choice":"Gather Gold","damage_taken":11,"max_hp_gain":0,"max_hp_loss":0,"event_name":"World of Goop","floor":14,"gold_loss":0},{"damage_healed":0,"gold_gain":0,"player_choice":"Got Potions","damage_taken":0,"max_hp_gain":0,"max_hp_loss":0,"event_name":"Lab","floor":21,"gold_loss":0},{"damage_healed":0,"gold_gain":0,"player_choice":"Fight","damage_taken":0,"max_hp_gain":0,"max_hp_loss":0,"event_name":"Mysterious Sphere","floor":41,"gold_loss":0},{"damage_healed":0,"gold_gain":0,"player_choice":"Bought 1 Potion","damage_taken":0,"max_hp_gain":0,"max_hp_loss":0,"event_name":"The Woman in Blue","floor":45,"gold_loss":0}],"is_beta":false,"boss_relics":[{"not_picked":["Fusion Hammer","aspiration:RunicSpoon"],"picked":"construct:WeddingRing"},{"not_picked":["Snecko Eye","hubris:Stopwatch"],"picked":"aspiration:FutureDiary"}],"items_purged_floors":[53],"is_endless":false,"potions_floor_spawned":[1,4,11,13,16,22,27,31,37,41,44,46],"killed_by":"Shield and Spear","ascension_level":10}}