{"host":"ggy1mjjy92c62u6a","time":1614332711,"event":{"mods":["10 clothes from DAL","ATMod(阿瑾Mod)","Act Like it!","BaseMod","Colored Powertips","GifTheSpireLib","Infinite Spire","Library of Ruina","Library of Ruina Extra","Lobotomy","LobotomyExtend","Marisa（F雨　魔理沙）","Minty Spire (QoL Compilation)","Quick Restart","Relic Filter Mod","Relic Stats","Reliquary","Remilia（蕾米莉亚）","Replay The Spire","RumiaBox-露米娅的神秘盒子","Shop Mod","Spicy Shops","StSLib","SuperFastMode","UnlockEverythingMod","Youmu（魂魄妖梦）","[功能]功能增强和修复MOD","【功能Mod】混沌之环修复补丁","【遗物Mod】死灵法师NEW","【遗物卡牌】REMEMod"],"gold_per_floor":[109,109,109,109,140,171,193,214,252,1277,865,865,878,878,878,952,952,966,966,966,966,982,982,1007,1007,1032,1051,1062,1062,445,456,456,529,529,548,573,573,589,589,618,618,618,618,628,418,418,23,64,64,90,90],"floor_reached":50,"language":"ZHS","playtime":1543,"items_purged":["Strike_G","Pain","Strike_G","Defend_G","Defend_G","Defend_G","Strike_G"],"score":1345,"play_id":"993b6202-03d8-4723-ad2d-9a0934df5d75","local_time":"20210226174511","is_ascension_mode":true,"campfire_choices":[{"floor":12.0,"key":"REST"},{"data":"Calculated Gamble","floor":15.0,"key":"SMITH"},{"data":"AT_EmpoweredMortalDraw","floor":23.0,"key":"SMITH"},{"data":"infinitespire:Punishment","floor":25.0,"key":"SMITH"},{"floor":32.0,"key":"RECALL"},{"data":"Acrobatics","floor":42.0,"key":"SMITH"},{"floor":46.0,"key":"REST"},{"data":"Crow Ritual","floor":49.0,"key":"SMITH"}],"circlet_count":0,"master_deck":["AscendersBane","Strike_G","Strike_G","Defend_G","Survivor+1","Neutralize","SpiderLilyBurial+1","AT_EmpoweredMortalDraw+1","ReplayTheSpireMod:The Works","Acrobatics+1","Calculated Gamble+1","Quick Slash","Quick Slash+1","Dark Shackles+1","Night Terror+1","AT_EmpoweredMortalDraw+1","Concentrate+1","ReplayTheSpireMod:Speed Training+1","infinitespire:Punishment+1","Writhe","Bouncing Flask+1","BlueStar","Acrobatics+1","ReplayTheSpireMod:IOU","Decay","AT_ThistleTea+1","Crow Ritual+1"],"relics":["m_TsuchinokoRing","REME_ComplimentaryCards","AT_ATBox","CogitoBucket","Baka","LetterFromLob","infinitespire:Cubic Diamond","AT_ArcaneBoots","reliquary:Pushpin","MerchantsRug","Toxic Egg 2","AT_MortalBlade","Pet Ghost","Replay:WaspNest","PageOfPorccubus","Membership Card","ReplayTheSpireMod:CursedCoin","SSSystem","reliquary:FerryPass","ChaoDraw","Cursed Key","AT_Kusabimaru","AtMidnight","ReplayTheSpireMod:Ring of Exchange","ReplayTheSpireMod:Ring of Collecting","Gambling Chip","ReplayTheSpireMod:Ring of Addiction","SacredBark","Toy Ornithopter","Ring of Panic","Counterbalance","reliquary:RedCape","PageOfFairyFestival","PageOfBloodbath","AT_EbonyIvory","Strange Spoon","Kunai","Replay:Bandana","Nunchaku","reliquary:Buckler"],"acts_visited":["Exordium","TheCity","TheBeyond"],"potions_floor_usage":[],"damage_taken":[{"damage":0.0,"enemies":"Small Slimes","floor":1.0,"turns":2.0},{"damage":9.0,"enemies":"Jaw Worm","floor":5.0,"turns":4.0},{"damage":0.0,"enemies":"Cultist","floor":6.0,"turns":2.0},{"damage":14.0,"enemies":"Red Slaver","floor":7.0,"turns":2.0},{"damage":0.0,"enemies":"3 Louse","floor":8.0,"turns":2.0},{"damage":6.0,"enemies":"Looter","floor":10.0,"turns":2.0},{"damage":13.0,"enemies":"Large Slime","floor":13.0,"turns":4.0},{"damage":12.0,"enemies":"Hexaghost","floor":16.0,"turns":8.0},{"damage":0.0,"enemies":"Chosen","floor":18.0,"turns":2.0},{"damage":15.0,"enemies":"Shell Parasite","floor":22.0,"turns":2.0},{"damage":0.0,"enemies":"Nightmare","floor":24.0,"turns":3.0},{"damage":0.0,"enemies":"3 Cultists","floor":27.0,"turns":1.0},{"damage":0.0,"enemies":"Snake Plant","floor":28.0,"turns":1.0},{"damage":0.0,"enemies":"Shelled Parasite and Fungi","floor":31.0,"turns":1.0},{"damage":9.0,"enemies":"KingOfGreed","floor":33.0,"turns":5.0},{"damage":0.0,"enemies":"Orb Walker","floor":35.0,"turns":1.0},{"damage":5.0,"enemies":"Mind Bloom Boss Battle","floor":36.0,"turns":3.0},{"damage":0.0,"enemies":"3 Shapes","floor":38.0,"turns":1.0},{"damage":0.0,"enemies":"Reptomancer","floor":40.0,"turns":1.0},{"damage":53.0,"enemies":"Transient","floor":44.0,"turns":6.0},{"damage":5.0,"enemies":"R_Hoarder","floor":48.0,"turns":1.0},{"damage":99,"enemies":"Donu and Deca","floor":50,"turns":7}],"seed_played":"-4469280492120464155","potions_obtained":[{"floor":1.0,"key":"Reflective Coating"},{"floor":6.0,"key":"Reflective Coating"},{"floor":7.0,"key":"PowerPotion"},{"floor":13.0,"key":"Dexterity Potion"},{"floor":22.0,"key":"AttackPotion"},{"floor":41.0,"key":"Milkshake"},{"floor":41.0,"key":"LiquidMemories"},{"floor":44.0,"key":"Flashbang"},{"floor":48.0,"key":"SneckoOil"}],"is_trial":false,"path_per_floor":["M","?","?","?","M","M","M","M","T","M","$","R","M","M","R","B",null,"M","?","AVR","?","M","R","NM","R","T","M","M","?","$","M","R","B",null,"M","?","?","M","?","E","T","R","T","M","$","R","$","E","R","B"],"character_chosen":"THE_SILENT","items_purchased":["BargainBundle","Acrobatics","Calculated Gamble","Quick Slash","reliquary:Pushpin","MerchantsRug","REME_GoldPotion","Elixir","Fire Potion","CunningPotion","Toxic Egg 2","Dark Shackles+1","Membership Card","ReplayTheSpireMod:CursedCoin","SSSystem","reliquary:FerryPass","ChaoDraw","Counterbalance","reliquary:RedCape","PageOfFairyFestival","PageOfBloodbath","Fruit Juice","AT_EbonyIvory","Strange Spoon","Kunai","Replay:Bandana","Nunchaku","Crow Ritual"],"campfire_rested":2,"item_purchase_floors":[11,11,11,11,11,11,11,11,11,11,11,11,30,30,30,30,30,45,45,45,45,45,47,47,47,47,47,47],"current_hp_per_floor":[59,59,39,39,30,30,16,16,16,10,10,29,29,29,29,17,54,54,62,62,58,43,43,43,43,43,43,43,43,43,43,43,36,59,59,56,56,56,56,56,56,56,56,26,41,65,65,62,62,0,0],"gold":90,"neow_bonus":"","is_daily":false,"chose_seed":false,"campfire_upgraded":5,"win_rate":0.0,"timestamp":1614332711,"path_taken":["M","?","?","?","M","M","M","M","T","M","?","R","M","?","R","BOSS","M","?","AVR","?","?","R","NM","R","T","M","M","?","$","M","R","BOSS","M","?","?","M","?","E","?","R","T","M","?","R","$","E","R","BOSS"],"items_purchased_type":["Relic","Card","Card","Card","Relic","Relic","Potion","Potion","Potion","Potion","Relic","Card","Relic","Relic","Relic","Relic","Relic","Relic","Relic","Relic","Relic","Potion","Relic","Relic","Relic","Relic","Relic","Card"],"build_version":"2020-12-22","purchased_purges":7,"victory":false,"max_hp_per_floor":[66,66,66,66,66,66,66,66,66,66,66,66,66,66,66,66,66,66,66,66,66,66,66,66,66,66,66,66,66,66,66,66,66,66,66,66,66,66,66,66,66,66,66,73,83,83,83,83,81,81,81],"relic_stats":{"Strange Spoon":[5],"Nunchaku":[2],"counters":[26,65],"Gambling Chip":[34],"Kunai":[5],"Cursed Key":2,"obtain_stats":[{"ReplayTheSpireMod:Ring of Exchange":39,"AT_ATBox":0,"SacredBark":41,"SSSystem":30,"infinitespire:Cubic Diamond":2,"SecretRecord":5,"AT_ArcaneBoots":36,"reliquary:RedCape":45,"Cursed Key":34,"Pet Ghost":20,"reliquary:FerryPass":30,"CogitoBucket":0,"Replay:Bandana":47,"Nunchaku":47,"AT_Kusabimaru":36,"PageOfFairyFestival":45,"m_TsuchinokoRing":2,"Gambling Chip":40,"Strawberry":44,"reliquary:Buckler":48,"Kunai":47,"Toxic Egg 2":11,"Ring of Panic":43,"Ring of the Snake":0,"MerchantsRug":11,"BargainBundle":11,"ReplayTheSpireMod:CursedCoin":30,"ReplayTheSpireMod:Ring of Addiction":41,"Counterbalance":45,"AT_MortalBlade":17,"PageOfBloodbath":45,"Replay:WaspNest":24,"AT_EbonyIvory":47,"Baka":1,"MawBank":4,"reliquary:Pushpin":11,"REME_PoisonedDagger":41,"ChaoDraw":30,"Strange Spoon":47,"AT_SpeedBoots":9,"ReplayTheSpireMod:Ring of Collecting":39,"AtMidnight":38,"LetterFromLob":1,"PageOfPorccubus":26,"Membership Card":30,"Toy Ornithopter":41,"REME_ComplimentaryCards":0},{"ReplayTheSpireMod:Ring of Exchange":21,"AT_ATBox":0,"SacredBark":22,"SSSystem":15,"infinitespire:Cubic Diamond":1,"SecretRecord":2,"AT_ArcaneBoots":19,"reliquary:RedCape":23,"Cursed Key":17,"Pet Ghost":10,"reliquary:FerryPass":15,"CogitoBucket":0,"Replay:Bandana":23,"Nunchaku":23,"AT_Kusabimaru":19,"PageOfFairyFestival":23,"m_TsuchinokoRing":1,"Gambling Chip":22,"Strawberry":23,"reliquary:Buckler":24,"Kunai":23,"Toxic Egg 2":7,"Ring of Panic":22,"Ring of the Snake":0,"MerchantsRug":7,"BargainBundle":7,"ReplayTheSpireMod:CursedCoin":15,"ReplayTheSpireMod:Ring of Addiction":22,"Counterbalance":23,"AT_MortalBlade":9,"PageOfBloodbath":23,"Replay:WaspNest":12,"AT_EbonyIvory":23,"Baka":1,"MawBank":1,"reliquary:Pushpin":7,"REME_PoisonedDagger":22,"ChaoDraw":15,"Strange Spoon":23,"AT_SpeedBoots":5,"ReplayTheSpireMod:Ring of Collecting":21,"AtMidnight":21,"LetterFromLob":1,"PageOfPorccubus":12,"Membership Card":15,"Toy Ornithopter":22,"REME_ComplimentaryCards":0},{"ReplayTheSpireMod:Ring of Exchange":49,"AT_ATBox":0,"SacredBark":50,"SSSystem":37,"infinitespire:Cubic Diamond":2,"SecretRecord":6,"AT_ArcaneBoots":47,"reliquary:RedCape":56,"Cursed Key":43,"Pet Ghost":29,"reliquary:FerryPass":37,"CogitoBucket":0,"Replay:Bandana":56,"Nunchaku":56,"AT_Kusabimaru":47,"PageOfFairyFestival":56,"m_TsuchinokoRing":2,"Gambling Chip":50,"Strawberry":56,"reliquary:Buckler":57,"Kunai":56,"Toxic Egg 2":15,"Ring of Panic":50,"Ring of the Snake":0,"MerchantsRug":15,"BargainBundle":15,"ReplayTheSpireMod:CursedCoin":37,"ReplayTheSpireMod:Ring of Addiction":50,"Counterbalance":56,"AT_MortalBlade":27,"PageOfBloodbath":56,"Replay:WaspNest":34,"AT_EbonyIvory":56,"Baka":2,"MawBank":2,"reliquary:Pushpin":15,"REME_PoisonedDagger":50,"ChaoDraw":37,"Strange Spoon":56,"AT_SpeedBoots":12,"ReplayTheSpireMod:Ring of Collecting":49,"AtMidnight":49,"LetterFromLob":2,"PageOfPorccubus":34,"Membership Card":37,"Toy Ornithopter":50,"REME_ComplimentaryCards":0}],"Toy Ornithopter":15},"card_choices":[{"not_picked":["Dagger Spray","PiercingWail","AT_FocusSwordFire"],"picked":"SKIP","floor":1.0},{"not_picked":["Deflect","Slice","Eviscerate"],"picked":"SKIP","floor":5.0},{"not_picked":["Choke","Unload"],"picked":"ReplayTheSpireMod:The Works","floor":6.0},{"not_picked":["Underhanded Strike","Deflect","AT_Desolate"],"picked":"SKIP","floor":7.0},{"not_picked":["Infinite Blades","ReplayTheSpireMod:Exploit Weakness","Slice"],"picked":"SKIP","floor":8.0},{"not_picked":["Outmaneuver","Dagger Spray","Slice"],"picked":"SKIP","floor":10.0},{"not_picked":["Poisoned Stab","Hidden Blade+1","AT_ArcaneSupremacy"],"picked":"SKIP","floor":13.0},{"not_picked":["AT_EssenceShift","Atom Bomb"],"picked":"Night Terror+1","floor":16.0},{"not_picked":["Setup+1","Bane+1"],"picked":"Concentrate+1","floor":18.0},{"not_picked":["AT_WindFlip","Quick Slash"],"picked":"ReplayTheSpireMod:Speed Training+1","floor":22.0},{"not_picked":["infinitespire:DeathsTouch","ReplayTheSpireMod:Echoes of Time"],"picked":"infinitespire:Punishment","floor":24.0},{"not_picked":["Hidden Blade+1","Deflect+1","Backflip+1"],"picked":"SKIP","floor":24.0},{"not_picked":["AT_WindFlip","Underhanded Strike","Deadly Poison+1"],"picked":"SKIP","floor":27.0},{"not_picked":["Fluid Movement","ReplayTheSpireMod:Speed Training+1","Finisher"],"picked":"SKIP","floor":28.0},{"not_picked":["Hidden Blade+1","Blade Dance+1","Deflect+1"],"picked":"SKIP","floor":31.0},{"not_picked":["Deflect+1","Distraction+1"],"picked":"Bouncing Flask+1","floor":35.0},{"not_picked":["OldLady","MHz"],"picked":"BlueStar","floor":38.0},{"not_picked":["Backflip+1","ReplayTheSpireMod:Tripwire+1","REME_LeechingPoison+1"],"picked":"SKIP","floor":38.0},{"not_picked":["ReplayTheSpireMod:Scrap Shanks+1","Deflect+1"],"picked":"Acrobatics+1","floor":40.0},{"not_picked":["Backflip+1","AT_WindFlip"],"picked":"AT_ThistleTea+1","floor":44.0},{"not_picked":["ReplayTheSpireMod:Speed Training+1","Backflip+1","Infinite Blades"],"picked":"SKIP","floor":48.0}],"player_experience":173315,"relics_obtained":[{"floor":1.0,"key":"Baka"},{"floor":1.0,"key":"LetterFromLob"},{"floor":4.0,"key":"MawBank"},{"floor":5.0,"key":"SecretRecord"},{"floor":5.0,"key":"SecretRecord"},{"floor":9.0,"key":"AT_SpeedBoots"},{"floor":24.0,"key":"Replay:WaspNest"},{"floor":26.0,"key":"PageOfPorccubus"},{"floor":36.0,"key":"AT_Kusabimaru"},{"floor":38.0,"key":"AtMidnight"},{"floor":39.0,"key":"ReplayTheSpireMod:Ring of Exchange"},{"floor":39.0,"key":"ReplayTheSpireMod:Ring of Collecting"},{"floor":40.0,"key":"Gambling Chip"},{"floor":41.0,"key":"ReplayTheSpireMod:Ring of Addiction"},{"floor":41.0,"key":"SacredBark"},{"floor":41.0,"key":"Toy Ornithopter"},{"floor":41.0,"key":"REME_PoisonedDagger"},{"floor":43.0,"key":"Ring of Panic"},{"floor":44.0,"key":"Strawberry"},{"floor":48.0,"key":"reliquary:Buckler"}],"event_choices":[{"damage_healed":0.0,"max_hp_gain":0.0,"max_hp_loss":0.0,"gold_gain":0.0,"event_name":"Shining Light","player_choice":"Entered Light","floor":3.0,"gold_loss":0.0,"damage_taken":20.0,"cards_upgraded":["AT_EmpoweredMortalDraw","SpiderLilyBurial"]},{"damage_healed":0.0,"max_hp_gain":0.0,"max_hp_loss":0.0,"gold_gain":0.0,"event_name":"The Woman in Blue","player_choice":"Bought 0 Potions","floor":21.0,"gold_loss":0.0,"damage_taken":0.0},{"cards_removed":["Defend_G"],"damage_healed":0.0,"max_hp_gain":0.0,"max_hp_loss":0.0,"gold_gain":0.0,"event_name":"Back to Basics","player_choice":"Elegance","floor":29.0,"gold_loss":0.0,"damage_taken":0.0},{"damage_healed":0.0,"max_hp_gain":0.0,"max_hp_loss":0.0,"gold_gain":0.0,"event_name":"MindBloom","player_choice":"Fight","floor":36.0,"gold_loss":0.0,"damage_taken":0.0}],"is_beta":false,"boss_relics":[{"not_picked":["SoulBox","Replay:Bronze Core"],"picked":"AT_MortalBlade"},{"not_picked":["Runic Dome","WristBlade"],"picked":"Cursed Key"}],"items_purged_floors":[11,30,30,30,30,30,30],"is_endless":false,"potions_floor_spawned":[1,6,7,13,22,27,31,33,36,44,48],"killed_by":"Donu and Deca","ascension_level":20}}