{"host":"puhn14s7bdwcyqz6","time":1614382616,"event":{"mods":["Aya Shameimaru","BaseMod","CapriCore","Koishi","Marisa（霧雨　魔理沙）","Minty Spire (QoL Compilation)","Reimu（博丽灵梦）","Remilia（蕾米莉亚）","StSLib","The Administrix","The Immortal","The Senshi","The Servant 0.9.4","Yakumo Yukari mod","Yuyuko"],"gold_per_floor":[11,27,1,276,31,65,65,80,80,100,100,175,175,188,188,293,293,304,123,123,139,139,139,159,169,169,169,187,198,198,198],"floor_reached":30,"language":"ENG","playtime":2040,"items_purged":[],"score":232,"play_id":"16d12bb1-a558-409f-b64a-d3aac424acf4","local_time":"20210226183656","is_ascension_mode":false,"campfire_choices":[{"floor":7.0,"key":"REST"},{"floor":11.0,"key":"REST"},{"data":"UltimateShortwave","floor":15.0,"key":"SMITH"},{"floor":23,"key":"REST"},{"floor":27,"key":"REST"}],"circlet_count":0,"master_deck":["Strike_MRS","Strike_MRS","Defend_MRS","Defend_MRS","MasterSpark","UpSweep","PulseMagic","StarBarrage","DoubleSpark","EarthLightRay","Singularity","MeteoricShower","GrandCross","UltimateShortwave+1","DarkMatter","DeepEcoloBomb","Parasite","SporeBomb","EscapeVelocity","OrrerysSun+1","Parasite","RefractionSpark+1","EnergyFlow+1","Occultation","RitualDagger","ShootingEcho","RefractionSpark+1","GrandCross","MeteoricShower+1","Orbital"],"relics":["MiniHakkero","Unceasing Top","Shuriken","Astrolabe","Lantern","Ginger"],"acts_visited":["Exordium","TheCity"],"potions_floor_usage":[21,21,24,29],"damage_taken":[{"damage":7.0,"enemies":"Small Slimes","floor":1.0,"turns":2.0},{"damage":1.0,"enemies":"Cultist","floor":2.0,"turns":3.0},{"damage":37.0,"enemies":"Lagavulin","floor":6.0,"turns":5.0},{"damage":11.0,"enemies":"Jaw Worm","floor":8.0,"turns":2.0},{"damage":3.0,"enemies":"3 Louse","floor":10.0,"turns":2.0},{"damage":20.0,"enemies":"Looter","floor":14.0,"turns":3.0},{"damage":33.0,"enemies":"The Guardian","floor":16.0,"turns":6.0},{"damage":23,"enemies":"3 Byrds","floor":18,"turns":5},{"damage":10,"enemies":"Spheric Guardian","floor":21,"turns":3},{"damage":27,"enemies":"Snake Plant","floor":24,"turns":5},{"damage":26,"enemies":"Snecko","floor":25,"turns":5},{"damage":16,"enemies":"3 Cultists","floor":28,"turns":4},{"damage":30,"enemies":"Chosen and Byrds","floor":29,"turns":4},{"damage":6,"enemies":"Book of Stabbing","floor":30,"turns":1}],"seed_played":"7061248439633744433","potions_obtained":[{"floor":2.0,"key":"FearPotion"},{"floor":14.0,"key":"Swift Potion"},{"floor":18,"key":"LiquidBronze"},{"floor":28,"key":"GrandPatriotsElixir:ReiMu"}],"is_trial":false,"path_per_floor":["M","M","$","?","$","E","R","M","T","M","R","?","?","M","R","B",null,"M","$","?","M","?","R","M","M","T","R","M","M","E"],"character_chosen":"MARISA","items_purchased":["DoubleSpark","EarthLightRay","Singularity","MeteoricShower","GrandCross","Lantern","Occultation"],"campfire_rested":4,"item_purchase_floors":[3,5,5,5,5,19,19],"current_hp_per_floor":[68,67,67,67,67,34,56,49,49,46,68,57,75,55,55,26,75,56,56,50,44,44,66,43,21,21,43,27,1,0,0],"gold":198,"neow_bonus":"REMOVE_TWO","is_daily":false,"chose_seed":false,"campfire_upgraded":1,"win_rate":0.0,"timestamp":1614382616,"path_taken":["M","M","$","?","?","E","R","M","T","M","R","?","?","M","R","BOSS","M","$","?","M","?","R","M","M","T","R","M","M","E"],"items_purchased_type":["Card","Card","Card","Card","Card","Relic","Card"],"build_version":"2020-12-22","purchased_purges":0,"victory":false,"max_hp_per_floor":[75,75,75,75,75,75,75,75,75,75,75,75,75,75,75,75,75,75,75,75,75,75,75,75,75,75,75,75,75,75,75],"card_choices":[{"not_picked":["MysteriousBeam","GrandCross"],"picked":"PulseMagic","floor":1.0},{"not_picked":["AsteroidBelt","GalacticHalo"],"picked":"StarBarrage","floor":2.0},{"not_picked":["LuminesStrike","SuperPerseids"],"picked":"UltimateShortwave","floor":6.0},{"not_picked":["AlicesGift","DoubleSpark"],"picked":"DarkMatter","floor":8.0},{"not_picked":["Acceleration","MilkyWay"],"picked":"DeepEcoloBomb","floor":10.0},{"not_picked":["AsteroidBelt","6A"],"picked":"SporeBomb","floor":14.0},{"not_picked":["BigCrunch","TreasureHunter"],"picked":"EscapeVelocity","floor":16.0},{"not_picked":["MysteriousBeam","GravityBeat"],"picked":"EnergyFlow+1","floor":18},{"not_picked":["PowerUp+1","RefractionSpark"],"picked":"ShootingEcho","floor":21},{"not_picked":["DC+1","DoubleSpark"],"picked":"RefractionSpark+1","floor":24},{"not_picked":["NonDirectionalLaser","SporeBomb"],"picked":"GrandCross","floor":25},{"not_picked":["AlicesGift","BlazeAway"],"picked":"MeteoricShower+1","floor":28},{"not_picked":["GravityBeat+1","BlazeAway"],"picked":"Orbital","floor":29}],"player_experience":89997,"relics_obtained":[{"floor":6.0,"key":"Unceasing Top"},{"floor":9.0,"key":"Shuriken"},{"floor":26,"key":"Ginger"}],"event_choices":[{"damage_healed":0.0,"max_hp_gain":0.0,"max_hp_loss":0.0,"gold_gain":275.0,"event_name":"Golden Shrine","player_choice":"Desecrate","floor":4.0,"gold_loss":0.0,"damage_taken":0.0,"cards_obtained":["Regret"]},{"damage_healed":0.0,"max_hp_gain":0.0,"max_hp_loss":0.0,"gold_gain":75.0,"event_name":"World of Goop","player_choice":"Gather Gold","floor":12.0,"gold_loss":0.0,"damage_taken":11.0},{"damage_healed":18.0,"max_hp_gain":0.0,"max_hp_loss":0.0,"gold_gain":0.0,"event_name":"Mushrooms_MRS","player_choice":"Healed and dodged fight","floor":13.0,"gold_loss":0.0,"damage_taken":0.0,"cards_obtained":["Parasite"]},{"damage_healed":0,"gold_gain":0,"player_choice":"Joined the Cult","damage_taken":6,"max_hp_gain":0,"max_hp_loss":0,"event_name":"Nest","floor":20,"gold_loss":0,"cards_obtained":["RitualDagger"]},{"damage_healed":0,"gold_gain":0,"player_choice":"Ignored","damage_taken":0,"max_hp_gain":0,"max_hp_loss":0,"event_name":"N\u0027loth","floor":22,"gold_loss":0}],"is_beta":false,"boss_relics":[{"not_picked":["Calling Bell","SlaversCollar"],"picked":"Astrolabe"}],"items_purged_floors":[],"is_endless":false,"potions_floor_spawned":[2,14,18,28],"killed_by":"Book of Stabbing","ascension_level":0}}