{"host":"npubv26u89aif4fa","time":1614363334,"event":{"mods":["Astrologer","BaseMod","Better Vampires","Better-Laid Plans","CapriCore","Colored Powertips","GifTheSpireLib","GungeonMod","HornydragonMod","Hubris","Jedi Mod","Library of Ruina","Library of Ruina Extra","Minty Spire (QoL Compilation)","Potionbrewer","Quick Restart","Remilia（蕾米莉亚）","Replay The Spire","StSLib","The Administrix","The Alterego","The Blackbeard","The Bug Knight","The Cursed","The Immortal","The Marked","The Runesmith","Yuri Mod","残留之物"],"gold_per_floor":[16,16,30,42,52,52,85,102,178,206,206,235,235,249,249,350,350,370,380,20,32,44,44,70,70,70,70,89,107,136,136,136,240,240,252,268,278,298,34,63,63,193,274,306,321,341,369,383,383,383,383,383,383,13,39,39],"floor_reached":57,"language":"ZHS","playtime":9958,"items_purged":["LightAttack","LightAttack","LightAttack"],"score":1563,"play_id":"79881365-0115-4d4c-bd96-5b45fa97a1f3","local_time":"20210227021534","is_ascension_mode":false,"campfire_choices":[{"data":"Enlightenment","floor":6.0,"key":"SMITH"},{"floor":13.0,"key":"REST"},{"floor":15.0,"key":"RECALL"},{"data":"CleanUp","floor":23.0,"key":"SMITH"},{"data":"FlamingDragonFist","floor":27.0,"key":"SMITH"},{"floor":32.0,"key":"REST"},{"floor":49,"key":"REST"},{"data":"Secret Technique","floor":53,"key":"SMITH"}],"circlet_count":0,"master_deck":["Dodge","LightDefense+1","LightDefense","LightDefense","LightDefense+1","ChargeAndCover","FocusedStrikes","Decapitation","Castigation","CircusKnives","Enlightenment+1","ForTheFamily","GatherIntel","RagingStormLove","Transpierce","YoureAHindrance","Eradication","Suppress","Tttonst","CleanUp+1","Guardian_lor+1","FlamingDragonFist+1","RulesOfTheBackstreets","SenseQuarry","UnforgettableMelody","Tailoring+1","Duel_lor","Secret Technique+1","Juggling+1","DistortedBlade","TheWillOfTheCity+1","Clone+1","RulesOfTheBackstreets","Tttonst","Apotheosis","Commandeering"],"relics":["PageOfLibrarian","jedi:matchstick","War Paint","hubris:Towel","PageOfPorccubus","Runic Pyramid","Sundial","PageOfScorchedGirl","PageOfWayBackHome","jedi:battlestandard","hubris:SlimyHat","hubris:Icosahedron","jedi:shrinkray","PageOfBigBadWolf","Nunchaku","PlaceholderMod:DaolothFragment","DemoMod:Relodestone"],"acts_visited":["Exordium","TheCity","TheBeyond","TheEnding"],"potions_floor_usage":[50,51,56,56,56],"damage_taken":[{"damage":6.0,"enemies":"Jaw Worm","floor":1.0,"turns":5.0},{"damage":0.0,"enemies":"Cultist","floor":3.0,"turns":4.0},{"damage":5.0,"enemies":"Small Slimes","floor":4.0,"turns":3.0},{"damage":7.0,"enemies":"Blue Slaver","floor":5.0,"turns":3.0},{"damage":27.0,"enemies":"Gremlin Nob","floor":7.0,"turns":5.0},{"damage":0.0,"enemies":"Large Slime","floor":8.0,"turns":4.0},{"damage":7.0,"enemies":"Lagavulin","floor":10.0,"turns":7.0},{"damage":0.0,"enemies":"3 Sentries","floor":12.0,"turns":3.0},{"damage":0.0,"enemies":"Gremlin Gang","floor":14.0,"turns":4.0},{"damage":5.0,"enemies":"Fading Forest","floor":16.0,"turns":11.0},{"damage":0.0,"enemies":"Chosen","floor":18.0,"turns":3.0},{"damage":11.0,"enemies":"2 Thieves","floor":19.0,"turns":3.0},{"damage":8.0,"enemies":"Snake Plant","floor":21.0,"turns":3.0},{"damage":0.0,"enemies":"Snecko","floor":22.0,"turns":4.0},{"damage":15.0,"enemies":"Slavers","floor":24.0,"turns":3.0},{"damage":6.0,"enemies":"Sentry and Sphere","floor":28.0,"turns":4.0},{"damage":21.0,"enemies":"Shelled Parasite and Fungi","floor":29.0,"turns":3.0},{"damage":8.0,"enemies":"Replay:Snechameleon","floor":30.0,"turns":3.0},{"damage":0.0,"enemies":"KingOfGreed","floor":33.0,"turns":7.0},{"damage":0.0,"enemies":"3 Darklings","floor":35.0,"turns":3.0},{"damage":0.0,"enemies":"Orb Walker","floor":36.0,"turns":2.0},{"damage":0.0,"enemies":"Maw","floor":37.0,"turns":5.0},{"damage":0.0,"enemies":"Spire Growth","floor":38.0,"turns":3.0},{"damage":0.0,"enemies":"Reptomancer","floor":40.0,"turns":5.0},{"damage":0.0,"enemies":"Nemesis","floor":42.0,"turns":5.0},{"damage":0.0,"enemies":"HollowMod:StalkingDevout","floor":44.0,"turns":4.0},{"damage":0.0,"enemies":"Writhing Mass","floor":45.0,"turns":2.0},{"damage":0,"enemies":"Maw","floor":46,"turns":4},{"damage":28,"enemies":"Nemesis","floor":47,"turns":5},{"damage":14,"enemies":"Jaw Worm Horde","floor":48,"turns":2},{"damage":29,"enemies":"Awakened One","floor":50,"turns":6},{"damage":59,"enemies":"Awakened One","floor":51,"turns":8},{"damage":0,"enemies":"Shield and Spear","floor":55,"turns":3},{"damage":46,"enemies":"The Heart","floor":56,"turns":6}],"seed_played":"-4757479081293212514","potions_obtained":[{"floor":5.0,"key":"Doom Potion"},{"floor":7.0,"key":"Doom Potion"},{"floor":10.0,"key":"Ancient Potion"},{"floor":12.0,"key":"SkillPotion"},{"floor":22.0,"key":"potionbrewer:CleansingPotion"},{"floor":28.0,"key":"Regen Potion"},{"floor":29.0,"key":"jedi:wingpotion"},{"floor":33.0,"key":"FearPotion"},{"floor":55,"key":"ColorlessPotion"}],"is_trial":false,"path_per_floor":["M","?","M","M","M","R","E","M","T","E","?","E","R","M","R","B",null,"M","M","$","M","M","R","E","?","T","R","M","M","E","?","R","B",null,"M","M","M","M","$","E","?","E","T","E","M","M","E","M","R","B",null,null,"R","$","E","B",null],"character_chosen":"Librarian","items_purchased":["Suppress","Tttonst","Secret Technique","Apotheosis","PowerPotion"],"campfire_rested":3,"item_purchase_floors":[20,20,39,54,54],"current_hp_per_floor":[54,54,54,49,42,42,15,15,15,8,8,8,73,54,54,51,219,54,47,47,41,41,41,30,30,30,30,29,24,20,20,85,54,219,54,54,54,54,54,54,54,54,54,54,54,54,28,24,52,49,48,95,95,95,95,92],"gold":39,"neow_bonus":"THREE_RARE_CARDS","is_daily":false,"chose_seed":false,"campfire_upgraded":4,"win_rate":0.0,"timestamp":1614363334,"path_taken":["M","?","?","M","M","R","E","M","T","E","?","E","R","M","R","BOSS","M","M","$","M","M","R","E","?","T","R","M","M","E","?","R","BOSS","M","M","M","?","$","E","?","E","T","E","M","M","E","M","R","BOSS","R","$","E","BOSS"],"items_purchased_type":["Card","Card","Card","Card","Potion"],"build_version":"2020-12-22","purchased_purges":3,"victory":true,"max_hp_per_floor":[62,62,79,70,70,79,79,79,79,79,79,219,219,219,219,219,219,219,219,219,219,219,219,219,219,219,219,219,219,219,219,219,219,219,219,219,219,219,219,95,95,95,95,95,95,95,95,95,95,95,95,95,95,95,95,95],"card_choices":[{"not_picked":["Transpierce","TrashDisposal"],"picked":"Decapitation","floor":0.0},{"not_picked":["GreatSerpentsImpact","GuidanceOfTheGears","EnergyShield","QuickSuppression","GroundSmash","SnakesPrey","StructuralAnalysis","SetFire","Thrust"],"picked":"SKIP","floor":1.0},{"not_picked":["ChopItOff","ScatteringSlash","SnakeSlit","StrongStrike","EndlessBattle","SmokingPipe","SunsetBlade","YouOnlyLiveOnce"],"picked":"ForTheFamily","floor":3.0},{"not_picked":["Bvapour","DriedUp","DimensionalRift","WaitUp","Leap_lor","Parry","SinglePointStab","Thrust","CoordinatedAssault"],"picked":"SKIP","floor":4.0},{"not_picked":["Bvapour","DriedUp","DimensionalRift","WaitUp","Leap_lor","Parry","SinglePointStab","Thrust","CoordinatedAssault"],"picked":"SKIP","floor":4.0},{"not_picked":["StructuralAnalysis","UnavoidableGaze","BiAn","NightInTheBackstreets","Multislash","Parry2","SturdyDefense","Leap_lor"],"picked":"GatherIntel","floor":5.0},{"not_picked":["Diversion","Pound","BiAn","BladeWhirl","SinglePointStab","SharpSwipe","CircusKnives","PinpointShot"],"picked":"RagingStormLove","floor":7.0},{"not_picked":["SturdyDefense","Outburst","SharpSwipe","Laceration","WillOfThePrescript","Eliminate","Clone","GreatSerpentsImpact"],"picked":"Transpierce","floor":8.0},{"not_picked":["CombatPreparation","Slice_lor","UndertakePrescript","GrazeTheGrass","Disposal","CoordinatedAssault","BiAn","Eliminate","Diversion"],"picked":"SKIP","floor":10.0},{"not_picked":["DevastatingThrash","Riposte","Unlock1","Execute_lor","QuickAttack","SuppressingShot","MindCrush","Overcharge"],"picked":"YoureAHindrance","floor":12.0},{"not_picked":["SummaryJudgment","Wallop_lor","MultiBlock","Diversion","GoinFirst","SinglePointStab","BlowItUp","FleetEdge","WrathOfTorment"],"picked":"SKIP","floor":14.0},{"not_picked":["BlazingStrike","GroundSmash"],"picked":"Eradication","floor":16.0},{"not_picked":["EnergyConversion+1","EnergyShield","Wallop_lor+1","SuppressingShot","ElectricShock","Deflect_lor","SerpentSwordTechnique+1","Riposte+1","FrontalAssault"],"picked":"SKIP","floor":18.0},{"not_picked":["CoordinatedAssault","PinpointShot","Unlock1","FlashingStrike","WillOfThePrescript+1","Reload","NightInTheBackstreets","WildCard+1","DesperateStruggle"],"picked":"SKIP","floor":19.0},{"not_picked":["CoordinatedAssault","PinpointShot","Unlock1","FlashingStrike","WillOfThePrescript+1","Reload","NightInTheBackstreets","WildCard+1","DesperateStruggle"],"picked":"SKIP","floor":19.0},{"not_picked":["SetFire","BulkyImpact","QuickSuppression","FlowOfTheSword","FervidEmotions","DarkCloud","TendonChords+1","Rampage_lor"],"picked":"CleanUp","floor":21.0},{"not_picked":["Pound","BiAn","GaleKick","CoordinatedAssault","HiddenBlade","BackAttack","GreatSerpentsImpact+1","WildCard"],"picked":"Guardian_lor+1","floor":22.0},{"not_picked":["GoinFirst","StrikeDown","WrathOfTorment","ScatteringSlash","TieShanKao","TendonChords","StrongStrike+1","Multislash"],"picked":"FlamingDragonFist","floor":24.0},{"not_picked":["DesperateStruggle","MultiBlock","Reload","SharpNails","StructuralAnalysis","SunsetBlade","DestructiveImpact","HardRehearsal"],"picked":"SenseQuarry","floor":28.0},{"not_picked":["AutonomousRush","RatsGuideToSurvival+1","Rampage_lor+1","ForcefulGesture","SuppressingShot","UpbeatPerformance","PreemptiveStrike","UnavoidableGaze","StrikeDown"],"picked":"SKIP","floor":29.0},{"not_picked":["MindWhip+1","BindingArms","GreatSerpentsImpact","SnakesPrey","QuickAttack","CookingPrep","FeatherShield","ViolentFlame+1","Transpierce"],"picked":"SKIP","floor":30.0},{"not_picked":["Slice_lor+1","Faith+1","MultiHit+1","HighKick","YoureAHindrance+1","SweepTheBackstreets+1","CleanUp","EnergyStrike","SnakesPrey"],"picked":"SKIP","floor":35.0},{"not_picked":["BayonetCombat+1","ToWhereThePrescriptPoints+1","Guardian_lor","SummaryJudgment+1","Crush","BlindFaith","Rewind+1","SmokingPipe+1"],"picked":"UnforgettableMelody","floor":36.0},{"not_picked":["Standoff+1","StayCalm+1","QuickAttack","SparkingSpear+1","RushDown+1","FrontalAssault+1","RatsGuideToSurvival+1","TheArtOfRapidSteps+1"],"picked":"Tailoring+1","floor":37.0},{"not_picked":["Unlock1","BulkyImpact+1","WillOfThePrescript+1","ShrineToMusic+1","ElectricShock+1","PinpointShot+1","DestructiveImpact","Faith"],"picked":"Duel_lor","floor":38.0},{"not_picked":["CutIn","Rewind","QuickAttack+1","SnakesPrey+1","Gigigig","Outburst","ClassAndRespect","EnergyCycle+1"],"picked":"Juggling+1","floor":40.0},{"not_picked":["KeepItFresh","CookingPrep+1","DarkCloud+1","RushDown+1","EndlessBattle+1","AsThePrescriptOrders+1","FleetFootsteps","Tailoring"],"picked":"DistortedBlade","floor":42.0},{"not_picked":["ViolentFlame+1","FendThisOffIfYouCan","SuanNi","FieryDragonSlash","SuppressingShot","SunsetBlade","BiteOff+1","BalefulBrand"],"picked":"TheWillOfTheCity+1","floor":44.0},{"not_picked":["TheArtOfRapidSteps+1","Faith+1","SinglePointStab","StrikeDown","Unlock1","ClassAndRespect+1","ViolentFlame","EnergyCycle+1"],"picked":"Clone+1","floor":45.0},{"not_picked":["BiAn","HighKick","HiddenBlade","Diversion","PuppetBlockade+1","Quickness","Standoff+1","DesperateStruggle+1","BayonetCombat"],"picked":"SKIP","floor":46},{"not_picked":["HighKick+1","ReadyUp","Pound","CutIn+1","UpbeatPerformance","Overcharge","Parry+1","DesperateStruggle+1"],"picked":"RulesOfTheBackstreets","floor":47},{"not_picked":["AsThePrescriptOrders","ViolentFlame","HiddenBlade+1","Outburst+1","StructuralAnalysis","RushDown","StrongStrike+1","SinglePointStab+1"],"picked":"Tttonst","floor":48},{"not_picked":["PreparedMind+1","TheWillOfTheCity+1","Track+1","Faith+1","RhinoRam","MultiHit","Collision","FleetFootsteps+1"],"picked":"Commandeering","floor":55}],"player_experience":393348,"relics_obtained":[{"floor":7.0,"key":"jedi:matchstick"},{"floor":10.0,"key":"War Paint"},{"floor":12.0,"key":"PageOfPorccubus"},{"floor":24.0,"key":"Sundial"},{"floor":26.0,"key":"PageOfScorchedGirl"},{"floor":30.0,"key":"PageOfWayBackHome"},{"floor":40.0,"key":"hubris:SlimyHat"},{"floor":42.0,"key":"jedi:shrinkray"},{"floor":43.0,"key":"PageOfBigBadWolf"},{"floor":44.0,"key":"Nunchaku"},{"floor":47,"key":"PlaceholderMod:DaolothFragment"},{"floor":55,"key":"DemoMod:Relodestone"}],"event_choices":[{"damage_healed":0.0,"max_hp_gain":0.0,"max_hp_loss":0.0,"gold_gain":0.0,"event_name":"Match and Keep!","player_choice":"3 cards matched","floor":2.0,"gold_loss":0.0,"damage_taken":0.0,"cards_obtained":["Castigation","CircusKnives","Enlightenment"]},{"damage_healed":0.0,"max_hp_gain":0.0,"max_hp_loss":0.0,"gold_gain":0.0,"event_name":"WeMeetAgain","player_choice":"Ignored","floor":31.0,"gold_loss":0.0,"damage_taken":0.0}],"is_beta":false,"boss_relics":[{"not_picked":["Calling Bell","DemoMod:WaxWing"],"picked":"Runic Pyramid"},{"not_picked":["Replay:Wanted Poster","Tiny House"],"picked":"jedi:battlestandard"}],"items_purged_floors":[20,39,54],"is_endless":false,"potions_floor_spawned":[5,7,10,12,22,28,29,33,35,40,42,44,47,48,55],"ascension_level":0}}