{"host":"3z9xbwjeimmg738z","time":1614312959,"event":{"mods":["100% Spire Juice","2.2 Compatiblity","Act Like it!","AlwaysNeverKeys","Aspiration","Aya Shameimaru","Bard","BaseMod","Beaked The Cultist","Better Altar","Better Match","Better Note","Better Sensory Stone","Better Skull","Better Synergies","Better Third Choice","Bossed Relics","CapriCore","Colored Powertips","Defuse TimeMaze Blight","Dio Mod","Displayed Cursed Tome","Faster Ascension Climbing","GifTheSpireLib","Hubris","Luminous","Marisa????????","Minty Spire (QoL Compilation)","Pale of the Ancients","Permanent Neow","Replay The Spire","Ruina","Shapeshifter Mod","Smile Girya","StSLib","The Animator","The Fake Hero","The Juggle","The Saiyan","The Showman","TheBandit","Uncapped","Yakumo Yukari mod","noobMod"],"gold_per_floor":[116,135,56,72,85,125,125,164,164,164,187,187,221,286,286,308,308,415,724,737,737,737],"floor_reached":21,"language":"ENG","playtime":1052,"items_purged":[],"score":222,"play_id":"d478914a-a4b2-48c0-b34a-5c8f135ca6ab","local_time":"20210225201559","is_ascension_mode":false,"campfire_choices":[{"data":"shameimaru:Photoshoot","floor":7,"key":"SMITH"},{"data":"shameimaru:WidespreadPropaganda","floor":12,"key":"SMITH"},{"floor":15,"key":"REST"},{"data":"shameimaru:QuickReporting","floor":17,"key":"SMITH"}],"circlet_count":0,"master_deck":["shameimaru:Strike","shameimaru:Strike","shameimaru:Strike","shameimaru:Strike","shameimaru:Defend","shameimaru:Defend","shameimaru:Defend","shameimaru:Defend","shameimaru:PlayfulTaunt+1","shameimaru:SnapshotStrike","shameimaru:InstantShotJournalist","shameimaru:Opportunity","shameimaru:GroupPhoto","shameimaru:GuidingBreeze","shameimaru:DoctoredImage","shameimaru:Photoshoot+1","shameimaru:WidespreadPropaganda+1","shameimaru:Persuade","shameimaru:QuickReporting+1","shameimaru:PhotographicDisposal","CurseOfTheBell"],"relics":["shameimaru:blackbirdfeather","ice","CeramicFish","Mirror","Replay:Wax Seal","Tiny Chest","Calling Bell","hubris:OldNail","Golden Egg","Old Coin"],"acts_visited":["Exordium","ruina:Briah"],"potions_floor_usage":[8,8,13,20],"damage_taken":[{"damage":2,"enemies":"2 Louse","floor":1,"turns":3},{"damage":0,"enemies":"Jaw Worm","floor":2,"turns":4},{"damage":0,"enemies":"Small Slimes","floor":4,"turns":3},{"damage":0,"enemies":"Exordium Wildlife","floor":5,"turns":5},{"damage":8,"enemies":"3 Sentries","floor":6,"turns":13},{"damage":0,"enemies":"Lagavulin","floor":8,"turns":6},{"damage":18,"enemies":"Gremlin Nob","floor":13,"turns":4},{"damage":2,"enemies":"Looter","floor":16,"turns":4},{"damage":12,"enemies":"The Guardian","floor":18,"turns":9},{"damage":5,"enemies":"ruina:BadWolf","floor":20,"turns":5}],"seed_played":"-4294027012756504777","potions_obtained":[{"floor":2,"key":"AttackPotion"},{"floor":5,"key":"EssenceOfSteel"},{"floor":8,"key":"Strength Potion"},{"floor":14,"key":"SpeedPotion"},{"floor":14,"key":"Fire Potion"},{"floor":14,"key":"DistilledChaos"},{"floor":20,"key":"EntropicBrew"}],"is_trial":false,"path_per_floor":["M","M","$","M","M","E","R","E","PTL","PTL","T","R","E","?","R","M","R","B",null,"M","$"],"character_chosen":"AYA","items_purchased":["shameimaru:GroupPhoto"],"campfire_rested":1,"item_purchase_floors":[3],"current_hp_per_floor":[78,78,78,78,78,70,70,70,70,70,70,70,52,32,56,54,54,42,80,75,75,75],"gold":737,"neow_bonus":"UPGRADE_CARD","is_daily":false,"chose_seed":false,"campfire_upgraded":3,"win_rate":0.0,"timestamp":1614312959,"path_taken":["M","M","$","M","M","E","R","E","PTL","PTL","T","R","E","?","R","M","R","BOSS","M","$"],"items_purchased_type":["Card"],"build_version":"2020-12-22","purchased_purges":0,"victory":false,"max_hp_per_floor":[80,80,80,80,80,80,80,80,80,80,80,80,80,80,80,80,80,80,80,80,80,80],"card_choices":[{"not_picked":["shameimaru:GuidingBreeze","shameimaru:BlindingSpeed"],"picked":"shameimaru:InstantShotJournalist","floor":1},{"not_picked":["shameimaru:Telescoping","shameimaru:Photocopier"],"picked":"shameimaru:Opportunity","floor":2},{"not_picked":["shameimaru:OpeningWindAdvent","shameimaru:Preparation"],"picked":"shameimaru:GuidingBreeze","floor":4},{"not_picked":["shameimaru:GuidingBreeze","shameimaru:ReporterInstinct"],"picked":"shameimaru:DoctoredImage","floor":5},{"not_picked":["shameimaru:ForseenReaction","shameimaru:GuidingBreeze"],"picked":"shameimaru:Photoshoot","floor":6},{"not_picked":["shameimaru:Imitation","shameimaru:EvasiveForm"],"picked":"shameimaru:WidespreadPropaganda","floor":8},{"not_picked":["shameimaru:Foresight","shameimaru:BlindingSpeed"],"picked":"shameimaru:Persuade","floor":13},{"not_picked":["shameimaru:BlindingSpeed","shameimaru:InstantShotJournalist"],"picked":"shameimaru:QuickReporting","floor":16},{"not_picked":["shameimaru:MountainProcession","shameimaru:AutumnalFallWind"],"picked":"shameimaru:PhotographicDisposal","floor":18},{"not_picked":["shameimaru:HitAndRun","shameimaru:CandidShot","shameimaru:WhispersOfTheWind"],"picked":"SKIP","floor":20}],"player_experience":329614,"relics_obtained":[{"floor":6,"key":"CeramicFish"},{"floor":8,"key":"Mirror"},{"floor":11,"key":"Replay:Wax Seal"},{"floor":13,"key":"Tiny Chest"},{"floor":19,"key":"hubris:OldNail"},{"floor":19,"key":"Golden Egg"},{"floor":19,"key":"Old Coin"}],"event_choices":[],"is_beta":false,"boss_relics":[{"not_picked":["hubris:ScarierMask","Replay:Ancient Bell"],"picked":"Calling Bell"}],"items_purged_floors":[],"is_endless":false,"potions_floor_spawned":[2,5,8,16,18,20],"ascension_level":0}}