{"host":"bf5upntvbdompq33","time":1614317329,"event":{"mods":["BaseMod","Bestiary","Colored Map","Colored Powertips","Curses Come First","Highlight Path","Minty Spire (QoL Compilation)","StSLib","ojb\u0027s Info Mod"],"gold_per_floor":[113,113,113,128,180,213,213,248,302,302,312,312,312],"floor_reached":12,"language":"ENG","playtime":467,"items_purged":[],"score":194,"play_id":"b82b0383-be00-4349-91f3-3d9004cf5d08","local_time":"20210225222849","is_ascension_mode":true,"campfire_choices":[{"data":"Shockwave","floor":7,"key":"SMITH"},{"floor":10,"key":"REST"}],"circlet_count":0,"master_deck":["AscendersBane","Strike_R","Strike_R","Strike_R","Strike_R","Defend_R","Defend_R","Defend_R","Defend_R","Bash","Bloodletting","Regret","Shockwave+1","Iron Wave","Cleave"],"relics":["Burning Blood","NeowsBlessing","The Courier","Blood Vial","Centennial Puzzle","Singing Bowl","Lantern"],"acts_visited":["Exordium"],"potions_floor_usage":[8,12,12],"damage_taken":[{"damage":0,"enemies":"Small Slimes","floor":1,"turns":1},{"damage":0,"enemies":"2 Louse","floor":4,"turns":1},{"damage":0,"enemies":"3 Sentries","floor":6,"turns":2},{"damage":71,"enemies":"Gremlin Nob","floor":8,"turns":6},{"damage":8,"enemies":"Jaw Worm","floor":11,"turns":4},{"damage":46,"enemies":"Lagavulin","floor":12,"turns":8}],"seed_played":"3900889632963831748","potions_obtained":[{"floor":4,"key":"SkillPotion"},{"floor":6,"key":"GamblersBrew"},{"floor":8,"key":"ElixirPotion"}],"is_trial":false,"path_per_floor":["M","?","?","M","T","E","R","E","T","R","M","E"],"character_chosen":"IRONCLAD","items_purchased":[],"campfire_rested":1,"item_purchase_floors":[],"current_hp_per_floor":[74,67,67,73,73,75,75,10,10,32,34,0,0],"gold":312,"neow_bonus":"THREE_ENEMY_KILL","is_daily":false,"chose_seed":false,"campfire_upgraded":1,"win_rate":0.0,"timestamp":1614317329,"path_taken":["M","?","?","M","?","E","R","E","T","R","M","E"],"items_purchased_type":[],"build_version":"2020-12-22","purchased_purges":0,"victory":false,"max_hp_per_floor":[75,75,75,75,75,75,75,75,75,75,77,77,77],"card_choices":[{"not_picked":["True Grit","Clash"],"picked":"Bloodletting","floor":1},{"not_picked":["Clothesline","Headbutt"],"picked":"Shockwave","floor":4},{"not_picked":["Headbutt","Anger"],"picked":"Iron Wave","floor":6},{"not_picked":["Brutality","Clash"],"picked":"Cleave","floor":8},{"not_picked":["Clash","Wild Strike","Perfected Strike"],"picked":"Singing Bowl","floor":11}],"player_experience":1752154,"relics_obtained":[{"floor":5,"key":"Blood Vial"},{"floor":6,"key":"Centennial Puzzle"},{"floor":8,"key":"Singing Bowl"},{"floor":9,"key":"Lantern"}],"event_choices":[{"cards_removed":["Strike_R"],"damage_healed":0,"gold_gain":0,"player_choice":"Card Removal","damage_taken":7,"max_hp_gain":0,"max_hp_loss":0,"event_name":"Golden Wing","floor":2,"gold_loss":0},{"damage_healed":0,"gold_gain":0,"player_choice":"Box","damage_taken":0,"relics_obtained":["The Courier"],"max_hp_gain":0,"max_hp_loss":0,"event_name":"Big Fish","floor":3,"gold_loss":0,"cards_obtained":["Regret"]}],"is_beta":false,"boss_relics":[],"items_purged_floors":[],"is_endless":false,"potions_floor_spawned":[4,6,8],"killed_by":"Lagavulin","ascension_level":15}}