{"host":"nwyj08ts91jkyezn","time":1614302238,"event":{"mods":["AchievementEnabler","BaseMod","Colored Map","DeckTracker","Minty Spire (QoL Compilation)","Rare Cards Sparkle","StSLib","SuperFastMode","everything is the same but u backflip on backflip"],"gold_per_floor":[119,130,55,55,72,72,88,88,137,151,161,161,174,202,202,303,303,319,244,258,277,277,277,37,68,68,84,84,100,111,142,142,142,142],"floor_reached":33,"language":"KOR","playtime":955,"items_purged":["Strike_B","Zap"],"score":499,"play_id":"3082289c-c408-48ef-b1a5-57e544e4e030","local_time":"20210226101718","is_ascension_mode":true,"campfire_choices":[{"data":"Hyperbeam","floor":8.0,"key":"SMITH"},{"floor":15.0,"key":"RECALL"},{"floor":23.0,"key":"REST"},{"data":"Undo","floor":28.0,"key":"SMITH"},{"floor":32.0,"key":"REST"}],"circlet_count":0,"master_deck":["Strike_B+1","Strike_B+1","Defend_B","Defend_B","Defend_B","Defend_B","Hyperbeam+1","Recycle","Undo+1","Hologram","Core Surge","Turbo"],"relics":["Busted Crown","Centennial Puzzle","Whetstone","SacredBark","StrikeDummy","White Beast Statue","PreservedInsect"],"acts_visited":["Exordium","TheCity"],"potions_floor_usage":[33,33,33],"damage_taken":[{"damage":1.0,"enemies":"Cultist","floor":1.0,"turns":4.0},{"damage":0.0,"enemies":"2 Louse","floor":2.0,"turns":2.0},{"damage":5.0,"enemies":"Small Slimes","floor":5.0,"turns":3.0},{"damage":0.0,"enemies":"2 Fungi Beasts","floor":7.0,"turns":2.0},{"damage":2.0,"enemies":"Exordium Wildlife","floor":10.0,"turns":3.0},{"damage":9.0,"enemies":"3 Louse","floor":11.0,"turns":3.0},{"damage":1.0,"enemies":"Large Slime","floor":13.0,"turns":3.0},{"damage":0.0,"enemies":"3 Sentries","floor":14.0,"turns":2.0},{"damage":39.0,"enemies":"Slime Boss","floor":16.0,"turns":10.0},{"damage":13.0,"enemies":"Shell Parasite","floor":18.0,"turns":5.0},{"damage":2.0,"enemies":"Chosen","floor":20.0,"turns":3.0},{"damage":20.0,"enemies":"Snake Plant","floor":21.0,"turns":3.0},{"damage":6.0,"enemies":"Book of Stabbing","floor":25.0,"turns":4.0},{"damage":7.0,"enemies":"Sentry and Sphere","floor":27.0,"turns":5.0},{"damage":0.0,"enemies":"3 Cultists","floor":29.0,"turns":3.0},{"damage":1.0,"enemies":"Cultist and Chosen","floor":30.0,"turns":3.0},{"damage":33.0,"enemies":"Slavers","floor":31.0,"turns":4.0},{"damage":48,"enemies":"Champ","floor":33,"turns":9}],"seed_played":"8742253363653674678","potions_obtained":[{"floor":5.0,"key":"AttackPotion"},{"floor":7.0,"key":"Explosive Potion"},{"floor":10.0,"key":"Strength Potion"},{"floor":18.0,"key":"FearPotion"},{"floor":27.0,"key":"FearPotion"},{"floor":30.0,"key":"EssenceOfSteel"},{"floor":31.0,"key":"Explosive Potion"}],"is_trial":false,"path_per_floor":["M","M","$","?","M","?","M","R","T","M","M","?","M","E","R","B",null,"M","?","M","M","?","R","$","E","T","M","R","M","M","E","R","B"],"character_chosen":"DEFECT","items_purchased":["EntropicBrew","Turbo"],"campfire_rested":2,"item_purchase_floors":[24,24],"current_hp_per_floor":[74,74,74,79,74,74,74,74,74,72,63,63,62,62,62,23,80,67,67,65,45,30,55,55,49,49,42,42,42,41,8,33,0,0],"gold":142,"neow_bonus":"BOSS_RELIC","is_daily":false,"chose_seed":false,"campfire_upgraded":2,"win_rate":0.0,"timestamp":1614302238,"path_taken":["M","?","$","?","M","?","M","R","T","M","M","?","M","E","R","BOSS","M","?","M","M","?","R","$","E","T","M","R","M","M","E","R","BOSS"],"items_purchased_type":["Potion","Card"],"build_version":"2020-12-22","purchased_purges":2,"victory":false,"max_hp_per_floor":[75,75,75,80,80,80,80,80,80,80,80,80,80,80,80,80,80,80,80,80,80,85,85,85,85,85,85,85,85,85,85,85,85,85],"card_choices":[{"not_picked":["Rebound"],"picked":"SKIP","floor":1.0},{"not_picked":["Barrage"],"picked":"SKIP","floor":2.0},{"not_picked":["Storm"],"picked":"SKIP","floor":5.0},{"not_picked":[],"picked":"Recycle","floor":7.0},{"not_picked":[],"picked":"Undo","floor":10.0},{"not_picked":[],"picked":"Hologram","floor":11.0},{"not_picked":["BootSequence"],"picked":"SKIP","floor":13.0},{"not_picked":["Melter"],"picked":"SKIP","floor":14.0},{"not_picked":[],"picked":"Core Surge","floor":16.0},{"not_picked":["Recycle"],"picked":"SKIP","floor":18.0},{"not_picked":["Ball Lightning"],"picked":"SKIP","floor":20.0},{"not_picked":["Leap"],"picked":"SKIP","floor":21.0},{"not_picked":["Ball Lightning"],"picked":"SKIP","floor":25.0},{"not_picked":["Auto Shields"],"picked":"SKIP","floor":27.0},{"not_picked":["Beam Cell+1"],"picked":"SKIP","floor":29.0},{"not_picked":["Redo"],"picked":"SKIP","floor":30.0},{"not_picked":["Thunder Strike"],"picked":"SKIP","floor":31.0}],"player_experience":1064617,"relics_obtained":[{"floor":9.0,"key":"Centennial Puzzle"},{"floor":14.0,"key":"Whetstone"},{"floor":25.0,"key":"StrikeDummy"},{"floor":26.0,"key":"White Beast Statue"},{"floor":31.0,"key":"PreservedInsect"}],"event_choices":[{"damage_healed":0.0,"max_hp_gain":5.0,"max_hp_loss":0.0,"gold_gain":0.0,"event_name":"Big Fish","player_choice":"Donut","floor":4.0,"gold_loss":0.0,"damage_taken":0.0},{"damage_healed":0.0,"max_hp_gain":0.0,"max_hp_loss":0.0,"gold_gain":0.0,"cards_transformed":["Strike_B"],"event_name":"Living Wall","player_choice":"Change","floor":6.0,"gold_loss":0.0,"damage_taken":0.0,"cards_obtained":["Hyperbeam"]},{"damage_healed":0.0,"max_hp_gain":0.0,"max_hp_loss":0.0,"gold_gain":0.0,"event_name":"Liars Game","player_choice":"Ignored","floor":12.0,"gold_loss":0.0,"damage_taken":0.0},{"cards_removed":["Dualcast"],"damage_healed":0.0,"max_hp_gain":0.0,"max_hp_loss":0.0,"gold_gain":0.0,"event_name":"Beggar","player_choice":"Gave Gold","floor":19.0,"gold_loss":75.0,"damage_taken":0.0},{"damage_healed":0.0,"max_hp_gain":5.0,"max_hp_loss":0.0,"gold_gain":0.0,"event_name":"Forgotten Altar","player_choice":"Shed Blood","floor":22.0,"gold_loss":0.0,"damage_taken":20.0}],"is_beta":false,"boss_relics":[{"not_picked":["Black Star","Cursed Key"],"picked":"SacredBark"}],"items_purged_floors":[3,24],"is_endless":false,"potions_floor_spawned":[5,7,10,13,18,27,29,30,31],"killed_by":"Champ","ascension_level":4}}