{"host":"syn2s104037ynsrp","time":1614360940,"event":{"mods":["2.2 Compatiblity","BaseMod","Downfall","Hermit","Minty Spire (QoL Compilation)","StSLib","The Marked"],"gold_per_floor":[99,274,374,389,407,436,436,436,436,468,478,66,66,66,86,189,189,189,20,20,31,45,77,77,103,114,134,153,183,196,209,221,318,318,318,396,406,398,423,423,423,352,407,407,39,39,60,110,130,130,130,130],"floor_reached":50,"language":"ENG","playtime":6162,"items_purged":["downfall:Malfunctioning","Doubt"],"score":640,"play_id":"77bbe968-4b77-4607-9dbd-7ddb1a76fa75","local_time":"20210226123540","is_ascension_mode":false,"campfire_choices":[{"data":"hexamod:Sear","floor":1,"key":"SMITH"},{"data":"hexamod:ThermalTransfer","floor":9,"key":"SMITH"},{"data":"hexamod:SoulSteal","floor":13,"key":"SMITH"},{"data":"hexamod:Firestarter","floor":18,"key":"SMITH"},{"data":"hexamod:SearingWound","floor":35,"key":"SMITH"},{"floor":46,"key":"REST"}],"circlet_count":0,"master_deck":["hexamod:Strike","hexamod:Strike+1","hexamod:Strike+1","hexamod:Strike","hexamod:Defend","hexamod:Defend","hexamod:Defend","hexamod:Defend","hexamod:Sear+1","hexamod:Float","hexamod:ThermalTransfer+1","hexamod:ChargedBarrage+1","hexamod:Firestarter+1","hexamod:ThermalTransfer","hexamod:PhantomFireball","hexamod:BurningTouch","hexamod:SoulSteal+1","hexamod:SoulSteal","hexamod:TimeWarp+1","hexamod:TimeOfNeed","hexamod:HeatMetal+1","hexamod:SpectralAdrenaline","hexamod:SpectersWail+1","hexamod:Hexaguard","hexamod:VolcanoVisage","hexamod:EmpoweredFlame","hexamod:PhantomFireball+1","hexamod:DynamicBlow+1","hexamod:UnlimitedPower","hexamod:HauntingEcho+1","hexamod:PhantomFireball+1","hexamod:FastForward","hexamod:SearingWound+1","hexamod:SecondSeal","hexamod:FirstSeal","expansioncontent:LastStand","hexamod:HeatCrush+1","hexamod:Incineration+1","hexamod:RadiantFlame+1"],"relics":["hexamod:SpiritBrand","PreservedInsect","Kunai","Orichalcum","Bottled Flame","Molten Egg 2","Sozu","Ice Cream","Ornamental Fan","HornCleat","Singing Bowl","SlaversCollar","Bottled Tornado","Bronze Scales","Girya","Torii","Unceasing Top"],"acts_visited":["Exordium","TheCity","TheBeyond"],"potions_floor_usage":[6,19,33,44],"damage_taken":[{"damage":0,"enemies":"Small Slimes","floor":4,"turns":3},{"damage":1,"enemies":"Jaw Worm","floor":5,"turns":3},{"damage":11,"enemies":"3 Sentries","floor":6,"turns":8},{"damage":13,"enemies":"Gremlin Nob","floor":10,"turns":3},{"damage":8,"enemies":"2 Louse","floor":11,"turns":2},{"damage":0,"enemies":"downfall:FleeingMerchant","floor":12,"turns":4},{"damage":3,"enemies":"Lots of Slimes","floor":15,"turns":4},{"damage":9,"enemies":"IC_STATUS_ARCHETYPE","floor":16,"turns":4},{"damage":0,"enemies":"downfall:FleeingMerchant","floor":19,"turns":4},{"damage":5,"enemies":"Chosen","floor":21,"turns":4},{"damage":0,"enemies":"Spheric Guardian","floor":22,"turns":3},{"damage":0,"enemies":"Gremlin Leader","floor":23,"turns":4},{"damage":10,"enemies":"Book of Stabbing","floor":25,"turns":4},{"damage":3,"enemies":"Snecko","floor":26,"turns":4},{"damage":7,"enemies":"Centurion and Healer","floor":27,"turns":5},{"damage":2,"enemies":"Chosen and Byrds","floor":28,"turns":4},{"damage":11,"enemies":"Gremlin Leader","floor":29,"turns":5},{"damage":0,"enemies":"downfall:FleeingMerchant","floor":30,"turns":4},{"damage":12,"enemies":"3 Cultists","floor":31,"turns":5},{"damage":0,"enemies":"Snake Plant","floor":32,"turns":3},{"damage":28,"enemies":"DF_ARCHETYPE_CLAW","floor":33,"turns":8},{"damage":4,"enemies":"3 Shapes","floor":37,"turns":4},{"damage":7,"enemies":"3 Darklings","floor":39,"turns":3},{"damage":28,"enemies":"2 Orb Walkers","floor":43,"turns":3},{"damage":21,"enemies":"Giant Head","floor":44,"turns":6},{"damage":16,"enemies":"Spire Growth","floor":47,"turns":4},{"damage":2,"enemies":"Spire Growth","floor":48,"turns":5},{"damage":0,"enemies":"Transient","floor":49,"turns":5},{"damage":71,"enemies":"WA_ARCHETYPE_DIVINITY","floor":50,"turns":7}],"seed_played":"-5694259721394474029","potions_obtained":[{"floor":4,"key":"LiquidMemories"},{"floor":11,"key":"SmokeBomb"},{"floor":15,"key":"Fire Potion"},{"floor":16,"key":"AttackPotion"}],"is_trial":false,"path_per_floor":["R","?","?","M","M","E","T","?","R","E","M","$","R","T","M","B",null,"R","$","?","M","M","E","T","E","M","M","M","E","$","M","M","B",null,"R","?","M","?","M","?","T","$","?","E","$","R","M","?","M","B"],"character_chosen":"THE_SPIRIT","items_purchased":["Bottled Flame","hexamod:SoulSteal","hexamod:HeatMetal+1","Singing Bowl","hexamod:PhantomFireball+1","hexamod:HeatCrush+1","Torii","hexamod:Incineration+1"],"campfire_rested":1,"item_purchase_floors":[12,12,19,30,30,42,45,45],"current_hp_per_floor":[77,77,77,77,76,65,65,65,65,52,44,44,44,44,41,32,77,77,77,77,72,72,72,72,62,59,52,50,39,39,29,29,1,79,79,79,77,70,65,62,62,62,43,29,29,55,48,55,55,0,0,0],"gold":130,"neow_bonus":"TEN_PERCENT_HP_BONUS","is_daily":false,"chose_seed":false,"campfire_upgraded":5,"win_rate":0.0,"timestamp":1614360940,"path_taken":["R","?","?","M","M","E","T","?","R","E","M","?","R","?","M","BOSS","R","?","?","?","?","E","T","E","M","M","M","E","$","M","M","BOSS","R","?","M","?","M","?","T","$","?","E","$","R","M","?","M","BOSS"],"items_purchased_type":["Relic","Card","Card","Relic","Card","Card","Relic","Card"],"build_version":"2020-12-22","purchased_purges":2,"victory":false,"max_hp_per_floor":[77,77,77,77,77,77,77,77,77,77,77,77,77,77,77,77,77,77,77,77,77,77,77,77,77,77,77,77,77,77,79,79,79,79,79,79,81,81,83,85,85,85,87,87,87,87,89,91,91,91,91,91],"card_choices":[{"not_picked":["hexamod:GhostflameBarrier","hexamod:FastForward"],"picked":"hexamod:ThermalTransfer","floor":4},{"not_picked":["hexamod:FastForward","hexamod:PhantomFireball"],"picked":"hexamod:ChargedBarrage","floor":5},{"not_picked":["hexamod:SpectralAdrenaline","hexamod:RecurringNightmare"],"picked":"hexamod:Firestarter","floor":6},{"not_picked":["hexamod:Again","hexamod:ShieldOfDarkness"],"picked":"hexamod:ThermalTransfer","floor":10},{"not_picked":["hexamod:StepThrough","hexamod:InspiringFlames"],"picked":"hexamod:PhantomFireball","floor":11},{"not_picked":["hexamod:Firestarter","hexamod:GhostLash"],"picked":"hexamod:BurningTouch","floor":12},{"not_picked":["hexamod:GhostflameBarrier","hexamod:Again"],"picked":"hexamod:SoulSteal","floor":15},{"not_picked":["hexamod:GhostflameInferno","hexamod:VolcanoVisage"],"picked":"hexamod:TimeWarp+1","floor":16},{"not_picked":["hexamod:SoulSteal","hexamod:NightmareGuise"],"picked":"hexamod:TimeOfNeed","floor":19},{"not_picked":["hexamod:HeatMetal+1","hexamod:BacktrackSmack+1"],"picked":"hexamod:SpectersWail+1","floor":21},{"not_picked":["hexamod:AdvancingGuard","hexamod:ThermalTransfer+1"],"picked":"hexamod:Hexaguard","floor":22},{"not_picked":["hexamod:EtherealExpedition","hexamod:BacktrackSmack+1","hexamod:ChargedBarrage"],"picked":"SKIP","floor":23},{"not_picked":["hexamod:StepThrough+1","hexamod:ShieldOfDarkness"],"picked":"hexamod:VolcanoVisage","floor":25},{"not_picked":["hexamod:FourthSeal","hexamod:Again"],"picked":"hexamod:EmpoweredFlame","floor":26},{"not_picked":["hexamod:SpectersWail+1","hexamod:AdvancingGuard"],"picked":"hexamod:PhantomFireball+1","floor":27},{"not_picked":["hexamod:SpectersWail+1","hexamod:FourthSeal"],"picked":"hexamod:DynamicBlow+1","floor":28},{"not_picked":["hexamod:GhostLash+1","hexamod:AdvancingGuard"],"picked":"hexamod:UnlimitedPower","floor":29},{"not_picked":["hexamod:RecurringNightmare","hexamod:Again+1"],"picked":"hexamod:HauntingEcho+1","floor":30},{"not_picked":["hexamod:SkipABeat","hexamod:FourthSeal","hexamod:HauntingEcho+1"],"picked":"Singing Bowl","floor":31},{"not_picked":["hexamod:HeatMetal+1","hexamod:BurningTouch"],"picked":"hexamod:FastForward","floor":32},{"not_picked":["hexamod:GhostOfSpirePresent","hexamod:GhostflameInferno"],"picked":"hexamod:SearingWound","floor":33},{"not_picked":["hexamod:SpectralAdrenaline+1","hexamod:NecessarySacrifice+1","hexamod:EmpoweredFlame"],"picked":"Singing Bowl","floor":37},{"not_picked":["hexamod:SwordOfDarkness+1","hexamod:EtherealExpedition+1","hexamod:GhostOfSpireFuture+1"],"picked":"Singing Bowl","floor":39},{"not_picked":["expansioncontent:Chronoboost","expansioncontent:PolyBeam"],"picked":"expansioncontent:LastStand","floor":40},{"not_picked":["expansioncontent:PrepareCrush","expansioncontent:LastStand","expansioncontent:PolyBeam"],"picked":"Singing Bowl","floor":40},{"not_picked":["hexamod:BurningTouch","hexamod:NightmareGuise","hexamod:NightmareStrike+1"],"picked":"Singing Bowl","floor":43},{"not_picked":["hexamod:NightmareGuise","hexamod:GhostShield","hexamod:Incineration+1"],"picked":"Singing Bowl","floor":47},{"not_picked":["hexamod:PhantomCloak+1","hexamod:NightmareGuise","hexamod:SpectralAdrenaline"],"picked":"Singing Bowl","floor":48},{"not_picked":["hexamod:RetreatToShadows+1","hexamod:GhostOfSpireFuture+1"],"picked":"hexamod:RadiantFlame+1","floor":49}],"player_experience":613606,"relics_obtained":[{"floor":6,"key":"PreservedInsect"},{"floor":7,"key":"Kunai"},{"floor":10,"key":"Orichalcum"},{"floor":14,"key":"Molten Egg 2"},{"floor":23,"key":"Ice Cream"},{"floor":25,"key":"Ornamental Fan"},{"floor":29,"key":"HornCleat"},{"floor":36,"key":"Bottled Tornado"},{"floor":41,"key":"Bronze Scales"},{"floor":43,"key":"Girya"},{"floor":48,"key":"Unceasing Top"}],"event_choices":[{"damage_healed":0,"gold_gain":0,"player_choice":"Fight","damage_taken":0,"max_hp_gain":0,"max_hp_loss":0,"event_name":"Mysterious Sphere","floor":43,"gold_loss":0}],"is_beta":false,"boss_relics":[{"not_picked":["Tiny House","Philosopher\u0027s Stone"],"picked":"Sozu"},{"not_picked":["hexamod:IceCube","Astrolabe"],"picked":"SlaversCollar"}],"items_purged_floors":[12,19],"is_endless":false,"potions_floor_spawned":[4,11,15,16,21,23,25,26,28,31,44],"killed_by":"WA_ARCHETYPE_DIVINITY","ascension_level":0}}