{"host":"5n1fl7z5i1vf7jan","time":1614321664,"event":{"mods":["BaseMod","Minty Spire (QoL Compilation)","Quick Restart","Relic Stats"],"gold_per_floor":[109,109,124,124,139,139,173,173,173,192,205,232,232,249,249,323,323,342,48,48,65,65,65,90,103,128,174,186,213,150,91,103,194,206,232,269,292,304,329,341,366,378,442,485,42,52,82,93,93,93,93,93],"floor_reached":51,"language":"ENG","playtime":2949,"items_purged":["Study","MasterReality"],"score":1564,"play_id":"d6059c4c-8b93-46e6-9ae7-46a5396800d3","local_time":"20210225224104","is_ascension_mode":true,"campfire_choices":[{"data":"Consecrate","floor":6.0,"key":"SMITH"},{"floor":8.0,"key":"REST"},{"floor":15.0,"key":"REST"},{"data":"WheelKick","floor":23.0,"key":"SMITH"},{"floor":28.0,"key":"REST"},{"floor":32.0,"key":"REST"},{"data":"Ragnarok","floor":40.0,"key":"SMITH"},{"floor":42.0,"key":"RECALL"},{"data":"SandsOfTime","floor":49.0,"key":"SMITH"}],"circlet_count":0,"master_deck":["AscendersBane","Eruption+1","Vigilance","Consecrate+1","DeceiveReality","CrushJoints","EmptyFist","Tantrum","WheelKick+1","Tantrum","Vault+1","Adaptation","Adaptation","Weave","Brilliance","Establishment","Establishment","FlurryOfBlows","FlurryOfBlows+1","CutThroughFate","ThirdEye","Worship+1","Protect","Ragnarok+1","ClearTheMind+1","Protect+1","Vault+1","SpiritShield+1","Indignation+1","Adaptation","Panacea+1","Parasite","SandsOfTime+1","InnerPeace+1"],"relics":["Sozu","Gambling Chip","TungstenRod","Bronze Scales","Mummified Hand","Pandora\u0027s Box","Orrery","Toxic Egg 2","MawBank","Peace Pipe","Orichalcum","Philosopher\u0027s Stone","Bird Faced Urn","Happy Flower","Toolbox","Molten Egg 2"],"acts_visited":["Exordium","TheCity","TheBeyond"],"potions_floor_usage":[],"damage_taken":[{"damage":0.0,"enemies":"Jaw Worm","floor":1.0,"turns":3.0},{"damage":1.0,"enemies":"Cultist","floor":3.0,"turns":4.0},{"damage":0.0,"enemies":"Small Slimes","floor":5.0,"turns":2.0},{"damage":32.0,"enemies":"3 Sentries","floor":7.0,"turns":10.0},{"damage":7.0,"enemies":"Blue Slaver","floor":10.0,"turns":4.0},{"damage":0.0,"enemies":"3 Louse","floor":11.0,"turns":2.0},{"damage":3.0,"enemies":"Lagavulin","floor":12.0,"turns":5.0},{"damage":5.0,"enemies":"Exordium Thugs","floor":14.0,"turns":2.0},{"damage":6.0,"enemies":"Hexaghost","floor":16.0,"turns":7.0},{"damage":0.0,"enemies":"3 Byrds","floor":18.0,"turns":4.0},{"damage":0.0,"enemies":"Spheric Guardian","floor":21.0,"turns":1.0},{"damage":2.0,"enemies":"Gremlin Leader","floor":24.0,"turns":4.0},{"damage":23.0,"enemies":"Chosen and Byrds","floor":25.0,"turns":2.0},{"damage":24.0,"enemies":"Slavers","floor":27.0,"turns":5.0},{"damage":0.0,"enemies":"Snecko","floor":29.0,"turns":2.0},{"damage":35.0,"enemies":"Automaton","floor":33.0,"turns":8.0},{"damage":0.0,"enemies":"3 Shapes","floor":35.0,"turns":2.0},{"damage":6.0,"enemies":"Mind Bloom Boss Battle","floor":36.0,"turns":4.0},{"damage":5.0,"enemies":"3 Darklings","floor":37.0,"turns":2.0},{"damage":0.0,"enemies":"Sphere and 2 Shapes","floor":39.0,"turns":6.0},{"damage":0.0,"enemies":"Transient","floor":41.0,"turns":8.0},{"damage":0.0,"enemies":"Giant Head","floor":44.0,"turns":4.0},{"damage":0.0,"enemies":"Writhing Mass","floor":46.0,"turns":5.0},{"damage":15.0,"enemies":"Nemesis","floor":47.0,"turns":4.0},{"damage":0.0,"enemies":"3 Darklings","floor":48.0,"turns":1.0},{"damage":45.0,"enemies":"Donu and Deca","floor":50.0,"turns":9.0},{"damage":36,"enemies":"Awakened One","floor":51,"turns":7}],"seed_played":"9114545463724408102","potions_obtained":[],"is_trial":false,"path_per_floor":["M","?","M","?","M","R","E","R","T","M","M","E","?","M","R","B",null,"M","$","?","M","$","R","E","M","T","E","R","M","?","?","R","B",null,"M","?","M","?","M","R","M","R","T","E","$","M","E","M","R","B","B"],"character_chosen":"WATCHER","items_purchased":["Orrery","ThirdEye","Adaptation","Toolbox","Panacea+1"],"campfire_rested":4,"item_purchase_floors":[19,19,45,45,45],"current_hp_per_floor":[61,61,60,60,60,60,28,48,48,41,41,38,23,18,38,32,59,59,59,59,59,59,59,57,34,34,10,30,30,30,30,50,15,55,55,49,46,46,56,56,64,64,64,66,66,68,55,57,57,22,0,0],"gold":93,"neow_bonus":"BOSS_RELIC","is_daily":false,"chose_seed":false,"campfire_upgraded":4,"win_rate":0.0,"timestamp":1614321664,"path_taken":["M","?","?","?","M","R","E","R","T","M","?","E","?","M","R","BOSS","M","$","?","?","$","R","E","M","T","E","R","M","?","?","R","BOSS","M","?","M","?","M","R","M","R","T","E","$","M","E","M","R","BOSS","BOSS"],"items_purchased_type":["Relic","Card","Card","Relic","Card"],"build_version":"2020-12-22","purchased_purges":2,"victory":false,"max_hp_per_floor":[68,68,68,68,68,68,68,68,68,68,68,68,68,68,68,68,68,68,68,68,68,68,68,68,68,68,68,68,68,68,68,68,68,68,68,68,68,68,68,68,68,68,68,68,68,68,68,68,68,68,68,68],"relic_stats":{"Happy Flower":[8],"counters":[27,117],"Orichalcum":[150],"MawBank":228,"Sozu":12,"Peace Pipe":0,"Mummified Hand":[88],"Gambling Chip":[40],"Bronze Scales":[155],"Bird Faced Urn":[50],"Pandora\u0027s Box":["Adaptation","Adaptation","Weave","Study","MasterReality","Brilliance","Establishment","Establishment"],"obtain_stats":[{"Happy Flower":44,"Orichalcum":31,"MawBank":26,"Sozu":0,"Peace Pipe":27,"Mummified Hand":13,"Gambling Chip":7,"Bronze Scales":12,"Bird Faced Urn":36,"Orrery":19,"Toolbox":45,"Pandora\u0027s Box":17,"Philosopher\u0027s Stone":34,"Molten Egg 2":47,"PureWater":0,"Toxic Egg 2":24,"TungstenRod":9},{"Happy Flower":22,"Orichalcum":15,"MawBank":13,"Sozu":0,"Peace Pipe":14,"Mummified Hand":7,"Gambling Chip":4,"Bronze Scales":7,"Bird Faced Urn":18,"Orrery":10,"Toolbox":22,"Pandora\u0027s Box":9,"Philosopher\u0027s Stone":16,"Molten Egg 2":24,"PureWater":0,"Toxic Egg 2":12,"TungstenRod":4},{"Happy Flower":91,"Orichalcum":57,"MawBank":50,"Sozu":0,"Peace Pipe":55,"Mummified Hand":30,"Gambling Chip":19,"Bronze Scales":30,"Bird Faced Urn":71,"Orrery":43,"Toolbox":91,"Pandora\u0027s Box":39,"Philosopher\u0027s Stone":65,"Molten Egg 2":100,"PureWater":0,"Toxic Egg 2":48,"TungstenRod":19}],"TungstenRod":35},"card_choices":[{"not_picked":["Protect","SignatureMove"],"picked":"Consecrate","floor":1.0},{"not_picked":["ClearTheMind","ForeignInfluence","Consecrate"],"picked":"SKIP","floor":3.0},{"not_picked":["Sanctity","Halt"],"picked":"DeceiveReality","floor":5.0},{"not_picked":["Halt","FlyingSleeves"],"picked":"CrushJoints","floor":7.0},{"not_picked":["CutThroughFate","FollowUp"],"picked":"EmptyFist","floor":10.0},{"not_picked":["BowlingBash","Omniscience"],"picked":"Tantrum","floor":11.0},{"not_picked":["CrushJoints","CutThroughFate"],"picked":"WheelKick","floor":12.0},{"not_picked":["Fasting2","SashWhip"],"picked":"Tantrum","floor":14.0},{"not_picked":["Scrawl","Blasphemy"],"picked":"Vault","floor":16.0},{"not_picked":["Tantrum","Indignation"],"picked":"FlurryOfBlows","floor":18.0},{"not_picked":["Consecrate","ClearTheMind"],"picked":"FlurryOfBlows+1","floor":19.0},{"not_picked":["PathToVictory","Establishment"],"picked":"CutThroughFate","floor":19.0},{"not_picked":["InnerPeace+1","FlyingSleeves"],"picked":"Worship+1","floor":19.0},{"not_picked":["CarveReality","InnerPeace"],"picked":"Prostrate","floor":19.0},{"not_picked":["Prostrate","Halt"],"picked":"Protect","floor":21.0},{"not_picked":["FlyingSleeves","Evaluate+1"],"picked":"Ragnarok","floor":24.0},{"not_picked":["BowlingBash","CutThroughFate"],"picked":"ClearTheMind+1","floor":25.0},{"not_picked":["SashWhip","EmptyFist"],"picked":"Protect+1","floor":27.0},{"not_picked":["Evaluate+1","Halt+1"],"picked":"Vault+1","floor":29.0},{"not_picked":["Alpha+1","MasterReality"],"picked":"SpiritShield+1","floor":33.0},{"not_picked":["Perseverance+1","Evaluate+1","Consecrate"],"picked":"SKIP","floor":35.0},{"not_picked":["FlyingSleeves","Pray+1","PathToVictory+1"],"picked":"SKIP","floor":37.0},{"not_picked":["Consecrate","Pray+1","Halt+1"],"picked":"SKIP","floor":39.0},{"not_picked":["CarveReality","WindmillStrike"],"picked":"Indignation+1","floor":41.0},{"not_picked":["DeceiveReality+1","ForeignInfluence+1","SignatureMove"],"picked":"SKIP","floor":44.0},{"not_picked":["Halt+1","Establishment"],"picked":"SandsOfTime","floor":46.0},{"not_picked":["ConjureBlade+1","Consecrate+1","BowlingBash+1"],"picked":"SKIP","floor":47.0},{"not_picked":["FollowUp+1","Tantrum+1"],"picked":"InnerPeace+1","floor":48.0}],"player_experience":438292,"relics_obtained":[{"floor":7.0,"key":"Gambling Chip"},{"floor":9.0,"key":"TungstenRod"},{"floor":12.0,"key":"Bronze Scales"},{"floor":24.0,"key":"Toxic Egg 2"},{"floor":26.0,"key":"MawBank"},{"floor":27.0,"key":"Peace Pipe"},{"floor":36.0,"key":"Bird Faced Urn"},{"floor":44.0,"key":"Happy Flower"},{"floor":47.0,"key":"Molten Egg 2"}],"event_choices":[{"damage_healed":0.0,"max_hp_gain":0.0,"max_hp_loss":0.0,"gold_gain":0.0,"event_name":"Upgrade Shrine","player_choice":"Upgraded","floor":2.0,"gold_loss":0.0,"damage_taken":0.0,"cards_upgraded":["Eruption"]},{"damage_healed":0.0,"max_hp_gain":0.0,"max_hp_loss":0.0,"gold_gain":0.0,"event_name":"Lab","player_choice":"Got Potions","floor":4.0,"gold_loss":0.0,"damage_taken":0.0},{"damage_healed":0.0,"max_hp_gain":0.0,"max_hp_loss":0.0,"gold_gain":0.0,"event_name":"Scrap Ooze","player_choice":"Success","floor":13.0,"gold_loss":0.0,"damage_taken":18.0,"relics_obtained":["Mummified Hand"]},{"damage_healed":0.0,"max_hp_gain":0.0,"max_hp_loss":0.0,"gold_gain":0.0,"event_name":"Accursed Blacksmith","player_choice":"Forge","floor":20.0,"gold_loss":0.0,"damage_taken":0.0,"cards_upgraded":["Vault"]},{"cards_removed":["Prostrate"],"damage_healed":0.0,"max_hp_gain":0.0,"max_hp_loss":0.0,"gold_gain":0.0,"event_name":"Beggar","player_choice":"Gave Gold","floor":30.0,"gold_loss":75.0,"damage_taken":0.0},{"damage_healed":0.0,"max_hp_gain":0.0,"max_hp_loss":0.0,"gold_gain":0.0,"event_name":"WeMeetAgain","player_choice":"Paid Gold","floor":31.0,"gold_loss":71.0,"damage_taken":0.0,"relics_obtained":["Orichalcum"]},{"damage_healed":0.0,"max_hp_gain":0.0,"max_hp_loss":0.0,"gold_gain":0.0,"event_name":"MindBloom","player_choice":"Fight","floor":36.0,"gold_loss":0.0,"damage_taken":0.0},{"damage_healed":0.0,"max_hp_gain":0.0,"max_hp_loss":0.0,"gold_gain":0.0,"event_name":"Tomb of Lord Red Mask","player_choice":"Ignored","floor":38.0,"gold_loss":0.0,"damage_taken":0.0}],"is_beta":false,"boss_relics":[{"not_picked":["SlaversCollar","Astrolabe"],"picked":"Pandora\u0027s Box"},{"not_picked":["Busted Crown","Empty Cage"],"picked":"Philosopher\u0027s Stone"}],"items_purged_floors":[19,45],"is_endless":false,"potions_floor_spawned":[10,12,16,18,21,27,36,37,46,47],"killed_by":"Awakened One","ascension_level":20}}