{"host":"qwyulmb1tab18dot","time":1614318669,"event":{"mods":["BaseMod","Colored Map","Highlight Path","Minty Spire (QoL Compilation)","StSLib"],"gold_per_floor":[110,126,138,149,43,43,74,74,99,126,126,188,212,232,232,333,333,347,361,371,371,201,201,216,251,325,339,339,350,364,396,396,493,493,508,518,169,183,183,183,0,0,0,20,20,20,31,31,31,31],"floor_reached":51,"language":"ENG","playtime":3605,"items_purged":["Strike_R","Strike_R"],"score":699,"play_id":"c61c75ac-c41a-4bc5-9bf0-eccf41b52fbf","local_time":"20210225235109","is_ascension_mode":false,"campfire_choices":[{"data":"Rupture","floor":6,"key":"SMITH"},{"data":"Rupture","floor":8,"key":"SMITH"},{"data":"Bash","floor":11,"key":"SMITH"},{"data":"Heavy Blade","floor":15,"key":"SMITH"},{"data":"Armaments","floor":23,"key":"SMITH"},{"floor":28,"key":"REST"},{"data":"Limit Break","floor":32,"key":"SMITH"},{"data":"Limit Break","floor":40,"key":"SMITH"},{"data":"Brutality","floor":42,"key":"SMITH"},{"data":"Madness","floor":45,"key":"SMITH"},{"floor":49,"key":"REST"}],"circlet_count":0,"master_deck":["Strike_R","Strike_R","Defend_R","Defend_R","Defend_R","Defend_R","Bash+1","Clothesline","Rupture+1","True Grit","Rupture+1","Hemokinesis","Heavy Blade+1","Thunderclap","Shrug It Off","Heavy Blade","Reaper","Armaments+1","Hemokinesis+1","True Grit+1","Spot Weakness","True Grit","Limit Break+1","Combust","Shrug It Off+1","Limit Break+1","Brutality+1","CurseOfTheBell","Offering","Heavy Blade+1","Madness+1","Madness","Bloodletting+1"],"relics":["Burning Blood","Bag of Marbles","Centennial Puzzle","Happy Flower","Vajra","Potion Belt","Runic Cube","Thread and Needle","Pear","Juzu Bracelet","Calling Bell","Pen Nib","InkBottle","Lizard Tail","Self Forming Clay","Red Mask","Mercury Hourglass"],"acts_visited":["Exordium","TheCity","TheBeyond"],"potions_floor_usage":[12,12,14,15,16,19,25,25,31],"damage_taken":[{"damage":9,"enemies":"Jaw Worm","floor":1,"turns":4},{"damage":0,"enemies":"2 Louse","floor":2,"turns":2},{"damage":6,"enemies":"Cultist","floor":3,"turns":3},{"damage":16,"enemies":"Exordium Thugs","floor":4,"turns":7},{"damage":24,"enemies":"Gremlin Nob","floor":7,"turns":4},{"damage":22,"enemies":"Lagavulin","floor":10,"turns":4},{"damage":16,"enemies":"Gremlin Nob","floor":12,"turns":3},{"damage":0,"enemies":"3 Louse","floor":14,"turns":2},{"damage":27,"enemies":"Hexaghost","floor":16,"turns":7},{"damage":39,"enemies":"3 Byrds","floor":18,"turns":6},{"damage":24,"enemies":"Shell Parasite","floor":19,"turns":5},{"damage":18,"enemies":"Centurion and Healer","floor":20,"turns":7},{"damage":30,"enemies":"Chosen and Byrds","floor":24,"turns":5},{"damage":25,"enemies":"Book of Stabbing","floor":25,"turns":4},{"damage":36,"enemies":"Snecko","floor":27,"turns":6},{"damage":23,"enemies":"3 Cultists","floor":29,"turns":5},{"damage":4,"enemies":"Centurion and Healer","floor":30,"turns":5},{"damage":46,"enemies":"Slavers","floor":31,"turns":5},{"damage":73,"enemies":"Automaton","floor":33,"turns":7},{"damage":31,"enemies":"Orb Walker","floor":35,"turns":4},{"damage":43,"enemies":"3 Darklings","floor":36,"turns":5},{"damage":33,"enemies":"Maw","floor":38,"turns":6},{"damage":23,"enemies":"Transient","floor":44,"turns":5},{"damage":16,"enemies":"Sphere and 2 Shapes","floor":47,"turns":3},{"damage":23,"enemies":"Donu and Deca","floor":50,"turns":4}],"seed_played":"4935695237701250773","potions_obtained":[{"floor":1,"key":"SkillPotion"},{"floor":4,"key":"PowerPotion"},{"floor":12,"key":"Fire Potion"},{"floor":14,"key":"EntropicBrew"},{"floor":18,"key":"Ancient Potion"},{"floor":24,"key":"Block Potion"},{"floor":31,"key":"GamblersBrew"},{"floor":33,"key":"SpeedPotion"},{"floor":35,"key":"Fire Potion"},{"floor":44,"key":"SkillPotion"}],"is_trial":false,"path_per_floor":["M","M","M","M","$","R","E","R","T","E","R","?","T","M","R","B",null,"M","M","M","?","$","R","M","E","T","M","R","M","M","E","R","B",null,"M","M","$","M","?","R","?","R","T","M","R","?","M","$","R","B",null],"character_chosen":"IRONCLAD","items_purchased":["Rupture","Hemokinesis","Spot Weakness","True Grit","Self Forming Clay"],"campfire_rested":2,"item_purchase_floors":[5,5,22,22,37],"current_hp_per_floor":[85,88,88,78,78,78,60,60,60,44,44,34,34,40,40,19,88,63,54,68,68,68,68,44,42,52,23,52,59,88,78,78,11,98,83,91,91,87,75,75,75,75,75,58,58,58,68,68,97,80],"gold":31,"neow_bonus":"TEN_PERCENT_HP_BONUS","is_daily":false,"chose_seed":false,"campfire_upgraded":9,"win_rate":0.0,"timestamp":1614318669,"path_taken":["M","M","M","M","$","R","E","R","T","E","R","?","?","M","R","BOSS","M","M","M","?","$","R","M","E","T","M","R","M","?","E","R","BOSS","M","M","$","M","?","R","?","R","T","M","R","?","M","?","R","BOSS"],"items_purchased_type":["Card","Card","Card","Card","Relic"],"build_version":"2020-12-22","purchased_purges":2,"victory":true,"max_hp_per_floor":[88,88,88,88,88,88,88,88,88,88,88,88,88,88,88,88,88,88,88,88,88,88,88,88,88,98,98,98,98,98,98,98,98,98,98,98,98,98,98,98,98,98,98,98,98,98,98,98,98,98],"card_choices":[{"not_picked":["Hemokinesis","Intimidate"],"picked":"Clothesline","floor":1},{"not_picked":["Ghostly Armor","Dropkick"],"picked":"Rupture","floor":2},{"not_picked":["Cleave","Inflame"],"picked":"True Grit","floor":3},{"not_picked":["Sever Soul","Anger"],"picked":"Fire Breathing","floor":4},{"not_picked":["Infernal Blade","Body Slam"],"picked":"Heavy Blade","floor":7},{"not_picked":["Twin Strike","Barricade"],"picked":"Thunderclap","floor":10},{"not_picked":["Clothesline","Flex"],"picked":"Shrug It Off","floor":12},{"not_picked":["Dropkick","Dark Embrace"],"picked":"Heavy Blade","floor":14},{"not_picked":["Feed","Berserk"],"picked":"Reaper","floor":16},{"not_picked":["Pommel Strike","Flex"],"picked":"Armaments","floor":18},{"not_picked":["Body Slam+1","Headbutt"],"picked":"Hemokinesis+1","floor":19},{"not_picked":["Burning Pact","Perfected Strike"],"picked":"True Grit+1","floor":20},{"not_picked":["Entrench","Body Slam"],"picked":"Limit Break","floor":24},{"not_picked":["Heavy Blade","Metallicize"],"picked":"Combust","floor":25},{"not_picked":["True Grit","Searing Blow","Perfected Strike"],"picked":"SKIP","floor":27},{"not_picked":["Sword Boomerang","Clothesline","Anger+1"],"picked":"SKIP","floor":29},{"not_picked":["Sword Boomerang","Body Slam+1"],"picked":"Shrug It Off+1","floor":30},{"not_picked":["Twin Strike+1","Headbutt+1"],"picked":"Limit Break","floor":31},{"not_picked":["Double Tap","Offering"],"picked":"Brutality","floor":33},{"not_picked":["Burning Pact","Headbutt","Cleave"],"picked":"SKIP","floor":35},{"not_picked":["Reckless Charge","Body Slam"],"picked":"Offering","floor":36},{"not_picked":["Cleave","Heavy Blade+1","Iron Wave+1"],"picked":"SKIP","floor":38},{"not_picked":["Cleave","Iron Wave+1"],"picked":"Heavy Blade+1","floor":38},{"not_picked":["Second Wind+1","Disarm"],"picked":"Bloodletting+1","floor":44},{"not_picked":["Rupture","Clash","Armaments"],"picked":"SKIP","floor":47}],"player_experience":4423,"relics_obtained":[{"floor":7,"key":"Bag of Marbles"},{"floor":9,"key":"Centennial Puzzle"},{"floor":10,"key":"Happy Flower"},{"floor":12,"key":"Vajra"},{"floor":13,"key":"Potion Belt"},{"floor":25,"key":"Thread and Needle"},{"floor":26,"key":"Pear"},{"floor":31,"key":"Juzu Bracelet"},{"floor":34,"key":"Pen Nib"},{"floor":34,"key":"InkBottle"},{"floor":34,"key":"Lizard Tail"},{"floor":43,"key":"Mercury Hourglass"}],"event_choices":[{"damage_healed":0,"gold_gain":0,"player_choice":"Searched \u00271\u0027 times","damage_taken":0,"max_hp_gain":0,"max_hp_loss":0,"event_name":"Dead Adventurer","floor":12,"gold_loss":0},{"cards_removed":["Strike_R"],"damage_healed":0,"gold_gain":0,"player_choice":"Card Removal","damage_taken":0,"max_hp_gain":0,"max_hp_loss":0,"event_name":"Wheel of Change","floor":21,"gold_loss":0},{"damage_healed":0,"gold_gain":0,"player_choice":"Embrace Madness","damage_taken":12,"max_hp_gain":0,"max_hp_loss":0,"event_name":"Winding Halls","floor":39,"gold_loss":0,"cards_obtained":["Madness","Madness"]},{"damage_healed":0,"gold_gain":0,"player_choice":"Paid","damage_taken":0,"relics_obtained":["Red Mask"],"max_hp_gain":0,"max_hp_loss":0,"event_name":"Tomb of Lord Red Mask","floor":41,"gold_loss":183},{"cards_removed":["Fire Breathing"],"damage_healed":0,"gold_gain":0,"player_choice":"Removed Power","damage_taken":0,"max_hp_gain":0,"max_hp_loss":0,"event_name":"Falling","floor":46,"gold_loss":0}],"is_beta":false,"boss_relics":[{"not_picked":["Black Blood","Black Star"],"picked":"Runic Cube"},{"not_picked":["SacredBark","Runic Pyramid"],"picked":"Calling Bell"}],"items_purged_floors":[22,37],"is_endless":false,"potions_floor_spawned":[1,4,12,14,18,24,31,33,35,44],"ascension_level":0}}