{"host":"7ij4m6ehapfophuy","time":1614383798,"event":{"mods":["BaseMod","Bestiary","Curses Come First","Filter the Spire","Minty Spire (QoL Compilation)","Relic Stats","StSLib","ojb\u0027s Better Paths Mod"],"gold_per_floor":[113,128,141,56,66,100,100,111,134,134,154,168,202,217,217,293,293,303,303,303,317,337,372,372,402,402,402,419,14,14,14,14,91,91,108,108,124,139,139,464,464,495,495,13,30,61,61,72,72,72,72,72,19,46,46],"floor_reached":56,"language":"ENG","playtime":5363,"items_purged":[],"score":2124,"play_id":"c7122ae2-fad2-4cbc-af04-cabc3175f72a","local_time":"20210226185638","is_ascension_mode":true,"campfire_choices":[{"data":"Vault","floor":10,"key":"SMITH"},{"data":"EmptyFist","floor":15,"key":"SMITH"},{"floor":24,"key":"REST"},{"data":"Vault","floor":27,"key":"SMITH"},{"data":"Apotheosis","floor":32,"key":"SMITH"},{"data":"Omniscience","floor":41,"key":"SMITH"},{"floor":49,"key":"RECALL"},{"data":"TalkToTheHand","floor":52,"key":"SMITH"}],"circlet_count":0,"master_deck":["AscendersBane","Strike_P+1","Strike_P+1","Strike_P+1","Defend_P+1","Defend_P+1","Eruption","Vigilance","CarveReality+1","SashWhip+1","Crescendo+1","EmptyFist+1","Consecrate","Protect","Wallop","TalkToTheHand","Vault+1","BowlingBash","FearNoEvil","Scrawl","Blasphemy","FlurryOfBlows","Vault+1","Evaluate+1","Apotheosis+1","WheelKick","DevaForm+1","Wireheading+1","Omniscience+1","InnerPeace","TalkToTheHand+1","Devotion+1"],"relics":["Astrolabe","Eternal Feather","Tiny Chest","Potion Belt","Black Star","Pantograph","Art of War","Frozen Egg 2","Juzu Bracelet","Bottled Lightning","Pocketwatch","Bronze Scales","Spirit Poop","Runic Pyramid","Centennial Puzzle","Old Coin","Ornamental Fan","Kunai","Question Card","Lee\u0027s Waffle","Happy Flower","Orichalcum","Pen Nib","TungstenRod","TeardropLocket"],"acts_visited":["Exordium","TheCity","TheBeyond","TheEnding"],"potions_floor_usage":[6,16,22,23,23,33,40,48,50,50,55,55],"damage_taken":[{"damage":0,"enemies":"2 Louse","floor":1,"turns":2},{"damage":0,"enemies":"Cultist","floor":2,"turns":2},{"damage":7,"enemies":"Small Slimes","floor":3,"turns":2},{"damage":1,"enemies":"Exordium Wildlife","floor":5,"turns":2},{"damage":0,"enemies":"Lagavulin","floor":6,"turns":4},{"damage":1,"enemies":"Gremlin Gang","floor":8,"turns":4},{"damage":0,"enemies":"Large Slime","floor":11,"turns":2},{"damage":9,"enemies":"Lots of Slimes","floor":12,"turns":4},{"damage":8,"enemies":"Gremlin Nob","floor":13,"turns":4},{"damage":6,"enemies":"Red Slaver","floor":14,"turns":3},{"damage":1,"enemies":"Hexaghost","floor":16,"turns":8},{"damage":11,"enemies":"3 Byrds","floor":18,"turns":5},{"damage":9,"enemies":"Chosen","floor":21,"turns":4},{"damage":1,"enemies":"Snecko","floor":22,"turns":5},{"damage":44,"enemies":"Slavers","floor":23,"turns":10},{"damage":25,"enemies":"Book of Stabbing","floor":25,"turns":6},{"damage":0,"enemies":"Centurion and Healer","floor":28,"turns":4},{"damage":12,"enemies":"Champ","floor":33,"turns":7},{"damage":0,"enemies":"Orb Walker","floor":35,"turns":4},{"damage":5,"enemies":"3 Darklings","floor":37,"turns":3},{"damage":25,"enemies":"4 Shapes","floor":38,"turns":5},{"damage":8,"enemies":"Reptomancer","floor":40,"turns":5},{"damage":25,"enemies":"Giant Head","floor":42,"turns":8},{"damage":0,"enemies":"Jaw Worm Horde","floor":45,"turns":6},{"damage":12,"enemies":"Reptomancer","floor":46,"turns":4},{"damage":24,"enemies":"Writhing Mass","floor":48,"turns":3},{"damage":41,"enemies":"Time Eater","floor":50,"turns":8},{"damage":42,"enemies":"Shield and Spear","floor":54,"turns":6},{"damage":17,"enemies":"The Heart","floor":55,"turns":7}],"seed_played":"-6329273268090973154","potions_obtained":[{"floor":2,"key":"FearPotion"},{"floor":3,"key":"LiquidMemories"},{"floor":7,"key":"SteroidPotion"},{"floor":13,"key":"FearPotion"},{"floor":16,"key":"Regen Potion"},{"floor":22,"key":"Energy Potion"},{"floor":23,"key":"Explosive Potion"},{"floor":28,"key":"DistilledChaos"},{"floor":35,"key":"Weak Potion"},{"floor":40,"key":"Strength Potion"},{"floor":42,"key":"SmokeBomb"},{"floor":45,"key":"DuplicationPotion"},{"floor":54,"key":"FearPotion"}],"is_trial":false,"path_per_floor":["M","M","M","$","M","E","?","M","T","R","M","M","E","M","R","B",null,"M","?","T","M","M","E","R","E","T","R","M","$","?","?","R","B",null,"M","T","M","M","?","E","R","E","T","$","M","E","$","M","R","B",null,"R","$","E","B",null],"character_chosen":"WATCHER","items_purchased":["Wallop","Apotheosis","Bronze Scales","WheelKick","Lee\u0027s Waffle","TalkToTheHand","Happy Flower","DistilledChaos","Energy Potion"],"campfire_rested":1,"item_purchase_floors":[4,29,29,29,44,44,44,44,53],"current_hp_per_floor":[61,61,54,54,53,53,53,52,52,61,61,52,44,38,50,49,63,52,52,52,43,42,13,45,20,20,32,32,32,32,32,47,56,65,65,65,60,35,35,27,42,17,17,72,72,60,60,36,54,31,62,72,72,30,38],"gold":46,"neow_bonus":"BOSS_RELIC","is_daily":false,"chose_seed":false,"campfire_upgraded":6,"win_rate":0.0,"timestamp":1614383798,"path_taken":["M","M","M","$","M","E","?","M","T","R","?","M","E","?","R","BOSS","M","?","?","?","M","E","R","E","T","R","M","$","?","?","R","BOSS","M","?","M","M","?","E","R","E","T","$","M","E","$","M","R","BOSS","R","$","E","BOSS"],"items_purchased_type":["Card","Card","Relic","Card","Relic","Card","Relic","Potion","Potion"],"build_version":"2020-12-22","purchased_purges":0,"victory":true,"max_hp_per_floor":[68,68,68,68,68,68,68,68,68,68,68,68,68,68,68,68,68,68,68,68,68,68,68,68,68,68,68,68,68,68,68,68,68,68,68,68,68,68,65,65,65,65,65,72,72,72,72,72,72,72,72,72,72,72,72],"relic_stats":{"Lee\u0027s Waffle":55,"Happy Flower":[11],"counters":[29,137],"Astrolabe":["CarveReality","SashWhip","Crescendo"],"Eternal Feather":103,"Pen Nib":[9],"Juzu Bracelet":2,"Orichalcum":[30],"Question Card":4,"Centennial Puzzle":[18],"Ornamental Fan":[124],"Pantograph":64,"Bronze Scales":[149],"Tiny Chest":2,"Black Star":6,"Art of War":[6],"Kunai":[31],"obtain_stats":[{"Spirit Poop":31,"Juzu Bracelet":25,"TeardropLocket":54,"Old Coin":40,"Centennial Puzzle":40,"Pantograph":20,"Tiny Chest":9,"Kunai":42,"Runic Pyramid":34,"Potion Belt":13,"Lee\u0027s Waffle":44,"Happy Flower":44,"Astrolabe":0,"Eternal Feather":6,"Pen Nib":46,"Frozen Egg 2":23,"Orichalcum":46,"Question Card":43,"Ornamental Fan":42,"Bronze Scales":29,"Black Star":17,"Art of War":23,"Bottled Lightning":25,"PureWater":0,"TungstenRod":54,"Pocketwatch":26},{"Spirit Poop":17,"Juzu Bracelet":16,"TeardropLocket":28,"Old Coin":22,"Centennial Puzzle":22,"Pantograph":12,"Tiny Chest":6,"Kunai":23,"Runic Pyramid":18,"Potion Belt":9,"Lee\u0027s Waffle":23,"Happy Flower":23,"Astrolabe":0,"Eternal Feather":5,"Pen Nib":25,"Frozen Egg 2":15,"Orichalcum":25,"Question Card":23,"Ornamental Fan":23,"Bronze Scales":17,"Black Star":11,"Art of War":15,"Bottled Lightning":16,"PureWater":0,"TungstenRod":28,"Pocketwatch":16},{"Spirit Poop":71,"Juzu Bracelet":67,"TeardropLocket":130,"Old Coin":95,"Centennial Puzzle":95,"Pantograph":42,"Tiny Chest":16,"Kunai":103,"Runic Pyramid":78,"Potion Belt":26,"Lee\u0027s Waffle":103,"Happy Flower":103,"Astrolabe":0,"Eternal Feather":12,"Pen Nib":113,"Frozen Egg 2":61,"Orichalcum":113,"Question Card":103,"Ornamental Fan":103,"Bronze Scales":71,"Black Star":37,"Art of War":61,"Bottled Lightning":67,"PureWater":0,"TungstenRod":130,"Pocketwatch":67}],"TungstenRod":14,"Pocketwatch":[24]},"card_choices":[{"not_picked":["WindmillStrike","FollowUp"],"picked":"EmptyFist","floor":1},{"not_picked":["Weave","Evaluate"],"picked":"Consecrate","floor":2},{"not_picked":["Crescendo","CutThroughFate"],"picked":"Protect","floor":3},{"not_picked":["Evaluate","Prostrate"],"picked":"TalkToTheHand","floor":5},{"not_picked":["Protect","Consecrate"],"picked":"Vault","floor":6},{"not_picked":["FlyingSleeves","Halt","EmptyBody"],"picked":"SKIP","floor":8},{"not_picked":["ThirdEye","Collect"],"picked":"BowlingBash","floor":11},{"not_picked":["EmptyFist","Collect"],"picked":"FearNoEvil","floor":12},{"not_picked":["Halt","ClearTheMind"],"picked":"Scrawl","floor":13},{"not_picked":["FollowUp","Consecrate","SashWhip"],"picked":"SKIP","floor":14},{"not_picked":["Alpha","Establishment"],"picked":"Blasphemy","floor":16},{"not_picked":["Weave","DeceiveReality","ClearTheMind"],"picked":"SKIP","floor":18},{"not_picked":["Halt","Protect"],"picked":"FlurryOfBlows","floor":21},{"not_picked":["Pray+1","Tantrum"],"picked":"Vault","floor":22},{"not_picked":["Consecrate","BattleHymn+1","WaveOfTheHand"],"picked":"SKIP","floor":23},{"not_picked":["Swivel","ThirdEye+1"],"picked":"Evaluate+1","floor":25},{"not_picked":["SashWhip","EmptyFist","JustLucky"],"picked":"SKIP","floor":28},{"not_picked":["MasterReality+1","ConjureBlade"],"picked":"DevaForm+1","floor":33},{"not_picked":["Fasting2+1","ThirdEye"],"picked":"Wireheading+1","floor":35},{"not_picked":["FlyingSleeves","Evaluate","CutThroughFate"],"picked":"SKIP","floor":37},{"not_picked":["Adaptation+1","FlyingSleeves+1","SignatureMove"],"picked":"SKIP","floor":38},{"not_picked":["Prostrate","Nirvana+1"],"picked":"Omniscience","floor":40},{"not_picked":["Evaluate","EmptyMind"],"picked":"InnerPeace","floor":42},{"not_picked":["CarveReality","CrushJoints","Weave+1","Swivel"],"picked":"SKIP","floor":45},{"not_picked":["WreathOfFlame","EmptyBody","Conclude","Collect+1"],"picked":"SKIP","floor":46},{"not_picked":["JustLucky","ReachHeaven","Prostrate","Pray"],"picked":"SKIP","floor":48},{"not_picked":["Consecrate","SashWhip","CutThroughFate"],"picked":"Devotion+1","floor":54}],"player_experience":1188144,"relics_obtained":[{"floor":6,"key":"Eternal Feather"},{"floor":9,"key":"Tiny Chest"},{"floor":13,"key":"Potion Belt"},{"floor":20,"key":"Pantograph"},{"floor":23,"key":"Art of War"},{"floor":23,"key":"Frozen Egg 2"},{"floor":25,"key":"Juzu Bracelet"},{"floor":25,"key":"Bottled Lightning"},{"floor":26,"key":"Pocketwatch"},{"floor":40,"key":"Centennial Puzzle"},{"floor":40,"key":"Old Coin"},{"floor":42,"key":"Ornamental Fan"},{"floor":42,"key":"Kunai"},{"floor":43,"key":"Question Card"},{"floor":46,"key":"Orichalcum"},{"floor":46,"key":"Pen Nib"},{"floor":54,"key":"TungstenRod"},{"floor":54,"key":"TeardropLocket"}],"event_choices":[{"damage_healed":0,"gold_gain":0,"player_choice":"Got Potions","damage_taken":0,"max_hp_gain":0,"max_hp_loss":0,"event_name":"Lab","floor":7,"gold_loss":0},{"damage_healed":0,"gold_gain":0,"player_choice":"Simplicity","damage_taken":0,"max_hp_gain":0,"max_hp_loss":0,"event_name":"Back to Basics","floor":19,"gold_loss":0,"cards_upgraded":["Strike_P","Strike_P","Strike_P","Defend_P","Defend_P"]},{"damage_healed":0,"gold_gain":0,"player_choice":"Cursed","damage_taken":0,"max_hp_gain":0,"max_hp_loss":0,"event_name":"Wheel of Change","floor":30,"gold_loss":0,"cards_obtained":["Decay"]},{"cards_removed":["Decay"],"damage_healed":0,"gold_gain":0,"player_choice":"Offered Curse","damage_taken":0,"relics_obtained":["Spirit Poop"],"max_hp_gain":0,"max_hp_loss":0,"event_name":"Bonfire Elementals","floor":31,"gold_loss":0},{"damage_healed":0,"gold_gain":0,"player_choice":"Max HP","damage_taken":0,"max_hp_gain":0,"max_hp_loss":3,"event_name":"Winding Halls","floor":39,"gold_loss":0}],"is_beta":false,"boss_relics":[{"not_picked":["Velvet Choker","Calling Bell"],"picked":"Black Star"},{"not_picked":["Cursed Key","Tiny House"],"picked":"Runic Pyramid"}],"items_purged_floors":[],"is_endless":false,"potions_floor_spawned":[2,3,12,13,16,22,23,28,35,40,42,45,54],"ascension_level":16}}