{"host":"2sct7qpnpunnnd84","time":1614307222,"event":{"mods":["BaseMod","Googly Eyes","Minty Spire (QoL Compilation)","Quick Restart","Shop Mod","StSLib","The IronCluck"],"gold_per_floor":[114,134,134,134,148,148,171,246,246,9,28,42,63,81,81,209,209,230,213,213,179,202,202,202,83,133,133,153,172,172,195,195,195,195],"floor_reached":33,"language":"ENG","playtime":3417,"items_purged":[],"score":243,"play_id":"e93a5d6c-bccf-454f-9a89-ed104e245a1c","local_time":"20210225184022","is_ascension_mode":false,"campfire_choices":[{"floor":6.0,"key":"REST"},{"floor":15.0,"key":"REST"},{"floor":23,"key":"REST"},{"data":"Armaments","floor":27,"key":"SMITH"},{"data":"Spot Weakness","floor":32,"key":"SMITH"}],"circlet_count":0,"master_deck":["Strike_R","Strike_R","Strike_R","Strike_R","Defend_R","Defend_R","Defend_R","Defend_R","Bash","Heavy Blade","Injury","Dropkick","Armaments+1","Fire Breathing","Uppercut","Shrug It Off","Metallicize","Body Slam","Wild Strike","Immolate","Armaments+1","Armaments","Blood for Blood","Evolve","Spot Weakness+1","Inflame","Whirlwind","Dropkick"],"relics":["Burning Blood","Boot","Mummified Hand","Golden Idol","Bottled Flame","Membership Card","Velvet Choker","Vajra","MealTicket"],"acts_visited":["Exordium","TheCity"],"potions_floor_usage":[16,18,33],"damage_taken":[{"damage":1.0,"enemies":"Jaw Worm","floor":1.0,"turns":3.0},{"damage":0.0,"enemies":"2 Louse","floor":2.0,"turns":4.0},{"damage":7.0,"enemies":"Small Slimes","floor":5.0,"turns":3.0},{"damage":9.0,"enemies":"Blue Slaver","floor":7.0,"turns":4.0},{"damage":14.0,"enemies":"Exordium Wildlife","floor":11.0,"turns":5.0},{"damage":16.0,"enemies":"Exordium Thugs","floor":12.0,"turns":4.0},{"damage":2.0,"enemies":"Blue Slaver","floor":13.0,"turns":5.0},{"damage":6.0,"enemies":"Red Slaver","floor":14.0,"turns":5.0},{"damage":3,"enemies":"Slime Boss","floor":16,"turns":7},{"damage":7,"enemies":"Spheric Guardian","floor":18,"turns":5},{"damage":9,"enemies":"2 Thieves","floor":19,"turns":4},{"damage":34,"enemies":"Centurion and Healer","floor":22,"turns":5},{"damage":12,"enemies":"Snake Plant","floor":28,"turns":4},{"damage":4,"enemies":"Snecko","floor":29,"turns":3},{"damage":6,"enemies":"3 Cultists","floor":31,"turns":4},{"damage":91,"enemies":"Automaton","floor":33,"turns":10}],"seed_played":"-3658411493192464207","potions_obtained":[{"floor":5.0,"key":"Energy Potion"},{"floor":11.0,"key":"Strength Potion"},{"floor":13.0,"key":"ElixirPotion"},{"floor":14.0,"key":"ColorlessPotion"},{"floor":28,"key":"ElixirPotion"},{"floor":29,"key":"SpeedPotion"}],"is_trial":false,"path_per_floor":["M","M","?","?","M","R","M","?","T","$","M","M","M","M","R","B",null,"M","M","?","$","M","R","?","$","T","R","M","M","$","M","R","B"],"character_chosen":"IRONCLAD","items_purchased":["Membership Card","Armaments","Fire Breathing","Uppercut","Evolve","Inflame","Vajra"],"campfire_rested":3,"item_purchase_floors":[10,10,10,10,21,25,25],"current_hp_per_floor":[80,80,68,68,67,80,77,66,66,66,58,48,52,52,76,79,80,79,76,76,76,48,72,72,72,72,72,66,68,80,80,80,0,0],"gold":195,"neow_bonus":"RANDOM_COMMON_RELIC","is_daily":false,"chose_seed":false,"campfire_upgraded":2,"win_rate":0.0,"timestamp":1614307222,"path_taken":["M","M","?","?","M","R","M","?","T","?","M","M","M","M","R","BOSS","M","M","?","?","M","R","?","$","T","R","M","M","$","?","R","BOSS"],"items_purchased_type":["Relic","Card","Card","Card","Card","Card","Relic"],"build_version":"2020-12-22","purchased_purges":0,"victory":false,"max_hp_per_floor":[80,80,80,80,80,80,80,80,80,80,80,80,80,80,80,80,80,80,80,80,80,80,80,80,80,80,80,80,80,80,80,80,80,80],"card_choices":[{"not_picked":["True Grit","Dark Embrace"],"picked":"Heavy Blade","floor":1.0},{"not_picked":["Second Wind","Twin Strike","Havoc"],"picked":"SKIP","floor":2.0},{"not_picked":["Intimidate","True Grit"],"picked":"Dropkick","floor":5.0},{"not_picked":["Rupture","Havoc","Sentinel"],"picked":"SKIP","floor":7.0},{"not_picked":["Havoc","Sentinel"],"picked":"Shrug It Off","floor":11.0},{"not_picked":["True Grit","Clothesline"],"picked":"Metallicize","floor":12.0},{"not_picked":["Iron Wave","Pummel"],"picked":"Body Slam","floor":13.0},{"not_picked":["Entrench","Body Slam"],"picked":"Wild Strike","floor":14.0},{"not_picked":["Offering","Reaper"],"picked":"Immolate","floor":16},{"not_picked":["Twin Strike","Clothesline"],"picked":"Armaments","floor":18},{"not_picked":["Clothesline+1","Shrug It Off"],"picked":"Armaments","floor":19},{"not_picked":["Flex","Pummel+1"],"picked":"Spot Weakness","floor":22},{"not_picked":["Pommel Strike","Clothesline","Corruption"],"picked":"SKIP","floor":28},{"not_picked":["Disarm","Intimidate"],"picked":"Whirlwind","floor":29},{"not_picked":["Seeing Red","Sentinel"],"picked":"Dropkick","floor":31}],"player_experience":3491743,"relics_obtained":[{"floor":9.0,"key":"Bottled Flame"},{"floor":26,"key":"MealTicket"}],"event_choices":[{"damage_healed":0.0,"max_hp_gain":0.0,"max_hp_loss":0.0,"gold_gain":0.0,"event_name":"Scrap Ooze","player_choice":"Success","floor":3.0,"gold_loss":0.0,"damage_taken":12.0,"relics_obtained":["Mummified Hand"]},{"damage_healed":0.0,"max_hp_gain":0.0,"max_hp_loss":0.0,"gold_gain":0.0,"event_name":"Golden Idol","player_choice":"Take Wound","floor":4.0,"gold_loss":0.0,"damage_taken":0.0,"relics_obtained":["Golden Idol"],"cards_obtained":["Injury"]},{"damage_healed":0.0,"max_hp_gain":0.0,"max_hp_loss":0.0,"gold_gain":75.0,"event_name":"World of Goop","player_choice":"Gather Gold","floor":8.0,"gold_loss":0.0,"damage_taken":11.0},{"damage_healed":0,"gold_gain":0,"cards_transformed":["Strike_R"],"player_choice":"Transformed","damage_taken":0,"max_hp_gain":0,"max_hp_loss":0,"event_name":"Transmorgrifier","floor":20,"gold_loss":0,"cards_obtained":["Blood for Blood"]},{"damage_healed":0,"gold_gain":0,"player_choice":"Upgraded","damage_taken":0,"max_hp_gain":0,"max_hp_loss":0,"event_name":"Upgrade Shrine","floor":24,"gold_loss":0,"cards_upgraded":["Armaments"]}],"is_beta":false,"boss_relics":[{"not_picked":["Runic Dome","Snecko Eye"],"picked":"Velvet Choker"}],"items_purged_floors":[],"is_endless":false,"potions_floor_spawned":[5,11,13,14,28,29],"killed_by":"Automaton","ascension_level":0}}