{"host":"7wi4qgm5yw4j7oz0","time":1614350117,"event":{"mods":["AchievementEnabler","BaseMod","Block Reminder","Colored Map","Colored Powertips","Highlight Path","Minty Spire (QoL Compilation)","Permanent Neow","Random Character Button","StSLib","SuperFastMode","everything is the same but u backflip on backflip"],"gold_per_floor":[109,119,136,149,162,162,193,209,280,38,38,38,49,68,68,142,142,157,167,199,210,210,210,239,256,256,268,268,268,268,282,282,282,282],"floor_reached":33,"language":"KOR","playtime":1119,"items_purged":["Strike_R"],"score":519,"play_id":"2d1e1642-01d1-49ca-8d62-cc99a54946b9","local_time":"20210226233517","is_ascension_mode":true,"campfire_choices":[{"data":"Body Slam","floor":6.0,"key":"SMITH"},{"data":"Bludgeon","floor":11.0,"key":"SMITH"},{"data":"Blood for Blood","floor":15.0,"key":"SMITH"},{"floor":23.0,"key":"REST"},{"floor":28.0,"key":"REST"},{"floor":32.0,"key":"REST"}],"circlet_count":0,"master_deck":["AscendersBane","Strike_R+1","Strike_R+1","Defend_R+1","Defend_R+1","Defend_R+1","Defend_R+1","Bash","Cleave","Intimidate","Headbutt","Perfected Strike","Body Slam+1","Bludgeon+1","Pommel Strike","Shrug It Off","Blood for Blood+1","Impervious","Inflame","Shrug It Off","Battle Trance","Warcry+1","Intimidate+1","Ghostly","Ghostly","Ghostly"],"relics":["Burning Blood","White Beast Statue","HornCleat","Lee\u0027s Waffle","Empty Cage","Red Mask","Peace Pipe","The Courier"],"acts_visited":["Exordium","TheCity"],"potions_floor_usage":[33],"damage_taken":[{"damage":6.0,"enemies":"Cultist","floor":1.0,"turns":3.0},{"damage":15.0,"enemies":"Small Slimes","floor":2.0,"turns":4.0},{"damage":12.0,"enemies":"2 Louse","floor":3.0,"turns":3.0},{"damage":8.0,"enemies":"Looter","floor":4.0,"turns":2.0},{"damage":10.0,"enemies":"Large Slime","floor":5.0,"turns":5.0},{"damage":8.0,"enemies":"Gremlin Nob","floor":7.0,"turns":3.0},{"damage":12.0,"enemies":"Blue Slaver","floor":8.0,"turns":3.0},{"damage":8.0,"enemies":"Exordium Thugs","floor":13.0,"turns":3.0},{"damage":11.0,"enemies":"Large Slime","floor":14.0,"turns":5.0},{"damage":57.0,"enemies":"The Guardian","floor":16.0,"turns":9.0},{"damage":10.0,"enemies":"Shell Parasite","floor":18.0,"turns":3.0},{"damage":22.0,"enemies":"Spheric Guardian","floor":19.0,"turns":4.0},{"damage":48.0,"enemies":"Masked Bandits","floor":20.0,"turns":5.0},{"damage":0.0,"enemies":"3 Cultists","floor":21.0,"turns":4.0},{"damage":35.0,"enemies":"Book of Stabbing","floor":24.0,"turns":6.0},{"damage":35.0,"enemies":"Sentry and Sphere","floor":25.0,"turns":7.0},{"damage":9.0,"enemies":"Snake Plant","floor":27.0,"turns":4.0},{"damage":20.0,"enemies":"Snecko","floor":31.0,"turns":5.0},{"damage":35,"enemies":"Collector","floor":33,"turns":7}],"seed_played":"4133307323842642248","potions_obtained":[{"floor":2.0,"key":"Explosive Potion"},{"floor":4.0,"key":"ElixirPotion"},{"floor":7.0,"key":"DuplicationPotion"},{"floor":13.0,"key":"AttackPotion"},{"floor":16.0,"key":"BloodPotion"},{"floor":18.0,"key":"Swift Potion"},{"floor":19.0,"key":"SteroidPotion"},{"floor":20.0,"key":"LiquidMemories"},{"floor":21.0,"key":"Energy Potion"},{"floor":24.0,"key":"BloodPotion"},{"floor":25.0,"key":"Weak Potion"},{"floor":27.0,"key":"AttackPotion"},{"floor":31.0,"key":"Fire Potion"}],"is_trial":false,"path_per_floor":["M","M","M","M","M","R","E","M","T","$","R","$","M","M","R","B",null,"M","M","?","M","?","R","E","M","T","M","R","?","?","M","R","B"],"character_chosen":"IRONCLAD","items_purchased":["Lee\u0027s Waffle"],"campfire_rested":3,"item_purchase_floors":[10],"current_hp_per_floor":[68,59,53,51,47,47,45,39,39,82,82,82,80,75,75,24,68,64,48,22,28,28,52,23,10,10,7,31,31,31,17,29,0,0],"gold":282,"neow_bonus":"THREE_CARDS","is_daily":false,"chose_seed":false,"campfire_upgraded":3,"win_rate":0.0,"timestamp":1614350117,"path_taken":["M","M","M","M","M","R","E","M","T","?","R","$","M","M","R","BOSS","M","M","?","M","?","R","E","?","T","M","R","?","?","M","R","BOSS"],"items_purchased_type":["Relic"],"build_version":"2020-12-22","purchased_purges":1,"victory":false,"max_hp_per_floor":[75,75,75,75,75,75,75,75,75,82,82,82,82,82,82,82,82,82,82,82,82,82,82,82,82,82,82,82,82,41,41,41,41,41],"card_choices":[{"not_picked":["Thunderclap","Searing Blow"],"picked":"Cleave","floor":0.0},{"not_picked":["Flex","Heavy Blade"],"picked":"Intimidate","floor":1.0},{"not_picked":["Searing Blow","Armaments"],"picked":"Headbutt","floor":2.0},{"not_picked":["Shrug It Off","True Grit"],"picked":"Perfected Strike","floor":3.0},{"not_picked":["Thunderclap","Rupture"],"picked":"Body Slam","floor":4.0},{"not_picked":["Iron Wave","Sentinel"],"picked":"Bludgeon","floor":5.0},{"not_picked":["Evolve","Iron Wave"],"picked":"Pommel Strike","floor":7.0},{"not_picked":["Clash","Searing Blow","Clothesline"],"picked":"SKIP","floor":8.0},{"not_picked":["Metallicize","Body Slam"],"picked":"Shrug It Off","floor":13.0},{"not_picked":["Clothesline","Cleave"],"picked":"Blood for Blood","floor":14.0},{"not_picked":["Brutality","Feed"],"picked":"Impervious","floor":16.0},{"not_picked":["Body Slam","Clash"],"picked":"Inflame","floor":18.0},{"not_picked":["Flex","Iron Wave","Havoc"],"picked":"SKIP","floor":19.0},{"not_picked":["Feel No Pain","Entrench"],"picked":"Shrug It Off","floor":20.0},{"not_picked":["Dual Wield","Headbutt","Sword Boomerang"],"picked":"SKIP","floor":21.0},{"not_picked":["Havoc","Clothesline"],"picked":"Battle Trance","floor":24.0},{"not_picked":["Thunderclap+1","Burning Pact"],"picked":"Warcry+1","floor":25.0},{"not_picked":["Bludgeon","Warcry"],"picked":"Intimidate+1","floor":27.0},{"not_picked":["Sword Boomerang","Metallicize","Dropkick"],"picked":"SKIP","floor":31.0}],"player_experience":380135,"relics_obtained":[{"floor":7.0,"key":"White Beast Statue"},{"floor":9.0,"key":"HornCleat"},{"floor":20.0,"key":"Red Mask"},{"floor":24.0,"key":"Peace Pipe"},{"floor":26.0,"key":"The Courier"}],"event_choices":[{"damage_healed":0.0,"max_hp_gain":0.0,"max_hp_loss":0.0,"gold_gain":0.0,"event_name":"Masked Bandits","player_choice":"Fought Bandits","floor":20.0,"gold_loss":0.0,"damage_taken":0.0},{"damage_healed":0.0,"max_hp_gain":0.0,"max_hp_loss":0.0,"gold_gain":0.0,"event_name":"FaceTrader","player_choice":"Leave","floor":22.0,"gold_loss":0.0,"damage_taken":0.0},{"damage_healed":0.0,"max_hp_gain":0.0,"max_hp_loss":0.0,"gold_gain":0.0,"event_name":"Back to Basics","player_choice":"Simplicity","floor":29.0,"gold_loss":0.0,"damage_taken":0.0,"cards_upgraded":["Strike_R","Strike_R","Defend_R","Defend_R","Defend_R","Defend_R"]},{"damage_healed":0.0,"max_hp_gain":0.0,"max_hp_loss":41.0,"gold_gain":0.0,"event_name":"Ghosts","player_choice":"Became a Ghost","floor":30.0,"gold_loss":0.0,"damage_taken":0.0,"cards_obtained":["Ghostly","Ghostly","Ghostly"]}],"is_beta":false,"boss_relics":[{"not_picked":["Tiny House","SacredBark"],"picked":"Empty Cage"}],"items_purged_floors":[10],"is_endless":false,"potions_floor_spawned":[2,4,7,8,13,14,16,18,19,20,21,24,25,27,31],"killed_by":"Collector","ascension_level":18}}