{"host":"p9xedk00duaz8l9n","time":1614338034,"event":{"mods":["BaseMod","Colored Map","DeckTracker","Highlight Path","Minty Spire (QoL Compilation)","Relic Stats","SuperFastMode"],"gold_per_floor":[112,128,148,73,90,90,125,125,148,148,176,225,225,263,263,263,263],"floor_reached":16,"language":"JPN","playtime":434,"items_purged":[],"score":240,"play_id":"16a4ff6b-5c9f-40dd-b6ed-934460ab6047","local_time":"20210226201354","is_ascension_mode":true,"campfire_choices":[{"data":"Immolate","floor":6,"key":"SMITH"},{"floor":15,"key":"REST"}],"circlet_count":0,"master_deck":["AscendersBane","Strike_R","Strike_R","Strike_R","Strike_R","Defend_R","Defend_R","Defend_R","Defend_R","Bash","Immolate+1","True Grit","Headbutt","Impervious","Iron Wave","Blood for Blood"],"relics":["Burning Blood","Pen Nib","Golden Idol","CeramicFish","Bronze Scales","Pear","Darkstone Periapt"],"acts_visited":["Exordium"],"potions_floor_usage":[7,12,16],"damage_taken":[{"damage":4,"enemies":"Jaw Worm","floor":1,"turns":3},{"damage":2,"enemies":"2 Louse","floor":2,"turns":2},{"damage":7,"enemies":"Small Slimes","floor":3,"turns":3},{"damage":12,"enemies":"Exordium Wildlife","floor":5,"turns":2},{"damage":8,"enemies":"Gremlin Nob","floor":7,"turns":3},{"damage":11,"enemies":"Exordium Thugs","floor":11,"turns":3},{"damage":10,"enemies":"Lagavulin","floor":12,"turns":4},{"damage":33,"enemies":"3 Sentries","floor":14,"turns":8},{"damage":75,"enemies":"Slime Boss","floor":16,"turns":10}],"seed_played":"8113184353758375061","potions_obtained":[{"floor":1,"key":"Weak Potion"},{"floor":3,"key":"Energy Potion"},{"floor":12,"key":"ElixirPotion"}],"is_trial":false,"path_per_floor":["M","M","M","?","M","R","E","?","T","?","M","E","T","E","R","B"],"character_chosen":"IRONCLAD","items_purchased":[],"campfire_rested":1,"item_purchase_floors":[],"current_hp_per_floor":[70,74,73,73,67,67,65,65,65,65,60,56,66,39,62,0,0],"gold":263,"neow_bonus":"ONE_RANDOM_RARE_CARD","is_daily":false,"chose_seed":true,"campfire_upgraded":1,"win_rate":0.0,"timestamp":1614338034,"path_taken":["M","M","M","?","M","R","E","?","T","?","?","E","?","E","R","BOSS"],"items_purchased_type":[],"build_version":"2020-12-22","purchased_purges":0,"victory":false,"max_hp_per_floor":[75,75,75,75,75,75,75,68,68,68,68,68,78,78,78,78,78],"relic_stats":{"Darkstone Periapt":0,"counters":[9,38],"Golden Idol":20,"CeramicFish":18,"Bronze Scales":[37],"Pen Nib":[3],"obtain_stats":[{"Darkstone Periapt":14,"Pear":13,"Golden Idol":8,"CeramicFish":9,"Bronze Scales":12,"Pen Nib":7,"Burning Blood":0},{"Darkstone Periapt":8,"Pear":7,"Golden Idol":5,"CeramicFish":5,"Bronze Scales":7,"Pen Nib":5,"Burning Blood":0},{"Darkstone Periapt":28,"Pear":20,"Golden Idol":13,"CeramicFish":13,"Bronze Scales":20,"Pen Nib":13,"Burning Blood":0}],"Burning Blood":48},"card_choices":[{"not_picked":["Seeing Red","Clothesline","Sentinel"],"picked":"SKIP","floor":1},{"not_picked":["Pommel Strike","Havoc"],"picked":"True Grit","floor":2},{"not_picked":["True Grit","Havoc"],"picked":"Headbutt","floor":3},{"not_picked":["Headbutt","Clothesline","Flex"],"picked":"SKIP","floor":5},{"not_picked":["Cleave","Headbutt"],"picked":"Impervious","floor":7},{"not_picked":["Rupture","Burning Pact"],"picked":"Iron Wave","floor":11},{"not_picked":["Havoc","Body Slam"],"picked":"Blood for Blood","floor":12},{"not_picked":["Flex","Carnage","Combust"],"picked":"SKIP","floor":14}],"player_experience":879682,"relics_obtained":[{"floor":7,"key":"Pen Nib"},{"floor":9,"key":"CeramicFish"},{"floor":12,"key":"Bronze Scales"},{"floor":13,"key":"Pear"},{"floor":14,"key":"Darkstone Periapt"}],"event_choices":[{"cards_removed":["Strike_R"],"damage_healed":0,"gold_gain":0,"player_choice":"Card Removal","damage_taken":0,"max_hp_gain":0,"max_hp_loss":0,"event_name":"The Cleric","floor":4,"gold_loss":75},{"damage_healed":0,"gold_gain":0,"player_choice":"Lose Max HP","damage_taken":0,"relics_obtained":["Golden Idol"],"max_hp_gain":0,"max_hp_loss":7,"event_name":"Golden Idol","floor":8,"gold_loss":0},{"damage_healed":0,"gold_gain":0,"player_choice":"Ignored","damage_taken":0,"max_hp_gain":0,"max_hp_loss":0,"event_name":"Liars Game","floor":10,"gold_loss":0}],"is_beta":false,"boss_relics":[],"items_purged_floors":[],"is_endless":false,"potions_floor_spawned":[1,3,12],"killed_by":"Slime Boss","ascension_level":20}}