{"host":"5ffrjkuvgrxgllwx","time":1614304670,"event":{"mods":["AchievementEnabler","BaseMod","Colored Map","Colored Powertips","Minty Spire (QoL Compilation)","Quick Restart","Rare Cards Sparkle","StSLib","everything is the same but u backflip on backflip"],"gold_per_floor":[112,128,278,278,278,278,308,308,332,366,383,397,397,397],"floor_reached":13,"language":"ENG","playtime":220,"items_purged":[],"score":218,"play_id":"18ff3ab3-2475-4089-b10f-958faf7f80cb","local_time":"20210225205750","is_ascension_mode":true,"campfire_choices":[{"floor":6,"key":"REST"},{"data":"Brilliance","floor":8,"key":"SMITH"}],"circlet_count":0,"master_deck":["AscendersBane","Strike_P","Strike_P","Strike_P","Defend_P","Defend_P","Defend_P","Defend_P","Eruption","Vigilance","WheelKick","LikeWater","Doubt","Brilliance+1","MasterReality","ClearTheMind+1","Crescendo+1"],"relics":["PureWater","NeowsBlessing","Toxic Egg 2","Ginger","Toy Ornithopter","Bronze Scales"],"acts_visited":["Exordium"],"potions_floor_usage":[10],"damage_taken":[{"damage":0,"enemies":"Jaw Worm","floor":1,"turns":2},{"damage":0,"enemies":"2 Louse","floor":2,"turns":1},{"damage":0,"enemies":"Lagavulin","floor":7,"turns":1},{"damage":32,"enemies":"Gremlin Nob","floor":10,"turns":4},{"damage":3,"enemies":"Cultist","floor":11,"turns":4},{"damage":21,"enemies":"Red Slaver","floor":12,"turns":4},{"damage":12,"enemies":"Lagavulin","floor":13,"turns":3}],"seed_played":"-5311133720799556796","potions_obtained":[{"floor":7,"key":"PowerPotion"},{"floor":12,"key":"Ambrosia"}],"is_trial":false,"path_per_floor":["M","M","?","?","?","R","E","R","T","E","M","M","E"],"character_chosen":"WATCHER","items_purchased":[],"campfire_rested":1,"item_purchase_floors":[],"current_hp_per_floor":[61,61,61,43,43,63,63,63,63,36,33,12,0,0],"gold":397,"neow_bonus":"THREE_ENEMY_KILL","is_daily":false,"chose_seed":false,"campfire_upgraded":1,"win_rate":0.0,"timestamp":1614304670,"path_taken":["M","M","?","?","?","R","E","R","T","E","M","?","E"],"items_purchased_type":[],"build_version":"2020-12-22","purchased_purges":0,"victory":false,"max_hp_per_floor":[68,68,68,68,68,68,68,68,68,68,68,68,68,68],"card_choices":[{"not_picked":["Crescendo","Evaluate"],"picked":"WheelKick","floor":1},{"not_picked":["EmptyFist","Consecrate"],"picked":"LikeWater","floor":2},{"not_picked":["EmptyFist","WreathOfFlame+1"],"picked":"MasterReality","floor":7},{"not_picked":["Meditate+1","Evaluate+1","CrushJoints"],"picked":"SKIP","floor":10},{"not_picked":["FlurryOfBlows","PathToVictory+1"],"picked":"ClearTheMind+1","floor":11},{"not_picked":["Nirvana","Study"],"picked":"Crescendo+1","floor":12}],"player_experience":1415449,"relics_obtained":[{"floor":7,"key":"Ginger"},{"floor":9,"key":"Toy Ornithopter"},{"floor":10,"key":"Bronze Scales"}],"event_choices":[{"damage_healed":0,"gold_gain":150,"player_choice":"AGREE","damage_taken":0,"max_hp_gain":0,"max_hp_loss":0,"event_name":"Liars Game","floor":3,"gold_loss":0,"cards_obtained":["Doubt"]},{"damage_healed":0,"gold_gain":0,"player_choice":"Success","damage_taken":18,"relics_obtained":["Toxic Egg 2"],"max_hp_gain":0,"max_hp_loss":0,"event_name":"Scrap Ooze","floor":4,"gold_loss":0},{"damage_healed":0,"gold_gain":0,"cards_transformed":["Strike_P"],"player_choice":"Transformed","damage_taken":0,"max_hp_gain":0,"max_hp_loss":0,"event_name":"Transmorgrifier","floor":5,"gold_loss":0,"cards_obtained":["Brilliance"]}],"is_beta":false,"boss_relics":[],"items_purged_floors":[],"is_endless":false,"potions_floor_spawned":[7,12],"killed_by":"Lagavulin","ascension_level":17}}