{"host":"9c9syrivwe4sfpe0","time":1614333741,"event":{"mods":["AchievementEnabler","BaseMod","Colored Powertips","DeckTracker","GifTheSpireLib","Highlight Path","Minty Spire (QoL Compilation)","Quick Restart","Random Character Button","StSLib","SuperFastMode"],"gold_per_floor":[119,129,129,79,254,282,302,108,108,135,146,146,176,29,29,128,128,138,138,138,154,173,173,57,75,101,101,136,136,136,146,146,146,146],"floor_reached":33,"language":"ENG","playtime":955,"items_purged":[],"score":436,"play_id":"c02379ed-8e9b-4d9c-bdb9-c4790b0976ba","local_time":"20210226210221","is_ascension_mode":true,"campfire_choices":[{"data":"Doubt","floor":12,"key":"PURGE"},{"data":"Fission","floor":15,"key":"SMITH"},{"floor":23,"key":"REST"},{"floor":29,"key":"REST"},{"floor":32,"key":"REST"}],"circlet_count":0,"master_deck":["Strike_B","Strike_B","Strike_B","Strike_B","Defend_B+1","Defend_B","Zap","Dualcast","Sweeping Beam+1","BootSequence","Cold Snap","Cold Snap","Glacier","Echo Form","Steam","Fission+1","Electrodynamics","Beam Cell","Defragment","FTL","Decay","Stack+1","Loop","Leap","Dramatic Entrance","Redo","Rebound","Cold Snap+1","RitualDagger","Heatsinks","Chill"],"relics":["Cracked Core","NeowsBlessing","Ginger","Peace Pipe","DataDisk","Potion Belt","SacredBark","Oddly Smooth Stone","Dream Catcher"],"acts_visited":["Exordium","TheCity"],"potions_floor_usage":[13,16,25,33],"damage_taken":[{"damage":0,"enemies":"Small Slimes","floor":1,"turns":1},{"damage":0,"enemies":"Jaw Worm","floor":2,"turns":1},{"damage":0,"enemies":"Lagavulin","floor":6,"turns":1},{"damage":0,"enemies":"2 Louse","floor":7,"turns":2},{"damage":7,"enemies":"Large Slime","floor":11,"turns":4},{"damage":0,"enemies":"3 Sentries","floor":13,"turns":4},{"damage":11,"enemies":"The Guardian","floor":16,"turns":9},{"damage":41,"enemies":"3 Byrds","floor":18,"turns":3},{"damage":9,"enemies":"Shell Parasite","floor":21,"turns":8},{"damage":12,"enemies":"Sentry and Sphere","floor":22,"turns":4},{"damage":10,"enemies":"Snake Plant","floor":25,"turns":5},{"damage":34,"enemies":"Slavers","floor":28,"turns":5},{"damage":18,"enemies":"Snecko","floor":31,"turns":5},{"damage":56,"enemies":"Champ","floor":33,"turns":11}],"seed_played":"3807189933979324562","potions_obtained":[{"floor":1,"key":"PowerPotion"},{"floor":11,"key":"LiquidBronze"},{"floor":13,"key":"SkillPotion"},{"floor":22,"key":"Energy Potion"},{"floor":25,"key":"FairyPotion"},{"floor":31,"key":"SneckoOil"}],"is_trial":false,"path_per_floor":["M","M","?","?","?","E","M","$","T","T","M","R","E","$","R","B",null,"M","?","?","M","M","R","$","M","T","?","E","R","?","M","R","B"],"character_chosen":"DEFECT","items_purchased":["Glacier","Hyperbeam","Fission","Leap","Dramatic Entrance"],"campfire_rested":3,"item_purchase_floors":[8,8,14,24,24],"current_hp_per_floor":[68,68,53,53,53,53,53,53,53,53,46,46,46,46,46,35,65,24,24,24,15,3,25,25,15,15,15,34,56,50,32,54,0,0],"gold":146,"neow_bonus":"THREE_ENEMY_KILL","is_daily":false,"chose_seed":false,"campfire_upgraded":1,"win_rate":0.0,"timestamp":1614333741,"path_taken":["M","M","?","?","?","E","M","?","T","?","M","R","E","$","R","BOSS","M","?","?","M","M","R","?","M","T","?","E","R","?","M","R","BOSS"],"items_purchased_type":["Card","Card","Card","Card","Card"],"build_version":"2020-12-22","purchased_purges":0,"victory":false,"max_hp_per_floor":[75,75,75,75,75,75,75,75,75,75,75,75,75,75,75,75,75,75,75,75,75,75,75,75,75,75,75,75,75,75,75,75,75,75],"card_choices":[{"not_picked":["Recycle","Redo"],"picked":"Sweeping Beam","floor":1},{"not_picked":["Aggregate","Blizzard"],"picked":"BootSequence","floor":2},{"not_picked":["Recycle","Steam"],"picked":"Cold Snap","floor":6},{"not_picked":["Scrape","Turbo"],"picked":"Cold Snap","floor":7},{"not_picked":["Ball Lightning","Coolheaded"],"picked":"Echo Form","floor":11},{"not_picked":["Coolheaded","Gash"],"picked":"Steam","floor":13},{"not_picked":["Echo Form","Creative AI"],"picked":"Electrodynamics","floor":16},{"not_picked":["Cold Snap+1","Streamline"],"picked":"Beam Cell","floor":18},{"not_picked":["Darkness","Coolheaded"],"picked":"Stack+1","floor":21},{"not_picked":["Meteor Strike","Streamline"],"picked":"Loop","floor":22},{"not_picked":["Go for the Eyes","Turbo"],"picked":"Redo","floor":25},{"not_picked":["Turbo","Static Discharge"],"picked":"Rebound","floor":28},{"not_picked":["Barrage","Coolheaded"],"picked":"Cold Snap+1","floor":29},{"not_picked":["Go for the Eyes","Redo"],"picked":"Heatsinks","floor":31},{"not_picked":["Cold Snap+1","Sweeping Beam"],"picked":"Chill","floor":32}],"player_experience":863885,"relics_obtained":[{"floor":6,"key":"Ginger"},{"floor":9,"key":"Peace Pipe"},{"floor":10,"key":"DataDisk"},{"floor":13,"key":"Potion Belt"},{"floor":26,"key":"Oddly Smooth Stone"},{"floor":28,"key":"Dream Catcher"}],"event_choices":[{"damage_healed":0,"gold_gain":0,"player_choice":"Entered Light","damage_taken":15,"max_hp_gain":0,"max_hp_loss":0,"event_name":"Shining Light","floor":3,"gold_loss":0,"cards_upgraded":["Defend_B","Sweeping Beam"]},{"cards_removed":["Defend_B"],"damage_healed":0,"gold_gain":0,"player_choice":"Card Removal","damage_taken":0,"max_hp_gain":0,"max_hp_loss":0,"event_name":"The Cleric","floor":4,"gold_loss":50},{"damage_healed":0,"gold_gain":175,"player_choice":"AGREE","damage_taken":0,"max_hp_gain":0,"max_hp_loss":0,"event_name":"Liars Game","floor":5,"gold_loss":0,"cards_obtained":["Doubt"]},{"damage_healed":0,"gold_gain":0,"cards_transformed":["Hyperbeam","Defend_B"],"player_choice":"Became Test Subject","damage_taken":0,"max_hp_gain":0,"max_hp_loss":0,"event_name":"Drug Dealer","floor":19,"gold_loss":0,"cards_obtained":["Defragment","FTL"]},{"damage_healed":0,"gold_gain":0,"player_choice":"Smashed Altar","damage_taken":0,"max_hp_gain":0,"max_hp_loss":0,"event_name":"Forgotten Altar","floor":20,"gold_loss":0,"cards_obtained":["Decay"]},{"damage_healed":0,"gold_gain":0,"player_choice":"Ignored","damage_taken":0,"max_hp_gain":0,"max_hp_loss":0,"event_name":"Ghosts","floor":27,"gold_loss":0},{"damage_healed":0,"gold_gain":0,"player_choice":"Joined the Cult","damage_taken":6,"max_hp_gain":0,"max_hp_loss":0,"event_name":"Nest","floor":30,"gold_loss":0,"cards_obtained":["RitualDagger"]}],"is_beta":false,"boss_relics":[{"not_picked":["Velvet Choker","Runic Pyramid"],"picked":"SacredBark"}],"items_purged_floors":[],"is_endless":false,"potions_floor_spawned":[1,11,13,22,25,31],"killed_by":"Champ","ascension_level":7}}