{"host":"8g24zuco0epbjwbo","time":1614351455,"event":{"mods":["BaseMod","Library of Ruina","Library of Ruina Extra","Minty Spire (QoL Compilation)","Relic Stats","StSLib"],"gold_per_floor":[110,110,110,122,135,162,437,437,506,545,572,590,630,203,203,308,317,338,366,465,749,769,811,811,847,874,918,942,942,171,190,190,298,298,298],"floor_reached":34,"language":"ENG","playtime":1593,"items_purged":["Regret","Regret"],"score":553,"play_id":"2afe0b53-479e-49d9-bbba-7a70a96f9e23","local_time":"20210226095735","is_ascension_mode":true,"campfire_choices":[{"data":"TheRedNotes","floor":8,"key":"SMITH"},{"data":"Reload","floor":15,"key":"SMITH"},{"data":"FlamingDragonFist","floor":24,"key":"SMITH"},{"floor":29,"key":"REST"},{"data":"WillProduceFineSilk","floor":32,"key":"SMITH"}],"circlet_count":0,"master_deck":["Dodge","LightDefense","LightAttack","LightAttack","LightDefense","LightDefense","LightDefense","ChargeAndCover","FocusedStrikes","FlamingDragonFist+1","SpearedSweep","Commandeering","TheRedNotes+1","ExtractFuel","Reload+1","FlashOfSunup","StrikeDown","ChargeUp+1","CurseOfTheBell","Reload+1","SunsetBlade+1","SinglePointStab","UndertakePrescript","SunsetBlade+1","WillProduceFineSilk+1","Transpierce"],"relics":["PageOfLibrarian","MealTicket","Frozen Egg 2","CeramicFish","PageOfWayBackHome","Mango","Calling Bell","PageOfSingingMachine","Mummified Hand","PageOfThreeBirds","Meat on the Bone","PageOfSnowWhitesApple","Toy Ornithopter","Omamori","PageOfForsakenMurderer","Pear","Toolbox","SlaversCollar"],"acts_visited":["Exordium","TheCity","TheBeyond"],"potions_floor_usage":[10,10,11,13,33,33],"damage_taken":[{"damage":3,"enemies":"Jaw Worm","floor":1,"turns":5},{"damage":0,"enemies":"Cultist","floor":4,"turns":5},{"damage":0,"enemies":"Small Slimes","floor":5,"turns":5},{"damage":13,"enemies":"3 Sentries","floor":6,"turns":7},{"damage":18,"enemies":"Gremlin Nob","floor":10,"turns":5},{"damage":15,"enemies":"Red Slaver","floor":11,"turns":5},{"damage":5,"enemies":"Blue Slaver","floor":12,"turns":4},{"damage":17,"enemies":"Lagavulin","floor":13,"turns":6},{"damage":18,"enemies":"Slime Boss","floor":16,"turns":12},{"damage":6,"enemies":"2 Thieves","floor":18,"turns":2},{"damage":15,"enemies":"3 Byrds","floor":19,"turns":3},{"damage":0,"enemies":"Centurion and Healer","floor":22,"turns":2},{"damage":30,"enemies":"Gremlin Leader","floor":23,"turns":4},{"damage":34,"enemies":"Slavers","floor":25,"turns":4},{"damage":1,"enemies":"Gremlin Leader","floor":27,"turns":3},{"damage":8,"enemies":"Shelled Parasite and Fungi","floor":28,"turns":2},{"damage":11,"enemies":"Snake Plant","floor":31,"turns":2},{"damage":76,"enemies":"RedHoodMercenary","floor":33,"turns":6}],"seed_played":"-6868434685094170071","potions_obtained":[{"floor":1,"key":"EssenceOfSteel"},{"floor":5,"key":"Block Potion"},{"floor":6,"key":"Block Potion"},{"floor":10,"key":"FearPotion"},{"floor":13,"key":"GamblersBrew"},{"floor":23,"key":"BlessingOfTheForge"},{"floor":25,"key":"Block Potion"}],"is_trial":false,"path_per_floor":["M","?","$","M","M","E","?","R","T","E","M","M","E","$","R","B",null,"M","M","?","?","M","E","R","E","T","E","M","R","$","M","R","B",null],"character_chosen":"Librarian","items_purchased":["Mango","StrikeDown","PageOfForsakenMurderer","Pear","Toolbox"],"campfire_rested":1,"item_purchase_floors":[14,14,30,30,30],"current_hp_per_floor":[57,57,57,57,57,44,44,44,44,26,15,14,8,37,37,41,100,94,79,79,79,79,51,51,31,31,42,46,76,101,90,90,36,110,110],"gold":298,"neow_bonus":"ONE_RANDOM_RARE_CARD","is_daily":false,"chose_seed":false,"campfire_upgraded":4,"win_rate":0.0,"timestamp":1614351455,"path_taken":["M","?","?","M","M","E","?","R","T","E","M","?","E","$","R","BOSS","M","M","?","?","M","E","R","E","T","E","?","R","$","M","R","BOSS"],"items_purchased_type":["Relic","Card","Relic","Relic","Relic"],"build_version":"2020-12-22","purchased_purges":2,"victory":false,"max_hp_per_floor":[70,70,70,70,62,71,71,71,71,71,71,74,74,88,88,100,100,100,100,100,100,100,100,100,100,100,100,100,100,110,110,110,110,110,110],"relic_stats":{"counters":[18,82],"Mummified Hand":[18],"CeramicFish":126,"MealTicket":30,"obtain_stats":[{"Pear":30,"PageOfThreeBirds":17,"CeramicFish":10,"Mango":14,"Omamori":27,"PageOfSingingMachine":17,"Frozen Egg 2":9,"PageOfLibrarian":0,"Calling Bell":17,"PageOfWayBackHome":13,"SlaversCollar":34,"Mummified Hand":17,"PageOfForsakenMurderer":30,"Toolbox":30,"MealTicket":6,"PageOfSnowWhitesApple":25,"Toy Ornithopter":26,"Meat on the Bone":23},{"Pear":16,"PageOfThreeBirds":9,"CeramicFish":5,"Mango":8,"Omamori":15,"PageOfSingingMachine":9,"Frozen Egg 2":4,"PageOfLibrarian":0,"Calling Bell":9,"PageOfWayBackHome":8,"SlaversCollar":18,"Mummified Hand":9,"PageOfForsakenMurderer":16,"Toolbox":16,"MealTicket":4,"PageOfSnowWhitesApple":14,"Toy Ornithopter":14,"Meat on the Bone":13},{"Pear":74,"PageOfThreeBirds":54,"CeramicFish":27,"Mango":42,"Omamori":72,"PageOfSingingMachine":54,"Frozen Egg 2":22,"PageOfLibrarian":0,"Calling Bell":54,"PageOfWayBackHome":42,"SlaversCollar":82,"Mummified Hand":54,"PageOfForsakenMurderer":74,"Toolbox":74,"MealTicket":22,"PageOfSnowWhitesApple":69,"Toy Ornithopter":69,"Meat on the Bone":65}],"Toy Ornithopter":10,"Meat on the Bone":48},"card_choices":[{"not_picked":["Disposal","ToOvercomeCrisis","DeepDrag","DesperateStruggle","Thrust","YoureTooSlow","Diversion","GrazeTheGrass"],"picked":"SpearedSweep","floor":1},{"not_picked":["GreatSerpentsImpact","AGoldenOpportunity","SnakesPrey","GuidanceOfTheGears","ProselytesBlade","IronWall","SpearedSweep","NightInTheBackstreets"],"picked":"Commandeering","floor":4},{"not_picked":["UpbeatPerformance","Quickness","WillOfThePrescript","WillProduceFineSilk","SkitterAway","WildCard","Unlock1","QuickSuppression"],"picked":"TheRedNotes","floor":5},{"not_picked":["GrazeTheGrass","KeepItFresh","HiddenBlade","AsThePrescriptOrders","NightInTheBackstreets","BackstreetsDash","Eliminate","RhinoRam","TrimTheIngredients"],"picked":"SKIP","floor":6},{"not_picked":["Gamble","Parry2+1","StrikeDown","Endure","BackstreetsDash","Feast","BlowItUp","Bvapour"],"picked":"ExtractFuel","floor":10},{"not_picked":["QuickAttack","NightInTheBackstreets","EnergyCycle","Thrust","IdentifyWeakpoint","WillOfThePrescript","FierceCharge","PinpointShot"],"picked":"Reload","floor":11},{"not_picked":["GreatSerpentsImpact","SkyClearingCut","EnergyShield","SnakesPrey+1","Disposal","LossOfSenses","ConcentratedFire","SkitterAway","UndertakePrescript"],"picked":"SKIP","floor":12},{"not_picked":["CleanUp","MultiBlock","Parry","TieShanKao","BurningFlash","GoinFirst","InnerArdor","FieryWaltz"],"picked":"FlashOfSunup","floor":13},{"not_picked":["SenseQuarry","RepressedFlesh"],"picked":"ChargeUp+1","floor":16},{"not_picked":["UnavoidableGaze","BindingArms","FlyingSword","DarkCloud+1","SerpentineBarrier","Creak","FocusFire","HiddenBlade"],"picked":"Reload+1","floor":18},{"not_picked":["Rewind","ElectricShock","GuardingStance","RipSpace","IngredientHunt","Pound","AsThePrescriptOrders","ExtremeEdge+1"],"picked":"SunsetBlade+1","floor":19},{"not_picked":["GaleKick","FleetFootsteps","StrongStrike","Parry2+1","UncannyStrike","SpearedSweep+1","Diversion","ChargeUp+1","AbsorbImpact+1"],"picked":"SKIP","floor":22},{"not_picked":["Outburst","FlyingSword","BiAn","Leap_lor","FleshFillet","GatherIntel","Parry","DesperateStruggle"],"picked":"SinglePointStab","floor":23},{"not_picked":["IronWall","GaleKick","Castigation","Eliminate+1","HandleRequest","Tailoring","FierceCharge","GreatSerpentsImpact"],"picked":"UndertakePrescript","floor":25},{"not_picked":["DriedUp","DevastatingThrash","Marionette","EnergyShield","Feast+1","DarkCloud+1","FlashingStrike","Thrust"],"picked":"SunsetBlade+1","floor":27},{"not_picked":["StrongStrike","Diversion","SearingSword+1","Overcharge+1","Standoff+1","Pound","GuidanceOfTheGears+1","SmokingPipe"],"picked":"WillProduceFineSilk","floor":28},{"not_picked":["SerpentSwordTechnique","SweepTheBackstreets","FleetEdge","SmokingPipe","Multislash","GuidanceOfTheGears","DesperateStruggle","BindingArms+1","BiAn"],"picked":"SKIP","floor":31},{"not_picked":["WillProduceFineSilk","SavageMode"],"picked":"Transpierce","floor":33}],"player_experience":375855,"relics_obtained":[{"floor":6,"key":"MealTicket"},{"floor":9,"key":"Frozen Egg 2"},{"floor":10,"key":"CeramicFish"},{"floor":13,"key":"PageOfWayBackHome"},{"floor":17,"key":"PageOfSingingMachine"},{"floor":17,"key":"Mummified Hand"},{"floor":17,"key":"PageOfThreeBirds"},{"floor":23,"key":"Meat on the Bone"},{"floor":25,"key":"PageOfSnowWhitesApple"},{"floor":26,"key":"Toy Ornithopter"},{"floor":27,"key":"Omamori"}],"event_choices":[{"cards_removed":["LightAttack"],"damage_healed":0,"gold_gain":0,"player_choice":"Purged","damage_taken":0,"max_hp_gain":0,"max_hp_loss":0,"event_name":"Purifier","floor":2,"gold_loss":0},{"damage_healed":0,"gold_gain":275,"player_choice":"Desecrate","damage_taken":0,"max_hp_gain":0,"max_hp_loss":0,"event_name":"Golden Shrine","floor":7,"gold_loss":0,"cards_obtained":["Regret"]},{"damage_healed":0,"gold_gain":99,"player_choice":"Stole From Cult","damage_taken":0,"max_hp_gain":0,"max_hp_loss":0,"event_name":"Nest","floor":20,"gold_loss":0},{"damage_healed":0,"gold_gain":275,"player_choice":"Desecrate","damage_taken":0,"max_hp_gain":0,"max_hp_loss":0,"event_name":"Golden Shrine","floor":21,"gold_loss":0,"cards_obtained":["Regret"]}],"is_beta":false,"boss_relics":[{"not_picked":["Philosopher\u0027s Stone","Runic Dome"],"picked":"Calling Bell"},{"not_picked":["Runic Pyramid","Velvet Choker"],"picked":"SlaversCollar"}],"items_purged_floors":[14,30],"is_endless":false,"potions_floor_spawned":[1,5,6,10,13,23,25,28,31],"ascension_level":1}}