{"host":"zzf13dk0jcen0ncv","time":1614330284,"event":{"mods":["AchievementEnabler","BaseMod","BetterRewards","Colored Map","Keyboard Shortcuts","Minty Spire (QoL Compilation)","Quick Restart","Shop Mod","StSLib","SuperFastMode","Waifu the Spire"],"gold_per_floor":[115,19,29,29,47,85,85,98,98,133,133,171,246,281,281,374,437,453,476,476,496,546,585,585,623,623,644,657,680,724,724,724,823,823,847,20,43,0,0,0,0,333,333,358,358,374,38,52,52,52,52,52,52,11,42,42],"floor_reached":57,"language":"KOR","playtime":863,"items_purged":[],"score":4555,"play_id":"2b412645-3653-438a-b092-142921e4d5af","local_time":"20210226180444","is_ascension_mode":true,"campfire_choices":[{"floor":7,"key":"DIG"},{"floor":11,"key":"DIG"},{"floor":15,"key":"DIG"},{"floor":24,"key":"DIG"},{"floor":32,"key":"DIG"},{"floor":41,"key":"DIG"},{"floor":45,"key":"DIG"},{"floor":49,"key":"DIG"},{"data":"1","floor":53,"key":"LIFT"}],"circlet_count":1,"master_deck":["AscendersBane","Strike_R+1","Strike_R+1","Strike_R+1","Strike_R+1","Strike_R+1","Defend_R+1","Defend_R+1","Defend_R+1","Defend_R+1","Bash","Dark Embrace","True Grit","Havoc","Rampage","Clash","Dramatic Entrance","Transmutation","Flame Barrier","Combust","Clothesline","Magnetism","Heavy Blade","True Grit","Swift Strike","Magnetism","Rupture","Iron Wave","Burning Pact","Body Slam","Armaments","Blind","Uppercut","Inflame","Warcry","Violence","Flex","Dark Shackles","Ghostly Armor","Thunderclap","Reaper","Rupture","Armaments","Master of Strategy","Trip+1","Sentinel","Clash","Rampage","Warcry","Combust","Sadistic Nature","Deep Breath","Feel No Pain","Havoc","Sword Boomerang","Shrug It Off","Mayhem","Clash","Deep Breath","Havoc","Clash","Pummel","Armaments","Metallicize","Panacea","Magnetism","Reckless Charge","Metallicize","Shrug It Off","Flex","Body Slam+1","Blind","Panache","Panache","Rampage+1","Pummel","Spot Weakness","Combust","Disarm","Blind","Violence+1","Whirlwind","Searing Blow","Burning Pact","Shockwave","Flash of Steel","Sadistic Nature","Fire Breathing","Rampage","Entrench","Wild Strike","Havoc","Inflame","Madness","The Bomb","Pummel","Double Tap","Whirlwind","Dual Wield","Metallicize","Panacea","HandOfGreed","Shockwave","Anger","True Grit","Feel No Pain","Clash","Finesse","Mayhem","Shrug It Off","Disarm","Uppercut","Twin Strike","Dark Embrace","Bandage Up","Sadistic Nature","Sword Boomerang","Shrug It Off","Twin Strike","Dual Wield","Rupture","Mind Blast","Panache","Dual Wield+1","Shockwave","Reaper","Evolve","Thunderclap","Flash of Steel","HandOfGreed","Ghostly Armor","Havoc","Hemokinesis","Heavy Blade","Swift Strike","Transmutation","Combust+1","Thunderclap","Ghostly Armor","Infernal Blade","Evolve+1","Dramatic Entrance","Secret Weapon","Cleave","Clothesline","True Grit","Iron Wave","Infernal Blade","Forethought","Master of Strategy","Fire Breathing+1","Bludgeon","Limit Break","Cleave","Havoc+1","Rupture+1","Good Instincts+1","Thinking Ahead+1","Rupture+1","Dual Wield+1","Sword Boomerang","Warcry+1","Panacea+1","Clothesline","Mayhem+1","Iron Wave","Evolve+1","Havoc+1","Armaments+1","Burst+1","Wish+1","Alpha+1","Storm of Steel+1","Outmaneuver+1","Double Tap+1","Heavy Blade+1","Creative AI+1","Searing Blow+1","Rampage+1","Disarm+1","Shrug It Off+1","Combust+1","Blind+1","Secret Weapon+1","TalkToTheHand+1","Outmaneuver+1","Dark Embrace+1","Uppercut+1","Spot Weakness+1","True Grit+1","Dropkick+1","Reboot+1","Evolve+1","Warcry+1"],"relics":["Burning Blood","Chemical X","Du-Vu Doll","White Beast Statue","Membership Card","Charon\u0027s Ashes","Bag of Marbles","TungstenRod","Sundial","ClockworkSouvenir","Ice Cream","Pen Nib","Strange Spoon","Magic Flower","Lee\u0027s Waffle","Eternal Feather","Bottled Tornado","Sling","Toy Ornithopter","Bag of Preparation","Omamori","Medical Kit","StoneCalendar","Girya","Cauldron","Vajra","MealTicket","OrangePellets","Mummified Hand","Champion Belt","DollysMirror","Shovel","Matryoshka","Frozen Eye","Whetstone","Dream Catcher","PrismaticShard","Dead Branch","Torii","TheAbacus","Happy Flower","Unceasing Top","Toolbox","Kunai","Blood Vial","Brimstone","Strawberry","PreservedInsect","Orrery","Ancient Tea Set","StrikeDummy","HandDrill","Bird Faced Urn","InkBottle","Frozen Egg 2","Blue Candle","Art of War","Question Card","Pocketwatch","WingedGreaves","Meat on the Bone","Paper Frog","Shuriken","Toxic Egg 2","Orichalcum","Singing Bowl","Self Forming Clay","Ornamental Fan","Gremlin Horn","Darkstone Periapt","Bottled Lightning","Molten Egg 2","Red Skull","Mango","Letter Opener","Tiny House","CaptainsWheel","HornCleat","Pear","Lantern","Mercury Hourglass","Ginger","Oddly Smooth Stone","Incense Burner","Coffee Dripper","Thread and Needle","Calipers","Gambling Chip","Red Mask","Akabeko","FossilizedHelix","Turnip","Prayer Wheel","Lizard Tail","Circlet","War Paint"],"acts_visited":["Exordium","TheCity","TheBeyond","TheEnding"],"potions_floor_usage":[12,23,55,56],"damage_taken":[{"damage":0,"enemies":"Small Slimes","floor":1,"turns":1},{"damage":0,"enemies":"2 Louse","floor":3,"turns":1},{"damage":0,"enemies":"Jaw Worm","floor":5,"turns":1},{"damage":0,"enemies":"3 Sentries","floor":6,"turns":1},{"damage":0,"enemies":"3 Louse","floor":8,"turns":1},{"damage":0,"enemies":"Lagavulin","floor":10,"turns":1},{"damage":0,"enemies":"Looter","floor":12,"turns":1},{"damage":0,"enemies":"Gremlin Nob","floor":14,"turns":1},{"damage":0,"enemies":"Hexaghost","floor":16,"turns":1},{"damage":0,"enemies":"Spheric Guardian","floor":18,"turns":1},{"damage":0,"enemies":"3 Byrds","floor":19,"turns":1},{"damage":0,"enemies":"Centurion and Healer","floor":21,"turns":1},{"damage":0,"enemies":"Book of Stabbing","floor":23,"turns":2},{"damage":0,"enemies":"Slavers","floor":25,"turns":1},{"damage":0,"enemies":"Snecko","floor":27,"turns":1},{"damage":0,"enemies":"3 Cultists","floor":28,"turns":1},{"damage":0,"enemies":"Sentry and Sphere","floor":29,"turns":1},{"damage":0,"enemies":"Gremlin Leader","floor":30,"turns":1},{"damage":21,"enemies":"Automaton","floor":33,"turns":5},{"damage":0,"enemies":"3 Darklings","floor":35,"turns":1},{"damage":1,"enemies":"Orb Walker","floor":37,"turns":1},{"damage":1,"enemies":"Reptomancer","floor":40,"turns":1},{"damage":0,"enemies":"Nemesis","floor":44,"turns":1},{"damage":0,"enemies":"Writhing Mass","floor":46,"turns":2},{"damage":0,"enemies":"Maw","floor":48,"turns":2},{"damage":0,"enemies":"Awakened One","floor":50,"turns":6},{"damage":12,"enemies":"Donu and Deca","floor":51,"turns":3},{"damage":0,"enemies":"Shield and Spear","floor":55,"turns":3},{"damage":12,"enemies":"The Heart","floor":56,"turns":6}],"seed_played":"-7584020403107729630","potions_obtained":[{"floor":1,"key":"Ancient Potion"},{"floor":6,"key":"EssenceOfSteel"},{"floor":12,"key":"Fruit Juice"},{"floor":14,"key":"BloodPotion"},{"floor":16,"key":"ElixirPotion"},{"floor":23,"key":"DistilledChaos"},{"floor":55,"key":"Fruit Juice"}],"is_trial":false,"path_per_floor":["M","$","M","?","M","E","R","M","T","E","R","M","?","E","R","B",null,"M","M","?","M","?","E","R","E","T","M","M","M","E","?","R","B",null,"M","$","M","?","?","E","R","?","T","E","R","M","$","M","R","B","B",null,"R","$","E","B",null],"character_chosen":"IRONCLAD","items_purchased":["Chemical X","Du-Vu Doll","White Beast Statue","Dark Embrace","True Grit","Havoc","Rampage","Clash","Dramatic Entrance","Transmutation","DistilledChaos","GamblersBrew","Membership Card","Charon\u0027s Ashes","Bag of Marbles","Flame Barrier","Combust","Clothesline","Magnetism","Heavy Blade","True Grit","Swift Strike","TungstenRod","Sundial","ClockworkSouvenir","Magnetism","Rupture","Iron Wave","Burning Pact","Body Slam","Armaments","Blind","Ice Cream","Pen Nib","Strange Spoon","Perfected Strike","Uppercut","Inflame","Warcry","Violence","Flex","Dark Shackles","Magic Flower","Lee\u0027s Waffle","Eternal Feather","Ghostly Armor","Thunderclap","Reaper","Rupture","Armaments","Master of Strategy","Trip","Bottled Tornado","Sling","Sentinel","Clash","Rampage","Warcry","Combust","Toy Ornithopter","Sadistic Nature","Deep Breath","Bag of Preparation","Omamori","Medical Kit","Feel No Pain","Havoc","Sword Boomerang","Shrug It Off","Mayhem","Clash","Deep Breath","StoneCalendar","Girya","Cauldron","Havoc","Clash","Pummel","Armaments","Metallicize","Panacea","Magnetism","Vajra","MealTicket","OrangePellets","Reckless Charge","Metallicize","Shrug It Off","Flex","Body Slam","Blind","Panache","Mummified Hand","Champion Belt","DollysMirror","Rampage","Pummel","Spot Weakness","Combust","Disarm","Blind","Violence","Shovel","Matryoshka","Frozen Eye","Whirlwind","Searing Blow","Burning Pact","Shockwave","Flash of Steel","Sadistic Nature","Fire Breathing","Whetstone","Dream Catcher","PrismaticShard","Rampage","Entrench","Wild Strike","Havoc","Inflame","Madness","The Bomb","Dead Branch","Torii","TheAbacus","Pummel","Double Tap","Whirlwind","Dual Wield","Metallicize","Panacea","HandOfGreed","Happy Flower","Unceasing Top","Toolbox","Shockwave","Anger","True Grit","Feel No Pain","Clash","Finesse","Mayhem","Kunai","Blood Vial","Brimstone","Shrug It Off","Disarm","Uppercut","Twin Strike","Dark Embrace","Bandage Up","Sadistic Nature","Strawberry","PreservedInsect","Orrery","Sword Boomerang","Shrug It Off","Twin Strike","Dual Wield","Rupture","Mind Blast","Panache","Ancient Tea Set","StrikeDummy","HandDrill","Dual Wield","Shockwave","Reaper","Evolve","Thunderclap","Flash of Steel","HandOfGreed","Bird Faced Urn","InkBottle","Frozen Egg 2","Ghostly Armor","Havoc","Hemokinesis","Heavy Blade","Swift Strike","Transmutation","Combust+1","Blue Candle","Art of War","Question Card","Thunderclap","Ghostly Armor","Infernal Blade","Evolve+1","Dramatic Entrance","Secret Weapon","Cleave","Pocketwatch","WingedGreaves","Meat on the Bone","Clothesline","True Grit","Iron Wave","Infernal Blade","Forethought","Master of Strategy","Fire Breathing+1","Paper Frog","Shuriken","Bludgeon","Limit Break","Cleave","Toxic Egg 2","Havoc+1","Rupture+1","Good Instincts+1","Thinking Ahead+1","Orichalcum","Singing Bowl","Self Forming Clay","Rupture+1","Dual Wield+1","Sword Boomerang","Warcry+1","Panacea+1","Clothesline","Mayhem+1","Evolve+1","Havoc+1","Armaments+1","Thread and Needle","Calipers","Gambling Chip","Searing Blow+1","Rampage+1","Disarm+1","Shrug It Off+1","Combust+1","Blind+1","Secret Weapon+1","Lizard Tail","Dark Embrace+1","Uppercut+1","Spot Weakness+1","True Grit+1","Dropkick+1","Evolve+1"],"campfire_rested":0,"item_purchase_floors":[0,0,0,0,0,0,0,0,0,0,0,0,0,0,0,0,0,0,0,0,0,0,0,0,0,0,0,0,0,0,0,0,0,0,0,0,0,0,0,0,0,0,0,0,0,0,0,0,0,0,0,0,0,0,0,0,0,0,0,0,0,0,0,0,0,0,0,0,0,0,0,0,0,0,0,0,0,0,0,0,0,0,0,0,0,0,0,0,0,0,0,0,0,0,0,0,0,0,0,0,0,0,0,0,0,0,0,0,0,0,0,0,0,0,0,0,0,0,0,0,0,0,0,0,0,0,0,0,0,0,0,0,0,0,0,0,0,0,0,0,0,0,0,0,0,0,0,0,0,0,0,0,0,0,0,0,0,0,0,0,0,0,0,0,0,0,0,0,0,0,0,0,0,0,0,0,0,0,0,0,0,0,0,0,0,0,0,0,0,0,0,0,0,0,0,0,0,0,0,0,0,0,0,0,0,0,0,0,0,0,0,0,0,0,0,0,0,0,0,0,0,0,2,2,2,36,36,36,36,36,36,36,36,36,36,47,47,47,47,47,47,54],"current_hp_per_floor":[91,91,91,91,93,95,95,97,97,97,97,104,94,120,120,120,127,129,129,129,129,129,131,131,143,143,143,145,147,147,147,147,141,146,149,149,149,149,149,149,149,149,149,151,151,153,153,155,155,155,155,155,155,155,160,160],"gold":42,"neow_bonus":"","is_daily":false,"chose_seed":false,"campfire_upgraded":0,"win_rate":0.0,"timestamp":1614330284,"path_taken":["M","$","M","?","M","E","R","M","T","E","R","M","?","E","R","R","BOSS","M","M","?","M","?","E","R","E","T","M","M","M","E","?","R","BOSS","M","$","M","?","?","E","R","?","T","E","R","M","$","M","R","BOSS","BOSS","R","$","E","BOSS"],"items_purchased_type":["Relic","Relic","Relic","Card","Card","Card","Card","Card","Card","Card","Potion","Potion","Relic","Relic","Relic","Card","Card","Card","Card","Card","Card","Card","Relic","Relic","Relic","Card","Card","Card","Card","Card","Card","Card","Relic","Relic","Relic","Card","Card","Card","Card","Card","Card","Card","Relic","Relic","Relic","Card","Card","Card","Card","Card","Card","Card","Relic","Relic","Card","Card","Card","Card","Card","Relic","Card","Card","Relic","Relic","Relic","Card","Card","Card","Card","Card","Card","Card","Relic","Relic","Relic","Card","Card","Card","Card","Card","Card","Card","Relic","Relic","Relic","Card","Card","Card","Card","Card","Card","Card","Relic","Relic","Relic","Card","Card","Card","Card","Card","Card","Card","Relic","Relic","Relic","Card","Card","Card","Card","Card","Card","Card","Relic","Relic","Relic","Card","Card","Card","Card","Card","Card","Card","Relic","Relic","Relic","Card","Card","Card","Card","Card","Card","Card","Relic","Relic","Relic","Card","Card","Card","Card","Card","Card","Card","Relic","Relic","Relic","Card","Card","Card","Card","Card","Card","Card","Relic","Relic","Relic","Card","Card","Card","Card","Card","Card","Card","Relic","Relic","Relic","Card","Card","Card","Card","Card","Card","Card","Relic","Relic","Relic","Card","Card","Card","Card","Card","Card","Card","Relic","Relic","Relic","Card","Card","Card","Card","Card","Card","Card","Relic","Relic","Relic","Card","Card","Card","Card","Card","Card","Card","Relic","Relic","Card","Card","Card","Relic","Card","Card","Card","Card","Relic","Relic","Relic","Card","Card","Card","Card","Card","Card","Card","Card","Card","Card","Relic","Relic","Relic","Card","Card","Card","Card","Card","Card","Card","Relic","Card","Card","Card","Card","Card","Card"],"build_version":"2020-12-22","purchased_purges":0,"victory":true,"max_hp_per_floor":[91,91,91,91,93,95,95,97,97,97,97,104,104,120,120,120,127,129,129,129,129,129,131,131,143,143,143,145,147,147,147,147,147,147,149,149,149,149,149,149,149,149,149,151,151,153,153,155,155,155,155,155,155,155,160,160],"card_choices":[{"not_picked":["Secret Technique+1","Go for the Eyes","Dramatic Entrance","Cleave"],"picked":"Singing Bowl","floor":1},{"not_picked":["Sword Boomerang","Headbutt","Slice"],"picked":"Burst+1","floor":3},{"not_picked":["ClearTheMind+1","Flex+1","Battle Trance+1","Armaments+1"],"picked":"Singing Bowl","floor":5},{"not_picked":["Good Instincts+1","PathToVictory+1","Headbutt","CutThroughFate"],"picked":"Singing Bowl","floor":6},{"not_picked":["Halt+1","ForeignInfluence+1","Fire Breathing+1","Beam Cell"],"picked":"Singing Bowl","floor":8},{"not_picked":["Clash+1","Coolheaded+1","Crescendo+1"],"picked":"Wish+1","floor":10},{"not_picked":["Dodge and Roll+1","ClearTheMind+1","Bane+1","Calculated Gamble+1"],"picked":"Singing Bowl","floor":12},{"not_picked":["Thunderclap+1","Dagger Throw+1","Good Instincts+1","Cloak And Dagger+1"],"picked":"Singing Bowl","floor":14},{"not_picked":["Seek+1","Secret Technique+1","Panache+1"],"picked":"Alpha+1","floor":16},{"not_picked":["Prostrate+1","Consecrate+1","FollowUp+1","Protect+1"],"picked":"Singing Bowl","floor":17},{"not_picked":["Pummel+1","Backflip+1","Expertise+1","SashWhip+1"],"picked":"Singing Bowl","floor":18},{"not_picked":["WindmillStrike+1","Vengeance+1","Mind Blast+1"],"picked":"Storm of Steel+1","floor":19},{"not_picked":["Compile Driver+1","Second Wind+1","ClearTheMind+1"],"picked":"Outmaneuver+1","floor":21},{"not_picked":["Pray+1","Backflip+1","Dagger Spray+1","Sanctity+1"],"picked":"Singing Bowl","floor":23},{"not_picked":["Burning Pact+1","True Grit+1","EmptyBody+1","Sanctity+1"],"picked":"Singing Bowl","floor":25},{"not_picked":["Flying Knee+1","Disarm+1","Defragment+1"],"picked":"Double Tap+1","floor":27},{"not_picked":["PathToVictory+1","CutThroughFate+1","Steam+1","Redo+1"],"picked":"Singing Bowl","floor":28},{"not_picked":["BootSequence+1","Pommel Strike+1","Prostrate+1","Power Through+1"],"picked":"Singing Bowl","floor":29},{"not_picked":["Bane+1","Flex+1","Jack Of All Trades+1"],"picked":"Heavy Blade+1","floor":30},{"not_picked":["Fission+1","Thunder Strike+1","The Bomb+1"],"picked":"Creative AI+1","floor":33},{"not_picked":["Gash+1","Acrobatics+1","Compile Driver+1","Underhanded Strike+1"],"picked":"Singing Bowl","floor":35},{"not_picked":["Sweeping Beam+1","Capacitor+1","Heel Hook+1"],"picked":"TalkToTheHand+1","floor":37},{"not_picked":["Rebound+1","Streamline+1","Shrug It Off+1","Impatience+1"],"picked":"SKIP","floor":40},{"not_picked":["Force Field+1","FlyingSleeves+1","Barrage+1","Setup+1"],"picked":"Singing Bowl","floor":44},{"not_picked":["LikeWater+1","Leap+1","Finesse+1","Bane+1"],"picked":"Singing Bowl","floor":46},{"not_picked":["Deep Breath+1","Clothesline+1","Blind+1"],"picked":"Outmaneuver+1","floor":46},{"not_picked":["Sever Soul+1","Quick Slash+1","Dramatic Entrance+1","Cleave+1"],"picked":"Singing Bowl","floor":48},{"not_picked":["Wild Strike+1","True Grit+1","Dark Shackles+1"],"picked":"Reboot+1","floor":48},{"not_picked":["Steam+1","Havoc+1","Flame Barrier+1"],"picked":"Warcry+1","floor":55}],"player_experience":941179,"relics_obtained":[{"floor":6,"key":"Ornamental Fan"},{"floor":7,"key":"Gremlin Horn"},{"floor":9,"key":"Darkstone Periapt"},{"floor":9,"key":"Bottled Lightning"},{"floor":10,"key":"Molten Egg 2"},{"floor":11,"key":"Red Skull"},{"floor":14,"key":"Mango"},{"floor":15,"key":"Letter Opener"},{"floor":23,"key":"CaptainsWheel"},{"floor":24,"key":"HornCleat"},{"floor":25,"key":"Pear"},{"floor":26,"key":"Lantern"},{"floor":26,"key":"Mercury Hourglass"},{"floor":30,"key":"Ginger"},{"floor":32,"key":"Incense Burner"},{"floor":41,"key":"Akabeko"},{"floor":43,"key":"FossilizedHelix"},{"floor":44,"key":"Turnip"},{"floor":45,"key":"Prayer Wheel"},{"floor":49,"key":"Circlet"},{"floor":55,"key":"War Paint"}],"event_choices":[{"damage_healed":0,"gold_gain":0,"player_choice":"Take Wound","damage_taken":0,"relics_obtained":["Golden Idol"],"max_hp_gain":0,"max_hp_loss":0,"event_name":"Golden Idol","floor":4,"gold_loss":0,"cards_obtained":["Injury"]},{"damage_healed":0,"gold_gain":75,"player_choice":"Gather Gold","damage_taken":11,"max_hp_gain":0,"max_hp_loss":0,"event_name":"World of Goop","floor":13,"gold_loss":0},{"damage_healed":0,"gold_gain":0,"player_choice":"Simplicity","damage_taken":0,"max_hp_gain":0,"max_hp_loss":0,"event_name":"Back to Basics","floor":20,"gold_loss":0,"cards_upgraded":["Strike_R","Strike_R","Strike_R","Strike_R","Strike_R","Defend_R","Defend_R","Defend_R","Defend_R"]},{"damage_healed":0,"gold_gain":50,"player_choice":"Stole From Cult","damage_taken":0,"max_hp_gain":0,"max_hp_loss":0,"event_name":"Nest","floor":22,"gold_loss":0},{"damage_healed":0,"gold_gain":0,"player_choice":"Opened","damage_taken":0,"relics_obtained":["Oddly Smooth Stone"],"max_hp_gain":0,"max_hp_loss":0,"event_name":"The Mausoleum","floor":31,"gold_loss":0,"cards_obtained":["Writhe"]},{"damage_healed":0,"gold_gain":0,"player_choice":"Paid","damage_taken":0,"relics_obtained":["Red Mask"],"max_hp_gain":0,"max_hp_loss":0,"event_name":"Tomb of Lord Red Mask","floor":38,"gold_loss":43},{"cards_removed":["Perfected Strike"],"damage_healed":0,"gold_gain":0,"player_choice":"Removed Attack","damage_taken":0,"max_hp_gain":0,"max_hp_loss":0,"event_name":"Falling","floor":39,"gold_loss":0},{"damage_healed":0,"gold_gain":333,"player_choice":"Gave Idol","damage_taken":0,"max_hp_gain":0,"max_hp_loss":0,"event_name":"The Moai Head","floor":42,"relics_lost":["Golden Idol"],"gold_loss":0}],"is_beta":false,"boss_relics":[{"not_picked":["Ectoplasm","Black Blood"],"picked":"Tiny House"},{"not_picked":["Snecko Eye","Calling Bell"],"picked":"Coffee Dripper"}],"items_purged_floors":[],"is_endless":false,"potions_floor_spawned":[1,3,5,6,8,10,12,14,16,18,19,21,23,25,27,28,29,30,33,35,37,40,44,46,48,55],"ascension_level":20}}