{"host":"0r455zfix56tawas","time":1614332140,"event":{"mods":["AlwaysNeverKeys","BaseMod","Colored Powertips","Downfall","Highlight Path","Minty Spire (QoL Compilation)","Permanent Neow","StSLib","The Necromancer","The Servant 0.9.4"],"gold_per_floor":[99,119,119,8,23,23,23,56,56,72,89,123,123,123,140,245,245,245,260,13,33,45,45,45,61,73,73,85,85,97,97,112,217,217,217,237,248,248,263,263,263,9,26,46,46,97,97,97,113,113],"floor_reached":51,"language":"ENG","playtime":2025,"items_purged":["Parasite"],"score":1213,"play_id":"3bfefa95-3bed-44fb-8e3c-06cefc433d51","local_time":"20210226103540","is_ascension_mode":false,"campfire_choices":[{"data":"Negative_Energy_Arrows","floor":1.0,"key":"SMITH"},{"data":"Discovery","floor":6.0,"key":"SMITH"},{"data":"Summon_Undead","floor":9.0,"key":"SMITH"},{"data":"Bone_Wall","floor":13.0,"key":"SMITH"},{"data":"Defend_W","floor":18.0,"key":"SMITH"},{"data":"Defend_W","floor":23.0,"key":"SMITH"},{"data":"Uncharnel","floor":27,"key":"SMITH"},{"data":"Defend_W","floor":29,"key":"SMITH"},{"data":"Bone_Bullets","floor":35,"key":"SMITH"},{"data":"Summon_Vampire_Lady","floor":40,"key":"SMITH"},{"floor":45,"key":"REST"},{"data":"Defend_W","floor":47,"key":"SMITH"}],"circlet_count":0,"master_deck":["Strike_W","Strike_W","Strike_W","Strike_W","Defend_W+1","Defend_W+1","Defend_W+1","Defend_W+1","Bone_Wall+1","Summon_Undead+1","Bone_Spikes","Discovery+1","Stop_Heart","Death_Knell","Bone_Bullets+1","Death_Knell+1","expansioncontent:Chronoboost","Discovery+1","Uncharnel+1","Summon_Vampire_Lady+1","Parasite","Summon_Lich+1","Summon_Lich","Bone_Armor+1","Bone_Armory+1"],"relics":["Vampire_Amulet","Mummified Hand","Dead Branch","Oddly Smooth Stone","Cursed Key","DollysMirror","Black Star","Torii","Membership Card","Lizard Tail"],"acts_visited":["Exordium","TheCity","TheBeyond"],"potions_floor_usage":[28,42,46,50,50,50],"damage_taken":[{"damage":0.0,"enemies":"Jaw Worm","floor":2.0,"turns":5.0},{"damage":0.0,"enemies":"downfall:FleeingMerchant","floor":4.0,"turns":4.0},{"damage":1.0,"enemies":"Cultist","floor":5.0,"turns":4.0},{"damage":13.0,"enemies":"Lagavulin","floor":8.0,"turns":5.0},{"damage":2.0,"enemies":"2 Louse","floor":10.0,"turns":2.0},{"damage":4.0,"enemies":"Blue Slaver","floor":11.0,"turns":3.0},{"damage":3.0,"enemies":"Gremlin Nob","floor":12.0,"turns":3.0},{"damage":9.0,"enemies":"2 Fungi Beasts","floor":15.0,"turns":4.0},{"damage":29.0,"enemies":"IC_STATUS_ARCHETYPE","floor":16.0,"turns":6.0},{"damage":0.0,"enemies":"3 Byrds","floor":19.0,"turns":4.0},{"damage":11.0,"enemies":"downfall:FleeingMerchant","floor":20.0,"turns":4.0},{"damage":0.0,"enemies":"Spheric Guardian","floor":21.0,"turns":3.0},{"damage":15.0,"enemies":"Shelled Parasite and Fungi","floor":22.0,"turns":5.0},{"damage":20,"enemies":"Snake Plant","floor":25,"turns":4},{"damage":0,"enemies":"Centurion and Healer","floor":26,"turns":5},{"damage":0,"enemies":"Sentry and Sphere","floor":28,"turns":5},{"damage":6,"enemies":"Snake Plant","floor":30,"turns":4},{"damage":8,"enemies":"Chosen and Byrds","floor":32,"turns":5},{"damage":0,"enemies":"SI_MIRROR_ARCHETYPE","floor":33,"turns":9},{"damage":12,"enemies":"3 Shapes","floor":36,"turns":5},{"damage":32,"enemies":"Orb Walker","floor":37,"turns":4},{"damage":10,"enemies":"Writhing Mass","floor":39,"turns":6},{"damage":2,"enemies":"downfall:FleeingMerchant","floor":42,"turns":4},{"damage":30,"enemies":"4 Shapes","floor":43,"turns":4},{"damage":36,"enemies":"Maw","floor":44,"turns":6},{"damage":41,"enemies":"2 Orb Walkers","floor":46,"turns":4},{"damage":26,"enemies":"Jaw Worm Horde","floor":49,"turns":4},{"damage":101,"enemies":"DF_ARCHETYPE_ORBS","floor":50,"turns":10}],"seed_played":"-3056164904142233307","potions_obtained":[{"floor":5.0,"key":"CultistPotion"},{"floor":8.0,"key":"GamblersBrew"},{"floor":15.0,"key":"hexamod:SoulburnPotion"},{"floor":22.0,"key":"Explosive Potion"},{"floor":26,"key":"champ:CounterPotion"},{"floor":28,"key":"Fruit Juice"},{"floor":32,"key":"Regen Potion"},{"floor":43,"key":"DistilledChaos"},{"floor":49,"key":"hexamod:SoulburnPotion"}],"is_trial":false,"path_per_floor":["R","M","?","$","M","R","T","E","R","M","M","E","R","?","M","B",null,"R","M","$","M","M","R","T","M","M","R","M","R","M","?","M","B",null,"R","M","M","?","M","R","T","$","M","M","R","?","R","?","M","B",null],"character_chosen":"NECROMANCER","items_purchased":["Discovery","expansioncontent:Chronoboost","DollysMirror","Membership Card","CultistPotion"],"campfire_rested":1,"item_purchase_floors":[4,20,20,42,42],"current_hp_per_floor":[75,75,75,75,75,75,75,64,64,66,64,69,69,69,73,52,75,75,75,72,75,62,62,62,53,57,57,66,66,80,65,67,81,85,85,79,49,49,41,41,41,71,55,48,72,44,44,72,59,20],"gold":113,"neow_bonus":"THREE_CARDS","is_daily":false,"chose_seed":false,"campfire_upgraded":11,"win_rate":0.0,"timestamp":1614332140,"path_taken":["R","M","?","$","?","R","T","E","R","M","M","E","R","?","M","BOSS","R","M","$","M","?","R","T","M","M","R","M","R","M","?","M","BOSS","R","M","M","?","M","R","T","$","M","M","R","?","R","?","M","BOSS"],"items_purchased_type":["Card","Card","Relic","Relic","Potion"],"build_version":"2020-12-22","purchased_purges":1,"victory":true,"max_hp_per_floor":[75,75,75,75,75,75,75,75,75,75,75,75,75,75,75,75,75,75,75,75,75,75,75,75,75,75,75,80,80,80,85,85,85,85,85,85,85,85,85,85,85,82,82,82,82,82,82,72,72,72],"card_choices":[{"not_picked":["Bone_Shift","Negative_Energy_Javelin"],"picked":"Summon_Undead","floor":2.0},{"not_picked":["Negative_Energy_Sphere","Epidemic"],"picked":"Bone_Spikes","floor":4.0},{"not_picked":["Blood_Whip","Bones_to_Steel"],"picked":"Stop_Heart","floor":5.0},{"not_picked":["Whirlwind_of_Bones","Consume_Illness"],"picked":"Death_Knell","floor":8.0},{"not_picked":["Negative_Energy_Burst","Negative_Energy_Sphere","Scare"],"picked":"SKIP","floor":10.0},{"not_picked":["Bone_Spikes","Plague_Bolt"],"picked":"Bone_Bullets","floor":11.0},{"not_picked":["Vampiric_Strike","Negative_Energy_Mist","Bone_Shift"],"picked":"SKIP","floor":12.0},{"not_picked":["Blood_Whip","Acid_Javelin","Blood_Is_Power"],"picked":"SKIP","floor":15.0},{"not_picked":["Blood_Curse","Exploit"],"picked":"Death_Knell+1","floor":19.0},{"not_picked":["Death_Knell","Vampiric_Strike","Negative_Energy_Javelin+1"],"picked":"SKIP","floor":20.0},{"not_picked":["Deaths_Shadow","Negative_Energy_Mist","Negative_Energy_Javelin"],"picked":"SKIP","floor":21.0},{"not_picked":["Shackles_Of_Pain+1","Whirlwind_of_Bones","Plague_Bolt"],"picked":"SKIP","floor":22.0},{"not_picked":["Bone_Bullets","Toxic_Smoke_Screen","Negative_Energy_Mist"],"picked":"SKIP","floor":25},{"not_picked":["Negative_Energy_Burst+1","Strike_from_Beyond"],"picked":"Uncharnel","floor":26},{"not_picked":["Death_Coil+1","Negative_Energy_Javelin+1","Negative_Energy_Mist+1"],"picked":"SKIP","floor":28},{"not_picked":["Death_Coil","Bone_Shift","Life_Tap+1"],"picked":"SKIP","floor":30},{"not_picked":["Consume_Illness","Blood_Whip+1","Deaths_Shadow"],"picked":"SKIP","floor":32},{"not_picked":["Death_Knell+1","Negative_Energy_Sphere","Death_March_Dance"],"picked":"SKIP","floor":36},{"not_picked":["Bone_Bullets","Scare+1","Negative_Energy_Javelin"],"picked":"SKIP","floor":37},{"not_picked":["Bone_Spikes+1","Corrupt"],"picked":"Summon_Vampire_Lady","floor":39},{"not_picked":["Scare+1","Bone_Bullets+1"],"picked":"Summon_Lich+1","floor":42},{"not_picked":["Bone_Shift+1","Bone_Armory"],"picked":"Summon_Lich","floor":43},{"not_picked":["Negative_Energy_Mist+1","Finger_Of_Death+1"],"picked":"Bone_Armor+1","floor":44},{"not_picked":["Exploit","Strike_from_Beyond+1"],"picked":"Bone_Armory+1","floor":49}],"player_experience":1038794,"relics_obtained":[{"floor":7.0,"key":"Mummified Hand"},{"floor":8.0,"key":"Dead Branch"},{"floor":12.0,"key":"Oddly Smooth Stone"},{"floor":41,"key":"Torii"},{"floor":46,"key":"Lizard Tail"}],"event_choices":[{"damage_healed":0.0,"max_hp_gain":0.0,"max_hp_loss":0.0,"gold_gain":0.0,"event_name":"NoteForYourself","player_choice":"Ignored","floor":3.0,"gold_loss":0.0,"damage_taken":0.0},{"cards_removed":["Negative_Energy_Arrows"],"damage_healed":0,"gold_gain":0,"player_choice":"Removed Attack","damage_taken":0,"max_hp_gain":0,"max_hp_loss":0,"event_name":"Falling","floor":38,"gold_loss":0},{"damage_healed":0,"gold_gain":0,"player_choice":"Fight","damage_taken":0,"max_hp_gain":0,"max_hp_loss":0,"event_name":"Mysterious Sphere","floor":46,"gold_loss":0}],"is_beta":false,"boss_relics":[{"not_picked":["bronze:MakeshiftBattery","Runic Pyramid"],"picked":"Cursed Key"},{"not_picked":["Fusion Hammer","Busted Crown"],"picked":"Black Star"}],"items_purged_floors":[42],"is_endless":false,"potions_floor_spawned":[5,8,15,22,26,28,32,39,43,44,49],"ascension_level":0}}