{"host":"rgy6n2eoa9ji6d0c","time":1614379113,"event":{"mods":["BaseMod","Colored Map","Colored Powertips","Downfall","Minty Spire (QoL Compilation)","Quick Restart","Relic Sorter","Spire Arcade","StSLib"],"gold_per_floor":[99,99,99,32,32,46,46,65,50,82,98,98,98,98,113,216,216,216,235,335,349,363,55,125,41,70,80,80,91,91,122,139,139,139,139],"floor_reached":33,"language":"ENG","playtime":3738,"items_purged":[],"score":377,"play_id":"8ca575c5-029d-4efa-b8f3-65f738d6bebe","local_time":"20210226233833","is_ascension_mode":true,"campfire_choices":[{"data":"Guardian:TwinSlam","floor":1.0,"key":"SMITH"},{"data":"Guardian:Orbwalk","floor":12.0,"key":"SMITH"},{"floor":18.0,"key":"RECALL"},{"data":"Guardian:BaubleBeam","floor":28,"key":"SMITH"}],"circlet_count":0,"master_deck":["Guardian:TwinSlam+1","Guardian:ChargeCore","Guardian:Orbwalk+1","Guardian:PiercingHide","Guardian:FloatingOrbs","Guardian:SentryBeam","Guardian:ChargeUp","Guardian:PiercingHide","Guardian:VentSteam","Guardian:PrismaticBeam+1","Guardian:SphericShield","Guardian:Orbwalk","Guardian:FuturePlans","Guardian:BaubleBeam+1","Guardian:ExploitGems","Guardian:TimeCapacitor+1","Guardian:DecasProtection","Guardian:PiercingHide+1"],"relics":["Guardian:ModeShifter","downfall:HeartsMalice","Singing Bowl","Guardian:StasisCodex","Pandora\u0027s Box","MutagenicStrength","Orrery","Bird Faced Urn","Shovel"],"acts_visited":["Exordium","TheCity"],"potions_floor_usage":[33],"damage_taken":[{"damage":0.0,"enemies":"Jaw Worm","floor":2.0,"turns":1.0},{"damage":0.0,"enemies":"Cultist","floor":3.0,"turns":1.0},{"damage":0.0,"enemies":"downfall:FleeingMerchant","floor":4.0,"turns":1.0},{"damage":8.0,"enemies":"Small Slimes","floor":6.0,"turns":3.0},{"damage":12.0,"enemies":"3 Louse","floor":8.0,"turns":4.0},{"damage":3.0,"enemies":"downfall:FleeingMerchant","floor":9.0,"turns":4.0},{"damage":3.0,"enemies":"3 Sentries","floor":10.0,"turns":10.0},{"damage":6.0,"enemies":"Blue Slaver","floor":11.0,"turns":5.0},{"damage":4.0,"enemies":"Large Slime","floor":15.0,"turns":7.0},{"damage":11.0,"enemies":"WA_ARCHETYPE_RETAIN","floor":16.0,"turns":7.0},{"damage":3.0,"enemies":"Chosen","floor":19.0,"turns":4.0},{"damage":24.0,"enemies":"downfall:Augmenter","floor":20.0,"turns":8.0},{"damage":3,"enemies":"downfall:LooterAlt2","floor":21,"turns":3},{"damage":11,"enemies":"Snecko","floor":22,"turns":5},{"damage":5,"enemies":"downfall:FleeingMerchant","floor":23,"turns":4},{"damage":20,"enemies":"downfall:FleeingMerchant","floor":25,"turns":4},{"damage":0,"enemies":"Book of Stabbing","floor":26,"turns":1},{"damage":15,"enemies":"Shelled Parasite and Fungi","floor":27,"turns":4},{"damage":7,"enemies":"3 Cultists","floor":29,"turns":5},{"damage":9,"enemies":"Slavers","floor":31,"turns":5},{"damage":13,"enemies":"Centurion and Healer","floor":32,"turns":5},{"damage":32,"enemies":"IC_MUSHROOM_ARCHETYPE","floor":33,"turns":6}],"seed_played":"3432305539155498533","potions_obtained":[{"floor":8.0,"key":"DuplicationPotion"},{"floor":10.0,"key":"Explosive Potion"},{"floor":11.0,"key":"Fire Potion"},{"floor":15.0,"key":"Energy Potion"},{"floor":21,"key":"SteroidPotion"},{"floor":32,"key":"Fruit Juice"}],"is_trial":false,"path_per_floor":["R","M","M","$","?","M","T","M","$","E","M","R","?","?","M","B",null,"R","M","?","M","M","$","T","$","E","M","R","M","?","E","M","B"],"character_chosen":"GUARDIAN","items_purchased":["Guardian:Gem_White","Guardian:BaubleBeam","Orrery","Guardian:DecasProtection"],"campfire_rested":0,"item_purchase_floors":[4,23,23,25],"current_hp_per_floor":[80,80,80,80,80,72,72,60,59,56,50,50,50,50,48,37,84,84,81,57,56,47,46,46,28,30,23,23,26,26,25,16,0,0,0],"gold":139,"neow_bonus":"THREE_ENEMY_KILL","is_daily":false,"chose_seed":false,"campfire_upgraded":3,"win_rate":0.0,"timestamp":1614379113,"path_taken":["R","M","M","$","?","M","T","?","?","E","M","R","?","?","M","BOSS","R","M","?","M","M","$","T","$","E","M","R","M","?","E","M","BOSS"],"items_purchased_type":["Card","Card","Relic","Card"],"build_version":"2020-12-22","purchased_purges":0,"victory":false,"max_hp_per_floor":[80,80,80,80,80,80,80,80,82,82,82,82,82,82,84,84,84,84,84,84,86,88,92,92,94,96,98,98,100,100,102,102,107,107,107],"card_choices":[{"not_picked":["Guardian:Recover","Guardian:Reroute"],"picked":"Guardian:ChargeCore","floor":2.0},{"not_picked":["Guardian:RollAttack","Guardian:ArmoredProtocol"],"picked":"Guardian:Orbwalk","floor":3.0},{"not_picked":["Guardian:Reroute","Guardian:RollAttack"],"picked":"Guardian:PiercingHide","floor":4.0},{"not_picked":["Guardian:Gem_Fragmented","Guardian:Gem_Blue"],"picked":"Guardian:Gem_Cyan","floor":6.0},{"not_picked":["Guardian:ArmoredProtocol","Guardian:RollAttack"],"picked":"Guardian:Gem_White","floor":8.0},{"not_picked":["Guardian:Planning","Guardian:Gem_Green","Guardian:TimeBomb"],"picked":"Singing Bowl","floor":9.0},{"not_picked":["Guardian:Clone","Guardian:EvasiveProtocol"],"picked":"Guardian:FloatingOrbs","floor":10.0},{"not_picked":["Guardian:ShieldCharger","Guardian:GemFire"],"picked":"Guardian:Gem_Purple","floor":11.0},{"not_picked":["Guardian:Preprogram","Guardian:Repulse","Guardian:VentSteam"],"picked":"Singing Bowl","floor":15.0},{"not_picked":["Guardian:RevengeProtocol","Guardian:GatlingBeam"],"picked":"Guardian:Gem_Orange","floor":16.0},{"not_picked":["Guardian:TemporalShield","Guardian:WalkerClaw"],"picked":"Guardian:PrismaticBeam+1","floor":19.0},{"not_picked":["Guardian:Incinerate","Guardian:Gem_Lightblue"],"picked":"Guardian:FuturePlans","floor":20.0},{"not_picked":["Guardian:GemFire","Guardian:PrismaticBeam","Guardian:Gem_Blue"],"picked":"Singing Bowl","floor":21},{"not_picked":["Guardian:Recover","Guardian:SentryBeam","Guardian:CrystalBeam+1"],"picked":"Singing Bowl","floor":22},{"not_picked":["Guardian:Incinerate","Guardian:Gem_Purple"],"picked":"Guardian:Gem_Crimson","floor":23},{"not_picked":["Guardian:Gem_Red","Guardian:GatlingBeam"],"picked":"Guardian:Gem_Synthetic","floor":23},{"not_picked":["Guardian:DonusPower+1","Guardian:Gem_Blue","Guardian:Preprogram"],"picked":"Singing Bowl","floor":23},{"not_picked":["Guardian:CrystalBeam+1","Guardian:VentSteam+1"],"picked":"Guardian:ExploitGems","floor":23},{"not_picked":["Guardian:ShieldCharger","Guardian:MultiBeam","Guardian:TemporalShield"],"picked":"Singing Bowl","floor":23},{"not_picked":["Guardian:Clone","Guardian:CrystalBeam"],"picked":"Guardian:TimeCapacitor+1","floor":23},{"not_picked":["Guardian:Planning","Guardian:CrystalBeam","Guardian:Recover+1"],"picked":"Singing Bowl","floor":25},{"not_picked":["Guardian:ArmoredProtocol","Guardian:PrismaticBarrier","Guardian:DecasProtection"],"picked":"Singing Bowl","floor":26},{"not_picked":["Guardian:WalkerClaw+1","Guardian:PiercingHide","Guardian:ChargeUp"],"picked":"Singing Bowl","floor":27},{"not_picked":["Guardian:Planning","Guardian:TemporalShield","Guardian:VentSteam"],"picked":"Singing Bowl","floor":29},{"not_picked":["Guardian:StasisEngine","Guardian:Reroute","Guardian:BronzeArmor+1"],"picked":"Singing Bowl","floor":31},{"not_picked":["Guardian:RollAttack+1","Guardian:ChargeCore"],"picked":"Guardian:PiercingHide+1","floor":32}],"player_experience":1526717,"relics_obtained":[{"floor":7.0,"key":"Singing Bowl"},{"floor":10.0,"key":"Guardian:StasisCodex"},{"floor":20.0,"key":"MutagenicStrength"},{"floor":26,"key":"Bird Faced Urn"},{"floor":31,"key":"Shovel"}],"event_choices":[{"damage_healed":0.0,"max_hp_gain":0.0,"max_hp_loss":0.0,"gold_gain":0.0,"event_name":"NoteForYourself","player_choice":"Ignored","floor":5.0,"gold_loss":0.0,"damage_taken":0.0},{"cards_removed":["Guardian:Strike_Guardian"],"damage_healed":0.0,"max_hp_gain":0.0,"max_hp_loss":0.0,"gold_gain":0.0,"event_name":"The Cleric","player_choice":"Card Removal","floor":13.0,"gold_loss":0.0,"damage_taken":0.0}],"is_beta":false,"boss_relics":[{"not_picked":["Cursed Key","Calling Bell"],"picked":"Pandora\u0027s Box"}],"items_purged_floors":[],"is_endless":false,"potions_floor_spawned":[8,10,11,15,21,26,27,29,31,32],"killed_by":"IC_MUSHROOM_ARCHETYPE","ascension_level":1}}