{"host":"n2sr453jcjz6vvl4","time":1614374969,"event":{"mods":["BaseMod","Colored Map","Minty Spire (QoL Compilation)","Permanent Neow","Relic Stats","StSLib"],"gold_per_floor":[110,10,24,37,37,69,69,69,69,94,56,56,74,118,118,246,246,267,267,267,43,61,61,86,125,149,168,168,168],"floor_reached":28,"language":"ENG","playtime":1845,"items_purged":["Strike_G"],"score":310,"play_id":"aeea431c-0307-4067-90f7-7ba8142c5fce","local_time":"20210226172929","is_ascension_mode":true,"campfire_choices":[{"data":"Neutralize","floor":7,"key":"SMITH"},{"floor":12,"key":"REST"},{"data":"Poisoned Stab","floor":15,"key":"SMITH"},{"data":"Leg Sweep","floor":23,"key":"SMITH"}],"circlet_count":0,"master_deck":["Strike_G","Strike_G","Strike_G+1","Defend_G","Defend_G","Defend_G","Defend_G","Survivor","Neutralize+1","Flechettes+1","Sucker Punch","Poisoned Stab+1","Terror","Caltrops+1","Injury","Deadly Poison","Noxious Fumes+1","Flying Knee","Leg Sweep+1","Envenom+1","Noxious Fumes+1","Reflex","Wraith Form v2+1","Backflip","Bouncing Flask+1"],"relics":["Ring of the Snake","Regal Pillow","Frozen Egg 2","Golden Idol","Bag of Marbles","Whetstone","HoveringKite","Membership Card","Pen Nib","Dream Catcher","Anchor"],"acts_visited":["Exordium","TheCity"],"potions_floor_usage":[16,27],"damage_taken":[{"damage":1,"enemies":"Cultist","floor":1,"turns":3},{"damage":3,"enemies":"2 Louse","floor":3,"turns":3},{"damage":1,"enemies":"Jaw Worm","floor":4,"turns":3},{"damage":32,"enemies":"Lagavulin","floor":6,"turns":6},{"damage":8,"enemies":"2 Fungi Beasts","floor":10,"turns":4},{"damage":5,"enemies":"Blue Slaver","floor":13,"turns":4},{"damage":16,"enemies":"3 Sentries","floor":14,"turns":5},{"damage":17,"enemies":"The Guardian","floor":16,"turns":8},{"damage":14,"enemies":"Shell Parasite","floor":18,"turns":5},{"damage":13,"enemies":"Spheric Guardian","floor":22,"turns":6},{"damage":22,"enemies":"Snake Plant","floor":24,"turns":4},{"damage":14,"enemies":"Gremlin Leader","floor":25,"turns":6},{"damage":8,"enemies":"3 Cultists","floor":27,"turns":6},{"damage":13,"enemies":"Book of Stabbing","floor":28,"turns":4}],"seed_played":"-2368833715268947361","potions_obtained":[{"floor":1,"key":"Fire Potion"},{"floor":4,"key":"Dexterity Potion"},{"floor":6,"key":"Energy Potion"},{"floor":18,"key":"EssenceOfSteel"}],"is_trial":false,"path_per_floor":["M","$","M","M","?","E","R","?","T","M","$","R","M","E","R","B",null,"M","?","?","$","M","R","M","E","T","M","E"],"character_chosen":"THE_SILENT","items_purchased":["Sucker Punch","Noxious Fumes+1","Membership Card","Pen Nib"],"campfire_rested":1,"item_purchase_floors":[2,11,21,21],"current_hp_per_floor":[69,69,66,65,65,33,33,33,33,25,25,61,56,40,40,23,58,44,67,67,67,54,54,32,18,18,10,0,0],"gold":168,"neow_bonus":"RANDOM_COMMON_RELIC","is_daily":false,"chose_seed":false,"campfire_upgraded":3,"win_rate":0.0,"timestamp":1614374969,"path_taken":["M","$","M","?","?","E","R","?","T","M","?","R","M","E","R","BOSS","M","?","?","$","M","R","M","E","T","M","E"],"items_purchased_type":["Card","Card","Relic","Relic"],"build_version":"2020-12-22","purchased_purges":1,"victory":false,"max_hp_per_floor":[70,70,70,70,70,70,70,70,70,70,70,70,70,70,70,70,70,70,70,70,70,70,70,70,70,70,70,70,70],"relic_stats":{"Regal Pillow":15,"Dream Catcher":0,"counters":[14,67],"Golden Idol":69,"HoveringKite":[6],"Pen Nib":[3],"Whetstone":["Strike_G","Flechettes"],"obtain_stats":[{"Regal Pillow":0,"Dream Catcher":25,"Anchor":26,"Golden Idol":8,"HoveringKite":17,"Pen Nib":21,"Bag of Marbles":9,"Whetstone":14,"Membership Card":21,"Frozen Egg 2":6,"Ring of the Snake":0},{"Regal Pillow":0,"Dream Catcher":12,"Anchor":12,"Golden Idol":4,"HoveringKite":8,"Pen Nib":9,"Bag of Marbles":4,"Whetstone":7,"Membership Card":9,"Frozen Egg 2":4,"Ring of the Snake":0},{"Regal Pillow":0,"Dream Catcher":57,"Anchor":57,"Golden Idol":15,"HoveringKite":36,"Pen Nib":41,"Bag of Marbles":15,"Whetstone":28,"Membership Card":41,"Frozen Egg 2":15,"Ring of the Snake":0}],"Ring of the Snake":[28]},"card_choices":[{"not_picked":["Dagger Throw","Distraction"],"picked":"Flechettes","floor":1},{"not_picked":["Bane","Acrobatics"],"picked":"Poisoned Stab","floor":3},{"not_picked":["Dagger Spray","Glass Knife"],"picked":"Terror","floor":4},{"not_picked":["Concentrate","Escape Plan"],"picked":"Caltrops+1","floor":6},{"not_picked":["Predator","Deflect"],"picked":"Deadly Poison","floor":10},{"not_picked":["PiercingWail","Masterful Stab"],"picked":"Flying Knee","floor":13},{"not_picked":["Dodge and Roll","Heel Hook"],"picked":"Leg Sweep","floor":14},{"not_picked":["Night Terror","Unload"],"picked":"Envenom+1","floor":16},{"not_picked":["Expertise","Poisoned Stab+1"],"picked":"Noxious Fumes+1","floor":18},{"not_picked":["Quick Slash","Escape Plan"],"picked":"Backflip","floor":22},{"not_picked":["Endless Agony+1","Blur","Poisoned Stab"],"picked":"SKIP","floor":24},{"not_picked":["Poisoned Stab","Deadly Poison"],"picked":"Bouncing Flask+1","floor":25},{"not_picked":["Deflect","Sucker Punch+1","Acrobatics+1"],"picked":"SKIP","floor":27}],"player_experience":254914,"relics_obtained":[{"floor":6,"key":"Frozen Egg 2"},{"floor":9,"key":"Bag of Marbles"},{"floor":14,"key":"Whetstone"},{"floor":25,"key":"Dream Catcher"},{"floor":26,"key":"Anchor"}],"event_choices":[{"damage_healed":0,"gold_gain":0,"player_choice":"Ignored","damage_taken":0,"max_hp_gain":0,"max_hp_loss":0,"event_name":"Liars Game","floor":5,"gold_loss":0},{"damage_healed":0,"gold_gain":0,"player_choice":"Take Wound","damage_taken":0,"relics_obtained":["Golden Idol"],"max_hp_gain":0,"max_hp_loss":0,"event_name":"Golden Idol","floor":8,"gold_loss":0,"cards_obtained":["Injury"]},{"damage_healed":23,"gold_gain":0,"player_choice":"Heal","damage_taken":0,"max_hp_gain":0,"max_hp_loss":0,"event_name":"The Library","floor":19,"gold_loss":0},{"damage_healed":0,"gold_gain":0,"cards_transformed":["Strike_G","Defend_G"],"player_choice":"Became Test Subject","damage_taken":0,"max_hp_gain":0,"max_hp_loss":0,"event_name":"Drug Dealer","floor":20,"gold_loss":0,"cards_obtained":["Reflex","Wraith Form v2"]}],"is_beta":false,"boss_relics":[{"not_picked":["Runic Dome","Velvet Choker"],"picked":"HoveringKite"}],"items_purged_floors":[2],"is_endless":false,"potions_floor_spawned":[1,4,6,13,18],"killed_by":"Book of Stabbing","ascension_level":5}}