{"host":"sim2kxx81cjsn49b","time":1614361602,"event":{"mods":["ATMod(阿瑾Mod)","BaseMod","Minty Spire (QoL Compilation)","Reliquary","StSLib","TestMod","Waifu the Spire"],"gold_per_floor":[116,266,282,282,282,282,320,320,320,354,11,91,104,144,144,237,237,252,252,272,172,197,197,217,116,198,239,132,132,132,172,172,263,263,284,80,1079,1079,1103,1136,468,503,528,528,528,528,571,591,591,591,591,591,591,43,77,77],"floor_reached":57,"language":"ZHS","playtime":2456,"items_purged":["Bash","Pommel Strike","Bludgeon+1","Doubt"],"score":3034,"play_id":"cf0f042d-33c3-412d-b4d9-a043f9ba5200","local_time":"20210227014642","is_ascension_mode":true,"campfire_choices":[{"data":"Pommel Strike","floor":6.0,"key":"SMITH"},{"data":"Bludgeon","floor":8.0,"key":"SMITH"},{"data":"AT_ManFootWork","floor":15.0,"key":"SMITH"},{"data":"testmod-SelfRegulatingSystem","floor":23.0,"key":"SMITH"},{"data":"AT_LightSaberMaster","floor":30.0,"key":"SMITH"},{"data":"Second Wind","floor":32.0,"key":"SMITH"},{"data":"Corruption","floor":44.0,"key":"SMITH"},{"floor":46.0,"key":"RECALL"},{"data":"testmod-BloodBlade","floor":49.0,"key":"SMITH"},{"data":"AT_FamilyPortrait","floor":53.0,"key":"SMITH"}],"circlet_count":0,"master_deck":["AscendersBane","Pommel Strike+1","Carnage","Warcry","Limit Break","Reaper","Reaper","testmod-SelfRegulatingSystem+1","AT_ManFootWork+1","Rupture","Shrug It Off","Seeing Red","Second Wind+1","Offering","AT_LightSaberMaster+1","Seeing Red+1","Shockwave+1","Body Slam+1","AT_Dispersion+1","Offering","Inflame","Corruption+1","Apotheosis","AT_FamilyPortrait+1","testmod-BloodBlade+1","AT_BodySlamDance","AT_CelerityRune","Dual Wield+1","Magnetism","Dark Embrace"],"relics":["Burning Blood","testmod-TestBox","AT_ATBox","testmod-Brilliant","NeowsBlessing","Golden Idol","testmod-Maize","Torii","reliquary:PartyBalloon","Dream Catcher","Blood Vial","reliquary:PurpleTingedLeaf","HornCleat","Orichalcum","Astrolabe","reliquary:RosewoodLute","reliquary:CitrusReamer","Question Card","testmod-CyclicPeriapt","reliquary:SharkskinSheath","Chemical X","Vajra","reliquary:PrincelyHelmet"],"acts_visited":["Exordium","TheCity","TheBeyond","TheEnding"],"potions_floor_usage":[],"damage_taken":[{"damage":0.0,"enemies":"Small Slimes","floor":1.0,"turns":1.0},{"damage":0.0,"enemies":"2 Louse","floor":3.0,"turns":1.0},{"damage":0.0,"enemies":"Lagavulin","floor":7.0,"turns":1.0},{"damage":0.0,"enemies":"3 Sentries","floor":10.0,"turns":1.0},{"damage":32.0,"enemies":"Lagavulin Event","floor":12.0,"turns":8.0},{"damage":12.0,"enemies":"Jaw Worm","floor":13.0,"turns":2.0},{"damage":52.0,"enemies":"Lagavulin","floor":14.0,"turns":6.0},{"damage":11.0,"enemies":"Hexaghost","floor":16.0,"turns":10.0},{"damage":0.0,"enemies":"Spheric Guardian","floor":18.0,"turns":3.0},{"damage":0.0,"enemies":"3 Byrds","floor":20.0,"turns":1.0},{"damage":45.0,"enemies":"Snecko","floor":22.0,"turns":7.0},{"damage":6.0,"enemies":"Snake Plant","floor":24.0,"turns":5.0},{"damage":94.0,"enemies":"Slavers","floor":27.0,"turns":11.0},{"damage":0.0,"enemies":"3 Cultists","floor":29.0,"turns":2.0},{"damage":43.0,"enemies":"Book of Stabbing","floor":31.0,"turns":6.0},{"damage":14.0,"enemies":"Collector","floor":33.0,"turns":12.0},{"damage":14.0,"enemies":"Orb Walker","floor":35.0,"turns":2.0},{"damage":0.0,"enemies":"3 Darklings","floor":39.0,"turns":1.0},{"damage":44.0,"enemies":"Giant Head","floor":40.0,"turns":6.0},{"damage":9.0,"enemies":"Nemesis","floor":42.0,"turns":5.0},{"damage":19.0,"enemies":"Giant Head","floor":47.0,"turns":5.0},{"damage":18.0,"enemies":"Spire Growth","floor":48.0,"turns":5.0},{"damage":55.0,"enemies":"Donu and Deca","floor":50.0,"turns":4.0},{"damage":122.0,"enemies":"Awakened One","floor":51.0,"turns":6.0},{"damage":93.0,"enemies":"Shield and Spear","floor":55.0,"turns":5.0},{"damage":144,"enemies":"The Heart","floor":56,"turns":9}],"seed_played":"-4590464396442801294","potions_obtained":[{"floor":1.0,"key":"BloodPotion"},{"floor":12.0,"key":"Energy Potion"},{"floor":13.0,"key":"BloodPotion"},{"floor":18.0,"key":"AttackPotion"},{"floor":22.0,"key":"Swift Potion"}],"is_trial":false,"path_per_floor":["M","?","M","?","?","R","E","R","T","E","$","?","M","E","R","B",null,"M","?","M","$","M","R","M","$","T","E","$","M","R","E","R","B",null,"M","$","?","?","M","E","$","E","T","R","?","R","E","M","R","B","B",null,"R","$","E","B",null],"character_chosen":"IRONCLAD","items_purchased":["testmod-SelfRegulatingSystem","AT_ManFootWork","AT_Homeward","AT_LightSaberMaster","Offering","reliquary:CitrusReamer","Question Card","Inflame","Chemical X","Vajra","Magnetism"],"campfire_rested":0,"item_purchase_floors":[11,11,25,28,36,41,41,41,54,54,54],"current_hp_per_floor":[74,74,75,49,49,49,55,55,55,61,61,47,56,16,16,28,150,150,150,150,150,137,137,150,150,150,110,110,128,128,135,135,150,150,148,148,148,148,150,127,127,150,150,150,140,140,150,138,138,150,119,142,142,142,112,150],"gold":77,"neow_bonus":"THREE_ENEMY_KILL","is_daily":false,"chose_seed":false,"campfire_upgraded":9,"win_rate":0.0,"timestamp":1614361602,"path_taken":["M","?","M","?","?","R","E","R","T","E","$","?","M","E","R","BOSS","M","?","M","$","M","R","?","?","T","E","$","?","M","E","R","BOSS","M","$","?","?","M","E","?","E","T","R","?","R","E","M","R","BOSS","BOSS","R","$","E","BOSS"],"items_purchased_type":["Card","Card","Card","Card","Card","Relic","Relic","Card","Relic","Relic","Card"],"build_version":"2020-12-22","purchased_purges":4,"victory":true,"max_hp_per_floor":[75,75,75,75,75,75,75,75,75,75,75,75,75,75,75,75,150,150,150,150,150,150,150,150,150,150,150,150,150,150,150,150,150,150,150,150,150,150,150,150,150,150,150,150,150,150,150,150,150,150,150,150,150,150,150,150],"card_choices":[{"not_picked":["Iron Wave","Body Slam"],"picked":"Battle Trance","floor":1.0},{"not_picked":["AT_IchimonjiDouble","AT_CaressingTears"],"picked":"Pommel Strike","floor":3.0},{"not_picked":["Metallicize","Flame Barrier","Carnage"],"picked":"SKIP","floor":7.0},{"not_picked":["Sword Boomerang","Offering"],"picked":"Flame Barrier","floor":10.0},{"not_picked":["Iron Wave","Thunderclap"],"picked":"Rupture","floor":12.0},{"not_picked":["Pummel","Headbutt"],"picked":"Shrug It Off","floor":13.0},{"not_picked":["Uppercut","Sever Soul"],"picked":"Seeing Red","floor":14.0},{"not_picked":["Armaments","AT_BodySlamDance"],"picked":"Second Wind","floor":18.0},{"not_picked":["Ghostly Armor+1","Cleave+1","Pommel Strike"],"picked":"SKIP","floor":20.0},{"not_picked":["Clash+1","Disarm","Perfected Strike"],"picked":"SKIP","floor":22.0},{"not_picked":["Flex","Dark Embrace","Rage"],"picked":"SKIP","floor":24.0},{"not_picked":["Thunderclap","Headbutt"],"picked":"Offering","floor":27.0},{"not_picked":["Bludgeon","Clash"],"picked":"Seeing Red+1","floor":31.0},{"not_picked":["AT_IchimonjiDouble+1","AT_DiedThrough","Body Slam+1"],"picked":"SKIP","floor":35.0},{"not_picked":["AT_DiedThrough","Perfected Strike","Thunderclap"],"picked":"SKIP","floor":39.0},{"not_picked":["Perfected Strike+1","Clothesline","Sword Boomerang+1"],"picked":"SKIP","floor":40.0},{"not_picked":["Havoc","AT_GerminateFire","Clash"],"picked":"Corruption","floor":42.0},{"not_picked":["Deep Breath","testmod-SubstituteBySubterfuge","testmod-DisillusionmentEcho"],"picked":"Apotheosis","floor":45.0},{"not_picked":["Mind Blast","testmod-Superconductor","AT_BreakingExtremeWeapon"],"picked":"AT_FamilyPortrait","floor":45.0},{"not_picked":["testmod-DeathImprint","Panacea","Dramatic Entrance"],"picked":"testmod-BloodBlade","floor":45.0},{"not_picked":["Searing Blow","AT_IchimonjiDouble","Infernal Blade"],"picked":"AT_BodySlamDance","floor":47.0},{"not_picked":["Metallicize+1","Clash","Iron Wave"],"picked":"Dual Wield+1","floor":48.0},{"not_picked":["Flex+1","Flame Barrier","Ghostly Armor"],"picked":"Dark Embrace","floor":55.0}],"player_experience":654281,"relics_obtained":[{"floor":7.0,"key":"testmod-Maize"},{"floor":9.0,"key":"Torii"},{"floor":10.0,"key":"reliquary:PartyBalloon"},{"floor":12.0,"key":"Dream Catcher"},{"floor":14.0,"key":"Blood Vial"},{"floor":26.0,"key":"reliquary:PurpleTingedLeaf"},{"floor":27.0,"key":"HornCleat"},{"floor":31.0,"key":"Orichalcum"},{"floor":40.0,"key":"reliquary:RosewoodLute"},{"floor":42.0,"key":"testmod-CyclicPeriapt"},{"floor":47.0,"key":"reliquary:SharkskinSheath"},{"floor":55.0,"key":"reliquary:PrincelyHelmet"}],"event_choices":[{"damage_healed":0.0,"max_hp_gain":0.0,"max_hp_loss":0.0,"gold_gain":150.0,"event_name":"Liars Game","player_choice":"AGREE","floor":2.0,"gold_loss":0.0,"damage_taken":0.0,"cards_obtained":["Doubt"]},{"damage_healed":0.0,"max_hp_gain":0.0,"max_hp_loss":0.0,"gold_gain":0.0,"event_name":"Golden Idol","player_choice":"Take Damage","floor":4.0,"gold_loss":0.0,"damage_taken":26.0,"relics_obtained":["Golden Idol"]},{"damage_healed":0.0,"max_hp_gain":0.0,"max_hp_loss":0.0,"gold_gain":0.0,"event_name":"给自己的盒子","player_choice":"Swap Relic","floor":5.0,"relics_lost":["Pandora\u0027s Box"],"gold_loss":0.0,"damage_taken":0.0,"relics_obtained":["Pandora\u0027s Box"]},{"damage_healed":0.0,"max_hp_gain":0.0,"max_hp_loss":0.0,"gold_gain":0.0,"event_name":"Dead Adventurer","player_choice":"Searched \u00271\u0027 times","floor":12.0,"gold_loss":0.0,"damage_taken":0.0},{"cards_removed":["Sever Soul"],"damage_healed":0.0,"max_hp_gain":0.0,"max_hp_loss":0.0,"gold_gain":0.0,"event_name":"Purifier","player_choice":"Purged","floor":19.0,"gold_loss":0.0,"damage_taken":0.0},{"damage_healed":0.0,"max_hp_gain":0.0,"max_hp_loss":0.0,"gold_gain":999.0,"event_name":"恩洛斯的盘子","player_choice":"Sell","floor":37.0,"relics_lost":["testmod-HarvestTotem"],"gold_loss":0.0,"damage_taken":0.0},{"cards_removed":["Flame Barrier"],"damage_healed":0.0,"max_hp_gain":0.0,"max_hp_loss":0.0,"gold_gain":0.0,"event_name":"Falling","player_choice":"Removed Skill","floor":38.0,"gold_loss":0.0,"damage_taken":0.0},{"damage_healed":0.0,"max_hp_gain":0.0,"max_hp_loss":0.0,"gold_gain":0.0,"event_name":"SensoryStone","player_choice":"Memory 3","floor":45.0,"gold_loss":0.0,"damage_taken":10.0}],"is_beta":false,"boss_relics":[{"not_picked":["Calling Bell","Philosopher\u0027s Stone"],"picked":"testmod-HarvestTotem"},{"not_picked":["reliquary:Ember","Velvet Choker"],"picked":"Astrolabe"}],"items_purged_floors":[11,21,36,41],"is_endless":false,"potions_floor_spawned":[1,12,13,14,18,22,29,33,35,40,48],"ascension_level":20}}