{"host":"h5nld6ncfqkg6fx0","time":1614331088,"event":{"mods":["100% Spire Juice","BaseMod","Better Third Choice","ChefMod","Energized Spire","GifTheSpireLib","Minty Spire (QoL Compilation)","Relic Stats","Reliquary","Spicy Shops","StSLib","The Alterego","TheSwordswoman"],"gold_per_floor":[111,126,76,87,103,103,117,72,150,184,200,200,216,229,229,332,92,110,121,121,121,141,141,152,152,152,170,25,52,52,52,52,154,0,16,36,36,36,16,16,44,44,44,54,24,37,37,47,47,47,47],"floor_reached":50,"language":"ENG","playtime":2751,"items_purged":["Shame"],"score":523,"play_id":"600d6617-305d-4a91-95ec-0074b562a3a1","local_time":"20210226011808","is_ascension_mode":false,"campfire_choices":[{"floor":6.0,"key":"REST"},{"floor":12.0,"key":"REST"},{"data":"Moonworks:CloudOfSeagulls","floor":15.0,"key":"SMITH"},{"data":"Moonworks:Encore","floor":23.0,"key":"SMITH"},{"floor":25.0,"key":"REST"},{"floor":30.0,"key":"REST"},{"data":"Moonworks:Ambush","floor":32.0,"key":"SMITH"},{"floor":40.0,"key":"REST"},{"floor":42.0,"key":"REST"},{"floor":47,"key":"REST"},{"floor":49,"key":"RECALL"}],"circlet_count":0,"master_deck":["Moonworks:Strike","Moonworks:Strike","Moonworks:Strike","Moonworks:Defend","Moonworks:Defend","Moonworks:Defend","Moonworks:Defend","Moonworks:Ambush+1","Moonworks:LongDistanceShot","Moonworks:CookingTime","Moonworks:NicePresent","Moonworks:JonathanRush","Moonworks:LulusLuckyEgg","Moonworks:JonathanRush","Moonworks:CloudOfSeagulls","Moonworks:CloudOfSeagulls+1","Moonworks:Encore+1","Moonworks:Flamethrower","Moonworks:JonathanRush","Moonworks:ShieldCounter","Moonworks:Strike","Moonworks:CrystalBarrier","Moonworks:NicePresent+1","Moonworks:RagingMadness","Moonworks:JonathanRush","Moonworks:JonathanRush","Moonworks:CompletionReward+1","Moonworks:TacticalRetreat"],"relics":["Moonworks:BrokenBomb","Moonworks:Homemark","reliquary:TatteredRug","InkBottle","TungstenRod","energizedSpire:OgreHead","Ancient Tea Set","Moonworks:LittleGull","Juzu Bracelet","reliquary:PorcupineQuills","energizedSpire:HugeHouse","Bronze Scales"],"acts_visited":["Exordium","TheCity","TheBeyond"],"potions_floor_usage":[],"damage_taken":[{"damage":7.0,"enemies":"Small Slimes","floor":1.0,"turns":3.0},{"damage":1.0,"enemies":"Cultist","floor":2.0,"turns":3.0},{"damage":6.0,"enemies":"Jaw Worm","floor":4.0,"turns":3.0},{"damage":15.0,"enemies":"Red Slaver","floor":5.0,"turns":4.0},{"damage":2.0,"enemies":"Blue Slaver","floor":7.0,"turns":4.0},{"damage":24.0,"enemies":"3 Sentries","floor":10.0,"turns":8.0},{"damage":3.0,"enemies":"Large Slime","floor":11.0,"turns":5.0},{"damage":11.0,"enemies":"Exordium Thugs","floor":13.0,"turns":3.0},{"damage":5.0,"enemies":"2 Fungi Beasts","floor":14.0,"turns":3.0},{"damage":5.0,"enemies":"Hexaghost","floor":16.0,"turns":7.0},{"damage":0.0,"enemies":"Spheric Guardian","floor":18.0,"turns":2.0},{"damage":2.0,"enemies":"Chosen","floor":19.0,"turns":4.0},{"damage":0.0,"enemies":"Snecko","floor":21.0,"turns":1.0},{"damage":25.0,"enemies":"Snake Plant","floor":22.0,"turns":4.0},{"damage":2.0,"enemies":"Cultist and Chosen","floor":24.0,"turns":4.0},{"damage":11.0,"enemies":"Centurion and Healer","floor":27.0,"turns":4.0},{"damage":40.0,"enemies":"Slavers","floor":29.0,"turns":5.0},{"damage":11.0,"enemies":"Champ","floor":33.0,"turns":6.0},{"damage":29.0,"enemies":"3 Shapes","floor":35.0,"turns":3.0},{"damage":21.0,"enemies":"3 Darklings","floor":36.0,"turns":5.0},{"damage":31.0,"enemies":"Giant Head","floor":41.0,"turns":7.0},{"damage":15.0,"enemies":"Spire Growth","floor":44.0,"turns":3.0},{"damage":14,"enemies":"4 Shapes","floor":46,"turns":3},{"damage":9,"enemies":"Sphere and 2 Shapes","floor":48,"turns":3},{"damage":17,"enemies":"Awakened One","floor":50,"turns":1}],"seed_played":"38294662526100872","potions_obtained":[{"floor":2.0,"key":"Fire Potion"},{"floor":4.0,"key":"SmokeBomb"},{"floor":7.0,"key":"Swift Potion"},{"floor":13.0,"key":"Weak Potion"},{"floor":16.0,"key":"PowerPotion"},{"floor":27.0,"key":"EssenceOfSteel"},{"floor":33.0,"key":"Strength Potion"},{"floor":36.0,"key":"Ancient Potion"},{"floor":44.0,"key":"SkillPotion"}],"is_trial":false,"path_per_floor":["M","M","?","M","M","R","M","?","T","E","M","R","M","M","R","B",null,"M","M","?","M","M","R","M","R","T","M","$","E","R","?","R","B",null,"M","M","?","?","$","R","E","R","T","M","$","M","R","M","R","B"],"character_chosen":"THE_STARBREAKER","items_purchased":["Moonworks:JonathanRush","Moonworks:LittleGull","Moonworks:RagingMadness","Moonworks:JonathanRush"],"campfire_rested":7,"item_purchase_floors":[28,28,39,39],"current_hp_per_floor":[53,52,52,49,37,55,56,50,50,29,29,47,39,37,37,35,60,60,60,60,60,41,41,45,60,60,54,54,20,38,38,38,33,55,32,17,17,17,17,33,11,27,27,18,18,4,20,11,11,0,0],"gold":47,"neow_bonus":"RANDOM_COMMON_RELIC","is_daily":false,"chose_seed":false,"campfire_upgraded":3,"win_rate":0.0,"timestamp":1614331088,"path_taken":["M","M","?","M","M","R","M","?","T","E","?","R","M","?","R","BOSS","M","M","?","M","M","R","?","R","T","M","$","E","R","?","R","BOSS","M","M","?","?","$","R","E","R","T","M","$","M","R","M","R","BOSS"],"items_purchased_type":["Card","Relic","Card","Card"],"build_version":"2020-12-22","purchased_purges":1,"victory":false,"max_hp_per_floor":[60,60,60,60,60,60,60,60,60,60,60,60,60,60,60,60,60,60,60,60,60,60,60,60,60,60,60,60,60,60,60,60,60,55,55,55,55,55,55,55,55,55,55,55,55,55,55,55,55,55,55],"relic_stats":{"counters":[25,97],"Bronze Scales":[18],"Juzu Bracelet":0,"obtain_stats":[{"reliquary:PorcupineQuills":31,"Moonworks:LittleGull":28,"Moonworks:Homemark":0,"Bronze Scales":41,"reliquary:TatteredRug":0,"energizedSpire:OgreHead":17,"Juzu Bracelet":29,"energizedSpire:HugeHouse":34,"Ancient Tea Set":26,"InkBottle":9,"TungstenRod":10,"Moonworks:BrokenBomb":0},{"reliquary:PorcupineQuills":17,"Moonworks:LittleGull":16,"Moonworks:Homemark":0,"Bronze Scales":21,"reliquary:TatteredRug":0,"energizedSpire:OgreHead":10,"Juzu Bracelet":17,"energizedSpire:HugeHouse":18,"Ancient Tea Set":15,"InkBottle":5,"TungstenRod":6,"Moonworks:BrokenBomb":0},{"reliquary:PorcupineQuills":67,"Moonworks:LittleGull":62,"Moonworks:Homemark":0,"Bronze Scales":88,"reliquary:TatteredRug":0,"energizedSpire:OgreHead":43,"Juzu Bracelet":67,"energizedSpire:HugeHouse":73,"Ancient Tea Set":58,"InkBottle":17,"TungstenRod":25,"Moonworks:BrokenBomb":0}],"InkBottle":[42],"TungstenRod":42},"card_choices":[{"not_picked":["Moonworks:BigMagnum","Moonworks:IndiscriminateFireSupport","Moonworks:Poppoformation"],"picked":"SKIP","floor":1.0},{"not_picked":["Moonworks:CompletionReward","Moonworks:BeyondHell"],"picked":"Moonworks:CookingTime","floor":2.0},{"not_picked":["Moonworks:IndiscriminateFireSupport","Moonworks:BackdoorTrade"],"picked":"Moonworks:JonathanRush","floor":4.0},{"not_picked":["Moonworks:DeployBits","Moonworks:LulusLuckyEgg"],"picked":"Moonworks:NicePresent","floor":5.0},{"not_picked":["Moonworks:Bloodlust","Moonworks:IndiscriminateFireSupport"],"picked":"Moonworks:JonathanRush","floor":7.0},{"not_picked":["Moonworks:CompletionReward","Moonworks:IntelligenceOfficer"],"picked":"Moonworks:LulusLuckyEgg","floor":10.0},{"not_picked":["Moonworks:BigBangBell","Moonworks:CloudOfSeagulls"],"picked":"Moonworks:JonathanRush","floor":11.0},{"not_picked":["Moonworks:MixPhenomenon","Moonworks:SweetBattle"],"picked":"Moonworks:CloudOfSeagulls","floor":13.0},{"not_picked":["Moonworks:Assault","Moonworks:DeployBits"],"picked":"Moonworks:CloudOfSeagulls","floor":14.0},{"not_picked":["Moonworks:Accelerator","Moonworks:Gamble"],"picked":"Moonworks:Encore","floor":16.0},{"not_picked":["Moonworks:IndiscriminateFireSupport","Moonworks:EvilSpyWorkPreparation","Moonworks:CastOff"],"picked":"SKIP","floor":18.0},{"not_picked":["Moonworks:AwakeningOfTalent","Moonworks:IndiscriminateFireSupport+1","Moonworks:BackdoorTrade"],"picked":"SKIP","floor":19.0},{"not_picked":["Moonworks:LulusLuckyEgg","Moonworks:Bloodlust"],"picked":"Moonworks:Flamethrower","floor":22.0},{"not_picked":["Moonworks:DeployBits","Moonworks:UnluckyCharm","Moonworks:RedAndBlue"],"picked":"SKIP","floor":24.0},{"not_picked":["Moonworks:LuckyCharm","Moonworks:Assault","Moonworks:Dinner+1"],"picked":"SKIP","floor":27.0},{"not_picked":["Moonworks:SakisCookie","Moonworks:Heat300Percent"],"picked":"Moonworks:JonathanRush","floor":29.0},{"not_picked":["Moonworks:StarBlastingFuse","Moonworks:RocketCannon"],"picked":"Moonworks:ShieldCounter","floor":33.0},{"not_picked":["Moonworks:ReproductionOfRecords+1","Moonworks:ImOnFire+1","Moonworks:BigMagnum+1"],"picked":"SKIP","floor":35.0},{"not_picked":["Moonworks:DeployBits+1","Moonworks:TacticalRetreat"],"picked":"Moonworks:NicePresent","floor":36.0},{"not_picked":["Moonworks:BigMagnum","Moonworks:SakisCookie+1"],"picked":"Moonworks:JonathanRush","floor":41.0},{"not_picked":["Moonworks:BigMagnum+1","Moonworks:LulusLuckyEgg+1","Moonworks:Dash"],"picked":"SKIP","floor":44.0},{"not_picked":["Moonworks:BigMagnum","Moonworks:ForcedRevival"],"picked":"Moonworks:CompletionReward+1","floor":46},{"not_picked":["Moonworks:ImOnFire","Moonworks:SakisCookie+1"],"picked":"Moonworks:TacticalRetreat","floor":48}],"player_experience":47853,"relics_obtained":[{"floor":9.0,"key":"InkBottle"},{"floor":10.0,"key":"TungstenRod"},{"floor":26.0,"key":"Ancient Tea Set"},{"floor":29.0,"key":"Juzu Bracelet"},{"floor":41.0,"key":"Bronze Scales"}],"event_choices":[{"cards_removed":["Moonworks:Strike"],"damage_healed":0.0,"max_hp_gain":0.0,"max_hp_loss":0.0,"gold_gain":0.0,"event_name":"The Cleric","player_choice":"Card Removal","floor":3.0,"gold_loss":50.0,"damage_taken":0.0},{"damage_healed":0.0,"max_hp_gain":0.0,"max_hp_loss":0.0,"gold_gain":75.0,"event_name":"FaceTrader","player_choice":"Touch","floor":8.0,"gold_loss":0.0,"damage_taken":6.0},{"damage_healed":0.0,"max_hp_gain":0.0,"max_hp_loss":0.0,"gold_gain":0.0,"event_name":"NoteForYourself","player_choice":"Ignored","floor":20.0,"gold_loss":0.0,"damage_taken":0.0},{"damage_healed":0.0,"max_hp_gain":0.0,"max_hp_loss":0.0,"gold_gain":0.0,"event_name":"Addict","player_choice":"Stole Relic","floor":31.0,"gold_loss":0.0,"damage_taken":0.0,"relics_obtained":["reliquary:PorcupineQuills"],"cards_obtained":["Shame"]},{"cards_removed":["Moonworks:JonathanRush"],"damage_healed":0.0,"max_hp_gain":0.0,"max_hp_loss":0.0,"gold_gain":0.0,"event_name":"Falling","player_choice":"Removed Attack","floor":37.0,"gold_loss":0.0,"damage_taken":0.0},{"damage_healed":0.0,"max_hp_gain":0.0,"max_hp_loss":0.0,"gold_gain":0.0,"event_name":"Upgrade Shrine","player_choice":"Upgraded","floor":38.0,"gold_loss":0.0,"damage_taken":0.0,"cards_upgraded":["Moonworks:NicePresent"]}],"is_beta":false,"boss_relics":[{"not_picked":["Tiny House","Ectoplasm"],"picked":"energizedSpire:OgreHead"},{"not_picked":["reliquary:WritOfMandamus","Runic Pyramid"],"picked":"energizedSpire:HugeHouse"}],"items_purged_floors":[45],"is_endless":false,"potions_floor_spawned":[2,4,7,13,16,19,27,33,36,44],"killed_by":"Awakened One","ascension_level":0}}