{"host":"Christian","time":1614368206,"event":{"mods":["BaseMod","Bestiary","Block Reminder","DeckTracker","Minty Spire (QoL Compilation)","Relic Stats","StSLib"],"gold_per_floor":[113,38,38,38,38,71,71,84,84,111,111,124,156,175,175,249,249,268,268,281,298,314,314,314],"floor_reached":23,"language":"ENG","playtime":1357,"items_purged":["Writhe"],"score":422,"play_id":"03af78cc-2ca9-45d6-8ef0-8b20c96e7b76","local_time":"20210226133646","is_ascension_mode":true,"campfire_choices":[{"floor":7.0,"key":"REST"},{"floor":11.0,"key":"REST"},{"data":"Metallicize","floor":15.0,"key":"SMITH"}],"circlet_count":0,"master_deck":["AscendersBane","Strike_R","Strike_R","Strike_R","Strike_R","Strike_R","Defend_R","Defend_R","Defend_R","Defend_R","Bash","Apotheosis+1","Pommel Strike","Burning Pact","Metallicize+1","Shrug It Off","Clothesline","Demon Form","Immolate+1","Second Wind","Warcry","Intimidate","Power Through"],"relics":["Burning Blood","Nunchaku","Dead Branch","Meat on the Bone","Bronze Scales","SlaversCollar"],"acts_visited":["Exordium","TheCity"],"potions_floor_usage":[21],"damage_taken":[{"damage":7.0,"enemies":"2 Louse","floor":1.0,"turns":4.0},{"damage":54.0,"enemies":"3 Sentries","floor":6.0,"turns":11.0},{"damage":18.0,"enemies":"Small Slimes","floor":8.0,"turns":4.0},{"damage":11.0,"enemies":"Lagavulin","floor":10.0,"turns":6.0},{"damage":0.0,"enemies":"Jaw Worm","floor":12.0,"turns":5.0},{"damage":44.0,"enemies":"Gremlin Nob","floor":13.0,"turns":5.0},{"damage":4.0,"enemies":"Large Slime","floor":14.0,"turns":5.0},{"damage":40,"enemies":"The Guardian","floor":16,"turns":11},{"damage":13,"enemies":"Spheric Guardian","floor":18,"turns":6},{"damage":12,"enemies":"3 Byrds","floor":20,"turns":2},{"damage":45,"enemies":"Centurion and Healer","floor":21,"turns":6},{"damage":11,"enemies":"Snake Plant","floor":22,"turns":3},{"damage":34,"enemies":"Book of Stabbing","floor":23,"turns":5}],"seed_played":"3845116835878556423","potions_obtained":[{"floor":6.0,"key":"CultistPotion"},{"floor":10.0,"key":"GamblersBrew"},{"floor":18,"key":"ColorlessPotion"},{"floor":22,"key":"LiquidBronze"}],"is_trial":false,"path_per_floor":["M","$","?","?","$","E","R","M","T","E","R","M","E","M","R","B",null,"M","?","M","M","M","E"],"character_chosen":"IRONCLAD","items_purchased":[],"campfire_rested":2,"item_purchase_floors":[],"current_hp_per_floor":[67,67,67,72,72,24,48,36,36,31,55,61,35,49,49,27,67,60,60,54,27,34,0,0],"gold":314,"neow_bonus":"RANDOM_COLORLESS_2","is_daily":false,"chose_seed":false,"campfire_upgraded":1,"win_rate":0.0,"timestamp":1614368206,"path_taken":["M","$","?","?","?","E","R","M","T","E","R","M","E","M","R","BOSS","M","?","M","?","M","E"],"items_purchased_type":[],"build_version":"2020-12-18","purchased_purges":1,"victory":false,"max_hp_per_floor":[75,75,75,80,80,80,80,80,80,80,80,80,80,80,80,80,80,80,80,80,80,80,80,80],"relic_stats":{"Nunchaku":[8],"counters":[13,73],"Dead Branch":[77],"Bronze Scales":[156],"obtain_stats":[{"SlaversCollar":17,"Nunchaku":6,"Dead Branch":9,"Bronze Scales":13,"Burning Blood":0,"Meat on the Bone":10},{"SlaversCollar":8,"Nunchaku":2,"Dead Branch":3,"Bronze Scales":6,"Burning Blood":0,"Meat on the Bone":4},{"SlaversCollar":51,"Nunchaku":15,"Dead Branch":19,"Bronze Scales":35,"Burning Blood":0,"Meat on the Bone":25}],"Burning Blood":72,"Meat on the Bone":60},"card_choices":[{"not_picked":["Sadistic Nature","The Bomb"],"picked":"Apotheosis","floor":0.0},{"not_picked":["Heavy Blade","Flex"],"picked":"Pommel Strike","floor":1.0},{"not_picked":["Sever Soul","Dual Wield"],"picked":"Burning Pact","floor":6.0},{"not_picked":["Armaments","Flex"],"picked":"Metallicize","floor":8.0},{"not_picked":["Demon Form","Clothesline"],"picked":"Shrug It Off","floor":10.0},{"not_picked":["Rupture","Anger"],"picked":"Clothesline","floor":12.0},{"not_picked":["Perfected Strike","Rampage"],"picked":"Demon Form","floor":13.0},{"not_picked":["Searing Blow","Twin Strike","Armaments"],"picked":"SKIP","floor":14.0},{"not_picked":["Barricade","Exhume"],"picked":"Immolate","floor":16},{"not_picked":["Iron Wave","Havoc"],"picked":"Second Wind","floor":18},{"not_picked":["Hemokinesis","Iron Wave"],"picked":"Warcry","floor":20},{"not_picked":["Thunderclap","Armaments"],"picked":"Intimidate","floor":21},{"not_picked":["Body Slam+1","Intimidate"],"picked":"Power Through","floor":22}],"player_experience":123706,"relics_obtained":[{"floor":6.0,"key":"Nunchaku"},{"floor":9.0,"key":"Dead Branch"},{"floor":10.0,"key":"Meat on the Bone"},{"floor":13.0,"key":"Bronze Scales"}],"event_choices":[{"damage_healed":0.0,"max_hp_gain":0.0,"max_hp_loss":0.0,"gold_gain":0.0,"event_name":"Living Wall","player_choice":"Grow","floor":3.0,"gold_loss":0.0,"damage_taken":0.0,"cards_upgraded":["Apotheosis"]},{"damage_healed":0.0,"max_hp_gain":5.0,"max_hp_loss":0.0,"gold_gain":0.0,"event_name":"Big Fish","player_choice":"Donut","floor":4.0,"gold_loss":0.0,"damage_taken":0.0},{"damage_healed":0,"gold_gain":0,"player_choice":"Forge","damage_taken":0,"max_hp_gain":0,"max_hp_loss":0,"event_name":"Accursed Blacksmith","floor":19,"gold_loss":0,"cards_upgraded":["Immolate"]}],"is_beta":true,"boss_relics":[{"not_picked":["SacredBark","Velvet Choker"],"picked":"SlaversCollar"}],"items_purged_floors":[2],"is_endless":false,"potions_floor_spawned":[6,10,12,18,20,22],"killed_by":"Book of Stabbing","ascension_level":20}}