{"host":"zdahj580pq9zy75i","time":1614345106,"event":{"mods":["AchievementEnabler","BaseMod","Bestiary","Colored Map","Minty Spire (QoL Compilation)","Relic Stats","StSLib","ojb\u0027s Info Mod: The sequel"],"gold_per_floor":[109,127,198,198,45,86,86,126,126,126,126,18,61,75,75,165,165,184,164,189,203,223,223,267,16,43,43,74,74,92,113,113,203,203,216,216,177,198,216,216,249,262,333,348,391,62,62,96,96,96,96,96],"floor_reached":51,"language":"ENG","playtime":1948,"items_purged":[],"score":1586,"play_id":"b43a83f8-f8c3-46ab-95a5-3ef3905de0de","local_time":"20210226081146","is_ascension_mode":true,"campfire_choices":[{"data":"Inflame","floor":7,"key":"SMITH"},{"data":"Wild Strike","floor":15,"key":"SMITH"},{"data":"Whirlwind","floor":23,"key":"SMITH"},{"data":"Flame Barrier","floor":27,"key":"SMITH"},{"data":"Bash","floor":32,"key":"SMITH"},{"floor":40,"key":"REST"},{"floor":49,"key":"RECALL"}],"circlet_count":0,"master_deck":["AscendersBane","Strike_R","Strike_R","Strike_R","Strike_R","Strike_R","Defend_R","Defend_R","Defend_R","Defend_R","Bash+1","Wild Strike+1","Perfected Strike+1","Pummel","Cleave","Inflame+1","Twin Strike","Shrug It Off","Disarm","Reaper","Spot Weakness","Whirlwind+1","Shrug It Off+1","Flame Barrier+1","Whirlwind+1","Power Through+1","Impervious","Intimidate","Flame Barrier+1","Disarm","Pommel Strike+1","Shrug It Off","Perfected Strike+1","Corruption"],"relics":["Burning Blood","Potion Belt","Golden Idol","Sundial","Akabeko","Toy Ornithopter","HornCleat","Runic Dome","Pocketwatch","Bag of Preparation","Ancient Tea Set","Gremlin Horn","Velvet Choker","Omamori","Oddly Smooth Stone","ClockworkSouvenir","Pen Nib","StoneCalendar"],"acts_visited":["Exordium","TheCity","TheBeyond"],"potions_floor_usage":[6,8,24,50,51,51],"damage_taken":[{"damage":6,"enemies":"2 Louse","floor":1,"turns":3},{"damage":5,"enemies":"Small Slimes","floor":2,"turns":4},{"damage":8,"enemies":"Gremlin Nob","floor":6,"turns":3},{"damage":20,"enemies":"3 Sentries","floor":8,"turns":7},{"damage":0,"enemies":"Gremlin Nob","floor":13,"turns":2},{"damage":0,"enemies":"Cultist","floor":14,"turns":2},{"damage":52,"enemies":"Hexaghost","floor":16,"turns":10},{"damage":22,"enemies":"2 Thieves","floor":18,"turns":4},{"damage":17,"enemies":"Chosen","floor":20,"turns":5},{"damage":34,"enemies":"3 Cultists","floor":21,"turns":6},{"damage":15,"enemies":"Snake Plant","floor":22,"turns":3},{"damage":19,"enemies":"Gremlin Leader","floor":24,"turns":5},{"damage":0,"enemies":"Slavers","floor":28,"turns":1},{"damage":0,"enemies":"Snecko","floor":30,"turns":3},{"damage":23,"enemies":"Centurion and Healer","floor":31,"turns":2},{"damage":73,"enemies":"Automaton","floor":33,"turns":10},{"damage":8,"enemies":"3 Shapes","floor":35,"turns":1},{"damage":8,"enemies":"Orb Walker","floor":38,"turns":3},{"damage":43,"enemies":"Maw","floor":39,"turns":7},{"damage":10,"enemies":"Reptomancer","floor":41,"turns":4},{"damage":6,"enemies":"4 Shapes","floor":42,"turns":7},{"damage":0,"enemies":"Sphere and 2 Shapes","floor":44,"turns":2},{"damage":25,"enemies":"Nemesis","floor":45,"turns":9},{"damage":32,"enemies":"Reptomancer","floor":48,"turns":5},{"damage":38,"enemies":"Time Eater","floor":50,"turns":9},{"damage":37,"enemies":"Donu and Deca","floor":51,"turns":4}],"seed_played":"-157027798659629998","potions_obtained":[{"floor":2,"key":"Fire Potion"},{"floor":8,"key":"BloodPotion"},{"floor":16,"key":"Weak Potion"},{"floor":18,"key":"LiquidBronze"},{"floor":28,"key":"FairyPotion"},{"floor":30,"key":"Dexterity Potion"},{"floor":33,"key":"SpeedPotion"},{"floor":35,"key":"EssenceOfSteel"},{"floor":48,"key":"DistilledChaos"}],"is_trial":false,"path_per_floor":["M","M","?","?","$","E","R","E","T","?","?","$","E","M","R","B",null,"M","?","M","M","M","R","E","$","T","R","E","?","M","M","R","B",null,"M","?","$","M","M","R","E","M","T","M","E","$","$","E","R","B","B"],"character_chosen":"IRONCLAD","items_purchased":["SteroidPotion","Pummel","Cleave","Shrug It Off","EssenceOfSteel","Bag of Preparation","Flame Barrier","Disarm","ClockworkSouvenir","Pen Nib"],"campfire_rested":1,"item_purchase_floors":[5,5,5,12,12,25,25,37,46,46],"current_hp_per_floor":[68,69,69,68,68,66,66,52,52,52,52,52,58,64,64,18,56,50,50,43,40,31,31,46,46,46,46,52,52,64,51,51,15,55,53,53,53,58,28,48,44,52,52,58,46,46,46,34,34,22,0,0],"gold":96,"neow_bonus":"RANDOM_COMMON_RELIC","is_daily":false,"chose_seed":false,"campfire_upgraded":5,"win_rate":0.0,"timestamp":1614345106,"path_taken":["M","M","?","?","$","E","R","E","T","?","?","?","E","M","R","BOSS","M","?","M","M","?","R","E","$","T","R","E","?","M","M","R","BOSS","M","?","$","M","M","R","E","M","T","M","E","?","$","E","R","BOSS","BOSS"],"items_purchased_type":["Potion","Card","Card","Card","Potion","Relic","Card","Card","Relic","Relic"],"build_version":"2020-12-22","purchased_purges":0,"victory":false,"max_hp_per_floor":[75,75,75,68,68,68,68,68,68,68,68,68,68,68,68,68,68,68,68,68,68,68,68,68,68,68,68,68,68,68,68,68,68,68,68,68,68,68,68,68,68,68,68,68,68,68,68,68,68,68,68,68],"relic_stats":{"Gremlin Horn":[18,18],"counters":[26,121],"Golden Idol":161,"Sundial":[10],"StoneCalendar":[52],"Pen Nib":[3],"Bag of Preparation":[28],"obtain_stats":[{"Potion Belt":0,"Gremlin Horn":28,"Golden Idol":4,"Velvet Choker":34,"Oddly Smooth Stone":45,"StoneCalendar":48,"Pen Nib":46,"Bag of Preparation":25,"Omamori":41,"Ancient Tea Set":26,"Burning Blood":0,"Akabeko":8,"ClockworkSouvenir":46,"Runic Dome":17,"HornCleat":13,"Sundial":6,"Toy Ornithopter":9,"Pocketwatch":24},{"Potion Belt":0,"Gremlin Horn":13,"Golden Idol":2,"Velvet Choker":16,"Oddly Smooth Stone":23,"StoneCalendar":24,"Pen Nib":23,"Bag of Preparation":12,"Omamori":20,"Ancient Tea Set":12,"Burning Blood":0,"Akabeko":4,"ClockworkSouvenir":23,"Runic Dome":7,"HornCleat":5,"Sundial":3,"Toy Ornithopter":4,"Pocketwatch":12},{"Potion Belt":0,"Gremlin Horn":55,"Golden Idol":7,"Velvet Choker":70,"Oddly Smooth Stone":103,"StoneCalendar":108,"Pen Nib":103,"Bag of Preparation":54,"Omamori":85,"Ancient Tea Set":54,"Burning Blood":0,"Akabeko":17,"ClockworkSouvenir":103,"Runic Dome":31,"HornCleat":19,"Sundial":10,"Toy Ornithopter":17,"Pocketwatch":54}],"Burning Blood":150,"Toy Ornithopter":20,"Pocketwatch":[63]},"card_choices":[{"not_picked":["Wild Strike","Havoc","Rupture"],"picked":"SKIP","floor":1},{"not_picked":["Havoc","Rupture"],"picked":"Wild Strike","floor":1},{"not_picked":["Flex","Shockwave"],"picked":"Perfected Strike","floor":2},{"not_picked":["Perfected Strike","Wild Strike"],"picked":"Inflame","floor":6},{"not_picked":["Sword Boomerang","Seeing Red"],"picked":"Twin Strike","floor":8},{"not_picked":["Perfected Strike","Entrench"],"picked":"Disarm","floor":13},{"not_picked":["True Grit","Cleave","Anger"],"picked":"SKIP","floor":14},{"not_picked":["Double Tap","Bludgeon"],"picked":"Reaper","floor":16},{"not_picked":["Thunderclap","Flex"],"picked":"Spot Weakness","floor":18},{"not_picked":["Burning Pact","Body Slam","Seeing Red"],"picked":"SKIP","floor":20},{"not_picked":["Inflame","Flex+1","Clothesline"],"picked":"SKIP","floor":21},{"not_picked":["True Grit","Pommel Strike"],"picked":"Whirlwind","floor":22},{"not_picked":["Heavy Blade","Rupture"],"picked":"Shrug It Off+1","floor":24},{"not_picked":["True Grit","Bloodletting"],"picked":"Whirlwind+1","floor":28},{"not_picked":["Infernal Blade","Havoc+1","Body Slam"],"picked":"SKIP","floor":30},{"not_picked":["Sword Boomerang","Headbutt"],"picked":"Power Through+1","floor":31},{"not_picked":["Berserk","Juggernaut"],"picked":"Impervious","floor":33},{"not_picked":["Clothesline","Havoc+1"],"picked":"Intimidate","floor":35},{"not_picked":["Heavy Blade","Entrench"],"picked":"Pommel Strike+1","floor":38},{"not_picked":["Havoc","True Grit"],"picked":"Shrug It Off","floor":39},{"not_picked":["Fiend Fire","Iron Wave+1","Rupture+1"],"picked":"SKIP","floor":41},{"not_picked":["Uppercut","Sword Boomerang"],"picked":"Perfected Strike+1","floor":42},{"not_picked":["Feel No Pain","Body Slam","Headbutt"],"picked":"SKIP","floor":44},{"not_picked":["Intimidate","Heavy Blade","Hemokinesis"],"picked":"SKIP","floor":45},{"not_picked":["Anger","Thunderclap"],"picked":"Corruption","floor":48}],"player_experience":823352,"relics_obtained":[{"floor":6,"key":"Sundial"},{"floor":8,"key":"Akabeko"},{"floor":9,"key":"Toy Ornithopter"},{"floor":13,"key":"HornCleat"},{"floor":24,"key":"Pocketwatch"},{"floor":26,"key":"Ancient Tea Set"},{"floor":28,"key":"Gremlin Horn"},{"floor":41,"key":"Omamori"},{"floor":45,"key":"Oddly Smooth Stone"},{"floor":48,"key":"StoneCalendar"}],"event_choices":[{"damage_healed":0,"gold_gain":71,"player_choice":"Gained Gold","damage_taken":0,"max_hp_gain":0,"max_hp_loss":0,"event_name":"Golden Wing","floor":3,"gold_loss":0},{"damage_healed":0,"gold_gain":0,"player_choice":"Lose Max HP","damage_taken":0,"relics_obtained":["Golden Idol"],"max_hp_gain":0,"max_hp_loss":7,"event_name":"Golden Idol","floor":4,"gold_loss":0},{"damage_healed":0,"gold_gain":0,"player_choice":"Ignored","damage_taken":0,"max_hp_gain":0,"max_hp_loss":0,"event_name":"Liars Game","floor":10,"gold_loss":0},{"damage_healed":0,"gold_gain":0,"player_choice":"Grow","damage_taken":0,"max_hp_gain":0,"max_hp_loss":0,"event_name":"Living Wall","floor":11,"gold_loss":0,"cards_upgraded":["Perfected Strike"]},{"damage_healed":0,"gold_gain":0,"player_choice":"Bought 1 Potion","damage_taken":0,"max_hp_gain":0,"max_hp_loss":0,"event_name":"The Woman in Blue","floor":19,"gold_loss":0},{"damage_healed":0,"gold_gain":0,"player_choice":"Ignored","damage_taken":0,"max_hp_gain":0,"max_hp_loss":0,"event_name":"Ghosts","floor":29,"gold_loss":0},{"damage_healed":0,"gold_gain":0,"player_choice":"Copied","damage_taken":0,"max_hp_gain":0,"max_hp_loss":0,"event_name":"Duplicator","floor":36,"gold_loss":0,"cards_obtained":["Flame Barrier"]}],"is_beta":false,"boss_relics":[{"not_picked":["Pandora\u0027s Box","Black Blood"],"picked":"Runic Dome"},{"not_picked":["Fusion Hammer","Busted Crown"],"picked":"Velvet Choker"}],"items_purged_floors":[],"is_endless":false,"potions_floor_spawned":[2,8,16,18,28,30,33,35,44,48],"killed_by":"Donu and Deca","ascension_level":20}}