{"host":"bt4gm5zmu3buvt8g","time":1614324386,"event":{"mods":["Aspiration","Astrologer","BaseMod","Colored Map","Colored Powertips","Conspire","Downfall","GifTheSpireLib","Halation","Hermit","Hubris","Infinite Spire","Mimic Mod","Minty Spire (QoL Compilation)","Quick Restart","Replay The Spire","StSLib","Stuff the Spire","The Blackbeard","The Construct","The Cursed","The Disciple","The Gatherer","The Hierophant","The Jungle","The Marked","The Necromancer","The Runesmith","The Trickster","Unceasing Turn Reminder"],"gold_per_floor":[114,131,306,306,306,306,306,306,306,306,306,342,357,392,392,516,516,539,563,587,587,603,603,603],"floor_reached":23,"language":"ENG","playtime":1918,"items_purged":["Doubt"],"score":224,"play_id":"c0d46dba-6f1b-46fe-9cd6-94c4705dea60","local_time":"20210226172626","is_ascension_mode":false,"campfire_choices":[{"floor":6,"key":"RECALL"},{"data":"theMarked:EnhanceMovement","floor":8,"key":"SMITH"},{"floor":15,"key":"DIG"}],"circlet_count":0,"master_deck":["theMarked:Strike","theMarked:Strike","theMarked:Strike","theMarked:Strike","theMarked:Strike","theMarked:Defend","theMarked:Defend","theMarked:Defend","theMarked:Defend","theMarked:SoldierOfQuellstein","theMarked:EnhanceMovement+1","theMarked:RogueSparks","Injury","theMarked:RogueSparks+1","theMarked:Toughness+1","theMarked:BiggerThanFate+1","theMarked:HeightenedSenses+1","theMarked:RogueSparks+1","hubris:InfiniteBlow+1","CurseOfTheBell"],"relics":["theMarked:ArtifactOfAir","NeowsBlessing","Frozen Egg 2","Golden Idol","Golden Egg","StuffTheSpire:Barrel","Bronze Scales","conspire:DeflatedDodgeball","Prayer Wheel","Replay:Fungal Core","StuffTheSpire:ForceGauntlet","Calling Bell","Potion Belt","hubris:CrystalStatue","hubris:64BitClover"],"acts_visited":["Exordium","theJungle:Jungle"],"potions_floor_usage":[14,16,16,23],"damage_taken":[{"damage":0,"enemies":"2 Louse","floor":1,"turns":1},{"damage":0,"enemies":"Jaw Worm","floor":2,"turns":1},{"damage":0,"enemies":"Replay:BlueRogue","floor":12,"turns":1},{"damage":0,"enemies":"conspire:RoseBush","floor":13,"turns":3},{"damage":8,"enemies":"Gremlin Nob","floor":14,"turns":5},{"damage":54,"enemies":"Fading Forest","floor":16,"turns":11},{"damage":12,"enemies":"theJungle:Flameango_and_Byrd","floor":18,"turns":6},{"damage":7,"enemies":"theJungle:GiantWrat","floor":19,"turns":6},{"damage":8,"enemies":"theJungle:SlimyTreeVines","floor":20,"turns":6},{"damage":35,"enemies":"theJungle:2_Snecko_Cultists","floor":22,"turns":5},{"damage":25,"enemies":"theJungle:Cassacara","floor":23,"turns":5}],"seed_played":"7951125789189482551","potions_obtained":[{"floor":2,"key":"Flashbang"},{"floor":13,"key":"Energy Potion"},{"floor":14,"key":"Block Potion"},{"floor":18,"key":"hexamod:SoulburnPotion"}],"is_trial":false,"path_per_floor":["M","M","?","?","?","R","?","R","T","?","T","E","M","E","R_BF","B",null,"M","M","M","AVR","M","E"],"character_chosen":"THE_DEFAULT","items_purchased":[],"campfire_rested":0,"item_purchase_floors":[],"current_hp_per_floor":[72,72,72,72,54,54,54,54,54,54,54,54,54,46,46,6,72,60,53,51,51,16,0,0],"gold":603,"neow_bonus":"THREE_ENEMY_KILL","is_daily":false,"chose_seed":false,"campfire_upgraded":1,"win_rate":0.0,"timestamp":1614324386,"path_taken":["M","M","?","?","?","R","?","R","T","?","?","E","M","E","R_BF","BOSS","M","M","M","AVR","M","E"],"items_purchased_type":[],"build_version":"2020-12-22","purchased_purges":1,"victory":false,"max_hp_per_floor":[72,72,72,72,72,72,72,72,72,72,72,72,72,72,72,72,72,72,72,72,72,72,72,72],"card_choices":[{"not_picked":["theMarked:ElectricStrings","theMarked:TunnelVision"],"picked":"theMarked:EnhanceMovement","floor":1},{"not_picked":["theMarked:Electrocute","theMarked:ResourceFulStrike"],"picked":"theMarked:RogueSparks","floor":2},{"not_picked":["theMarked:HeightenedSenses","theMarked:WardOff"],"picked":"theMarked:Toughness+1","floor":12},{"not_picked":["theMarked:Improvise","theMarked:Standoff+1","theMarked:WardOff"],"picked":"SKIP","floor":13},{"not_picked":["theMarked:Electrify","theMarked:EmpowerWeapon","theMarked:Improvise"],"picked":"SKIP","floor":14},{"not_picked":["theMarked:Abjuration","theMarked:MagusForm+1"],"picked":"theMarked:BiggerThanFate","floor":16},{"not_picked":["theMarked:Heritage+1","theMarked:TwofoldDefense"],"picked":"theMarked:HeightenedSenses+1","floor":18},{"not_picked":["theMarked:BanishingStrike","theMarked:MuscleMemory+1"],"picked":"theMarked:RogueSparks+1","floor":18},{"not_picked":["theMarked:StartUp+1","theMarked:Aftermath","theMarked:BanishingWave"],"picked":"SKIP","floor":19},{"not_picked":["theMarked:Electrocute","theMarked:HeightenedSenses","theMarked:Memento"],"picked":"SKIP","floor":19},{"not_picked":["theMarked:TwofoldDefense","theMarked:HeightenedSenses","theMarked:ChainLightning"],"picked":"SKIP","floor":20},{"not_picked":["theMarked:ElectricStrings","theMarked:Frustration","theMarked:HeightenedSenses+1"],"picked":"SKIP","floor":20},{"not_picked":["theMarked:Parkour","theMarked:Seal","theMarked:MysticalArsenal+1"],"picked":"SKIP","floor":22},{"not_picked":["theMarked:Frustration","theMarked:WardOff","theMarked:RepellingDischarge"],"picked":"SKIP","floor":22}],"player_experience":362391,"relics_obtained":[{"floor":7,"key":"Golden Egg"},{"floor":11,"key":"StuffTheSpire:Barrel"},{"floor":12,"key":"Bronze Scales"},{"floor":14,"key":"conspire:DeflatedDodgeball"},{"floor":15,"key":"Prayer Wheel"},{"floor":21,"key":"Potion Belt"},{"floor":21,"key":"hubris:CrystalStatue"},{"floor":21,"key":"hubris:64BitClover"}],"event_choices":[{"damage_healed":0,"gold_gain":175,"player_choice":"AGREE","damage_taken":0,"max_hp_gain":0,"max_hp_loss":0,"event_name":"Liars Game","floor":3,"gold_loss":0,"cards_obtained":["Doubt"]},{"damage_healed":0,"gold_gain":0,"player_choice":"Take Damage","damage_taken":18,"relics_obtained":["Golden Idol"],"max_hp_gain":0,"max_hp_loss":0,"event_name":"Golden Idol","floor":5,"gold_loss":0}],"is_beta":false,"boss_relics":[{"not_picked":["hubris:BlackHole","Sozu"],"picked":"Replay:Fungal Core"}],"items_purged_floors":[21],"is_endless":false,"potions_floor_spawned":[2,13,14,18],"killed_by":"theJungle:Cassacara","ascension_level":0}}