{"host":"fa9lu700uj5rxl8c","time":1614308806,"event":{"mods":["2.2 Compatiblity","A Penny For Your Troubles","AchievementEnabler","Act Like it!","AlwaysNeverKeys","Aspiration","Bard","BaseMod","Beaked The Cultist","Better Altar","Better Match","Better Note","Better Sensory Stone","Better Silent Start","Better Skull","Better Third Choice","BetterRewards","Bossed Relics","CCEM2","ChefMod","Colored Map","Colored Powertips","Conspire","Curses Come First","Displayed Cursed Tome","Downfall","Energized Spire","Friendly Minions","FruityMod","Gensokyo","GifTheSpireLib","Hallownest","Hermit","Infinite Spire","Ironclad Rager","Jorbs\u0027s Wanderer Trilogy","Luminous","Mad Scientist","Minty Spire (QoL Compilation)","Permanent Neow","Quarter Circle Forward PUNCH!","Random Character Button","Reliquary","Reorder Act Four","Replay The Spire","Robot Space Explorer","Ruina","Shop Mod","Spicy Shops","Spikes Relics","Spire Arcade","StSLib","Stuff the Spire","SuperFastMode","The Blackbeard","The Blue Laboratory","The Bug Knight","The Construct","The Cursed","The Disciple","The Exalted","The Forsaken","The Hierophant","The IronCluck","The Judge","The Juggernuat","The Marked","The Mystic","The Necromancer","The Runesmith","The Sage","The Saiyan","TheBandit","TheFirefly","Transform Curses","Wandering Minibosses"],"gold_per_floor":[117,117,127,127,141,171,17,17,72,92,92,104,129,141,141,246,246,256,256,271,323,323,323,323],"floor_reached":23,"language":"ENG","playtime":1141,"items_purged":[],"score":351,"play_id":"bd28998b-fdb6-4320-ad76-58f610a4e4cc","local_time":"20210226040646","is_ascension_mode":false,"campfire_choices":[{"data":"Bromod:RadialJavelin","floor":8,"key":"SMITH"},{"data":"Bromod:FastHands","floor":15,"key":"SMITH"}],"circlet_count":0,"master_deck":["conspire:GhostlyStrike","conspire:GhostlyStrike","conspire:GhostlyStrike","conspire:GhostlyDefend","conspire:GhostlyDefend","conspire:GhostlyDefend+1","Bromod:SlashDash+1","Bromod:SlashDash","Bromod:SlashDash","Bromod:FinishingTouch","Bromod:FastHands","Bromod:SlashDash+1","Dark Shackles","Bromod:FastHands+1","Bromod:HeatedCharge","Bromod:RadialJavelin+1","Bromod:OrganShatter","Bromod:KillingBlow","StuffTheSpire:Perfection","Bromod:HeatedCharge","Bromod:RendingStrike","Bromod:Foundry","Bromod:ChillingReload","Bromod:QuickDraw+1","Bromod:OrganShatter+1","After Image"],"relics":["Bromod:Ordis","Bromod:AscarisDevice","MerchantsRug","StuffTheSpire:HeavyRock","infinitespire:Beetle Shell","Sozu","Bromod:BleedingDragonKey","Bromod:DecayingDragonKey","CCEMRelics:BundleOfDynamite"],"acts_visited":["Exordium","TheCity"],"potions_floor_usage":[13,16,16,23],"damage_taken":[{"damage":0,"enemies":"Small Slimes","floor":1,"turns":3},{"damage":0,"enemies":"Cultist","floor":3,"turns":2},{"damage":0,"enemies":"Jaw Worm","floor":5,"turns":3},{"damage":34,"enemies":"3 Sentries","floor":6,"turns":10},{"damage":0,"enemies":"Looter","floor":10,"turns":2},{"damage":10,"enemies":"Exordium Thugs","floor":12,"turns":3},{"damage":0,"enemies":"Gremlin Nob","floor":13,"turns":3},{"damage":12,"enemies":"2 Fungi Beasts","floor":14,"turns":5},{"damage":21,"enemies":"The Guardian","floor":16,"turns":5},{"damage":10,"enemies":"2 Thieves","floor":18,"turns":3},{"damage":11,"enemies":"Shell Parasite","floor":20,"turns":3},{"damage":17,"enemies":"conspire:SneckoGhost","floor":23,"turns":4}],"seed_played":"8050730876943745366","potions_obtained":[{"floor":1,"key":"blueLaboratory:BottleOfRum"},{"floor":5,"key":"Languid Potion"},{"floor":12,"key":"blueLaboratory:FruitPunch"},{"floor":14,"key":"BlessingOfTheForge"},{"floor":16,"key":"Dexterity Potion"}],"is_trial":false,"path_per_floor":["M","?","M","?","M","E","$","R","T","M","?","M","E","M","R","B",null,"M","?","M","T","?","E"],"character_chosen":"THE_EXALTED","items_purchased":["MerchantsRug","Bromod:FinishingTouch","Bromod:RadialJavelin","Bromod:OrganShatter"],"campfire_rested":0,"item_purchase_floors":[0,0,7,7],"current_hp_per_floor":[75,75,75,75,75,41,41,41,41,41,41,31,34,22,22,1,78,68,20,9,9,9,0,0],"gold":323,"neow_bonus":"","is_daily":false,"chose_seed":false,"campfire_upgraded":2,"win_rate":0.0,"timestamp":1614308806,"path_taken":["M","?","M","?","M","E","$","R","T","?","?","M","E","M","R","BOSS","M","?","M","?","?","E"],"items_purchased_type":["Relic","Card","Card","Card"],"build_version":"2020-12-22","purchased_purges":0,"victory":false,"max_hp_per_floor":[75,75,75,75,75,75,75,75,75,75,75,75,78,78,78,78,78,78,20,20,20,20,20,20],"card_choices":[{"not_picked":["Bromod:HornetStrike","Bromod:NorthWind"],"picked":"Bromod:FastHands","floor":1},{"not_picked":["Bromod:TacticalPump","Bromod:NorthWind"],"picked":"Bromod:SlashDash","floor":3},{"not_picked":["Bromod:Redirection","Bromod:Fury"],"picked":"Bromod:FastHands","floor":5},{"not_picked":["Bromod:BulletJump","Bromod:FormaBlueprint"],"picked":"Bromod:HeatedCharge","floor":6},{"not_picked":["Bromod:BodyCount","Bromod:ArchwingLauncher"],"picked":"Bromod:KillingBlow","floor":10},{"not_picked":["StuffTheSpire:Brawn","StuffTheSpire:Harmony"],"picked":"StuffTheSpire:Perfection","floor":11},{"not_picked":["Bromod:FastHands","Bromod:SlipMagazine"],"picked":"Bromod:HeatedCharge","floor":12},{"not_picked":["Bromod:Patagium","Bromod:PointStrike"],"picked":"Bromod:RendingStrike","floor":13},{"not_picked":["Bromod:BodyCount","Bromod:Vitality"],"picked":"Bromod:Foundry","floor":14},{"not_picked":["Bromod:HellsChamber","Bromod:Continuity"],"picked":"Bromod:ChillingReload","floor":16},{"not_picked":["Bromod:SlashDash","Bromod:PointStrike"],"picked":"Bromod:QuickDraw+1","floor":18},{"not_picked":["Bromod:BriefRespite","Bromod:QuickDraw+1"],"picked":"Bromod:OrganShatter+1","floor":20}],"player_experience":511847,"relics_obtained":[{"floor":6,"key":"reliquary:SharkskinSheath"},{"floor":9,"key":"StuffTheSpire:HeavyRock"},{"floor":13,"key":"infinitespire:Beetle Shell"},{"floor":21,"key":"CCEMRelics:BundleOfDynamite"}],"event_choices":[{"damage_healed":0,"gold_gain":0,"player_choice":"Agree","damage_taken":0,"max_hp_gain":0,"max_hp_loss":0,"event_name":"conspire:LoneGhost","floor":2,"gold_loss":0},{"damage_healed":0,"gold_gain":0,"cards_transformed":["conspire:GhostlyDefend"],"player_choice":"Transformed","damage_taken":0,"max_hp_gain":0,"max_hp_loss":0,"event_name":"Transmorgrifier","floor":4,"gold_loss":0,"cards_obtained":["Dark Shackles"]},{"cards_removed":["Bromod:RadialJavelin"],"damage_healed":0,"gold_gain":0,"player_choice":"Take \u0026 Give","damage_taken":0,"max_hp_gain":0,"max_hp_loss":0,"event_name":"betterNote:BetterNote","floor":22,"gold_loss":0,"cards_obtained":["After Image"]}],"is_beta":false,"boss_relics":[{"not_picked":["Black Star","Philosopher\u0027s Stone"],"picked":"Sozu"}],"items_purged_floors":[],"is_endless":false,"potions_floor_spawned":[1,5,12,14,16,18,20],"killed_by":"conspire:SneckoGhost","ascension_level":0}}