{"host":"qfskrnw3pl1q86j0","time":1614336997,"event":{"mods":["BaseMod","Block Reminder","Hermit","Marisa????????","Minty Spire (QoL Compilation)","Quick Restart","Random Character Button","Relic Stats","StSLib","The Poker Player","slay the spire mod where everything is the same but ironclad has a cowboy hat"],"gold_per_floor":[118,137,154,154,174,194,194,219,246,59,79,79,79,99,99,197,197,207,207,222,47,59,59,76,76,76,76,76,88,115,127,127,227,227,238,238,257,71,71,71,71,71,121,121,135,60,60,60,60,60],"floor_reached":51,"language":"ENG","playtime":1332,"items_purged":["Parasite"],"score":692,"play_id":"5dbc9984-d039-44f9-92bf-99effe1320af","local_time":"20210226115637","is_ascension_mode":false,"campfire_choices":[{"data":"Neutralize","floor":7,"key":"SMITH"},{"data":"Footwork","floor":12,"key":"SMITH"},{"data":"Poisoned Stab","floor":15,"key":"SMITH"},{"data":"Cloak And Dagger","floor":23,"key":"SMITH"},{"floor":25,"key":"REST"},{"data":"Sucker Punch","floor":27,"key":"SMITH"},{"floor":32,"key":"REST"},{"data":"Footwork","floor":40,"key":"SMITH"},{"data":"Catalyst","floor":42,"key":"SMITH"},{"data":"Adrenaline","floor":44,"key":"SMITH"},{"data":"Footwork","floor":47,"key":"SMITH"},{"floor":49,"key":"REST"}],"circlet_count":0,"master_deck":["Strike_G+1","Strike_G+1","Defend_G+1","Defend_G+1","Defend_G+1","Defend_G+1","Defend_G+1","Survivor","Neutralize+1","Poisoned Stab+1","Sucker Punch+1","Quick Slash+1","Deadly Poison","Dodge and Roll","Terror","Footwork+1","Deadly Poison","Envenom","Deflect+1","Catalyst+1","Sadistic Nature","Cloak And Dagger+1","Riddle With Holes+1","Blade Dance","Envenom","Crippling Poison","Adrenaline+1","Footwork+1","Escape Plan+1","Footwork+1","Footwork+1","Finesse"],"relics":["Sozu","Juzu Bracelet","War Paint","Lee\u0027s Waffle","Runic Dome","FaceOfCleric","Shuriken","PreservedInsect","Empty Cage","Snake Skull","Ancient Tea Set"],"acts_visited":["Exordium","TheCity","TheBeyond"],"potions_floor_usage":[],"damage_taken":[{"damage":2,"enemies":"Jaw Worm","floor":1,"turns":4},{"damage":0,"enemies":"Cultist","floor":2,"turns":4},{"damage":0,"enemies":"2 Louse","floor":3,"turns":3},{"damage":3,"enemies":"Red Slaver","floor":5,"turns":3},{"damage":4,"enemies":"Exordium Thugs","floor":6,"turns":5},{"damage":21,"enemies":"Gremlin Nob","floor":8,"turns":5},{"damage":9,"enemies":"Gremlin Gang","floor":11,"turns":6},{"damage":0,"enemies":"3 Louse","floor":14,"turns":3},{"damage":3,"enemies":"Hexaghost","floor":16,"turns":9},{"damage":17,"enemies":"3 Byrds","floor":18,"turns":5},{"damage":13,"enemies":"Shell Parasite","floor":20,"turns":4},{"damage":29,"enemies":"Sentry and Sphere","floor":22,"turns":8},{"damage":7,"enemies":"Snake Plant","floor":24,"turns":4},{"damage":0,"enemies":"Snecko","floor":29,"turns":5},{"damage":13,"enemies":"Book of Stabbing","floor":30,"turns":4},{"damage":10,"enemies":"Cultist and Chosen","floor":31,"turns":4},{"damage":9,"enemies":"Champ","floor":33,"turns":7},{"damage":10,"enemies":"Orb Walker","floor":35,"turns":4},{"damage":19,"enemies":"3 Darklings","floor":37,"turns":5},{"damage":5,"enemies":"Writhing Mass","floor":45,"turns":4},{"damage":49,"enemies":"Donu and Deca","floor":50,"turns":9}],"seed_played":"5980426022590288295","potions_obtained":[],"is_trial":false,"path_per_floor":["M","M","M","?","M","M","R","E","T","$","M","R","?","M","R","B",null,"M","?","M","$","M","R","M","R","T","R","?","M","E","M","R","B",null,"M","?","M","$","?","R","?","R","T","R","M","$","R","?","R","B",null],"character_chosen":"THE_SILENT","items_purchased":["Footwork","Lee\u0027s Waffle","Sadistic Nature","Snake Skull","Footwork"],"campfire_rested":3,"item_purchase_floors":[10,10,21,38,38],"current_hp_per_floor":[68,68,68,68,65,61,61,40,40,77,68,68,53,53,53,50,77,60,60,48,48,20,20,14,38,38,38,38,39,27,18,42,34,84,75,75,57,57,57,57,57,57,57,57,53,53,53,53,77,29],"gold":60,"neow_bonus":"BOSS_RELIC","is_daily":false,"chose_seed":false,"campfire_upgraded":9,"win_rate":0.0,"timestamp":1614336997,"path_taken":["M","M","M","?","?","M","R","E","T","$","M","R","?","M","R","BOSS","M","?","M","$","M","R","M","R","T","R","?","M","E","M","R","BOSS","M","?","M","$","?","R","?","R","T","R","M","$","R","?","R","BOSS"],"items_purchased_type":["Card","Relic","Card","Relic","Card"],"build_version":"2020-12-22","purchased_purges":1,"victory":true,"max_hp_per_floor":[70,70,70,70,70,70,70,70,70,77,77,77,77,77,77,77,77,77,77,78,78,79,79,80,80,80,80,80,81,82,83,83,84,84,85,85,86,86,86,86,82,82,82,82,83,80,80,80,80,81],"relic_stats":{"Sozu":10,"Lee\u0027s Waffle":37,"FaceOfCleric":11,"counters":[21,105],"Shuriken":[19],"PreservedInsect":0,"Snake Skull":[34],"Juzu Bracelet":4,"War Paint":["Defend_G","Defend_G"],"obtain_stats":[{"Sozu":0,"Runic Dome":17,"Lee\u0027s Waffle":10,"FaceOfCleric":19,"Shuriken":26,"PreservedInsect":30,"Snake Skull":38,"Juzu Bracelet":8,"War Paint":9,"Empty Cage":34,"Ancient Tea Set":43,"Ring of the Snake":0},{"Sozu":0,"Runic Dome":9,"Lee\u0027s Waffle":6,"FaceOfCleric":10,"Shuriken":13,"PreservedInsect":15,"Snake Skull":19,"Juzu Bracelet":6,"War Paint":6,"Empty Cage":17,"Ancient Tea Set":19,"Ring of the Snake":0},{"Sozu":0,"Runic Dome":42,"Lee\u0027s Waffle":24,"FaceOfCleric":47,"Shuriken":63,"PreservedInsect":72,"Snake Skull":92,"Juzu Bracelet":24,"War Paint":24,"Empty Cage":83,"Ancient Tea Set":92,"Ring of the Snake":0}]},"card_choices":[{"not_picked":["Backstab","Sucker Punch"],"picked":"Poisoned Stab","floor":1},{"not_picked":["Riddle With Holes","Acrobatics"],"picked":"Sucker Punch","floor":2},{"not_picked":["Blade Dance","Escape Plan"],"picked":"Quick Slash","floor":3},{"not_picked":["Infinite Blades","Endless Agony"],"picked":"Deadly Poison","floor":5},{"not_picked":["Flying Knee","Accuracy"],"picked":"Dodge and Roll","floor":6},{"not_picked":["Accuracy","Masterful Stab"],"picked":"Terror","floor":8},{"not_picked":["Flying Knee","Expertise","Well Laid Plans"],"picked":"SKIP","floor":11},{"not_picked":["Blade Dance","Eviscerate"],"picked":"Deadly Poison","floor":14},{"not_picked":["Doppelganger","Tools of the Trade"],"picked":"Envenom","floor":16},{"not_picked":["Finisher+1","Bane"],"picked":"Deflect+1","floor":18},{"not_picked":["Cloak And Dagger","Quick Slash"],"picked":"Catalyst","floor":20},{"not_picked":["Underhanded Strike","Predator+1"],"picked":"Cloak And Dagger","floor":22},{"not_picked":["Escape Plan","Deflect"],"picked":"Riddle With Holes+1","floor":24},{"not_picked":["Dodge and Roll","Prepared"],"picked":"Blade Dance","floor":29},{"not_picked":["Escape Plan+1","Corpse Explosion"],"picked":"Envenom","floor":30},{"not_picked":["Backflip","Well Laid Plans"],"picked":"Crippling Poison","floor":31},{"not_picked":["Doppelganger","Corpse Explosion"],"picked":"Adrenaline","floor":33},{"not_picked":["Accuracy+1","Prepared+1","Escape Plan"],"picked":"SKIP","floor":35},{"not_picked":["Endless Agony+1","Dagger Spray+1"],"picked":"Escape Plan+1","floor":37},{"not_picked":["Reflex+1","Backflip"],"picked":"Footwork","floor":45},{"not_picked":["Secret Technique","Thinking Ahead"],"picked":"Finesse","floor":48}],"player_experience":1120120,"relics_obtained":[{"floor":8,"key":"Juzu Bracelet"},{"floor":9,"key":"War Paint"},{"floor":26,"key":"Shuriken"},{"floor":30,"key":"PreservedInsect"},{"floor":43,"key":"Ancient Tea Set"}],"event_choices":[{"cards_removed":["Strike_G"],"damage_healed":0,"gold_gain":0,"player_choice":"Card Removal","damage_taken":0,"max_hp_gain":0,"max_hp_loss":0,"event_name":"Wheel of Change","floor":4,"gold_loss":0},{"damage_healed":0,"gold_gain":0,"player_choice":"Entered Light","damage_taken":15,"max_hp_gain":0,"max_hp_loss":0,"event_name":"Shining Light","floor":13,"gold_loss":0,"cards_upgraded":["Defend_G","Quick Slash"]},{"damage_healed":0,"gold_gain":0,"player_choice":"Trade","damage_taken":0,"relics_obtained":["FaceOfCleric"],"max_hp_gain":0,"max_hp_loss":0,"event_name":"FaceTrader","floor":19,"gold_loss":0},{"damage_healed":0,"gold_gain":0,"player_choice":"Simplicity","damage_taken":0,"max_hp_gain":0,"max_hp_loss":0,"event_name":"Back to Basics","floor":28,"gold_loss":0,"cards_upgraded":["Strike_G","Strike_G","Strike_G","Strike_G","Defend_G","Defend_G"]},{"damage_healed":0,"gold_gain":0,"player_choice":"Copied","damage_taken":0,"max_hp_gain":0,"max_hp_loss":0,"event_name":"Duplicator","floor":36,"gold_loss":0,"cards_obtained":["Footwork"]},{"damage_healed":0,"gold_gain":0,"player_choice":"Bought 0 Potions","damage_taken":0,"max_hp_gain":0,"max_hp_loss":0,"event_name":"The Woman in Blue","floor":39,"gold_loss":0},{"damage_healed":0,"gold_gain":0,"player_choice":"Max HP","damage_taken":0,"max_hp_gain":0,"max_hp_loss":4,"event_name":"Winding Halls","floor":41,"gold_loss":0},{"damage_healed":0,"gold_gain":0,"player_choice":"Memory 1","damage_taken":0,"max_hp_gain":0,"max_hp_loss":0,"event_name":"SensoryStone","floor":48,"gold_loss":0}],"is_beta":false,"boss_relics":[{"not_picked":["Tiny House","HoveringKite"],"picked":"Runic Dome"},{"not_picked":["Pandora\u0027s Box","WristBlade"],"picked":"Empty Cage"}],"items_purged_floors":[46],"is_endless":false,"potions_floor_spawned":[1,3,6,11,14,20,22,24,37,45],"ascension_level":0}}