{"host":"s41rn2jhghpwfrvz","time":1614377460,"event":{"mods":["BaseMod","Minty Spire (QoL Compilation)","Quick Restart","Relic Stats","SuperFastMode"],"gold_per_floor":[117,117,117,136,152,227,259,259,306,334,397,423,446,463,463,537,537,548,548,560,475,475,510,524,550,574,605,605,634,634,661,661,739,739,750,309,309,325,340,374,374,403,454,454,483,483,510,536,536,536,536,536,536,59,102,102],"floor_reached":57,"language":"ENG","playtime":1513,"items_purged":["CutThroughFate+1"],"score":3689,"play_id":"f5e4e1df-f35a-4f57-9e07-7c14d377d65f","local_time":"20210227001100","daily_mods":["SealedDeck","Diverse","Elite Swarm"],"is_ascension_mode":true,"campfire_choices":[{"data":"Accuracy","floor":8,"key":"SMITH"},{"data":"Blade Dance","floor":15,"key":"SMITH"},{"data":"Scrawl","floor":30,"key":"SMITH"},{"floor":32,"key":"RECALL"},{"data":"Pommel Strike","floor":41,"key":"SMITH"},{"data":"CutThroughFate","floor":44,"key":"SMITH"},{"data":"Undo","floor":49,"key":"SMITH"},{"data":"Beam Cell","floor":53,"key":"SMITH"}],"circlet_count":0,"master_deck":["AscendersBane","Undo+1","PiercingWail+1","Pommel Strike+1","Beam Cell+1","Blade Dance+1","Accuracy+1","Rage+1","Scrawl+1","True Grit+1","Establishment"],"relics":["Burning Blood","CeramicFish","Mercury Hourglass","Anchor","Nunchaku","Kunai","Self Forming Clay","Empty Cage","Pantograph","Lantern","Eternal Feather","Letter Opener","Akabeko","MealTicket","MutagenicStrength","Smiling Mask","Ginger","Coffee Dripper","Boot","Gremlin Horn","Prayer Wheel","Art of War","Vajra","Toxic Egg 2","Bottled Tornado","Bronze Scales","Medical Kit","Shuriken"],"acts_visited":["Exordium","TheCity","TheBeyond","TheEnding"],"potions_floor_usage":[56,56],"damage_taken":[{"damage":3,"enemies":"Jaw Worm","floor":1,"turns":3},{"damage":3,"enemies":"Small Slimes","floor":4,"turns":3},{"damage":0,"enemies":"2 Louse","floor":5,"turns":2},{"damage":0,"enemies":"Lagavulin","floor":7,"turns":5},{"damage":11,"enemies":"Gremlin Nob","floor":10,"turns":3},{"damage":0,"enemies":"3 Sentries","floor":11,"turns":4},{"damage":10,"enemies":"3 Sentries","floor":12,"turns":6},{"damage":0,"enemies":"Red Slaver","floor":14,"turns":2},{"damage":8,"enemies":"Hexaghost","floor":16,"turns":6},{"damage":0,"enemies":"Shell Parasite","floor":18,"turns":3},{"damage":0,"enemies":"2 Thieves","floor":20,"turns":2},{"damage":14,"enemies":"Slavers","floor":23,"turns":5},{"damage":0,"enemies":"3 Cultists","floor":24,"turns":2},{"damage":0,"enemies":"Book of Stabbing","floor":25,"turns":2},{"damage":0,"enemies":"Slavers","floor":27,"turns":3},{"damage":0,"enemies":"Book of Stabbing","floor":29,"turns":2},{"damage":0,"enemies":"Gremlin Leader","floor":31,"turns":2},{"damage":15,"enemies":"Collector","floor":33,"turns":4},{"damage":0,"enemies":"3 Shapes","floor":35,"turns":1},{"damage":0,"enemies":"3 Darklings","floor":38,"turns":2},{"damage":0,"enemies":"Sphere and 2 Shapes","floor":39,"turns":1},{"damage":64,"enemies":"Nemesis","floor":40,"turns":7},{"damage":0,"enemies":"Giant Head","floor":42,"turns":3},{"damage":0,"enemies":"Reptomancer","floor":45,"turns":1},{"damage":0,"enemies":"Giant Head","floor":47,"turns":1},{"damage":0,"enemies":"Transient","floor":48,"turns":6},{"damage":5,"enemies":"Donu and Deca","floor":50,"turns":5},{"damage":0,"enemies":"Awakened One","floor":51,"turns":8},{"damage":0,"enemies":"Shield and Spear","floor":55,"turns":3},{"damage":2,"enemies":"The Heart","floor":56,"turns":8}],"seed_played":"-3153172867068445186","potions_obtained":[{"floor":4,"key":"Regen Potion"},{"floor":7,"key":"LiquidMemories"},{"floor":14,"key":"SpeedPotion"},{"floor":29,"key":"Ancient Potion"}],"is_trial":true,"path_per_floor":["M","?","?","M","M","?","E","R","T","E","?","E","T","M","R","B",null,"M","T","M","?","?","E","M","E","T","E","?","E","R","E","R","B",null,"M","$","?","M","M","E","R","E","T","R","E","T","E","M","R","B","B",null,"R","$","E","B",null],"character_chosen":"IRONCLAD","items_purchased":["Boot","Gremlin Horn","Medical Kit","Shuriken"],"campfire_rested":0,"item_purchase_floors":[36,36,54,54],"current_hp_per_floor":[71,48,43,46,52,41,47,47,47,42,48,44,44,50,50,48,68,74,74,75,75,75,67,73,75,75,75,75,75,75,75,75,66,73,75,75,75,75,75,17,23,29,29,35,41,41,47,53,59,75,75,75,75,75,75,75],"gold":102,"neow_bonus":"","is_daily":false,"chose_seed":false,"campfire_upgraded":7,"win_rate":0.0,"timestamp":1614377460,"path_taken":["M","?","?","M","M","?","E","R","T","E","?","E","?","M","R","BOSS","M","?","?","?","?","E","M","E","T","E","?","E","R","E","R","BOSS","M","$","?","M","?","E","R","E","T","R","E","?","E","M","R","BOSS","BOSS","R","$","E","BOSS"],"items_purchased_type":["Relic","Relic","Relic","Relic"],"build_version":"2020-12-22","purchased_purges":1,"victory":true,"max_hp_per_floor":[75,75,75,75,75,75,75,75,75,75,75,75,75,75,75,75,75,75,75,75,75,75,75,75,75,75,75,75,75,75,75,75,75,75,75,75,75,75,75,75,75,75,75,75,75,75,75,75,75,75,75,75,75,75,75,75],"relic_stats":{"Gremlin Horn":[11,11],"counters":[30,104],"Self Forming Clay":[42],"CeramicFish":27,"Eternal Feather":18,"Letter Opener":[276],"Ginger":[2],"Smiling Mask":25,"Boot":[78],"Medical Kit":[5],"Burning Blood":120,"Mercury Hourglass":[399],"Nunchaku":[48],"Shuriken":[15],"Pantograph":16,"Bronze Scales":[162],"MealTicket":0,"Prayer Wheel":1,"Art of War":[1],"Kunai":[131],"obtain_stats":[{"Lantern":21,"Gremlin Horn":36,"CeramicFish":3,"Vajra":43,"Ginger":31,"Bottled Tornado":46,"Empty Cage":17,"Smiling Mask":29,"Boot":36,"Burning Blood":0,"Nunchaku":10,"Pantograph":19,"MealTicket":27,"Prayer Wheel":40,"Kunai":11,"Toxic Egg 2":45,"Self Forming Clay":12,"Eternal Feather":23,"Letter Opener":25,"Medical Kit":54,"Akabeko":26,"Mercury Hourglass":7,"Anchor":9,"Shuriken":54,"MutagenicStrength":28,"Bronze Scales":47,"Coffee Dripper":34,"Art of War":42},{"Lantern":11,"Gremlin Horn":19,"CeramicFish":1,"Vajra":23,"Ginger":17,"Bottled Tornado":24,"Empty Cage":9,"Smiling Mask":16,"Boot":19,"Burning Blood":0,"Nunchaku":5,"Pantograph":10,"MealTicket":15,"Prayer Wheel":22,"Kunai":6,"Toxic Egg 2":24,"Self Forming Clay":7,"Eternal Feather":12,"Letter Opener":14,"Medical Kit":28,"Akabeko":14,"Mercury Hourglass":4,"Anchor":4,"Shuriken":28,"MutagenicStrength":15,"Bronze Scales":25,"Coffee Dripper":18,"Art of War":23},{"Lantern":38,"Gremlin Horn":59,"CeramicFish":3,"Vajra":72,"Ginger":54,"Bottled Tornado":73,"Empty Cage":33,"Smiling Mask":52,"Boot":59,"Burning Blood":0,"Nunchaku":16,"Pantograph":36,"MealTicket":50,"Prayer Wheel":69,"Kunai":20,"Toxic Egg 2":73,"Self Forming Clay":26,"Eternal Feather":43,"Letter Opener":47,"Medical Kit":93,"Akabeko":47,"Mercury Hourglass":13,"Anchor":13,"Shuriken":93,"MutagenicStrength":50,"Bronze Scales":74,"Coffee Dripper":58,"Art of War":72}]},"card_choices":[{"not_picked":["BowlingBash","Crescendo","Caltrops"],"picked":"SKIP","floor":1},{"not_picked":["Sanctity","ForeignInfluence","Steam"],"picked":"SKIP","floor":4},{"not_picked":["Body Slam","Outmaneuver","Clothesline"],"picked":"SKIP","floor":5},{"not_picked":["Malaise","Reaper","Electrodynamics"],"picked":"SKIP","floor":7},{"not_picked":["Electrodynamics","Biased Cognition","Malaise"],"picked":"SKIP","floor":10},{"not_picked":["Devotion","MasterReality","A Thousand Cuts"],"picked":"SKIP","floor":12},{"not_picked":["FlyingSleeves","Slice","Sucker Punch"],"picked":"SKIP","floor":14},{"not_picked":["Turbo","Warcry","Consecrate"],"picked":"SKIP","floor":18},{"not_picked":["InnerPeace","Finisher","Pommel Strike"],"picked":"SKIP","floor":20},{"not_picked":["LessonLearned","Echo Form"],"picked":"Scrawl","floor":23},{"not_picked":["Crippling Poison+1","SashWhip","Heavy Blade"],"picked":"SKIP","floor":24},{"not_picked":["Devotion","Corpse Explosion","Machine Learning"],"picked":"SKIP","floor":25},{"not_picked":["Echo Form","Grand Finale","Tools of the Trade"],"picked":"SKIP","floor":27},{"not_picked":["Tools of the Trade","SpiritShield","Feed"],"picked":"SKIP","floor":29},{"not_picked":["Hyperbeam","Juggernaut","DevaForm"],"picked":"SKIP","floor":31},{"not_picked":["Twin Strike","Redo","Distraction"],"picked":"SKIP","floor":35},{"not_picked":["Rage+1","SashWhip","BowlingBash"],"picked":"SKIP","floor":38},{"not_picked":["Inflame","Streamline+1","Static Discharge"],"picked":"SKIP","floor":39},{"not_picked":["Seek","Doppelganger","Bludgeon"],"picked":"SKIP","floor":40},{"not_picked":["Meteor Strike","Vault","Biased Cognition"],"picked":"SKIP","floor":42},{"not_picked":["Electrodynamics","Envenom","Meteor Strike"],"picked":"SKIP","floor":45},{"not_picked":["A Thousand Cuts","Bludgeon","Machine Learning"],"picked":"SKIP","floor":47},{"not_picked":["Bane","InnerPeace+1","True Grit+1"],"picked":"SKIP","floor":48},{"not_picked":["Sword Boomerang","BowlingBash+1","Unload"],"picked":"SKIP","floor":48},{"not_picked":["Bane","InnerPeace+1"],"picked":"True Grit+1","floor":48},{"not_picked":["Sword Boomerang","BowlingBash+1","Unload"],"picked":"SKIP","floor":48},{"not_picked":["MasterReality","Judgement+1"],"picked":"Establishment","floor":55}],"player_experience":2033792,"relics_obtained":[{"floor":7,"key":"Mercury Hourglass"},{"floor":9,"key":"Anchor"},{"floor":10,"key":"Nunchaku"},{"floor":11,"key":"Kunai"},{"floor":12,"key":"Self Forming Clay"},{"floor":19,"key":"Pantograph"},{"floor":23,"key":"Eternal Feather"},{"floor":25,"key":"Letter Opener"},{"floor":26,"key":"Akabeko"},{"floor":27,"key":"MealTicket"},{"floor":29,"key":"Smiling Mask"},{"floor":31,"key":"Ginger"},{"floor":40,"key":"Prayer Wheel"},{"floor":42,"key":"Art of War"},{"floor":43,"key":"Vajra"},{"floor":45,"key":"Toxic Egg 2"},{"floor":46,"key":"Bottled Tornado"},{"floor":47,"key":"Bronze Scales"}],"event_choices":[{"damage_healed":0,"gold_gain":0,"player_choice":"Entered Light","damage_taken":23,"max_hp_gain":0,"max_hp_loss":0,"event_name":"Shining Light","floor":2,"gold_loss":0,"cards_upgraded":["PiercingWail","Rage"]},{"damage_healed":0,"gold_gain":0,"player_choice":"Success","damage_taken":5,"relics_obtained":["CeramicFish"],"max_hp_gain":0,"max_hp_loss":0,"event_name":"Scrap Ooze","floor":3,"gold_loss":0},{"damage_healed":0,"gold_gain":75,"player_choice":"Gather Gold","damage_taken":11,"max_hp_gain":0,"max_hp_loss":0,"event_name":"World of Goop","floor":6,"gold_loss":0},{"damage_healed":0,"gold_gain":0,"player_choice":"Searched \u00272\u0027 times","damage_taken":0,"max_hp_gain":0,"max_hp_loss":0,"event_name":"Dead Adventurer","floor":11,"gold_loss":0},{"damage_healed":0,"gold_gain":0,"player_choice":"Obtained Relic","damage_taken":0,"relics_obtained":["Lantern"],"max_hp_gain":0,"max_hp_loss":0,"event_name":"Addict","floor":21,"gold_loss":85},{"damage_healed":15,"gold_gain":0,"player_choice":"Heal","damage_taken":0,"max_hp_gain":0,"max_hp_loss":0,"event_name":"The Library","floor":22,"gold_loss":0},{"damage_healed":0,"gold_gain":0,"player_choice":"Inject Mutagens","damage_taken":0,"relics_obtained":["MutagenicStrength"],"max_hp_gain":0,"max_hp_loss":0,"event_name":"Drug Dealer","floor":28,"gold_loss":0},{"damage_healed":0,"gold_gain":0,"player_choice":"Ignored","damage_taken":0,"max_hp_gain":0,"max_hp_loss":0,"event_name":"SecretPortal","floor":37,"gold_loss":0}],"is_beta":false,"boss_relics":[{"not_picked":["Calling Bell","Tiny House"],"picked":"Empty Cage"},{"not_picked":["Runic Dome","SacredBark"],"picked":"Coffee Dripper"}],"items_purged_floors":[54],"is_endless":false,"potions_floor_spawned":[4,7,11,14,23,24,29,40,42,45,55],"ascension_level":20}}