{"host":"hg2vyukq38ky973l","time":1614351033,"event":{"mods":["AchievementEnabler","BaseMod","Minty Spire (QoL Compilation)"],"gold_per_floor":[111,286,304,304,3,3,17,35,85,98,113,127,27,27,27,127,127,140,152,152,152,28,28,28,28],"floor_reached":24,"language":"ENG","playtime":815,"items_purged":["Strike_B","Decay"],"score":235,"play_id":"fca89d39-a037-4da4-88ee-6d5a48e1632f","local_time":"20210227005033","is_ascension_mode":true,"campfire_choices":[{"data":"Zap","floor":6,"key":"SMITH"},{"data":"Dualcast","floor":15,"key":"SMITH"},{"data":"Scrape","floor":23,"key":"SMITH"}],"circlet_count":0,"master_deck":["Strike_B","Strike_B","Strike_B","Defend_B+1","Defend_B+1","Defend_B","Defend_B","Zap+1","Dualcast+1","Gash","Scrape+1","Gash","Steam","Go for the Eyes","Gash","Go for the Eyes","BootSequence","Leap"],"relics":["Cracked Core","TheAbacus","War Paint","SlaversCollar"],"acts_visited":["Exordium","TheCity"],"potions_floor_usage":[16,16,16,16],"damage_taken":[{"damage":2,"enemies":"Jaw Worm","floor":1,"turns":3},{"damage":0,"enemies":"Small Slimes","floor":3,"turns":2},{"damage":0,"enemies":"Cultist","floor":7,"turns":3},{"damage":9,"enemies":"Red Slaver","floor":8,"turns":2},{"damage":9,"enemies":"3 Louse","floor":10,"turns":3},{"damage":0,"enemies":"Exordium Thugs","floor":11,"turns":4},{"damage":0,"enemies":"Looter","floor":12,"turns":3},{"damage":2,"enemies":"Hexaghost","floor":16,"turns":6},{"damage":16,"enemies":"Shell Parasite","floor":18,"turns":5},{"damage":7,"enemies":"Spheric Guardian","floor":19,"turns":4},{"damage":56,"enemies":"Book of Stabbing","floor":24,"turns":7}],"seed_played":"2698731107311871856","potions_obtained":[{"floor":3,"key":"EntropicBrew"},{"floor":7,"key":"LiquidMemories"},{"floor":16,"key":"CultistPotion"},{"floor":18,"key":"SpeedPotion"}],"is_trial":false,"path_per_floor":["M","?","M","?","$","R","M","M","T","M","M","M","$","?","R","B",null,"M","M","?","?","$","R","E"],"character_chosen":"DEFECT","items_purchased":["Scrape","TheAbacus","Gash","Go for the Eyes","Leap"],"campfire_rested":0,"item_purchase_floors":[5,5,13,13,22],"current_hp_per_floor":[73,73,73,73,73,73,73,64,64,55,55,55,55,55,55,53,70,54,47,47,47,47,47,0,0],"gold":28,"neow_bonus":"THREE_CARDS","is_daily":false,"chose_seed":false,"campfire_upgraded":3,"win_rate":0.0,"timestamp":1614351033,"path_taken":["M","?","M","?","$","R","M","M","T","M","M","?","?","?","R","BOSS","M","M","?","?","$","R","E"],"items_purchased_type":["Card","Relic","Card","Card","Card"],"build_version":"2020-12-22","purchased_purges":2,"victory":false,"max_hp_per_floor":[75,75,75,75,75,75,75,75,75,75,75,75,75,75,75,75,75,75,75,75,75,75,75,75,75],"card_choices":[{"not_picked":["Doom and Gloom","Sweeping Beam"],"picked":"Gash","floor":0},{"not_picked":["Rebound","Turbo","Coolheaded"],"picked":"SKIP","floor":1},{"not_picked":["Auto Shields","Coolheaded","Sweeping Beam"],"picked":"SKIP","floor":3},{"not_picked":["Turbo","Storm","Hologram"],"picked":"SKIP","floor":7},{"not_picked":["Sweeping Beam","Steam Power","Recycle"],"picked":"SKIP","floor":8},{"not_picked":["Conserve Battery","Compile Driver"],"picked":"Gash","floor":10},{"not_picked":["Hologram","Compile Driver"],"picked":"Steam","floor":11},{"not_picked":["Multi-Cast","Sunder"],"picked":"Go for the Eyes","floor":12},{"not_picked":["Barrage+1","Stack","Loop"],"picked":"SKIP","floor":18},{"not_picked":["Cold Snap+1","White Noise","Reprogram+1"],"picked":"SKIP","floor":19}],"player_experience":338698,"relics_obtained":[{"floor":9,"key":"War Paint"}],"event_choices":[{"damage_healed":0,"gold_gain":175,"player_choice":"AGREE","damage_taken":0,"max_hp_gain":0,"max_hp_loss":0,"event_name":"Liars Game","floor":2,"gold_loss":0,"cards_obtained":["Doubt"]},{"cards_removed":["Doubt"],"damage_healed":0,"gold_gain":0,"player_choice":"Card Removal","damage_taken":0,"max_hp_gain":0,"max_hp_loss":0,"event_name":"Wheel of Change","floor":4,"gold_loss":0},{"damage_healed":0,"gold_gain":0,"player_choice":"Leave","damage_taken":0,"max_hp_gain":0,"max_hp_loss":0,"event_name":"FaceTrader","floor":14,"gold_loss":0},{"damage_healed":0,"gold_gain":0,"player_choice":"Read","damage_taken":0,"max_hp_gain":0,"max_hp_loss":0,"event_name":"The Library","floor":20,"gold_loss":0,"cards_obtained":["BootSequence"]},{"damage_healed":0,"gold_gain":0,"player_choice":"Smashed Altar","damage_taken":0,"max_hp_gain":0,"max_hp_loss":0,"event_name":"Forgotten Altar","floor":21,"gold_loss":0,"cards_obtained":["Decay"]}],"is_beta":false,"boss_relics":[{"not_picked":["Busted Crown","Philosopher\u0027s Stone"],"picked":"SlaversCollar"}],"items_purged_floors":[5,22],"is_endless":false,"potions_floor_spawned":[3,7,16,18],"killed_by":"Book of Stabbing","ascension_level":5}}