{"host":"91km64r0tqs2qd6z","time":1614323448,"event":{"mods":["Ascension Reborn","BaseMod","Better Altar","Better Match","Better Note","Better Sensory Stone","Better Skull","Better Third Choice","BetterRewards","Dark Map","Defuse TimeMaze Blight","Energized Spire","Evolution","Googly Eyes","Hero for Fun","Highlight Path","Infinite Spire","Minty Spire (QoL Compilation)","MostiFishMod","Permanent Neow","Poor People Problems","Quick Restart","Rare Cards Sparkle","Remove Card Discount Mod","Small Relic Pack","Spicy Shops","Spire with Friends","StSLib","The Alterego","The Blue Laboratory","The Runesmith","The Servant 0.9.4","Transform Curses"],"gold_per_floor":[367,367,367,367,379,379,70,70,139,139,139,139,162,192,192,192,296,296,309,321,335,335,335,335,348,348,371,371,400,415,427,446,446,446,547,547,558,571,571,571,590,590,590,590,668,91,118,118,46,101,110,110,110,110,110,34,60,60,60],"floor_reached":60,"language":"ENG","playtime":5026,"items_purged":["Defend_B","Strike_B","Strike_B","Strike_B","Defend_B","Defend_B","Strike_B","Dualcast","Barrage","Gash","Gash","MostiFishMod:Neurotoxin"],"score":1259,"play_id":"933c4d3e-45ac-4b36-834a-33e81753abe0","local_time":"20210226021048","is_ascension_mode":false,"campfire_choices":[{"data":"Chill","floor":6,"key":"SMITH"},{"data":"Redo","floor":8,"key":"SMITH"},{"data":"Zap","floor":10,"key":"SMITH"},{"data":"Barrage","floor":12,"key":"SMITH"},{"data":"Loop","floor":16,"key":"SMITH"},{"data":"MostiFishMod:DawningShadow","floor":28,"key":"SMITH"},{"data":"Capacitor","floor":34,"key":"SMITH"},{"floor":42,"key":"RECALL"},{"data":"MostiFishMod:SeaWaves","floor":44,"key":"SMITH"},{"floor":52,"key":"REST"},{"data":"Darkness","floor":55,"key":"SMITH"}],"circlet_count":0,"master_deck":["Zap+1","Chill+1","Barrage+1","Redo+1","Loop+1","MostiFishMod:DawningShadow+1","Static Discharge","Coolheaded","Darkness+1","Redo","Sweeping Beam","Capacitor+1","Darkness","MostiFishMod:SeaWaves+1","Barrage+1","infinitespire:FutureSight","Echo Form","Heatsinks","Consume+1","MostiFishMod:LinkProtocol+1","Self Repair+1","infinitespire:Starlight","Storm+1","MostiFishMod:LinkProtocol+1"],"relics":["Bronze Scales","Broom","TheAbacus","PureWater","infinitespire:PuzzleCube","Mummified Hand","Happy Flower","infinitespire:SolderingIron","Cracked Core","Bottled Tornado","Runesmith:BrokenRuby","Omamori","Enchiridion","GoldenEye","infinitespire:Chaos","relicPack:OneForAll","Sundial","Juzu Bracelet","Bag of Preparation","DataDisk","Orrery","Pocketwatch","Bag of Marbles","Ice Cream","Lantern","infinitespire:EmpoweringShard","Blood Vial"],"acts_visited":["Exordium","TheCity","TheBeyond","TheEnding"],"potions_floor_usage":[17,33,33,35,59],"damage_taken":[{"damage":0,"enemies":"Small Slimes","floor":1,"turns":3},{"damage":4,"enemies":"Jaw Worm","floor":5,"turns":3},{"damage":0,"enemies":"The Mushroom Lair","floor":13,"turns":3},{"damage":16,"enemies":"Lagavulin","floor":14,"turns":3},{"damage":20,"enemies":"The Guardian","floor":17,"turns":6},{"damage":16,"enemies":"Shell Parasite","floor":19,"turns":3},{"damage":5,"enemies":"3 Byrds","floor":20,"turns":3},{"damage":9,"enemies":"Snecko","floor":21,"turns":3},{"damage":0,"enemies":"3 Cultists","floor":25,"turns":3},{"damage":19,"enemies":"Slavers","floor":29,"turns":3},{"damage":13,"enemies":"Shelled Parasite and Fungi","floor":30,"turns":2},{"damage":6,"enemies":"Centurion and Healer","floor":31,"turns":3},{"damage":15,"enemies":"Snake Plant","floor":32,"turns":3},{"damage":31,"enemies":"Collector","floor":35,"turns":4},{"damage":2,"enemies":"3 Darklings","floor":37,"turns":2},{"damage":9,"enemies":"3 Shapes","floor":38,"turns":2},{"damage":19,"enemies":"Sphere and 2 Shapes","floor":41,"turns":4},{"damage":0,"enemies":"Nightmare","floor":47,"turns":5},{"damage":0,"enemies":"2 Orb Walkers","floor":50,"turns":2},{"damage":36,"enemies":"Time Eater","floor":53,"turns":5},{"damage":16,"enemies":"Shield and Spear","floor":57,"turns":4},{"damage":66,"enemies":"The Heart","floor":59,"turns":6}],"seed_played":"6140607506137924766","potions_obtained":[{"floor":13,"key":"blueLaboratory:PlasmaFuel"},{"floor":21,"key":"Ancient Potion"},{"floor":25,"key":"blueLaboratory:LouseDecoction"},{"floor":30,"key":"blueLaboratory:EmptyBottle"},{"floor":33,"key":"Fruit Juice"},{"floor":33,"key":"Fruit Juice"},{"floor":41,"key":"ColorlessPotion"},{"floor":47,"key":"blueLaboratory:PhilterOfMotion"},{"floor":58,"key":"blueLaboratory:AbyssPotion"},{"floor":58,"key":"blueLaboratory:HorrorPotion"}],"is_trial":false,"path_per_floor":["M","?","?","?","M","R","$","R","T","R","?","R","?","E","C","R","B",null,"M","M","M","?","?","?","M","?","T","R","E","M","M","M","C","R","B",null,"M","M","AVR","?","M","R","?","R","T","$","NM","?","$","?","-","R","B",null,"R","$","E","C","B",null],"character_chosen":"DEFECT","items_purchased":["Gremlin Horn","Redo","Juzu Bracelet","Bag of Preparation","Heatsinks","DataDisk","Orrery","Bag of Marbles","Lantern"],"campfire_rested":1,"item_purchase_floors":[7,7,46,46,46,46,46,49,56],"current_hp_per_floor":[75,68,73,73,69,69,69,69,69,69,69,69,69,53,53,53,45,80,64,59,50,50,54,54,55,55,55,55,49,49,44,42,52,52,34,96,95,87,87,68,49,49,49,49,49,49,59,59,59,69,69,98,72,98,98,98,98,98,62],"gold":60,"neow_bonus":"","is_daily":false,"chose_seed":true,"campfire_upgraded":9,"win_rate":0.0,"timestamp":1614323448,"path_taken":["M","?","?","?","?","R","?","R","T","R","?","R","?","E","C","R","BOSS","M","M","M","?","?","?","?","?","T","R","E","M","M","M","C","R","BOSS","M","M","AVR","?","?","R","?","R","T","$","NM","?","?","?","-","R","BOSS","R","$","E","C","BOSS"],"items_purchased_type":["Relic","Card","Relic","Relic","Card","Relic","Relic","Relic","Relic"],"build_version":"2020-12-22","purchased_purges":12,"victory":true,"max_hp_per_floor":[75,75,80,80,80,80,80,80,80,80,80,80,80,80,80,80,80,80,80,80,80,80,80,80,81,81,81,81,82,83,84,85,95,95,96,96,97,98,98,98,98,98,98,98,98,98,98,98,98,98,98,98,98,98,98,98,98,98,98],"card_choices":[{"not_picked":["Leap","Rebound"],"picked":"Chill","floor":1},{"not_picked":["Turbo","Steam","Compile Driver","Cold Snap"],"picked":"Barrage","floor":5},{"not_picked":["Barrage","Auto Shields","Skim","Tempest"],"picked":"Gash","floor":13},{"not_picked":["Conserve Battery","Core Surge","Stack","Aggregate"],"picked":"Loop","floor":14},{"not_picked":["Machine Learning","MostiFishMod:InterfaceCompatibility","MostiFishMod:Overload","MostiFishMod:Hijack"],"picked":"MostiFishMod:DawningShadow","floor":17},{"not_picked":["Hologram","Streamline","Go for the Eyes","Leap+1"],"picked":"Static Discharge","floor":19},{"not_picked":["Leap","Redo","Stack","Go for the Eyes"],"picked":"Coolheaded","floor":20},{"not_picked":["Skim+1","Conserve Battery","Stack","Aggregate"],"picked":"Darkness","floor":21},{"not_picked":["Rebound","Force Field","Turbo+1","Auto Shields"],"picked":"Redo","floor":25},{"not_picked":["Compile Driver","Steam","Undo","Hologram"],"picked":"Sweeping Beam","floor":29},{"not_picked":["Sweeping Beam","MostiFishMod:IceShield+1","Coolheaded+1","Beam Cell+1"],"picked":"Gash","floor":30},{"not_picked":["Steam+1","Double Energy","MostiFishMod:PushDownKick","Reinforced Body"],"picked":"Capacitor","floor":31},{"not_picked":["MostiFishMod:ActiveDefenseSystem","Ball Lightning+1","Sweeping Beam","Gash"],"picked":"Darkness","floor":32},{"not_picked":["Multi-Cast","MostiFishMod:InterfaceCompatibility","MostiFishMod:ActiveDefenseSystem","MostiFishMod:Hijack"],"picked":"MostiFishMod:SeaWaves","floor":35},{"not_picked":["Recycle","Ball Lightning","Undo","Static Discharge"],"picked":"Barrage","floor":37},{"not_picked":["Streamline","Ball Lightning+1","Cold Snap","Skim"],"picked":"Barrage+1","floor":38},{"not_picked":["Conserve Battery","Stack","Streamline+1"],"picked":"SKIP","floor":41},{"not_picked":["Glacier","Reprogram"],"picked":"Consume+1","floor":46},{"not_picked":["Loop","BootSequence"],"picked":"MostiFishMod:LinkProtocol+1","floor":46},{"not_picked":["Hologram+1","Heatsinks"],"picked":"Self Repair+1","floor":46},{"not_picked":["infinitespire:Execution","infinitespire:SealOfDarkness+"],"picked":"infinitespire:Starlight","floor":47},{"not_picked":["Beam Cell+1","Barrage+1","Scrape+1"],"picked":"SKIP","floor":47},{"not_picked":["MostiFishMod:GatherIntelligence+1","MostiFishMod:LinkProtocol+1"],"picked":"Storm+1","floor":50},{"not_picked":["Steam Power","Barrage"],"picked":"MostiFishMod:LinkProtocol+1","floor":51},{"not_picked":["Go for the Eyes+1","FTL","Turbo"],"picked":"SKIP","floor":57}],"player_experience":74733,"relics_obtained":[{"floor":1,"key":"SynthV:TestCard"},{"floor":4,"key":"Incense Burner"},{"floor":13,"key":"Odd Mushroom"},{"floor":14,"key":"Meat on the Bone"},{"floor":27,"key":"SynthV:C4"},{"floor":33,"key":"Self Forming Clay"},{"floor":45,"key":"Sundial"},{"floor":47,"key":"Pocketwatch"},{"floor":50,"key":"Ice Cream"},{"floor":57,"key":"infinitespire:EmpoweringShard"},{"floor":58,"key":"Blood Vial"}],"event_choices":[{"cards_removed":["Defend_B"],"damage_healed":0,"gold_gain":0,"player_choice":"Card Removal","damage_taken":7,"max_hp_gain":0,"max_hp_loss":0,"event_name":"Golden Wing","floor":2,"gold_loss":0},{"damage_healed":0,"gold_gain":0,"player_choice":"Donut","damage_taken":0,"max_hp_gain":5,"max_hp_loss":0,"event_name":"Big Fish","floor":3,"gold_loss":0},{"damage_healed":0,"gold_gain":0,"player_choice":"Leave","damage_taken":0,"max_hp_gain":0,"max_hp_loss":0,"event_name":"The Cleric","floor":11,"gold_loss":0},{"damage_healed":0,"gold_gain":0,"player_choice":"Fought Mushrooms","damage_taken":0,"max_hp_gain":0,"max_hp_loss":0,"event_name":"Mushrooms","floor":13,"gold_loss":0},{"damage_healed":0,"gold_gain":0,"player_choice":"Trade","damage_taken":0,"relics_obtained":["FaceOfCleric"],"max_hp_gain":0,"max_hp_loss":0,"event_name":"FaceTrader","floor":22,"gold_loss":0},{"damage_healed":4,"gold_gain":0,"player_choice":"LEAVE ","damage_taken":0,"relics_obtained":[],"max_hp_gain":0,"max_hp_loss":0,"event_name":"betterSkull:BetterSkull","floor":23,"gold_loss":0,"cards_upgraded":[]},{"cards_removed":["Gash"],"damage_healed":0,"gold_gain":0,"player_choice":"Take \u0026 Give","damage_taken":0,"max_hp_gain":0,"max_hp_loss":0,"event_name":"betterNote:BetterNote","floor":24,"gold_loss":0,"cards_obtained":["MostiFishMod:Neurotoxin"]},{"damage_healed":0,"gold_gain":0,"player_choice":"Ignored","damage_taken":0,"max_hp_gain":0,"max_hp_loss":0,"event_name":"Vampires","floor":26,"gold_loss":0},{"damage_healed":0,"gold_gain":0,"player_choice":"Random: Blue","damage_taken":0,"max_hp_gain":0,"max_hp_loss":0,"event_name":"betterThird:BetterPortal","floor":40,"gold_loss":0},{"damage_healed":0,"gold_gain":3,"player_choice":"2","damage_taken":0,"max_hp_gain":0,"max_hp_loss":19,"event_name":"betterStone:BetterStone","floor":40,"gold_loss":0},{"damage_healed":0,"gold_gain":0,"player_choice":"Fight","damage_taken":0,"max_hp_gain":0,"max_hp_loss":0,"event_name":"Mysterious Sphere","floor":50,"gold_loss":0}],"is_beta":false,"boss_relics":[{"not_picked":["energizedSpire:SpiderWeb","Empty Cage"],"picked":"Philosopher\u0027s Stone"},{"not_picked":["Black Star","SacredBark"],"picked":"energizedSpire:MagnifyingGlass"}],"items_purged_floors":[7,7,7,7,7,7,7,7,46,46,46,46],"is_endless":false,"potions_floor_spawned":[13,14,21,25,30,32,41,47],"ascension_level":0}}