{"host":"dapjhzz8gxmkyyt6","time":1614316511,"event":{"mods":["BaseMod","BetterRewards","Hubris","Infinite Spire","Minty Spire (QoL Compilation)","Replay The Spire","Somnambulant","StSLib","The Blackbeard","The Jungle","The Necromancer"],"gold_per_floor":[119,119,119,119,134,134,165,165,165,1,18,18,28,55,55,70,70,70],"floor_reached":16,"language":"ENG","playtime":665,"items_purged":["Delirium"],"score":108,"play_id":"4076ef46-f4c9-4852-af7d-fa9b34a8db0e","local_time":"20210226001511","is_ascension_mode":false,"campfire_choices":[{"floor":6,"key":"RECALL"},{"data":"blackbeard:Cutlass","floor":8,"key":"SMITH"},{"floor":15,"key":"REST"}],"circlet_count":0,"master_deck":["blackbeard:BlackbeardStrike","blackbeard:BlackbeardStrike","blackbeard:BlackbeardStrike","blackbeard:BlackbeardStrike","blackbeard:IntimidatingStrike","blackbeard:BlackbeardDefend","blackbeard:BlackbeardDefend","blackbeard:BlackbeardDefend","blackbeard:BlackbeardDefend+1","blackbeard:Cutlass+1","blackbeard:InfiniteBarrage","blackbeard:Shrapnel","blackbeard:BlindAttacks","blackbeard:GoldenCannonball","blackbeard:WiseDefense","blackbeard:CannonBarrage","blackbeard:TacticalRetreat","blackbeard:BlindAttacks"],"relics":["blackbeard:LoadTheCannons","FossilizedHelix","ReplayTheSpireMod:Ring of Addiction","SacredBark","Potion Belt","ReplayTheSpireMod:Ring of Collecting","Replay:Wax Seal","ReplayTheSpireMod:Ring of Challenge"],"acts_visited":["Exordium"],"potions_floor_usage":[7,7,11,16,16],"damage_taken":[{"damage":0,"enemies":"2 Louse","floor":1,"turns":2},{"damage":6,"enemies":"Jaw Worm","floor":5,"turns":4},{"damage":24,"enemies":"Lagavulin","floor":7,"turns":8},{"damage":5,"enemies":"Small Slimes","floor":11,"turns":3},{"damage":0,"enemies":"Blue Slaver","floor":13,"turns":3},{"damage":15,"enemies":"3 Sentries","floor":14,"turns":6},{"damage":80,"enemies":"The Guardian","floor":16,"turns":14}],"seed_played":"2787911833034511906","potions_obtained":[{"floor":1,"key":"blackbeard:OrangeJuicePotion"},{"floor":4,"key":"blackbeard:OrangeJuicePotion"},{"floor":4,"key":"LiquidMemories"},{"floor":4,"key":"Swift Potion"},{"floor":14,"key":"Block Potion"}],"is_trial":false,"path_per_floor":["M","?","?","?","M","R","E","R","T","$","M","$","M","E","R","B"],"character_chosen":"BLACKBEARD_CLASS","items_purchased":["blackbeard:GoldenCannonball","blackbeard:WiseDefense"],"campfire_rested":1,"item_purchase_floors":[10,10],"current_hp_per_floor":[75,75,80,80,74,74,58,58,58,58,53,53,53,38,60,0,0,0],"gold":70,"neow_bonus":"UPGRADE_CARD","is_daily":false,"chose_seed":false,"campfire_upgraded":1,"win_rate":0.0,"timestamp":1614316511,"path_taken":["M","?","?","?","M","R","E","R","T","$","M","$","M","E","R","BOSS"],"items_purchased_type":["Card","Card"],"build_version":"2020-12-22","purchased_purges":1,"victory":false,"max_hp_per_floor":[75,75,80,80,80,80,80,80,80,80,78,78,78,78,76,76,76,76],"card_choices":[{"not_picked":["blackbeard:Eyepatch","blackbeard:WiseDefense"],"picked":"blackbeard:InfiniteBarrage","floor":1},{"not_picked":["blackbeard:SwordDance","blackbeard:Eyepatch"],"picked":"blackbeard:Shrapnel","floor":5},{"not_picked":["blackbeard:DoubleBottom","blackbeard:BountyHunter"],"picked":"blackbeard:BlindAttacks","floor":7},{"not_picked":["blackbeard:Fencing","blackbeard:TacticalRetreat"],"picked":"blackbeard:CannonBarrage","floor":11},{"not_picked":["blackbeard:Salvager","blackbeard:Shrapnel"],"picked":"blackbeard:TacticalRetreat","floor":13},{"not_picked":["blackbeard:GoldenCannonball","blackbeard:GhostInTheRum"],"picked":"blackbeard:BlindAttacks","floor":14}],"player_experience":7352707,"relics_obtained":[{"floor":2,"key":"FossilizedHelix"},{"floor":4,"key":"ReplayTheSpireMod:Ring of Addiction"},{"floor":4,"key":"SacredBark"},{"floor":4,"key":"Potion Belt"},{"floor":4,"key":"ReplayTheSpireMod:Ring of Collecting"},{"floor":7,"key":"Replay:Wax Seal"},{"floor":9,"key":"ReplayTheSpireMod:Ring of Challenge"}],"event_choices":[{"damage_healed":0,"gold_gain":0,"player_choice":"Donut","damage_taken":0,"max_hp_gain":5,"max_hp_loss":0,"event_name":"Big Fish","floor":3,"gold_loss":0}],"is_beta":false,"boss_relics":[],"items_purged_floors":[10],"is_endless":false,"potions_floor_spawned":[1,14],"killed_by":"The Guardian","ascension_level":0}}