{"host":"lmshf3swj20gmdor","time":1614346745,"event":{"mods":["2.2 Compatiblity","BaseMod","Conspire","Downfall","Googly Eyes","Hubris","Minty Spire (QoL Compilation)","Replay The Spire","Spikes Relics","StSLib","Synergy Search","The Servant 0.9.4"],"gold_per_floor":[99,115,132,40,25,44,98,125,125,145,158,143,183,88,105,105,105,105],"floor_reached":16,"language":"ENG","playtime":641,"items_purged":[],"score":112,"play_id":"1c38153c-1580-475f-88a1-515870d64cee","local_time":"20210226133905","is_ascension_mode":true,"campfire_choices":[{"floor":9,"key":"REST"}],"circlet_count":0,"master_deck":["bronze:Strike","bronze:Strike","bronze:Strike","bronze:Defend","bronze:Defend","bronze:Defend","bronze:Replicate","bronze:Goto","bronze:Overload","bronze:Boost","bronze:ChosenStrike","bronze:Iterate","bronze:ChosenStrike","bronze:Format","bronze:FineTuning","bronze:FineTuning","ReplayTheSpireMod:Splinters","bronze:ForceShield"],"relics":["bronze:BronzeCore","Nunchaku","Bag of Preparation"],"acts_visited":["Exordium"],"potions_floor_usage":[10,16,16,16],"damage_taken":[{"damage":0,"enemies":"Cultist","floor":2,"turns":4},{"damage":12,"enemies":"conspire:RoseBush","floor":3,"turns":3},{"damage":5,"enemies":"downfall:FleeingMerchant","floor":4,"turns":4},{"damage":2,"enemies":"downfall:FleeingMerchant","floor":5,"turns":4},{"damage":2,"enemies":"Jaw Worm","floor":6,"turns":3},{"damage":18,"enemies":"Lagavulin","floor":8,"turns":6},{"damage":5,"enemies":"conspire:2 RoseBushes","floor":10,"turns":4},{"damage":4,"enemies":"2 Fungi Beasts","floor":11,"turns":3},{"damage":5,"enemies":"downfall:FleeingMerchant","floor":12,"turns":4},{"damage":11,"enemies":"downfall:FleeingMerchant","floor":14,"turns":4},{"damage":9,"enemies":"3 Louse","floor":15,"turns":3},{"damage":31,"enemies":"DF_ARCHETYPE_STREAMLINE","floor":16,"turns":6}],"seed_played":"-8109854948367716443","potions_obtained":[{"floor":2,"key":"Slimebound:ThreeZeroPotion"},{"floor":3,"key":"Fire Potion"},{"floor":10,"key":"PowerPotion"},{"floor":13,"key":"sneckomod:MuddlingPotion"},{"floor":13,"key":"SkillPotion"}],"is_trial":false,"path_per_floor":["R","M","M","$","$","M","T","E","R","M","M","$","?","$","M","B"],"character_chosen":"THE_AUTOMATON","items_purchased":["bronze:ChosenStrike","bronze:ForceShield"],"campfire_rested":1,"item_purchase_floors":[4,14],"current_hp_per_floor":[70,70,58,53,51,49,49,31,52,47,43,38,38,27,18,0,0,0],"gold":105,"neow_bonus":"REMOVE_TWO","is_daily":false,"chose_seed":false,"campfire_upgraded":0,"win_rate":0.0,"timestamp":1614346745,"path_taken":["R","M","M","?","$","M","T","E","R","M","M","?","?","$","M","BOSS"],"items_purchased_type":["Card","Card"],"build_version":"2020-12-22","purchased_purges":0,"victory":false,"max_hp_per_floor":[70,70,70,70,70,70,70,70,70,70,70,70,70,70,70,70,70,70],"card_choices":[{"not_picked":["bronze:BitShift","bronze:DarkDash"],"picked":"bronze:Overload","floor":2},{"not_picked":["bronze:DelayedGuard","bronze:ForceShield","bronze:Shell"],"picked":"SKIP","floor":3},{"not_picked":["bronze:Overheat","bronze:Safeguard"],"picked":"bronze:Boost","floor":4},{"not_picked":["bronze:CutThrough","bronze:Boost","bronze:Return"],"picked":"SKIP","floor":5},{"not_picked":["bronze:Invalidate","bronze:CloningBeam"],"picked":"bronze:Iterate","floor":6},{"not_picked":["bronze:CloningBeam","bronze:Frontload"],"picked":"bronze:ChosenStrike","floor":8},{"not_picked":["bronze:Invalidate","bronze:DelayedSlice"],"picked":"bronze:Format","floor":10},{"not_picked":["bronze:BitShift","bronze:Fortify"],"picked":"bronze:FineTuning","floor":11},{"not_picked":["bronze:Frontload","bronze:Deprecate"],"picked":"bronze:FineTuning","floor":12},{"not_picked":["bronze:Philosophize","bronze:FineTuning","bronze:WhirlingStrike"],"picked":"SKIP","floor":14},{"not_picked":["bronze:CloningBeam","bronze:WildBeam","bronze:DelayedSlice"],"picked":"SKIP","floor":15}],"player_experience":856543,"relics_obtained":[{"floor":7,"key":"Nunchaku"},{"floor":8,"key":"Bag of Preparation"}],"event_choices":[],"is_beta":false,"boss_relics":[],"items_purged_floors":[],"is_endless":false,"potions_floor_spawned":[2,3,10],"killed_by":"DF_ARCHETYPE_STREAMLINE","ascension_level":2}}