{"host":"92wx9z21c4p52du4","time":1614379298,"event":{"mods":["Act Like it!","BaseMod","ChefMod","Downfall","Evolution","GungeonMod","Infinite Spire","Minty Spire (QoL Compilation)","Relic Stats","Reliquary","Replay The Spire","StSLib","SuperFastMode","The Hierophant","The Runesmith"],"gold_per_floor":[99,99,99,99,99,133,133,133,133,206,226,226,237,268,280,280,296,393,393,393,406,425,425,425,425,425],"floor_reached":24,"language":"ENG","playtime":1069,"items_purged":["bronze:Strike"],"score":217,"play_id":"1b40b939-d6ed-4035-9096-0cfb07b684c7","local_time":"20210226164138","is_ascension_mode":false,"campfire_choices":[{"data":"bronze:TinkerersToolbox","floor":8,"key":"SMITH"},{"floor":12,"key":"RECALL"},{"floor":20,"key":"DIG"}],"circlet_count":0,"master_deck":["bronze:Strike","bronze:Defend","bronze:Defend","bronze:Defend","bronze:Defend","bronze:Replicate","bronze:Goto","bronze:FindAndReplace","bronze:Branch","bronze:Terminator","bronze:Branch","bronze:Turbo","bronze:TinkerersToolbox+1","bronze:ForLoop","bronze:InfiniteBeams+1","bronze:Terminator","bronze:Turbo","bronze:ChosenStrike","bronze:BurnOut","bronze:NullPointer","infinitespire:Collect"],"relics":["bronze:PlatinumCore","EVO:Axolotl","downfall:HeartsMalice","Potion Belt","ReplayTheSpireMod:Shallot","Frozen Egg 2","DemoMod:SuperHotWatch","infinitespire:Lucky Rock","Toolbox"],"acts_visited":["Exordium","TheCity"],"potions_floor_usage":[18,21,21,24],"damage_taken":[{"damage":0,"enemies":"Cultist","floor":2,"turns":1},{"damage":0,"enemies":"2 Louse","floor":5,"turns":1},{"damage":0,"enemies":"Jaw Worm","floor":7,"turns":1},{"damage":0,"enemies":"downfall:LooterAlt","floor":11,"turns":2},{"damage":0,"enemies":"Large Slime","floor":13,"turns":5},{"damage":0,"enemies":"Lagavulin","floor":14,"turns":7},{"damage":0,"enemies":"3 Louse","floor":15,"turns":4},{"damage":0,"enemies":"Blue Slaver","floor":17,"turns":4},{"damage":10,"enemies":"DF_ARCHETYPE_STREAMLINE","floor":18,"turns":9},{"damage":22,"enemies":"downfall:LooterAlt2","floor":21,"turns":5},{"damage":23,"enemies":"Spheric Guardian","floor":22,"turns":4},{"damage":31,"enemies":"3 Cultists","floor":24,"turns":4}],"seed_played":"8269187996880039008","potions_obtained":[{"floor":6,"key":"Cursed Concoction"},{"floor":11,"key":"bronze:BurnAndBuffPotion"},{"floor":14,"key":"Strength Potion"},{"floor":17,"key":"DistilledChaos"},{"floor":18,"key":"Venom Potion"},{"floor":21,"key":"Explosive Potion"}],"is_trial":false,"path_per_floor":["R","M","PTL","PTL","M","?","M","R","T","T","M","R","M","E","M","?","M","B",null,"R","M","M","AVR","M"],"character_chosen":"THE_AUTOMATON","items_purchased":[],"campfire_rested":0,"item_purchase_floors":[],"current_hp_per_floor":[70,70,70,70,70,53,53,53,53,53,53,53,53,53,53,53,53,43,70,70,48,25,25,0,0,0],"gold":425,"neow_bonus":"THREE_ENEMY_KILL","is_daily":false,"chose_seed":false,"campfire_upgraded":1,"win_rate":0.0,"timestamp":1614379298,"path_taken":["R","M","PTL","PTL","M","?","M","R","T","?","M","R","M","E","M","?","M","BOSS","R","M","M","AVR","M"],"items_purchased_type":[],"build_version":"2020-12-22","purchased_purges":1,"victory":false,"max_hp_per_floor":[70,70,70,70,70,70,70,70,70,70,70,70,70,70,70,70,70,70,70,70,70,70,70,70,70,70],"relic_stats":{"counters":[12,44],"obtain_stats":[{"Potion Belt":6,"DemoMod:SuperHotWatch":14,"bronze:PlatinumCore":19,"bronze:BronzeCore":0,"ReplayTheSpireMod:Shallot":9,"Toolbox":23,"downfall:HeartsMalice":0,"DemoMod:GlassGuonStoneRelic":2,"EVO:Axolotl":0,"infinitespire:Lucky Rock":20,"Frozen Egg 2":10},{"Potion Belt":2,"DemoMod:SuperHotWatch":6,"bronze:PlatinumCore":9,"bronze:BronzeCore":0,"ReplayTheSpireMod:Shallot":3,"Toolbox":11,"downfall:HeartsMalice":0,"DemoMod:GlassGuonStoneRelic":1,"EVO:Axolotl":0,"infinitespire:Lucky Rock":9,"Frozen Egg 2":3},{"Potion Belt":0,"DemoMod:SuperHotWatch":14,"bronze:PlatinumCore":31,"bronze:BronzeCore":0,"ReplayTheSpireMod:Shallot":0,"Toolbox":40,"downfall:HeartsMalice":0,"DemoMod:GlassGuonStoneRelic":0,"EVO:Axolotl":0,"infinitespire:Lucky Rock":31,"Frozen Egg 2":0}]},"card_choices":[{"not_picked":["bronze:Overheat","bronze:WildBeam"],"picked":"bronze:Branch","floor":2},{"not_picked":["bronze:CutThrough","bronze:Repulsor"],"picked":"bronze:Terminator","floor":5},{"not_picked":["bronze:WhirlingStrike","bronze:FineTuning"],"picked":"bronze:Branch","floor":6},{"not_picked":["bronze:ForceShield","bronze:WildBeam"],"picked":"bronze:Turbo","floor":6},{"not_picked":["bronze:FineTuning","bronze:Backtrace"],"picked":"bronze:TinkerersToolbox","floor":7},{"not_picked":["bronze:Iterate","bronze:Overheat"],"picked":"bronze:ForLoop","floor":11},{"not_picked":["bronze:Frontload","bronze:Iterate"],"picked":"bronze:InfiniteBeams+1","floor":13},{"not_picked":["bronze:Overheat","bronze:WildBeam"],"picked":"bronze:Terminator","floor":14},{"not_picked":["bronze:DelayedGuard","bronze:Allocate"],"picked":"bronze:Turbo","floor":15},{"not_picked":["bronze:CutThrough","bronze:Shield","bronze:ItsAFeature+1"],"picked":"SKIP","floor":17},{"not_picked":["bronze:Virus","bronze:HardenedForm+1"],"picked":"bronze:BurnOut","floor":18},{"not_picked":["bronze:DelayedGuard","bronze:WildBeam","bronze:Branch"],"picked":"SKIP","floor":21},{"not_picked":["bronze:Frontload+1","bronze:ChosenStrike"],"picked":"bronze:NullPointer","floor":22}],"player_experience":378179,"relics_obtained":[{"floor":6,"key":"Potion Belt"},{"floor":9,"key":"ReplayTheSpireMod:Shallot"},{"floor":10,"key":"Frozen Egg 2"},{"floor":14,"key":"DemoMod:SuperHotWatch"},{"floor":20,"key":"infinitespire:Lucky Rock"}],"event_choices":[{"damage_healed":0,"gold_gain":0,"cards_transformed":["bronze:Strike"],"player_choice":"Change","damage_taken":0,"max_hp_gain":0,"max_hp_loss":0,"event_name":"Living Wall","floor":16,"gold_loss":0,"cards_obtained":["bronze:ChosenStrike"]}],"is_beta":false,"boss_relics":[{"not_picked":["Honey Jar","SlaversCollar"],"picked":"bronze:PlatinumCore"}],"items_purged_floors":[23],"is_endless":false,"potions_floor_spawned":[11,14,17,18,21],"killed_by":"3 Cultists","ascension_level":0}}