{"host":"uhnh33uh34qot0et","time":1614356577,"event":{"mods":["Act Like it!","BaseMod","Bossed Relics","Colored Map","Downfall","GungeonMod","Hallownest","Hermit","Marisa????????","Minty Spire (QoL Compilation)","Relic Stats","Replay The Spire","Ruina","StSLib","The Construct","The Cursed","The Hierophant","The Servant 0.9.4"],"gold_per_floor":[118,130,130,143,160,192,203,203,203,203,203,230,250,269,269,365,365,384,384,384,384,403,438,438,288,288,300,300,300,316,316,316,415,415,427,427,439,439,45,78,78,78,78],"floor_reached":42,"language":"ENG","playtime":1711,"items_purged":[],"score":506,"play_id":"2862719e-b649-4c9e-9e51-6a04ff1c1a4e","local_time":"20210226172257","is_ascension_mode":false,"campfire_choices":[{"data":"Eruption","floor":8,"key":"SMITH"},{"floor":15,"key":"REST"},{"floor":24,"key":"REST"},{"floor":28,"key":"REST"},{"floor":32,"key":"REST"},{"floor":41,"key":"REST"}],"circlet_count":0,"master_deck":["Strike_P","Strike_P","Strike_P+1","Strike_P","Defend_P","Defend_P","Defend_P+1","Defend_P","Eruption+1","Vigilance","Conclude","FlurryOfBlows+1","DeceiveReality","FlurryOfBlows","EmptyFist","Devotion","Conclude+1","Omniscience+1","EmptyMind","Necronomicurse","FollowUp+1","FlurryOfBlows+1","FlurryOfBlows+1","Brilliance+1","Decay","Alpha+1","EmptyFist+1","Looming Evil","Consecrate+1","Writhe","WindmillStrike+1"],"relics":["PureWater","DemoMod:MonsterBlood","Damaru","Pear","Molten Egg 2","Replay:Bottled Steam","ReplayTheSpireMod:Ninjato","Necronomicon","construct:BoolHorns","MealTicket","Pondfish Scales","Ring of Searing","Ring of Hypnosis","Guide Book","Gremlin Food","hexamod:BolsterEngine"],"acts_visited":["Exordium","TheCity","TheBeyond"],"potions_floor_usage":[12,12,12,35,42,42],"damage_taken":[{"damage":1,"enemies":"Cultist","floor":1,"turns":4},{"damage":0,"enemies":"2 Louse","floor":2,"turns":1},{"damage":3,"enemies":"Jaw Worm","floor":4,"turns":3},{"damage":11,"enemies":"Exordium Thugs","floor":5,"turns":3},{"damage":15,"enemies":"3 Sentries","floor":6,"turns":7},{"damage":0,"enemies":"2 Fungi Beasts","floor":7,"turns":2},{"damage":14,"enemies":"Lagavulin","floor":12,"turns":3},{"damage":8,"enemies":"Exordium Wildlife","floor":13,"turns":3},{"damage":1,"enemies":"Large Slime","floor":14,"turns":5},{"damage":25,"enemies":"Fading Forest","floor":16,"turns":11},{"damage":10,"enemies":"3 Byrds","floor":18,"turns":2},{"damage":28,"enemies":"Shell Parasite","floor":22,"turns":5},{"damage":34,"enemies":"Gremlin Leader","floor":23,"turns":6},{"damage":8,"enemies":"Chosen and Byrds","floor":27,"turns":4},{"damage":4,"enemies":"Snecko","floor":30,"turns":4},{"damage":63,"enemies":"Champ","floor":33,"turns":8},{"damage":15,"enemies":"3 Darklings","floor":35,"turns":5},{"damage":43,"enemies":"3 Shapes","floor":37,"turns":3},{"damage":65,"enemies":"Reptomancer","floor":40,"turns":5},{"damage":30,"enemies":"Spire Growth","floor":42,"turns":3}],"seed_played":"-1888750903589232716","potions_obtained":[{"floor":2,"key":"hexamod:SoulburnPotion"},{"floor":4,"key":"champ:CounterPotion"},{"floor":5,"key":"CultistPotion"},{"floor":33,"key":"Adrenaline Potion"},{"floor":37,"key":"SkillPotion"}],"is_trial":false,"path_per_floor":["M","M","T","M","M","E","M","R","T","?","T","E","M","M","R","B",null,"M","?","?","$","M","E","R","$","T","M","R","?","M","?","R","B",null,"M","?","M","?","$","E","R","M"],"character_chosen":"WATCHER","items_purchased":["MealTicket","Guide Book","Gremlin Food","CultistPotion"],"campfire_rested":5,"item_purchase_floors":[25,39,39,39],"current_hp_per_floor":[78,78,78,75,64,59,59,59,59,41,41,27,19,18,44,29,89,79,79,63,63,35,1,27,27,27,19,45,45,41,41,67,4,89,74,74,31,53,68,3,29,0,0],"gold":78,"neow_bonus":"RANDOM_COMMON_RELIC","is_daily":false,"chose_seed":false,"campfire_upgraded":1,"win_rate":0.0,"timestamp":1614356577,"path_taken":["M","?","?","M","M","E","M","R","T","?","?","E","?","M","R","BOSS","M","?","?","$","M","E","R","?","T","M","R","?","?","?","R","BOSS","M","?","M","?","$","E","R","M"],"items_purchased_type":["Relic","Relic","Relic","Potion"],"build_version":"2020-12-22","purchased_purges":0,"victory":false,"max_hp_per_floor":[79,79,79,79,79,89,89,89,89,89,89,89,89,89,89,89,89,89,89,89,89,89,89,89,89,89,89,89,89,89,89,89,89,89,89,89,89,89,89,89,89,89,89],"relic_stats":{"counters":[20,87],"MealTicket":15,"Necronomicon":[1],"obtain_stats":[{"construct:BoolHorns":23,"Gremlin Food":39,"Pear":6,"ReplayTheSpireMod:Ninjato":12,"Ring of Hypnosis":36,"Guide Book":39,"Damaru":3,"DemoMod:GlassGuonStoneRelic":5,"Ring of Searing":36,"Pondfish Scales":26,"DemoMod:MonsterBlood":0,"Molten Egg 2":9,"MealTicket":25,"Necronomicon":20,"PureWater":0,"hexamod:BolsterEngine":40,"Replay:Bottled Steam":11},{"construct:BoolHorns":13,"Gremlin Food":18,"Pear":5,"ReplayTheSpireMod:Ninjato":7,"Ring of Hypnosis":17,"Guide Book":18,"Damaru":2,"DemoMod:GlassGuonStoneRelic":4,"Ring of Searing":17,"Pondfish Scales":13,"DemoMod:MonsterBlood":0,"Molten Egg 2":6,"MealTicket":13,"Necronomicon":11,"PureWater":0,"hexamod:BolsterEngine":19,"Replay:Bottled Steam":6},{"construct:BoolHorns":55,"Gremlin Food":79,"Pear":18,"ReplayTheSpireMod:Ninjato":23,"Ring of Hypnosis":76,"Guide Book":79,"Damaru":5,"DemoMod:GlassGuonStoneRelic":11,"Ring of Searing":76,"Pondfish Scales":55,"DemoMod:MonsterBlood":0,"Molten Egg 2":20,"MealTicket":55,"Necronomicon":44,"PureWater":0,"hexamod:BolsterEngine":84,"Replay:Bottled Steam":20}]},"card_choices":[{"not_picked":["SashWhip","Crescendo"],"picked":"Conclude","floor":1},{"not_picked":["Pray","Evaluate"],"picked":"FlurryOfBlows","floor":2},{"not_picked":["Replay:BluntJabs","CutThroughFate","ThirdEye"],"picked":"SKIP","floor":4},{"not_picked":["ClearTheMind","Crescendo"],"picked":"DeceiveReality","floor":5},{"not_picked":["ThirdEye","Protect"],"picked":"FlurryOfBlows","floor":6},{"not_picked":["Brilliance","FearNoEvil"],"picked":"EmptyFist","floor":7},{"not_picked":["ThirdEye","Replay:Battleflow"],"picked":"Devotion","floor":12},{"not_picked":["Collect","Study"],"picked":"Conclude+1","floor":13},{"not_picked":["Replay:ManipulateFuture","BowlingBash+1","Halt"],"picked":"SKIP","floor":14},{"not_picked":["Scrawl","Establishment"],"picked":"Omniscience","floor":16},{"not_picked":["CutThroughFate+1","FearNoEvil+1"],"picked":"EmptyMind","floor":18},{"not_picked":["Prostrate","FlyingSleeves+1"],"picked":"FollowUp+1","floor":22},{"not_picked":["Replay:DivineShield","Study+1"],"picked":"FlurryOfBlows+1","floor":23},{"not_picked":["DeceiveReality","Replay:BluntJabs+1","Weave+1"],"picked":"SKIP","floor":27},{"not_picked":["Replay:ManipulateFuture+1","Replay:Cycle"],"picked":"Brilliance+1","floor":30},{"not_picked":["Blasphemy","Scrawl"],"picked":"Alpha","floor":33},{"not_picked":["SashWhip+1","CutThroughFate+1"],"picked":"EmptyFist+1","floor":35},{"not_picked":["LikeWater","ForeignInfluence"],"picked":"Consecrate+1","floor":37},{"not_picked":["Replay:Battleflow+1","EmptyBody"],"picked":"WindmillStrike+1","floor":40}],"player_experience":71549,"relics_obtained":[{"floor":3,"key":"Damaru"},{"floor":6,"key":"Pear"},{"floor":9,"key":"Molten Egg 2"},{"floor":11,"key":"Replay:Bottled Steam"},{"floor":12,"key":"ReplayTheSpireMod:Ninjato"},{"floor":20,"key":"Necronomicon"},{"floor":23,"key":"construct:BoolHorns"},{"floor":26,"key":"Pondfish Scales"},{"floor":36,"key":"Ring of Searing"},{"floor":36,"key":"Ring of Hypnosis"},{"floor":40,"key":"hexamod:BolsterEngine"}],"event_choices":[{"damage_healed":0,"gold_gain":0,"player_choice":"Entered Light","damage_taken":18,"max_hp_gain":0,"max_hp_loss":0,"event_name":"Shining Light","floor":10,"gold_loss":0,"cards_upgraded":["Strike_P","FlurryOfBlows"]},{"damage_healed":0,"gold_gain":0,"player_choice":"Ignored","damage_taken":0,"max_hp_gain":0,"max_hp_loss":0,"event_name":"Ghosts","floor":19,"gold_loss":0},{"damage_healed":0,"gold_gain":0,"player_choice":"Obtained Book","damage_taken":16,"max_hp_gain":0,"max_hp_loss":0,"event_name":"Cursed Tome","floor":20,"gold_loss":0},{"damage_healed":0,"gold_gain":0,"player_choice":"Copied","damage_taken":0,"max_hp_gain":0,"max_hp_loss":0,"event_name":"Duplicator","floor":29,"gold_loss":0,"cards_obtained":["FlurryOfBlows"]},{"damage_healed":0,"gold_gain":0,"player_choice":"Smashed Altar","damage_taken":0,"max_hp_gain":0,"max_hp_loss":0,"event_name":"Forgotten Altar","floor":31,"gold_loss":0,"cards_obtained":["Decay"]},{"damage_healed":22,"gold_gain":0,"player_choice":"Writhe","damage_taken":0,"max_hp_gain":0,"max_hp_loss":0,"event_name":"Winding Halls","floor":38,"gold_loss":0,"cards_obtained":["Writhe"]}],"is_beta":false,"boss_relics":[{"not_picked":["Runic Dome","Replay:Drink Me","Astrolabe"]},{"not_picked":["Coffee Dripper","Sozu","Busted Crown"]}],"items_purged_floors":[],"is_endless":false,"potions_floor_spawned":[2,4,5,6,33,37],"killed_by":"Spire Growth","ascension_level":0}}