{"host":"e1pm3b7xpcm97e5w","time":1614360778,"event":{"mods":["BaseMod","Better Skull","Googly Eyes","Minty Spire (QoL Compilation)","Relic Stats","Shop Mod","Spicy Shops","StSLib"],"gold_per_floor":[114,128,145,46,63,96,96,110,110,142,142,142,27,61,61,135,135,146,146,146],"floor_reached":19,"language":"ENG","playtime":659,"items_purged":["Parasite"],"score":374,"play_id":"7d7a7b8d-d1e9-4886-8841-12d489456eb7","local_time":"20210226123258","is_ascension_mode":true,"campfire_choices":[{"data":"Hemokinesis","floor":7,"key":"SMITH"},{"floor":11,"key":"REST"},{"data":"Berserk","floor":15,"key":"SMITH"}],"circlet_count":0,"master_deck":["AscendersBane","Strike_R","Strike_R","Strike_R","Strike_R","Strike_R","Defend_R","Defend_R","Defend_R","Defend_R","Bash","Offering","Thunderclap","Flame Barrier","Flex","Hemokinesis+1","Burning Pact","Headbutt","Berserk+1","Power Through","Battle Trance","Exhume","True Grit"],"relics":["Burning Blood","OrangePellets","Pocketwatch","Omamori","Tiny Chest","Darkstone Periapt","Runic Pyramid"],"acts_visited":["Exordium","TheCity"],"potions_floor_usage":[6,6,16],"damage_taken":[{"damage":8,"enemies":"Cultist","floor":1,"turns":4},{"damage":6,"enemies":"Small Slimes","floor":2,"turns":2},{"damage":12,"enemies":"2 Louse","floor":3,"turns":3},{"damage":6,"enemies":"Exordium Wildlife","floor":5,"turns":2},{"damage":23,"enemies":"Lagavulin","floor":6,"turns":6},{"damage":8,"enemies":"Red Slaver","floor":8,"turns":2},{"damage":30,"enemies":"3 Sentries","floor":10,"turns":6},{"damage":16,"enemies":"Gremlin Nob","floor":14,"turns":3},{"damage":28,"enemies":"Hexaghost","floor":16,"turns":7},{"damage":11,"enemies":"Chosen","floor":18,"turns":4},{"damage":50,"enemies":"Shell Parasite","floor":19,"turns":5}],"seed_played":"-1464836548673646452","potions_obtained":[{"floor":2,"key":"ColorlessPotion"},{"floor":3,"key":"BlessingOfTheForge"},{"floor":14,"key":"PowerPotion"}],"is_trial":false,"path_per_floor":["M","M","M","$","M","E","R","M","T","E","R","?","$","E","R","B",null,"M","M"],"character_chosen":"IRONCLAD","items_purchased":["OrangePellets","Flex","Power Through"],"campfire_rested":1,"item_purchase_floors":[4,4,13],"current_hp_per_floor":[66,66,60,60,60,43,43,41,41,17,39,75,72,62,62,40,64,59,9,9],"gold":146,"neow_bonus":"ONE_RANDOM_RARE_CARD","is_daily":false,"chose_seed":false,"campfire_upgraded":2,"win_rate":0.0,"timestamp":1614360778,"path_taken":["M","M","?","$","M","E","R","M","T","E","R","?","$","E","R","BOSS","M","M"],"items_purchased_type":["Relic","Card","Card"],"build_version":"2020-12-22","purchased_purges":1,"victory":false,"max_hp_per_floor":[75,75,75,75,75,75,75,75,75,75,75,75,72,72,72,72,72,72,72,72],"relic_stats":{"Darkstone Periapt":0,"OrangePellets":[1],"counters":[11,44],"Tiny Chest":0,"obtain_stats":[{"Darkstone Periapt":14,"OrangePellets":4,"Tiny Chest":10,"Omamori":9,"Burning Blood":0,"Pocketwatch":6,"Runic Pyramid":17},{"Darkstone Periapt":8,"OrangePellets":3,"Tiny Chest":7,"Omamori":6,"Burning Blood":0,"Pocketwatch":5,"Runic Pyramid":9},{"Darkstone Periapt":28,"OrangePellets":9,"Tiny Chest":25,"Omamori":19,"Burning Blood":0,"Pocketwatch":17,"Runic Pyramid":35}],"Burning Blood":60,"Pocketwatch":[29]},"card_choices":[{"not_picked":["Wild Strike","Combust"],"picked":"Thunderclap","floor":1},{"not_picked":["Heavy Blade","Body Slam","Entrench"],"picked":"SKIP","floor":2},{"not_picked":["Clash","Armaments"],"picked":"Flame Barrier","floor":3},{"not_picked":["Iron Wave","Burning Pact"],"picked":"Hemokinesis","floor":5},{"not_picked":["Searing Blow","Twin Strike"],"picked":"Burning Pact","floor":6},{"not_picked":["Bloodletting","Anger"],"picked":"Headbutt","floor":8},{"not_picked":["Heavy Blade","Clothesline"],"picked":"Berserk","floor":10},{"not_picked":["Twin Strike","Entrench"],"picked":"Battle Trance","floor":14},{"not_picked":["Brutality","Impervious"],"picked":"Exhume","floor":16},{"not_picked":["Pommel Strike","Clash"],"picked":"True Grit","floor":18}],"player_experience":728751,"relics_obtained":[{"floor":6,"key":"Pocketwatch"},{"floor":9,"key":"Omamori"},{"floor":10,"key":"Tiny Chest"},{"floor":14,"key":"Darkstone Periapt"}],"event_choices":[{"damage_healed":36,"gold_gain":0,"player_choice":"Full Heal","damage_taken":0,"max_hp_gain":0,"max_hp_loss":0,"event_name":"Wheel of Change","floor":12,"gold_loss":0}],"is_beta":false,"boss_relics":[{"not_picked":["Calling Bell","Black Star"],"picked":"Runic Pyramid"}],"items_purged_floors":[13],"is_endless":false,"potions_floor_spawned":[2,3,14],"killed_by":"Shell Parasite","ascension_level":20}}