{"host":"itsBecauseYnot","time":1614376491,"event":{"mods":["BaseMod","Colored Map","Highlight Path","Minty Spire (QoL Compilation)","Relic Stats","StSLib","everything is the same but u backflip on backflip"],"gold_per_floor":[112,128,128,128,144,144,163,189,189,200,229,229,229,229,229,328,328,353,403,424,13,28,28,28],"floor_reached":23,"language":"ENG","playtime":723,"items_purged":["Strike_B"],"score":382,"play_id":"e346159e-99f1-4716-828d-2f916b418201","local_time":"20210226165451","is_ascension_mode":true,"campfire_choices":[{"data":"Dualcast","floor":6,"key":"SMITH"},{"floor":13,"key":"REST"},{"data":"Defragment","floor":15,"key":"SMITH"}],"circlet_count":0,"master_deck":["AscendersBane","Strike_B","Strike_B","Strike_B","Defend_B","Defend_B","Defend_B","Defend_B","Zap+1","Dualcast+1","Cold Snap","Sweeping Beam","Scrape","Cold Snap","Consume","Defragment+1","Cold Snap+1","All For One+1","Double Energy","Biased Cognition"],"relics":["Cracked Core","Bag of Preparation","Eternal Feather","Sundial","Cables","Molten Egg 2","Golden Idol","Runic Pyramid","ClockworkSouvenir"],"acts_visited":["Exordium","TheCity"],"potions_floor_usage":[10,11,23],"damage_taken":[{"damage":1,"enemies":"Cultist","floor":1,"turns":3},{"damage":8,"enemies":"Small Slimes","floor":2,"turns":2},{"damage":4,"enemies":"2 Louse","floor":5,"turns":3},{"damage":16,"enemies":"Large Slime","floor":7,"turns":5},{"damage":28,"enemies":"Gremlin Nob","floor":8,"turns":4},{"damage":2,"enemies":"Blue Slaver","floor":10,"turns":2},{"damage":10,"enemies":"Lagavulin","floor":11,"turns":5},{"damage":30,"enemies":"Hexaghost","floor":16,"turns":14},{"damage":25,"enemies":"2 Thieves","floor":18,"turns":4},{"damage":7,"enemies":"Spheric Guardian","floor":20,"turns":4},{"damage":0,"enemies":"3 Cultists","floor":22,"turns":4},{"damage":20,"enemies":"Slavers","floor":23,"turns":1}],"seed_played":"7869052288604884132","potions_obtained":[{"floor":2,"key":"EssenceOfSteel"},{"floor":8,"key":"Weak Potion"},{"floor":10,"key":"EssenceOfDarkness"},{"floor":20,"key":"Energy Potion"}],"is_trial":false,"path_per_floor":["M","M","?","?","M","R","M","E","T","M","E","?","R","?","R","B",null,"M","?","M","$","M","E"],"character_chosen":"DEFECT","items_purchased":["ClockworkSouvenir","Biased Cognition"],"campfire_rested":1,"item_purchase_floors":[21,21],"current_hp_per_floor":[63,55,55,55,51,57,41,13,13,11,1,1,31,31,40,10,51,26,26,19,19,19,0,0],"gold":28,"neow_bonus":"RANDOM_COMMON_RELIC","is_daily":false,"chose_seed":false,"campfire_upgraded":2,"win_rate":0.0,"timestamp":1614376491,"path_taken":["M","M","?","?","M","R","M","E","T","?","E","?","R","?","R","BOSS","M","?","M","$","M","E"],"items_purchased_type":["Relic","Card"],"build_version":"2020-12-18","purchased_purges":1,"victory":false,"max_hp_per_floor":[71,71,71,71,71,71,71,71,71,71,71,71,71,64,64,64,64,64,64,64,64,64,64,64],"relic_stats":{"counters":[12,51],"Sundial":[4],"Golden Idol":32,"Eternal Feather":24,"Bag of Preparation":[24],"obtain_stats":[{"Sundial":8,"Golden Idol":14,"Eternal Feather":4,"Molten Egg 2":11,"Bag of Preparation":0,"Cracked Core":0,"Cables":9,"Runic Pyramid":17,"ClockworkSouvenir":21},{"Sundial":5,"Golden Idol":7,"Eternal Feather":2,"Molten Egg 2":7,"Bag of Preparation":0,"Cracked Core":0,"Cables":5,"Runic Pyramid":8,"ClockworkSouvenir":10},{"Sundial":17,"Golden Idol":24,"Eternal Feather":5,"Molten Egg 2":24,"Bag of Preparation":0,"Cracked Core":0,"Cables":17,"Runic Pyramid":38,"ClockworkSouvenir":46}],"Cables":[27,12,11,4,0]},"card_choices":[{"not_picked":["Hologram","Undo"],"picked":"Cold Snap","floor":1},{"not_picked":["Reinforced Body","Barrage"],"picked":"Sweeping Beam","floor":2},{"not_picked":["Glacier","Redo"],"picked":"Scrape","floor":5},{"not_picked":["Reinforced Body","Coolheaded"],"picked":"Cold Snap","floor":7},{"not_picked":["Redo","Rainbow"],"picked":"Consume","floor":8},{"not_picked":["Heatsinks","Barrage"],"picked":"Defragment","floor":10},{"not_picked":["Skim","Steam"],"picked":"Cold Snap+1","floor":11},{"not_picked":["Multi-Cast","Echo Form"],"picked":"All For One+1","floor":16},{"not_picked":["Steam","Stack","Cold Snap+1"],"picked":"SKIP","floor":18},{"not_picked":["Glacier","Conserve Battery"],"picked":"Double Energy","floor":20},{"not_picked":["Glacier","Stack","Steam Power"],"picked":"SKIP","floor":22}],"player_experience":968476,"relics_obtained":[{"floor":8,"key":"Sundial"},{"floor":9,"key":"Cables"},{"floor":11,"key":"Molten Egg 2"}],"event_choices":[{"damage_healed":0,"gold_gain":0,"player_choice":"Grow","damage_taken":0,"max_hp_gain":0,"max_hp_loss":0,"event_name":"Living Wall","floor":3,"gold_loss":0,"cards_upgraded":["Zap"]},{"damage_healed":0,"gold_gain":0,"player_choice":"Gave Potion","damage_taken":0,"relics_obtained":["Eternal Feather"],"max_hp_gain":0,"max_hp_loss":0,"event_name":"WeMeetAgain","floor":4,"gold_loss":0},{"damage_healed":0,"gold_gain":0,"player_choice":"Ignored","damage_taken":0,"max_hp_gain":0,"max_hp_loss":0,"event_name":"Shining Light","floor":12,"gold_loss":0},{"damage_healed":0,"gold_gain":0,"player_choice":"Lose Max HP","damage_taken":0,"relics_obtained":["Golden Idol"],"max_hp_gain":0,"max_hp_loss":7,"event_name":"Golden Idol","floor":14,"gold_loss":0},{"damage_healed":0,"gold_gain":50,"player_choice":"Stole From Cult","damage_taken":0,"max_hp_gain":0,"max_hp_loss":0,"event_name":"Nest","floor":19,"gold_loss":0}],"is_beta":true,"boss_relics":[{"not_picked":["Ectoplasm","Tiny House"],"picked":"Runic Pyramid"}],"items_purged_floors":[21],"is_endless":false,"potions_floor_spawned":[2,8,10,20],"killed_by":"Slavers","ascension_level":18}}