{"host":"5ljn7a5kkcj16tq5","time":1614306370,"event":{"mods":["BaseMod","Curses Come First","Hermit","Minty Spire (QoL Compilation)","StSLib","The Marked","The Runesmith","The Senshi","The Servant 0.9.4"],"gold_per_floor":[113,132,207,259,276,307,307,307,361,379,379,379,391,404,404,506,506,516,696,358,378,395,395,423,435,458,458,475,190,202,202,202],"floor_reached":31,"language":"ENG","playtime":2065,"items_purged":["Runesmith:Defend_RS","Runesmith:Firewall"],"score":259,"play_id":"12aec63b-a352-4715-a716-cd935377c721","local_time":"20210225212610","is_ascension_mode":false,"campfire_choices":[{"floor":8.0,"key":"REST"},{"floor":11.0,"key":"REST"},{"data":"Runesmith:Empowerment","floor":15.0,"key":"SMITH"},{"floor":23,"key":"REST"},{"floor":27,"key":"REST"}],"circlet_count":0,"master_deck":["Runesmith:Strike_RS","Runesmith:Strike_RS","Runesmith:Defend_RS+1","Runesmith:Defend_RS+1","Runesmith:CraftFirestone","Runesmith:Fortify","Runesmith:CraftProtectio","Runesmith:PoweredAnvil","Runesmith:Empowerment+1","Runesmith:EnergizedChisel","Runesmith:ChiselStab","Runesmith:CreatorForm","Runesmith:Firewall+1","Runesmith:CraftReservo+1","Runesmith:Permafrost+1","Runesmith:Retool","Enlightenment","Runesmith:HeatExchange","Runesmith:BackupBattery","Runesmith:EarthShield+1","Runesmith:RuneHurl","Runesmith:Grindstone+1","Apotheosis","Runesmith:ChargedHammer+1"],"relics":["Runesmith:BrokenRuby","Vajra","Sundial","Juzu Bracelet","Astrolabe","Happy Flower","Shovel","Orichalcum"],"acts_visited":["Exordium","TheCity"],"potions_floor_usage":[16,16,22,24,25,31],"damage_taken":[{"damage":2.0,"enemies":"2 Louse","floor":1.0,"turns":3.0},{"damage":1.0,"enemies":"Jaw Worm","floor":2.0,"turns":4.0},{"damage":6.0,"enemies":"Cultist","floor":5.0,"turns":5.0},{"damage":49.0,"enemies":"Gremlin Nob","floor":6.0,"turns":5.0},{"damage":8.0,"enemies":"Large Slime","floor":10.0,"turns":6.0},{"damage":0.0,"enemies":"Exordium Thugs","floor":13.0,"turns":6.0},{"damage":0.0,"enemies":"2 Fungi Beasts","floor":14.0,"turns":5.0},{"damage":16,"enemies":"Slime Boss","floor":16,"turns":7},{"damage":33,"enemies":"3 Byrds","floor":18,"turns":7},{"damage":4,"enemies":"Chosen","floor":21,"turns":6},{"damage":20,"enemies":"Centurion and Healer","floor":22,"turns":8},{"damage":12,"enemies":"Book of Stabbing","floor":24,"turns":8},{"damage":4,"enemies":"Shelled Parasite and Fungi","floor":25,"turns":6},{"damage":6,"enemies":"Chosen and Byrds","floor":28,"turns":8},{"damage":3,"enemies":"3 Cultists","floor":30,"turns":4},{"damage":29,"enemies":"Slavers","floor":31,"turns":2}],"seed_played":"-6723948539625564206","potions_obtained":[{"floor":2.0,"key":"Ancient Potion"},{"floor":6.0,"key":"EssenceOfSteel"},{"floor":10.0,"key":"Swift Potion"},{"floor":13.0,"key":"PowerPotion"},{"floor":21,"key":"ColorlessPotion"},{"floor":24,"key":"PowerPotion"},{"floor":30,"key":"AttackPotion"}],"is_trial":false,"path_per_floor":["M","M","?","T","M","E","?","R","T","M","R","?","M","M","R","B",null,"M","?","$","M","M","R","E","M","T","R","M","$","M","E"],"character_chosen":"RUNESMITH_CLASS","items_purchased":["Happy Flower","Enlightenment","Runesmith:HeatExchange","Apotheosis"],"campfire_rested":4,"item_purchase_floors":[20,20,20,29],"current_hp_per_floor":[75,74,63,63,57,8,13,36,36,28,51,36,36,36,36,20,77,44,25,25,21,1,24,12,8,8,31,25,25,22,0,0],"gold":202,"neow_bonus":"TEN_PERCENT_HP_BONUS","is_daily":false,"chose_seed":false,"campfire_upgraded":1,"win_rate":0.0,"timestamp":1614306370,"path_taken":["M","M","?","?","M","E","?","R","T","M","R","?","M","M","R","BOSS","M","?","$","M","M","R","E","M","T","R","M","?","M","E"],"items_purchased_type":["Relic","Card","Card","Card"],"build_version":"2020-12-22","purchased_purges":2,"victory":false,"max_hp_per_floor":[77,77,77,77,77,77,77,77,77,77,77,77,77,77,77,77,77,77,77,77,77,77,77,77,77,77,77,77,77,77,77,77],"card_choices":[{"not_picked":["Runesmith:ShiftingStrike","Runesmith:Repurpose"],"picked":"Runesmith:CraftProtectio","floor":1.0},{"not_picked":["Runesmith:HammerThrow","Runesmith:HeatedChisel"],"picked":"Runesmith:PoweredAnvil","floor":2.0},{"not_picked":["Runesmith:MakeshiftArmor","Runesmith:OneForEveryone"],"picked":"Runesmith:Empowerment","floor":5.0},{"not_picked":["Runesmith:Repurpose","Runesmith:Terraform"],"picked":"Runesmith:EarthShield","floor":6.0},{"not_picked":["Runesmith:Accelerate","Runesmith:ShiftingStrike"],"picked":"Runesmith:EnergizedChisel","floor":10.0},{"not_picked":["Runesmith:EarthShield","Runesmith:ShiftingStrike"],"picked":"Runesmith:ChiselStab","floor":13.0},{"not_picked":["Runesmith:HammerAndChisel","Runesmith:CraftProtectio"],"picked":"Runesmith:Firewall","floor":14.0},{"not_picked":["Runesmith:CraftIndustria","Runesmith:LightningRod"],"picked":"Runesmith:CreatorForm","floor":16},{"not_picked":["Runesmith:HammerTime","Runesmith:Malloc"],"picked":"Runesmith:Retool","floor":18},{"not_picked":["Runesmith:StaticCage+1","Runesmith:Firewall"],"picked":"Runesmith:BackupBattery","floor":21},{"not_picked":["Runesmith:Retool","Runesmith:CraftReservo","Runesmith:Repurpose"],"picked":"SKIP","floor":22},{"not_picked":["Runesmith:Overpower+1","Runesmith:HeatedChisel"],"picked":"Runesmith:EarthShield+1","floor":24},{"not_picked":["Runesmith:Firewall","Runesmith:Empowerment+1"],"picked":"Runesmith:RuneHurl","floor":25},{"not_picked":["Runesmith:EnergizedChisel","Runesmith:RuneHurl"],"picked":"Runesmith:Grindstone+1","floor":28},{"not_picked":["Runesmith:HammerAndChisel","Runesmith:Firewall"],"picked":"Runesmith:ChargedHammer+1","floor":30}],"player_experience":264869,"relics_obtained":[{"floor":4.0,"key":"Vajra"},{"floor":6.0,"key":"Sundial"},{"floor":9.0,"key":"Juzu Bracelet"},{"floor":24,"key":"Shovel"},{"floor":26,"key":"Orichalcum"}],"event_choices":[{"damage_healed":0.0,"max_hp_gain":0.0,"max_hp_loss":0.0,"gold_gain":75.0,"event_name":"World of Goop","player_choice":"Gather Gold","floor":3.0,"gold_loss":0.0,"damage_taken":11.0},{"cards_removed":["Runesmith:EarthShield"],"damage_healed":5.0,"max_hp_gain":0.0,"max_hp_loss":0.0,"gold_gain":0.0,"event_name":"Bonfire Elementals","player_choice":"Offered Common","floor":7.0,"gold_loss":0.0,"damage_taken":0.0},{"cards_removed":["Runesmith:EarthShield"],"damage_healed":5.0,"max_hp_gain":0.0,"max_hp_loss":0.0,"gold_gain":0.0,"event_name":"Bonfire Elementals","player_choice":"Offered Special","floor":7.0,"gold_loss":0.0,"damage_taken":0.0},{"damage_healed":0.0,"max_hp_gain":0.0,"max_hp_loss":0.0,"gold_gain":0.0,"event_name":"Shining Light","player_choice":"Entered Light","floor":12.0,"gold_loss":0.0,"damage_taken":15.0,"cards_upgraded":["Runesmith:Defend_RS","Runesmith:Defend_RS"]},{"damage_healed":0,"gold_gain":180,"player_choice":"GOLD GOLD ","damage_taken":19,"max_hp_gain":0,"max_hp_loss":0,"event_name":"Knowing Skull","floor":19,"potions_obtained":[],"gold_loss":0,"cards_obtained":[]}],"is_beta":false,"boss_relics":[{"not_picked":["Philosopher\u0027s Stone","Runic Dome"],"picked":"Astrolabe"}],"items_purged_floors":[20,29],"is_endless":false,"potions_floor_spawned":[2,6,10,13,21,24,30],"killed_by":"Slavers","ascension_level":0}}