{"host":"6a9c3xws62y7efyw","time":1614327838,"event":{"mods":["BaseMod","Colored Map","Minty Spire (QoL Compilation)","Relic Stats","StSLib"],"gold_per_floor":[109,109,109,109,128,159,171,198,233,286,317,254,300,326,338,444,456,487,499,113,313,0,25,25,58,58,58,78,91,91,117,117,117,117],"floor_reached":33,"language":"ENG","playtime":1415,"items_purged":[],"score":692,"play_id":"5daf2c7a-7967-47a5-90df-de6da0e190dd","local_time":"20210226002358","is_ascension_mode":true,"campfire_choices":[{"data":"Poisoned Stab","floor":7.0,"key":"SMITH"},{"data":"Caltrops","floor":15.0,"key":"SMITH"},{"floor":24,"key":"REST"},{"data":"Mayhem","floor":27,"key":"SMITH"},{"data":"Catalyst","floor":30,"key":"SMITH"},{"floor":32,"key":"REST"}],"circlet_count":0,"master_deck":["AscendersBane","Strike_G","Strike_G","Strike_G","Defend_G","Defend_G","Defend_G","Defend_G","Defend_G","Survivor","Neutralize","Escape Plan","Endless Agony","Poisoned Stab+1","Bane","Terror","Outmaneuver","Corpse Explosion","Caltrops+1","PiercingWail","A Thousand Cuts","Backstab","Mayhem+1","Acrobatics","Burst","Dash+1","Catalyst+1","Backflip","Well Laid Plans","Cloak And Dagger"],"relics":["Ring of the Snake","NeowsBlessing","Bloody Idol","MawBank","PreservedInsect","Blue Candle","Pocketwatch","Philosopher\u0027s Stone","Membership Card","Potion Belt","Happy Flower","Prayer Wheel","Toy Ornithopter","Pear","Bottled Tornado","Strawberry"],"acts_visited":["Exordium","TheCity"],"potions_floor_usage":[23,25,28,31,33],"damage_taken":[{"damage":0.0,"enemies":"Jaw Worm","floor":1.0,"turns":1.0},{"damage":0.0,"enemies":"2 Louse","floor":5.0,"turns":1.0},{"damage":0.0,"enemies":"3 Sentries","floor":6.0,"turns":1.0},{"damage":0.0,"enemies":"Small Slimes","floor":8.0,"turns":4.0},{"damage":12.0,"enemies":"Lagavulin","floor":10.0,"turns":4.0},{"damage":3.0,"enemies":"3 Louse","floor":11.0,"turns":4.0},{"damage":11.0,"enemies":"Gremlin Nob","floor":13.0,"turns":3.0},{"damage":6.0,"enemies":"Blue Slaver","floor":14.0,"turns":3.0},{"damage":13.0,"enemies":"Hexaghost","floor":16.0,"turns":9.0},{"damage":17.0,"enemies":"Shell Parasite","floor":18.0,"turns":5.0},{"damage":39,"enemies":"Book of Stabbing","floor":23,"turns":4},{"damage":24,"enemies":"Slavers","floor":25,"turns":5},{"damage":14,"enemies":"2 Thieves","floor":28,"turns":4},{"damage":15,"enemies":"Snecko","floor":29,"turns":4},{"damage":14,"enemies":"Gremlin Leader","floor":31,"turns":7},{"damage":62,"enemies":"Collector","floor":33,"turns":8}],"seed_played":"1167978911384527784","potions_obtained":[{"floor":5.0,"key":"ColorlessPotion"},{"floor":6.0,"key":"SteroidPotion"},{"floor":11.0,"key":"AttackPotion"},{"floor":16.0,"key":"LiquidBronze"},{"floor":23,"key":"Explosive Potion"},{"floor":29,"key":"SpeedPotion"},{"floor":31,"key":"SmokeBomb"}],"is_trial":false,"path_per_floor":["M","?","?","?","M","E","R","M","T","E","M","?","E","M","R","B",null,"M","?","$","?","$","E","R","E","T","R","M","M","R","E","R","B"],"character_chosen":"THE_SILENT","items_purchased":["Membership Card","Potion Belt","Mayhem","Fire Potion","Acrobatics","Happy Flower","Prayer Wheel","Burst","Explosive Potion"],"campfire_rested":2,"item_purchase_floors":[20,20,20,20,20,22,22,22,22],"current_hp_per_floor":[59,59,59,59,59,59,59,59,59,47,44,44,33,27,27,14,49,32,32,37,42,42,8,26,22,22,22,23,13,13,16,39,0,0],"gold":117,"neow_bonus":"THREE_ENEMY_KILL","is_daily":false,"chose_seed":false,"campfire_upgraded":4,"win_rate":0.0,"timestamp":1614327838,"path_taken":["M","?","?","?","M","E","R","M","T","E","M","?","E","M","R","BOSS","M","?","$","?","$","E","R","E","T","R","M","?","R","E","R","BOSS"],"items_purchased_type":["Relic","Relic","Card","Potion","Card","Relic","Relic","Card","Potion"],"build_version":"2020-12-22","purchased_purges":0,"victory":false,"max_hp_per_floor":[66,66,66,60,60,60,60,60,60,60,60,60,60,60,60,60,60,60,60,60,60,60,60,60,70,70,70,70,70,70,77,77,77,77],"relic_stats":{"Happy Flower":[10],"counters":[16,67],"Bloody Idol":40,"Blue Candle":[0],"Prayer Wheel":2,"PreservedInsect":183,"MawBank":168,"obtain_stats":[{"Potion Belt":20,"Pear":25,"NeowsBlessing":0,"Happy Flower":22,"Golden Idol":4,"Blue Candle":10,"PreservedInsect":9,"Bottled Tornado":26,"MawBank":6,"Bloody Idol":19,"Strawberry":31,"Philosopher\u0027s Stone":17,"Prayer Wheel":22,"Membership Card":20,"Toy Ornithopter":23,"Ring of the Snake":0,"Pocketwatch":13},{"Potion Belt":10,"Pear":12,"NeowsBlessing":0,"Happy Flower":10,"Golden Idol":1,"Blue Candle":5,"PreservedInsect":4,"Bottled Tornado":12,"MawBank":3,"Bloody Idol":10,"Strawberry":15,"Philosopher\u0027s Stone":9,"Prayer Wheel":10,"Membership Card":10,"Toy Ornithopter":11,"Ring of the Snake":0,"Pocketwatch":7},{"Potion Belt":35,"Pear":44,"NeowsBlessing":0,"Happy Flower":35,"Golden Idol":1,"Blue Candle":11,"PreservedInsect":7,"Bottled Tornado":44,"MawBank":3,"Bloody Idol":35,"Strawberry":59,"Philosopher\u0027s Stone":30,"Prayer Wheel":35,"Membership Card":35,"Toy Ornithopter":39,"Ring of the Snake":0,"Pocketwatch":18}],"Toy Ornithopter":20,"Ring of the Snake":[32],"Pocketwatch":[33]},"card_choices":[{"not_picked":["Dodge and Roll","Catalyst"],"picked":"Escape Plan","floor":1.0},{"not_picked":["Dagger Throw","Tactician"],"picked":"Poisoned Stab","floor":5.0},{"not_picked":["Slice","Sucker Punch"],"picked":"Bane","floor":6.0},{"not_picked":["Prepared","Finisher"],"picked":"Terror","floor":8.0},{"not_picked":["Flechettes","Slice"],"picked":"Outmaneuver","floor":10.0},{"not_picked":["PiercingWail","Acrobatics"],"picked":"Corpse Explosion","floor":11.0},{"not_picked":["Poisoned Stab","Heel Hook"],"picked":"Caltrops","floor":13.0},{"not_picked":["Dagger Spray","Sucker Punch"],"picked":"PiercingWail","floor":14.0},{"not_picked":["Envenom","Die Die Die"],"picked":"A Thousand Cuts","floor":16.0},{"not_picked":["Bane","Terror"],"picked":"Backstab","floor":18.0},{"not_picked":["Flying Knee","Finisher"],"picked":"Dash+1","floor":23},{"not_picked":["PiercingWail+1","Distraction"],"picked":"Catalyst","floor":25},{"not_picked":["Deadly Poison","Dodge and Roll+1"],"picked":"Backflip","floor":28},{"not_picked":["Slice","Concentrate","Acrobatics"],"picked":"SKIP","floor":28},{"not_picked":["Tactician","Glass Knife"],"picked":"Well Laid Plans","floor":29},{"not_picked":["Cloak And Dagger","Dodge and Roll","PiercingWail"],"picked":"SKIP","floor":29},{"not_picked":["Outmaneuver","Quick Slash"],"picked":"Cloak And Dagger","floor":31}],"player_experience":1587660,"relics_obtained":[{"floor":6.0,"key":"MawBank"},{"floor":9.0,"key":"PreservedInsect"},{"floor":10.0,"key":"Blue Candle"},{"floor":13.0,"key":"Pocketwatch"},{"floor":23,"key":"Toy Ornithopter"},{"floor":25,"key":"Pear"},{"floor":26,"key":"Bottled Tornado"},{"floor":31,"key":"Strawberry"}],"event_choices":[{"damage_healed":0.0,"max_hp_gain":0.0,"max_hp_loss":0.0,"gold_gain":0.0,"cards_transformed":["Strike_G"],"event_name":"Living Wall","player_choice":"Change","floor":2.0,"gold_loss":0.0,"damage_taken":0.0,"cards_obtained":["Endless Agony"]},{"damage_healed":0.0,"max_hp_gain":0.0,"max_hp_loss":0.0,"gold_gain":0.0,"event_name":"Liars Game","player_choice":"Ignored","floor":3.0,"gold_loss":0.0,"damage_taken":0.0},{"damage_healed":0.0,"max_hp_gain":0.0,"max_hp_loss":6.0,"gold_gain":0.0,"event_name":"Golden Idol","player_choice":"Lose Max HP","floor":4.0,"gold_loss":0.0,"damage_taken":0.0,"relics_obtained":["Golden Idol"]},{"cards_removed":["Strike_G"],"damage_healed":0.0,"max_hp_gain":0.0,"max_hp_loss":0.0,"gold_gain":0.0,"event_name":"The Cleric","player_choice":"Card Removal","floor":12.0,"gold_loss":75.0,"damage_taken":0.0},{"damage_healed":0.0,"max_hp_gain":0.0,"max_hp_loss":0.0,"gold_gain":0.0,"event_name":"Forgotten Altar","player_choice":"Gave Idol","floor":19.0,"relics_lost":["Golden Idol"],"gold_loss":0.0,"damage_taken":0.0,"relics_obtained":["Bloody Idol"]},{"damage_healed":0,"gold_gain":250,"player_choice":"Bet on Owner","damage_taken":0,"max_hp_gain":0,"max_hp_loss":0,"event_name":"The Joust","floor":21,"gold_loss":50}],"is_beta":false,"boss_relics":[{"not_picked":["Ring of the Serpent","Tiny House"],"picked":"Philosopher\u0027s Stone"}],"items_purged_floors":[],"is_endless":false,"potions_floor_spawned":[5,6,10,11,16,23,29,31],"killed_by":"Collector","ascension_level":20}}