{"host":"xi8yg1ddhptuxb9d","time":1614347091,"event":{"mods":["AchievementEnabler","BaseMod","Block Reminder","Minty Spire (QoL Compilation)","Relic Sorter","StSLib"],"gold_per_floor":[118,131,131,12,26,26,64,21,21,21,42,42,75,99,99,195,195,213,213,213,213],"floor_reached":20,"language":"ENG","playtime":899,"items_purged":["Injury"],"score":429,"play_id":"dc071e5f-eea2-4f07-8481-bbfe8476bd99","local_time":"20210226084451","is_ascension_mode":true,"campfire_choices":[{"data":"Inflame","floor":6,"key":"SMITH"},{"data":"Bash","floor":10,"key":"SMITH"},{"floor":12,"key":"REST"},{"floor":15,"key":"REST"}],"circlet_count":0,"master_deck":["AscendersBane","Strike_R","Strike_R","Strike_R","Strike_R","Strike_R","Defend_R","Defend_R","Defend_R","Defend_R","Bash+1","Second Wind","Inflame+1","Carnage","Twin Strike","Burning Pact","Uppercut","Immolate","Feel No Pain","Corruption","Ghostly Armor"],"relics":["SlaversCollar","Golden Idol","Meat on the Bone","Blue Candle","Art of War","Mark of Pain"],"acts_visited":["Exordium","TheCity"],"potions_floor_usage":[11,11],"damage_taken":[{"damage":5.0,"enemies":"Small Slimes","floor":1.0,"turns":3.0},{"damage":7,"enemies":"2 Louse","floor":2,"turns":3},{"damage":12,"enemies":"Jaw Worm","floor":5,"turns":3},{"damage":15,"enemies":"Lagavulin","floor":7,"turns":4},{"damage":13,"enemies":"Lots of Slimes","floor":11,"turns":4},{"damage":15,"enemies":"3 Sentries","floor":13,"turns":6},{"damage":39,"enemies":"Exordium Thugs","floor":14,"turns":4},{"damage":42,"enemies":"Hexaghost","floor":16,"turns":8},{"damage":27,"enemies":"Chosen","floor":18,"turns":6},{"damage":40,"enemies":"Shell Parasite","floor":20,"turns":5}],"seed_played":"-7139379883835717650","potions_obtained":[{"floor":1.0,"key":"SneckoOil"},{"floor":7,"key":"SkillPotion"},{"floor":11,"key":"FairyPotion"}],"is_trial":false,"path_per_floor":["M","M","?","$","M","R","E","?","T","R","M","R","E","M","R","B",null,"M","?","M"],"character_chosen":"IRONCLAD","items_purchased":["Carnage"],"campfire_rested":2,"item_purchase_floors":[4],"current_hp_per_floor":[63,56,56,56,44,44,29,29,29,29,28,50,47,20,42,34,65,38,38,0,0],"gold":213,"neow_bonus":"BOSS_RELIC","is_daily":false,"chose_seed":false,"campfire_upgraded":2,"win_rate":0.0,"timestamp":1614347091,"path_taken":["M","M","?","$","M","R","E","?","T","R","M","R","E","M","R","BOSS","M","?","M"],"items_purchased_type":["Card"],"build_version":"2020-12-22","purchased_purges":1,"victory":false,"max_hp_per_floor":[75,75,75,75,75,75,75,75,75,75,75,75,75,75,75,75,75,75,75,75,75],"card_choices":[{"not_picked":["Rage","Wild Strike"],"picked":"Second Wind","floor":1.0},{"not_picked":["Havoc","Rage"],"picked":"Inflame","floor":2},{"not_picked":["Thunderclap","Carnage"],"picked":"Twin Strike","floor":5},{"not_picked":["Heavy Blade","Twin Strike"],"picked":"Burning Pact","floor":7},{"not_picked":["Inflame","Disarm"],"picked":"Uppercut","floor":11},{"not_picked":["Shrug It Off","Body Slam"],"picked":"Immolate","floor":13},{"not_picked":["Pommel Strike","Body Slam"],"picked":"Feel No Pain","floor":14},{"not_picked":["Feed","Exhume"],"picked":"Corruption","floor":16},{"not_picked":["Clothesline","Wild Strike"],"picked":"Ghostly Armor","floor":18}],"player_experience":723429,"relics_obtained":[{"floor":7,"key":"Meat on the Bone"},{"floor":9,"key":"Blue Candle"},{"floor":13,"key":"Art of War"}],"event_choices":[{"damage_healed":0,"gold_gain":0,"player_choice":"Take Wound","damage_taken":0,"relics_obtained":["Golden Idol"],"max_hp_gain":0,"max_hp_loss":0,"event_name":"Golden Idol","floor":3,"gold_loss":0,"cards_obtained":["Injury"]},{"damage_healed":0,"gold_gain":0,"player_choice":"Left Gold","damage_taken":0,"max_hp_gain":0,"max_hp_loss":0,"event_name":"World of Goop","floor":8,"gold_loss":43},{"damage_healed":0,"gold_gain":0,"player_choice":"Ignored","damage_taken":0,"max_hp_gain":0,"max_hp_loss":0,"event_name":"Ghosts","floor":19,"gold_loss":0}],"is_beta":false,"boss_relics":[{"not_picked":["Philosopher\u0027s Stone","Black Star"],"picked":"Mark of Pain"}],"items_purged_floors":[4],"is_endless":false,"potions_floor_spawned":[1,7,11],"killed_by":"Shell Parasite","ascension_level":17}}