{"host":"oqyakm3e5m4kt4l3","time":1614316034,"event":{"mods":["2.2 Compatiblity","AchievementEnabler","BaseMod","Better Altar","Better Match","Better Note","Better Sensory Stone","Better Skull","Better Third Choice","BetterRewards","Colored Map","Colored Powertips","Minty Spire (QoL Compilation)","Permanent Neow","Quick Restart","Rare Cards Sparkle","Shop Mod","StSLib","Synergy Search"],"gold_per_floor":[118,118,129,19,19,52,2,2,2,2,2,2],"floor_reached":11,"language":"ENG","playtime":690,"items_purged":["Defend_P"],"score":79,"play_id":"276be168-dc5b-4283-b9fd-a03afb97fd97","local_time":"20210226000714","is_ascension_mode":true,"campfire_choices":[{"floor":8,"key":"REST"},{"data":"Establishment","floor":10,"key":"SMITH"}],"circlet_count":0,"master_deck":["Strike_P","Strike_P","Strike_P","Strike_P","Defend_P","Defend_P","Defend_P","Eruption","Vigilance","Establishment+1","BowlingBash","EmptyMind","MentalFortress","Omniscience"],"relics":["PureWater","Damaru","CeramicFish","TungstenRod"],"acts_visited":["Exordium"],"potions_floor_usage":[6],"damage_taken":[{"damage":12,"enemies":"Jaw Worm","floor":1,"turns":8},{"damage":9,"enemies":"Cultist","floor":3,"turns":6},{"damage":30,"enemies":"3 Sentries","floor":6,"turns":8},{"damage":10,"enemies":"Lagavulin","floor":11,"turns":7}],"seed_played":"-5164712185612676809","potions_obtained":[{"floor":3,"key":"SpeedPotion"}],"is_trial":false,"path_per_floor":["M","?","M","$","$","E","?","R","T","R","E"],"character_chosen":"WATCHER","items_purchased":["MentalFortress"],"campfire_rested":1,"item_purchase_floors":[4],"current_hp_per_floor":[53,53,44,44,44,14,14,33,33,33,23,23],"gold":2,"neow_bonus":"THREE_RARE_CARDS","is_daily":false,"chose_seed":false,"campfire_upgraded":1,"win_rate":0.0,"timestamp":1614316034,"path_taken":["M","?","?","?","$","E","?","R","T","R","E"],"items_purchased_type":["Card"],"build_version":"2020-12-22","purchased_purges":1,"victory":false,"max_hp_per_floor":[65,65,65,65,65,65,65,65,65,65,65,65],"card_choices":[{"not_picked":["Wish","SpiritShield"],"picked":"Establishment","floor":0},{"not_picked":["Evaluate","Crescendo"],"picked":"BowlingBash","floor":1},{"not_picked":["Pray","Halt"],"picked":"EmptyMind","floor":3},{"not_picked":["Worship","Prostrate"],"picked":"Omniscience","floor":6}],"player_experience":582492,"relics_obtained":[{"floor":6,"key":"Damaru"},{"floor":9,"key":"TungstenRod"}],"event_choices":[{"damage_healed":0,"gold_gain":0,"player_choice":"Bought 0 Potions","damage_taken":0,"max_hp_gain":0,"max_hp_loss":0,"event_name":"The Woman in Blue","floor":2,"gold_loss":0},{"damage_healed":0,"gold_gain":0,"player_choice":"Paid Gold","damage_taken":0,"relics_obtained":["CeramicFish"],"max_hp_gain":0,"max_hp_loss":0,"event_name":"WeMeetAgain","floor":7,"gold_loss":50}],"is_beta":false,"boss_relics":[],"items_purged_floors":[4],"is_endless":false,"potions_floor_spawned":[3],"killed_by":"Lagavulin","ascension_level":3}}