{"host":"98tf0o44tbkozlsr","time":1614379695,"event":{"mods":["BaseMod","Bestiary","Minty Spire (QoL Compilation)","Relic Stats","ojb\u0027s Info Mod"],"gold_per_floor":[109,109,120,120,143,182,182,213,213,213,213,47,88,120,132,238,250,277,47,47,60,76,76,126,126,126,162,162,175,175,175,175,175,175],"floor_reached":33,"language":"ENG","playtime":1714,"items_purged":["Perfected Strike"],"score":562,"play_id":"0e287a61-d34f-47ef-942e-9bc79966cd1a","local_time":"20210226144815","is_ascension_mode":true,"campfire_choices":[{"data":"Bludgeon","floor":7.0,"key":"SMITH"},{"data":"Shockwave","floor":10.0,"key":"SMITH"},{"data":"Spot Weakness","floor":15.0,"key":"SMITH"},{"data":"Feed","floor":23.0,"key":"SMITH"},{"data":"Combust","floor":25.0,"key":"SMITH"},{"data":"Headbutt","floor":30.0,"key":"SMITH"},{"data":"Ghostly","floor":32.0,"key":"SMITH"}],"circlet_count":0,"master_deck":["AscendersBane","Strike_R","Strike_R","Strike_R","Defend_R","Defend_R","Defend_R","Defend_R","Bash","Headbutt+1","Bludgeon+1","Shockwave+1","Combust+1","Spot Weakness+1","Feed+1","Disarm+1","Ghostly Armor","Ghostly+1","Ghostly","Ghostly"],"relics":["Burning Blood","NeowsBlessing","Bloody Idol","MealTicket","Unceasing Top","White Beast Statue","Anchor","MawBank","Cursed Key","Lee\u0027s Waffle","Smiling Mask"],"acts_visited":["Exordium","TheCity"],"potions_floor_usage":[33,33],"damage_taken":[{"damage":0.0,"enemies":"Jaw Worm","floor":1.0,"turns":1.0},{"damage":0.0,"enemies":"Small Slimes","floor":3.0,"turns":1.0},{"damage":0.0,"enemies":"2 Louse","floor":5.0,"turns":1.0},{"damage":35.0,"enemies":"Lagavulin","floor":6.0,"turns":7.0},{"damage":25.0,"enemies":"3 Sentries","floor":8.0,"turns":6.0},{"damage":8.0,"enemies":"Lagavulin","floor":13.0,"turns":5.0},{"damage":9.0,"enemies":"2 Fungi Beasts","floor":14.0,"turns":3.0},{"damage":9.0,"enemies":"Hexaghost","floor":16.0,"turns":7.0},{"damage":20.0,"enemies":"2 Thieves","floor":18.0,"turns":4.0},{"damage":10.0,"enemies":"Shell Parasite","floor":21.0,"turns":7.0},{"damage":16.0,"enemies":"Centurion and Healer","floor":22.0,"turns":4.0},{"damage":24.0,"enemies":"Gremlin Leader","floor":27.0,"turns":5.0},{"damage":20.0,"enemies":"3 Cultists","floor":29.0,"turns":4.0},{"damage":54,"enemies":"Automaton","floor":33,"turns":6}],"seed_played":"-8322834056584604508","potions_obtained":[{"floor":3.0,"key":"Explosive Potion"},{"floor":5.0,"key":"Explosive Potion"},{"floor":6.0,"key":"Fruit Juice"},{"floor":13.0,"key":"DuplicationPotion"},{"floor":14.0,"key":"SkillPotion"},{"floor":16.0,"key":"SkillPotion"},{"floor":18.0,"key":"Dexterity Potion"},{"floor":21.0,"key":"ColorlessPotion"},{"floor":22.0,"key":"SneckoOil"},{"floor":27.0,"key":"BlessingOfTheForge"},{"floor":29.0,"key":"Weak Potion"}],"is_trial":false,"path_per_floor":["M","?","M","?","M","E","R","E","T","R","?","$","E","M","R","B",null,"M","$","?","M","M","R","?","R","T","E","?","M","R","?","R","B"],"character_chosen":"IRONCLAD","items_purchased":["Anchor","Lee\u0027s Waffle"],"campfire_rested":0,"item_purchase_floors":[12,19],"current_hp_per_floor":[74,67,73,47,53,24,24,10,10,10,10,25,23,20,20,17,64,50,87,87,86,79,79,79,79,79,65,65,60,60,50,50,0,0],"gold":175,"neow_bonus":"THREE_ENEMY_KILL","is_daily":false,"chose_seed":false,"campfire_upgraded":7,"win_rate":0.0,"timestamp":1614379695,"path_taken":["M","?","M","?","?","E","R","E","T","R","?","$","E","M","R","BOSS","M","$","?","M","M","R","?","R","T","E","?","?","R","?","R","BOSS"],"items_purchased_type":["Relic","Relic"],"build_version":"2020-12-22","purchased_purges":1,"victory":false,"max_hp_per_floor":[75,75,75,75,75,75,75,80,80,80,80,80,80,80,80,80,80,80,87,87,90,93,93,93,93,93,97,97,101,101,50,50,50,50],"relic_stats":{"Lee\u0027s Waffle":22,"counters":[14,61],"Bloody Idol":5,"MealTicket":30,"MawBank":72,"Cursed Key":0,"Smiling Mask":0,"obtain_stats":[{"Anchor":12,"Lee\u0027s Waffle":19,"NeowsBlessing":0,"Golden Idol":4,"Bloody Idol":28,"MealTicket":6,"MawBank":13,"Cursed Key":17,"Smiling Mask":27,"Burning Blood":0,"Unceasing Top":8,"White Beast Statue":9},{"Anchor":5,"Lee\u0027s Waffle":9,"NeowsBlessing":0,"Golden Idol":2,"Bloody Idol":12,"MealTicket":4,"MawBank":6,"Cursed Key":8,"Smiling Mask":12,"Burning Blood":0,"Unceasing Top":5,"White Beast Statue":5},{"Anchor":16,"Lee\u0027s Waffle":35,"NeowsBlessing":0,"Golden Idol":2,"Bloody Idol":51,"MealTicket":10,"MawBank":21,"Cursed Key":31,"Smiling Mask":51,"Burning Blood":0,"Unceasing Top":16,"White Beast Statue":16}],"Burning Blood":78,"Unceasing Top":[0]},"card_choices":[{"not_picked":["Armaments","Entrench"],"picked":"Perfected Strike","floor":1.0},{"not_picked":["Rupture","Flex"],"picked":"Headbutt","floor":3.0},{"not_picked":["Warcry","Inflame"],"picked":"Bludgeon","floor":5.0},{"not_picked":["Havoc","Headbutt","Wild Strike"],"picked":"SKIP","floor":6.0},{"not_picked":["Infernal Blade","Iron Wave"],"picked":"Shockwave","floor":8.0},{"not_picked":["Pummel","Clash","Reckless Charge"],"picked":"SKIP","floor":13.0},{"not_picked":["Thunderclap","Armaments"],"picked":"Spot Weakness","floor":14.0},{"not_picked":["Berserk","Reaper"],"picked":"Feed","floor":16.0},{"not_picked":["Iron Wave+1","Power Through"],"picked":"Disarm+1","floor":18.0},{"not_picked":["Disarm","Reckless Charge"],"picked":"Ghostly Armor","floor":21.0},{"not_picked":["Heavy Blade","Body Slam","Uppercut"],"picked":"SKIP","floor":22.0},{"not_picked":["Metallicize","Sentinel","Wild Strike"],"picked":"SKIP","floor":27.0},{"not_picked":["Pommel Strike","Body Slam","Flex"],"picked":"SKIP","floor":29.0}],"player_experience":994288,"relics_obtained":[{"floor":6.0,"key":"MealTicket"},{"floor":8.0,"key":"Unceasing Top"},{"floor":9.0,"key":"White Beast Statue"},{"floor":13.0,"key":"MawBank"},{"floor":27.0,"key":"Smiling Mask"}],"event_choices":[{"cards_removed":["Strike_R"],"damage_healed":0.0,"max_hp_gain":0.0,"max_hp_loss":0.0,"gold_gain":0.0,"event_name":"Golden Wing","player_choice":"Card Removal","floor":2.0,"gold_loss":0.0,"damage_taken":7.0},{"damage_healed":0.0,"max_hp_gain":0.0,"max_hp_loss":0.0,"gold_gain":0.0,"event_name":"Golden Idol","player_choice":"Take Damage","floor":4.0,"gold_loss":0.0,"damage_taken":26.0,"relics_obtained":["Golden Idol"]},{"damage_healed":0.0,"max_hp_gain":0.0,"max_hp_loss":0.0,"gold_gain":0.0,"cards_transformed":["Strike_R"],"event_name":"Living Wall","player_choice":"Change","floor":11.0,"gold_loss":0.0,"damage_taken":0.0,"cards_obtained":["Combust"]},{"damage_healed":0.0,"max_hp_gain":0.0,"max_hp_loss":0.0,"gold_gain":0.0,"event_name":"Vampires","player_choice":"Ignored","floor":20.0,"gold_loss":0.0,"damage_taken":0.0},{"damage_healed":0.0,"max_hp_gain":0.0,"max_hp_loss":0.0,"gold_gain":50.0,"event_name":"Nest","player_choice":"Stole From Cult","floor":24.0,"gold_loss":0.0,"damage_taken":0.0},{"damage_healed":0.0,"max_hp_gain":0.0,"max_hp_loss":0.0,"gold_gain":0.0,"event_name":"Forgotten Altar","player_choice":"Gave Idol","floor":28.0,"relics_lost":["Golden Idol"],"gold_loss":0.0,"damage_taken":0.0,"relics_obtained":["Bloody Idol"]},{"damage_healed":0.0,"max_hp_gain":0.0,"max_hp_loss":51.0,"gold_gain":0.0,"event_name":"Ghosts","player_choice":"Became a Ghost","floor":31.0,"gold_loss":0.0,"damage_taken":0.0,"cards_obtained":["Ghostly","Ghostly","Ghostly"]}],"is_beta":false,"boss_relics":[{"not_picked":["Ectoplasm","Calling Bell"],"picked":"Cursed Key"}],"items_purged_floors":[19],"is_endless":false,"potions_floor_spawned":[3,5,6,13,14,16,18,21,22,27,29],"killed_by":"Automaton","ascension_level":20}}