{"host":"mc5v85iuptizxtr7","time":1614341389,"event":{"mods":["2.2 Compatiblity","Aspiration","Bard","BaseMod","Bestiary","Colored Map","Colored Powertips","Conspire","Curses Come First","Downfall","Duelist Mod","Hermit","Highlight Path","Hubris","Infinite Spire","Jorbs\u0027s Wanderer Trilogy","LagranYue(???·?)","Mad Scientist","Marisa????????","Minty Spire (QoL Compilation)","Permanent Neow","Random Character Button","Relic Stats","Remilia??????","Replay The Spire","StSLib","The Bladedancer","The Bug Knight","The Cursed","The Disciple","The Druid","The Forsaken","The Hierophant","The IronCluck","The Jungle","The Mystic","The Necromancer","The Runesmith","The Servant 0.9.4","The Valiant","The Wild Card","TheBandit","Wandering Minibosses"],"gold_per_floor":[99,118,64,75,75,6,30,30,50,50,70,70,70,82,95,195,195,195,205,205,205,224,224,224,209,209,209,240,252,252,252,252,252,252],"floor_reached":32,"language":"DEU","playtime":2114,"items_purged":[],"score":248,"play_id":"a3868057-4ffd-4709-8101-2476858ea811","local_time":"20210226130949","is_ascension_mode":false,"campfire_choices":[{"data":"hexamod:Float","floor":1,"key":"SMITH"},{"data":"hexamod:EmpoweredFlame","floor":8,"key":"SMITH"},{"data":"hexamod:GhostOfSpirePast","floor":10,"key":"SMITH"},{"floor":18,"key":"DIG"},{"data":"hexamod:RadiantFlame","floor":27,"key":"SMITH"},{"data":"hexamod:GhostOfSpirePresent","floor":30,"key":"SMITH"}],"circlet_count":0,"master_deck":["hexamod:Strike","hexamod:Strike","hexamod:Strike","hexamod:Strike","hexamod:Defend","hexamod:Defend","hexamod:Defend","hexamod:Defend","hexamod:Sear","hexamod:Float+1","theDuelist:DuelistAscender","Sadistic Nature+1","hexamod:BacktrackSmack","hexamod:HauntingEcho","hexamod:InspiringFlames+1","hexamod:SpectersWail","hexamod:EmpoweredFlame+1","hexamod:FirstSeal","hexamod:GhostOfSpirePast+1","hexamod:SpectralAdrenaline","Sadistic Nature+1","Hallucinations","hexamod:RadiantFlame+1","hexamod:GhostOfSpirePresent+1","hexamod:FourthSeal","hexamod:NightmareGuise+1","hexamod:RadiantFlame"],"relics":["hexamod:SpiritBrand","LagranYue:RandomDrawCardRelic","Juzu Bracelet","Ring of Misfortune","ReplayTheSpireMod:Ring of Exchange","SlaversCollar","Replay:Baseball","theJungle:WildPear","aspiration:TomeofQuesting","theForsaken:ScaryMask","Snack Pack"],"acts_visited":["Exordium","Exordium"],"potions_floor_usage":[19,22,28,28,31],"damage_taken":[{"damage":3,"enemies":"2 Louse","floor":2,"turns":4},{"damage":0,"enemies":"downfall:FleeingMerchant","floor":3,"turns":4},{"damage":0,"enemies":"Cultist","floor":4,"turns":3},{"damage":7,"enemies":"downfall:FleeingMerchant","floor":6,"turns":4},{"damage":0,"enemies":"Small Slimes","floor":9,"turns":3},{"damage":10,"enemies":"downfall:LooterAlt","floor":11,"turns":3},{"damage":2,"enemies":"Exordium Thugs","floor":14,"turns":3},{"damage":12,"enemies":"Blue Slaver","floor":15,"turns":3},{"damage":9,"enemies":"DF_ARCHETYPE_STREAMLINE","floor":16,"turns":6},{"damage":19,"enemies":"theJungle:Flameango_and_Byrd","floor":19,"turns":4},{"damage":20,"enemies":"theJungle:5_Spyders","floor":22,"turns":5},{"damage":5,"enemies":"downfall:FleeingMerchant","floor":25,"turns":4},{"damage":21,"enemies":"theJungle:Cassacara","floor":28,"turns":9},{"damage":25,"enemies":"Snake Plant","floor":29,"turns":5},{"damage":0,"enemies":"downfall:FleeingMerchant","floor":31,"turns":2},{"damage":25,"enemies":"theJungle:2_Flameangoes","floor":32,"turns":2}],"seed_played":"-4221429965415990464","potions_obtained":[{"floor":4,"key":"Weak Potion"},{"floor":15,"key":"Adrenaline Potion"},{"floor":16,"key":"Strength Potion"},{"floor":19,"key":"hexamod:EctoCoolerPotion"},{"floor":22,"key":"Swift Potion"},{"floor":25,"key":"Elixir"},{"floor":28,"key":"sneckomod:MuddlingPotion"},{"floor":29,"key":"SmokeBomb"}],"is_trial":false,"path_per_floor":["R","M","$","M","?","$","T","R","M","R","M","?","?","M","M","B",null,"R_BF","M","?","AVR","M","PTL","PTL","$","T","R","E","M","R","$","M"],"character_chosen":"THE_SPIRIT","items_purchased":["hexamod:InspiringFlames+1","hexamod:FirstSeal"],"campfire_rested":0,"item_purchase_floors":[3,6],"current_hp_per_floor":[70,67,67,67,67,60,60,60,67,67,64,64,64,69,57,55,70,70,58,68,68,55,55,55,57,57,57,43,25,25,25,0,0,0],"gold":252,"neow_bonus":"RANDOM_COLORLESS_2","is_daily":false,"chose_seed":false,"campfire_upgraded":5,"win_rate":0.0,"timestamp":1614341389,"path_taken":["R","M","$","M","?","?","T","R","M","R","M","?","?","M","M","BOSS","R_BF","M","?","AVR","M","PTL","PTL","$","T","R","E","M","R","$","M"],"items_purchased_type":["Card","Card"],"build_version":"2020-12-22","purchased_purges":0,"victory":false,"max_hp_per_floor":[70,70,70,70,70,70,70,70,70,70,70,70,70,70,70,70,70,70,70,80,80,80,80,80,80,80,80,80,80,80,80,80,80,80],"relic_stats":{"counters":[16,64],"Juzu Bracelet":1,"obtain_stats":[{"ReplayTheSpireMod:Ring of Exchange":13,"SlaversCollar":17,"Replay:Baseball":18,"theForsaken:ScaryMask":26,"LagranYue:RandomDrawCardRelic":0,"Ring of Misfortune":13,"aspiration:TomeofQuesting":21,"Juzu Bracelet":7,"theJungle:WildPear":20,"Snack Pack":28,"hexamod:SpiritBrand":0},{"ReplayTheSpireMod:Ring of Exchange":6,"SlaversCollar":9,"Replay:Baseball":9,"theForsaken:ScaryMask":12,"LagranYue:RandomDrawCardRelic":0,"Ring of Misfortune":6,"aspiration:TomeofQuesting":10,"Juzu Bracelet":4,"theJungle:WildPear":10,"Snack Pack":13,"hexamod:SpiritBrand":0},{"ReplayTheSpireMod:Ring of Exchange":21,"SlaversCollar":33,"Replay:Baseball":33,"theForsaken:ScaryMask":46,"LagranYue:RandomDrawCardRelic":0,"Ring of Misfortune":21,"aspiration:TomeofQuesting":37,"Juzu Bracelet":15,"theJungle:WildPear":37,"Snack Pack":55,"hexamod:SpiritBrand":0}]},"card_choices":[{"not_picked":["HandOfGreed","Midas Touch"],"picked":"Sadistic Nature","floor":0},{"not_picked":["hexamod:NightmareGuise","hexamod:Hexaguard"],"picked":"hexamod:BacktrackSmack","floor":2},{"not_picked":["hexamod:Firestarter","hexamod:TurnItUp"],"picked":"hexamod:HauntingEcho","floor":3},{"not_picked":["hexamod:NightmareGuise","hexamod:HauntingEcho"],"picked":"hexamod:SpectersWail","floor":4},{"not_picked":["hexamod:HeatShield","hexamod:InspiringFlames"],"picked":"hexamod:EmpoweredFlame","floor":6},{"not_picked":["hexamod:BurningTouch","hexamod:RainOfEmbers"],"picked":"hexamod:GhostOfSpirePast","floor":9},{"not_picked":["hexamod:Firestarter","hexamod:NightmareStrike"],"picked":"hexamod:SpectralAdrenaline","floor":11},{"not_picked":["hexamod:SwordOfDarkness","hexamod:GhostShield"],"picked":"hexamod:RadiantFlame","floor":14},{"not_picked":["hexamod:Firestarter","hexamod:GhostShield","hexamod:HeatMetal"],"picked":"SKIP","floor":15},{"not_picked":["hexamod:GhostflameInferno","hexamod:TimeWarp"],"picked":"hexamod:GhostOfSpirePresent","floor":16},{"not_picked":["hexamod:Haunt","hexamod:GhostLash"],"picked":"hexamod:FourthSeal","floor":19},{"not_picked":["hexamod:Firestarter","hexamod:InspiringFlames","hexamod:ShieldOfDarkness"],"picked":"SKIP","floor":22},{"not_picked":["hexamod:InspiringFlames+1","hexamod:ShieldOfDarkness"],"picked":"hexamod:NightmareGuise+1","floor":25},{"not_picked":["hexamod:BurningTouch","hexamod:HauntingEcho"],"picked":"hexamod:RadiantFlame","floor":28},{"not_picked":["hexamod:NightmareGuise","hexamod:RetreatToShadows","hexamod:SwordOfDarkness+1"],"picked":"SKIP","floor":29}],"player_experience":234074,"relics_obtained":[{"floor":7,"key":"Juzu Bracelet"},{"floor":13,"key":"Ring of Misfortune"},{"floor":13,"key":"ReplayTheSpireMod:Ring of Exchange"},{"floor":18,"key":"Replay:Baseball"},{"floor":26,"key":"theForsaken:ScaryMask"},{"floor":28,"key":"Snack Pack"}],"event_choices":[],"is_beta":false,"boss_relics":[{"not_picked":["ReplayTheSpireMod:ShopPack","hubris:HollowSoul"],"picked":"SlaversCollar"}],"items_purged_floors":[],"is_endless":false,"potions_floor_spawned":[4,15,16,19],"killed_by":"theJungle:2_Flameangoes","ascension_level":0}}