{"host":"254qdhpnbonm8z0p","time":1614321432,"event":{"mods":["AchievementEnabler","BaseMod","Block Reminder","Colored Map","Colored Powertips","Minty Spire (QoL Compilation)","SuperFastMode","ojb\u0027s Better Paths Mod"],"gold_per_floor":[14,24,24,24,44,44,59,59,141,168,183,183,183,37,37,133,133,143,68,68,68,49,49,59,59,59,59,70,70,86,86,86],"floor_reached":31,"language":"ENG","playtime":2199,"items_purged":["Defend_B"],"score":270,"play_id":"db37a543-89d2-4b01-8006-f34a3ed0f9c3","local_time":"20210225223712","is_ascension_mode":true,"campfire_choices":[{"data":"Leap","floor":6,"key":"SMITH"},{"data":"Undo","floor":8,"key":"SMITH"},{"floor":12,"key":"REST"},{"data":"Loop","floor":15,"key":"SMITH"},{"data":"Defragment","floor":23,"key":"SMITH"},{"data":"Sunder","floor":25,"key":"SMITH"},{"floor":29,"key":"REST"}],"circlet_count":0,"master_deck":["Strike_B","Defend_B","Defend_B","Zap","Dualcast","Streamline","Ball Lightning","Multi-Cast","Leap+1","Undo+1","Cold Snap","Loop+1","CurseOfTheBell","Sunder+1","Defragment+1","Capacitor+1","Conserve Battery"],"relics":["Cracked Core","White Beast Statue","Nunchaku","Lee\u0027s Waffle","Calling Bell","Anchor","Symbiotic Virus","Unceasing Top","Kunai"],"acts_visited":["Exordium","TheCity"],"potions_floor_usage":[13,31],"damage_taken":[{"damage":3,"enemies":"Jaw Worm","floor":1,"turns":4},{"damage":3,"enemies":"Small Slimes","floor":2,"turns":3},{"damage":0,"enemies":"Cultist","floor":5,"turns":2},{"damage":18,"enemies":"Lots of Slimes","floor":7,"turns":4},{"damage":7,"enemies":"Lagavulin","floor":10,"turns":6},{"damage":12,"enemies":"3 Louse","floor":11,"turns":3},{"damage":0,"enemies":"3 Sentries","floor":13,"turns":1},{"damage":69,"enemies":"Slime Boss","floor":16,"turns":14},{"damage":19,"enemies":"Shell Parasite","floor":18,"turns":6},{"damage":8,"enemies":"2 Thieves","floor":22,"turns":4},{"damage":24,"enemies":"Snecko","floor":24,"turns":4},{"damage":38,"enemies":"Snake Plant","floor":28,"turns":4},{"damage":22,"enemies":"Sentry and Sphere","floor":30,"turns":4},{"damage":18,"enemies":"3 Cultists","floor":31,"turns":3}],"seed_played":"4112213886908955936","potions_obtained":[{"floor":2,"key":"SteroidPotion"},{"floor":7,"key":"SmokeBomb"},{"floor":10,"key":"EssenceOfDarkness"},{"floor":11,"key":"PowerPotion"},{"floor":16,"key":"DuplicationPotion"},{"floor":22,"key":"FocusPotion"}],"is_trial":false,"path_per_floor":["M","M","?","?","M","R","M","R","T","E","M","R","E","$","R","B",null,"M","$","?","?","M","R","M","R","T","?","M","R","M","M"],"character_chosen":"DEFECT","items_purchased":["Lee\u0027s Waffle"],"campfire_rested":2,"item_purchase_floors":[14],"current_hp_per_floor":[72,69,69,75,75,75,57,57,57,50,38,60,60,82,82,13,82,63,63,82,82,74,74,50,50,50,50,12,36,14,0,0],"gold":86,"neow_bonus":"REMOVE_TWO","is_daily":false,"chose_seed":false,"campfire_upgraded":5,"win_rate":0.0,"timestamp":1614321432,"path_taken":["M","M","?","?","M","R","M","R","T","E","?","R","E","$","R","BOSS","M","?","?","?","M","R","M","R","T","?","?","R","M","M"],"items_purchased_type":["Relic"],"build_version":"2020-12-22","purchased_purges":1,"victory":false,"max_hp_per_floor":[75,75,75,75,75,75,75,75,75,75,75,75,75,82,82,82,82,82,82,82,82,82,82,82,82,82,82,82,82,82,82,82],"card_choices":[{"not_picked":["Skim","Gash"],"picked":"Streamline","floor":1},{"not_picked":["Rebound","Cold Snap"],"picked":"Ball Lightning","floor":2},{"not_picked":["Turbo","Barrage"],"picked":"Leap","floor":5},{"not_picked":["Double Energy","Streamline"],"picked":"Undo","floor":7},{"not_picked":["Fusion","FTL"],"picked":"Cold Snap","floor":10},{"not_picked":["Leap","Conserve Battery"],"picked":"Loop","floor":11},{"not_picked":["Streamline","Sweeping Beam"],"picked":"Sunder","floor":18},{"not_picked":["Cold Snap","Chill+1"],"picked":"Defragment","floor":22},{"not_picked":["Streamline","Rip and Tear+1"],"picked":"Capacitor+1","floor":24},{"not_picked":["Compile Driver","Rebound","Tempest+1"],"picked":"SKIP","floor":28},{"not_picked":["Rip and Tear","Stack+1"],"picked":"Conserve Battery","floor":30}],"player_experience":167224,"relics_obtained":[{"floor":9,"key":"White Beast Statue"},{"floor":10,"key":"Nunchaku"},{"floor":17,"key":"Anchor"},{"floor":17,"key":"Symbiotic Virus"},{"floor":17,"key":"Unceasing Top"},{"floor":26,"key":"Kunai"}],"event_choices":[{"damage_healed":0,"gold_gain":0,"cards_transformed":["Defend_B"],"player_choice":"Change","damage_taken":0,"max_hp_gain":0,"max_hp_loss":0,"event_name":"Living Wall","floor":3,"gold_loss":0,"cards_obtained":["Multi-Cast"]},{"damage_healed":6,"gold_gain":0,"player_choice":"Full Heal","damage_taken":0,"max_hp_gain":0,"max_hp_loss":0,"event_name":"Wheel of Change","floor":4,"gold_loss":0},{"damage_healed":27,"gold_gain":0,"player_choice":"Heal","damage_taken":0,"max_hp_gain":0,"max_hp_loss":0,"event_name":"The Library","floor":20,"gold_loss":0},{"damage_healed":0,"gold_gain":0,"player_choice":"Ignored","damage_taken":0,"max_hp_gain":0,"max_hp_loss":0,"event_name":"Ghosts","floor":21,"gold_loss":0},{"cards_removed":["Strike_B"],"damage_healed":0,"gold_gain":0,"player_choice":"Offered Basic","damage_taken":0,"max_hp_gain":0,"max_hp_loss":0,"event_name":"Bonfire Elementals","floor":27,"gold_loss":0}],"is_beta":false,"boss_relics":[{"not_picked":["SacredBark","Runic Pyramid"],"picked":"Calling Bell"}],"items_purged_floors":[19],"is_endless":false,"potions_floor_spawned":[2,7,10,11,13,16,18,22,24,28,30],"killed_by":"3 Cultists","ascension_level":2}}