{"host":"tner83jrcdd0m6a5","time":1614317945,"event":{"mods":["AchievementEnabler","BaseMod","Bestiary","Colored Map","Colored Powertips","DeckTracker","Highlight Path","Keyboard Shortcuts","Minty Spire (QoL Compilation)","Quick Restart","Rare Cards Sparkle","Relic Stats","Slay-I","SuperFastMode"],"gold_per_floor":[111,126,126,138,313,313,330,330,356,356,409,127,157,168,168,168,168],"floor_reached":16,"language":"ENG","playtime":870,"items_purged":["Doubt"],"score":125,"play_id":"e4653238-8037-470a-b92d-f03d9beac088","local_time":"20210226053905","is_ascension_mode":true,"campfire_choices":[{"data":"Storm of Steel","floor":6,"key":"SMITH"},{"data":"Masterful Stab","floor":8,"key":"SMITH"},{"floor":15,"key":"REST"}],"circlet_count":0,"master_deck":["Strike_G","Strike_G","Strike_G","Strike_G+1","Strike_G","Defend_G","Defend_G","Defend_G","Defend_G","Defend_G","Survivor+1","Neutralize","Storm of Steel+1","Masterful Stab+1","Cloak And Dagger","Impatience","Footwork","Backflip","Predator"],"relics":["Ring of the Snake","Bag of Preparation","Oddly Smooth Stone","Snake Skull"],"acts_visited":["Exordium"],"potions_floor_usage":[16],"damage_taken":[{"damage":0,"enemies":"Jaw Worm","floor":1,"turns":6},{"damage":0,"enemies":"2 Louse","floor":2,"turns":2},{"damage":1,"enemies":"Cultist","floor":4,"turns":4},{"damage":0,"enemies":"Large Slime","floor":7,"turns":5},{"damage":27,"enemies":"Gremlin Nob","floor":13,"turns":5},{"damage":0,"enemies":"Looter","floor":14,"turns":4},{"damage":30,"enemies":"Slime Boss","floor":16,"turns":6}],"seed_played":"6909622182348270565","potions_obtained":[{"floor":1,"key":"BlessingOfTheForge"},{"floor":2,"key":"Block Potion"}],"is_trial":false,"path_per_floor":["M","M","?","M","?","R","M","R","T","?","T","$","E","M","R","B"],"character_chosen":"THE_SILENT","items_purchased":["Cloak And Dagger","Impatience","Footwork"],"campfire_rested":1,"item_purchase_floors":[12,12,12],"current_hp_per_floor":[49,49,49,48,48,48,48,48,48,34,34,34,7,7,28,0,0],"gold":168,"neow_bonus":"THREE_RARE_CARDS","is_daily":false,"chose_seed":false,"campfire_upgraded":2,"win_rate":0.0,"timestamp":1614317945,"path_taken":["M","M","?","M","?","R","M","R","T","?","?","?","E","M","R","BOSS"],"items_purchased_type":["Card","Card","Card"],"build_version":"2020-12-22","purchased_purges":1,"victory":false,"max_hp_per_floor":[70,70,70,70,70,70,70,70,70,70,70,70,70,70,70,70,70],"relic_stats":{"counters":[7,32],"Snake Skull":[0],"Bag of Preparation":[6],"obtain_stats":[{"Oddly Smooth Stone":11,"Snake Skull":13,"Bag of Preparation":9,"Ring of the Snake":0},{"Oddly Smooth Stone":4,"Snake Skull":5,"Bag of Preparation":4,"Ring of the Snake":0},{"Oddly Smooth Stone":17,"Snake Skull":22,"Bag of Preparation":17,"Ring of the Snake":0}],"Ring of the Snake":[14]},"card_choices":[{"not_picked":["Envenom","Burst"],"picked":"Storm of Steel","floor":0},{"not_picked":["Prepared","Bouncing Flask"],"picked":"Masterful Stab","floor":1},{"not_picked":["Quick Slash","PiercingWail","Flying Knee"],"picked":"SKIP","floor":2},{"not_picked":["Poisoned Stab","Sucker Punch","Deadly Poison"],"picked":"SKIP","floor":4},{"not_picked":["Acrobatics","Dodge and Roll","Deadly Poison"],"picked":"SKIP","floor":7},{"not_picked":["All Out Attack","Flechettes"],"picked":"Backflip","floor":13},{"not_picked":["Deadly Poison","Terror"],"picked":"Predator","floor":14}],"player_experience":380518,"relics_obtained":[{"floor":9,"key":"Bag of Preparation"},{"floor":11,"key":"Oddly Smooth Stone"},{"floor":13,"key":"Snake Skull"}],"event_choices":[{"damage_healed":0,"gold_gain":0,"player_choice":"Ignored","damage_taken":0,"max_hp_gain":0,"max_hp_loss":0,"event_name":"Golden Idol","floor":3,"gold_loss":0},{"damage_healed":0,"gold_gain":175,"player_choice":"AGREE","damage_taken":0,"max_hp_gain":0,"max_hp_loss":0,"event_name":"Liars Game","floor":5,"gold_loss":0,"cards_obtained":["Doubt"]},{"damage_healed":0,"gold_gain":0,"player_choice":"Entered Light","damage_taken":14,"max_hp_gain":0,"max_hp_loss":0,"event_name":"Shining Light","floor":10,"gold_loss":0,"cards_upgraded":["Survivor","Strike_G"]}],"is_beta":false,"boss_relics":[],"items_purged_floors":[12],"is_endless":false,"potions_floor_spawned":[1,2],"killed_by":"Slime Boss","ascension_level":5}}