{"host":"4i5cwwpk4hy0hzn4","time":1614339181,"event":{"mods":["BaseMod","Bestiary","Block Reminder","Colored Powertips","Minty Spire (QoL Compilation)","Quick Restart","Slay-I"],"gold_per_floor":[112,112,112,129,48,83,98,98,98,117,42,61,94,109,109,186,186,205,205,193,126,139,139,166,166,192,192,223,238,272,1,1,1,1],"floor_reached":33,"language":"DEU","playtime":1396,"items_purged":["Writhe"],"score":595,"play_id":"073ab60d-7517-4766-8e45-ea293e9910a1","local_time":"20210226123301","is_ascension_mode":true,"campfire_choices":[{"data":"Body Slam","floor":8,"key":"SMITH"},{"floor":15,"key":"REST"},{"floor":23,"key":"REST"},{"floor":25,"key":"REST"},{"floor":27,"key":"REST"},{"floor":32,"key":"REST"}],"circlet_count":0,"master_deck":["AscendersBane","Strike_R","Strike_R","Strike_R","Strike_R+1","Defend_R","Defend_R","Defend_R","Defend_R","Bash+1","Armaments","Dark Embrace","Inflame","Body Slam+1","Evolve","Feel No Pain","Sword Boomerang","Impervious","Metallicize","Juggernaut","Wild Strike","Rage+1","Sever Soul+1","Second Wind","Sentinel","Entrench","Blood for Blood","Flame Barrier","Pummel","Exhume","Shrug It Off","Clothesline+1"],"relics":["Burning Blood","NeowsBlessing","Toy Ornithopter","Unceasing Top","Whetstone","Question Card","Dead Branch","Fusion Hammer","Ginger","Dream Catcher","Bottled Lightning","Regal Pillow","Centennial Puzzle","Art of War","Sling"],"acts_visited":["Exordium","TheCity"],"potions_floor_usage":[10,14,20,20,28,30,33],"damage_taken":[{"damage":0,"enemies":"2 Louse","floor":1,"turns":1},{"damage":0,"enemies":"Jaw Worm","floor":4,"turns":1},{"damage":0,"enemies":"3 Sentries","floor":6,"turns":2},{"damage":7,"enemies":"Small Slimes","floor":7,"turns":4},{"damage":3,"enemies":"2 Fungi Beasts","floor":10,"turns":4},{"damage":13,"enemies":"Looter","floor":12,"turns":4},{"damage":30,"enemies":"Lagavulin","floor":13,"turns":7},{"damage":22,"enemies":"Lots of Slimes","floor":14,"turns":3},{"damage":48,"enemies":"Slime Boss","floor":16,"turns":14},{"damage":1,"enemies":"Chosen","floor":18,"turns":4},{"damage":16,"enemies":"2 Thieves","floor":20,"turns":4},{"damage":17,"enemies":"Cultist and Chosen","floor":22,"turns":5},{"damage":65,"enemies":"Gremlin Leader","floor":24,"turns":6},{"damage":12,"enemies":"Book of Stabbing","floor":28,"turns":2},{"damage":14,"enemies":"Shelled Parasite and Fungi","floor":29,"turns":7},{"damage":65,"enemies":"Slavers","floor":30,"turns":7},{"damage":68,"enemies":"Automaton","floor":33,"turns":6}],"seed_played":"5908393806360497210","potions_obtained":[{"floor":6,"key":"Block Potion"},{"floor":13,"key":"ColorlessPotion"},{"floor":16,"key":"ColorlessPotion"},{"floor":18,"key":"Energy Potion"},{"floor":24,"key":"DistilledChaos"},{"floor":28,"key":"HeartOfIron"},{"floor":30,"key":"BlessingOfTheForge"}],"is_trial":false,"path_per_floor":["M","?","T","M","$","E","M","R","T","M","?","M","E","M","R","B",null,"M","?","M","?","M","R","E","R","T","R","E","M","E","$","R","B"],"character_chosen":"IRONCLAD","items_purchased":["Inflame","Sling","Shrug It Off"],"campfire_rested":5,"item_purchase_floors":[5,31,31],"current_hp_per_floor":[74,69,69,75,75,75,74,74,74,75,75,68,44,33,55,13,60,65,65,65,65,54,75,16,38,38,75,74,66,12,12,49,0,0],"gold":1,"neow_bonus":"THREE_ENEMY_KILL","is_daily":false,"chose_seed":false,"campfire_upgraded":1,"win_rate":0.0,"timestamp":1614339181,"path_taken":["M","?","?","M","$","E","M","R","T","?","?","M","E","M","R","BOSS","M","?","M","?","M","R","E","R","T","R","E","?","E","$","R","BOSS"],"items_purchased_type":["Card","Relic","Card"],"build_version":"2020-12-22","purchased_purges":1,"victory":false,"max_hp_per_floor":[75,75,75,75,75,75,75,75,75,75,75,75,75,75,75,75,75,75,75,75,75,75,75,75,75,75,75,75,75,75,75,75,75,75],"card_choices":[{"not_picked":["Iron Wave","Cleave"],"picked":"Armaments","floor":1},{"not_picked":["Cleave","Perfected Strike"],"picked":"Dark Embrace","floor":4},{"not_picked":["Whirlwind","Pummel"],"picked":"Body Slam","floor":6},{"not_picked":["Sword Boomerang","Havoc"],"picked":"Evolve","floor":7},{"not_picked":["Carnage","Body Slam","Reckless Charge"],"picked":"Feel No Pain","floor":10},{"not_picked":["Whirlwind","Cleave","True Grit"],"picked":"Sword Boomerang","floor":12},{"not_picked":["Berserk","Heavy Blade","Wild Strike"],"picked":"Impervious","floor":13},{"not_picked":["Flex","Second Wind","Sword Boomerang"],"picked":"Metallicize","floor":14},{"not_picked":["Double Tap","Brutality","Bludgeon"],"picked":"Juggernaut","floor":16},{"not_picked":["Spot Weakness","Inflame","Iron Wave"],"picked":"Wild Strike","floor":18},{"not_picked":["Clash","Perfected Strike","True Grit"],"picked":"Rage+1","floor":20},{"not_picked":["Sword Boomerang","Flex","Rupture"],"picked":"Sever Soul+1","floor":22},{"not_picked":["Clothesline","Sever Soul","Headbutt"],"picked":"Second Wind","floor":23},{"not_picked":["Burning Pact","Searing Blow","Clash"],"picked":"Sentinel","floor":24},{"not_picked":["Sword Boomerang","Cleave","Heavy Blade"],"picked":"Entrench","floor":25},{"not_picked":["Flame Barrier","Sword Boomerang","Sentinel"],"picked":"Blood for Blood","floor":27},{"not_picked":["Bludgeon","Power Through","Warcry"],"picked":"Flame Barrier","floor":28},{"not_picked":["Infernal Blade","Rampage","Dropkick"],"picked":"Pummel","floor":29},{"not_picked":["Armaments","Headbutt","Twin Strike"],"picked":"Exhume","floor":30},{"not_picked":["Headbutt","Thunderclap","Body Slam"],"picked":"Clothesline+1","floor":32}],"player_experience":701032,"relics_obtained":[{"floor":3,"key":"Unceasing Top"},{"floor":6,"key":"Whetstone"},{"floor":9,"key":"Question Card"},{"floor":13,"key":"Dead Branch"},{"floor":24,"key":"Bottled Lightning"},{"floor":26,"key":"Regal Pillow"},{"floor":28,"key":"Centennial Puzzle"},{"floor":30,"key":"Art of War"}],"event_choices":[{"damage_healed":0,"gold_gain":0,"player_choice":"Success","damage_taken":5,"relics_obtained":["Toy Ornithopter"],"max_hp_gain":0,"max_hp_loss":0,"event_name":"Scrap Ooze","floor":2,"gold_loss":0},{"cards_removed":["Strike_R"],"damage_healed":0,"gold_gain":0,"player_choice":"Card Removal","damage_taken":0,"max_hp_gain":0,"max_hp_loss":0,"event_name":"The Cleric","floor":11,"gold_loss":75},{"damage_healed":0,"gold_gain":0,"player_choice":"Opened","damage_taken":0,"relics_obtained":["Ginger"],"max_hp_gain":0,"max_hp_loss":0,"event_name":"The Mausoleum","floor":19,"gold_loss":0,"cards_obtained":["Writhe"]},{"damage_healed":0,"gold_gain":0,"player_choice":"Paid Gold","damage_taken":0,"relics_obtained":["Dream Catcher"],"max_hp_gain":0,"max_hp_loss":0,"event_name":"WeMeetAgain","floor":21,"gold_loss":67}],"is_beta":false,"boss_relics":[{"not_picked":["Runic Cube","Astrolabe"],"picked":"Fusion Hammer"}],"items_purged_floors":[31],"is_endless":false,"potions_floor_spawned":[6,13,16,18,24,28,30],"killed_by":"Automaton","ascension_level":15}}