{"host":"04x9isxu4s2lvye3","time":1614311380,"event":{"mods":["BaseMod","Colored Powertips","Highlight Path","Minty Spire (QoL Compilation)"],"gold_per_floor":[115,115,190,200,200,200,235,235,235,250,265,285,285,295,295,372,372,388,433,449,9,9,9,25,59,59,92,107,32,48,76,76,149,149,165,185,85,97,116,116,116,136,161,36,36,36,36,36,36,36],"floor_reached":51,"language":"ENG","playtime":2532,"items_purged":["Strike_G","Strike_G","Strike_G"],"score":1358,"play_id":"b5db3f20-438e-47b7-b494-341c519d47f0","local_time":"20210225224940","is_ascension_mode":true,"campfire_choices":[{"data":"Flying Knee","floor":6.0,"key":"SMITH"},{"data":"Blade Dance","floor":8.0,"key":"SMITH"},{"floor":13.0,"key":"REST"},{"data":"Accuracy","floor":15.0,"key":"SMITH"},{"data":"Burst","floor":23.0,"key":"SMITH"},{"floor":32.0,"key":"REST"},{"data":"1","floor":40.0,"key":"LIFT"},{"data":"2","floor":45.0,"key":"LIFT"},{"data":"3","floor":47.0,"key":"LIFT"},{"floor":49.0,"key":"DIG"}],"circlet_count":0,"master_deck":["AscendersBane","Strike_G","Strike_G","Defend_G","Defend_G","Defend_G","Defend_G","Defend_G","Survivor","Neutralize+1","Flying Knee+1","Blade Dance+1","Blade Dance+1","Outmaneuver","Accuracy+1","Backflip","Burst+1","Acrobatics","Cloak And Dagger","Dodge and Roll+1","Dagger Throw+1","Dodge and Roll+1","Prepared+1"],"relics":["Ring of the Snake","NeowsBlessing","Art of War","Eternal Feather","Busted Crown","Omamori","Ninja Scroll","Nunchaku","Oddly Smooth Stone","Tingsha","Darkstone Periapt","Ancient Tea Set","Girya","Calling Bell","Potion Belt","White Beast Statue","The Specimen","Regal Pillow","Shovel","Ornamental Fan"],"acts_visited":["Exordium","TheCity","TheBeyond"],"potions_floor_usage":[50],"damage_taken":[{"damage":0.0,"enemies":"Small Slimes","floor":1.0,"turns":1.0},{"damage":0.0,"enemies":"Cultist","floor":4.0,"turns":1.0},{"damage":0.0,"enemies":"Gremlin Nob","floor":7.0,"turns":1.0},{"damage":1.0,"enemies":"Jaw Worm","floor":10.0,"turns":3.0},{"damage":2.0,"enemies":"Exordium Wildlife","floor":11.0,"turns":3.0},{"damage":24.0,"enemies":"Gremlin Gang","floor":12.0,"turns":4.0},{"damage":7.0,"enemies":"Large Slime","floor":14.0,"turns":2.0},{"damage":15.0,"enemies":"Hexaghost","floor":16.0,"turns":9.0},{"damage":0.0,"enemies":"Spheric Guardian","floor":18.0,"turns":3.0},{"damage":5.0,"enemies":"Chosen","floor":20.0,"turns":5.0},{"damage":0.0,"enemies":"Sentry and Sphere","floor":24.0,"turns":2.0},{"damage":14.0,"enemies":"Book of Stabbing","floor":25.0,"turns":5.0},{"damage":5.0,"enemies":"Gremlin Leader","floor":27.0,"turns":5.0},{"damage":0.0,"enemies":"Shelled Parasite and Fungi","floor":28.0,"turns":1.0},{"damage":14.0,"enemies":"Snake Plant","floor":30.0,"turns":5.0},{"damage":8.0,"enemies":"Slavers","floor":31.0,"turns":4.0},{"damage":18.0,"enemies":"Champ","floor":33.0,"turns":11.0},{"damage":4.0,"enemies":"3 Shapes","floor":35.0,"turns":6.0},{"damage":0.0,"enemies":"3 Darklings","floor":36.0,"turns":4.0},{"damage":53.0,"enemies":"Transient","floor":38.0,"turns":6.0},{"damage":16.0,"enemies":"Jaw Worm Horde","floor":39.0,"turns":4.0},{"damage":12.0,"enemies":"Maw","floor":42.0,"turns":8.0},{"damage":8,"enemies":"Donu and Deca","floor":50,"turns":10}],"seed_played":"-3753920654758999340","potions_obtained":[{"floor":4.0,"key":"Strength Potion"},{"floor":10.0,"key":"SpeedPotion"},{"floor":12.0,"key":"Explosive Potion"},{"floor":20.0,"key":"EssenceOfSteel"},{"floor":24.0,"key":"LiquidMemories"},{"floor":25.0,"key":"LiquidBronze"},{"floor":27.0,"key":"Weak Potion"},{"floor":33.0,"key":"Dexterity Potion"},{"floor":35.0,"key":"DistilledChaos"},{"floor":36.0,"key":"FairyPotion"},{"floor":38.0,"key":"Strength Potion"},{"floor":39.0,"key":"Block Potion"},{"floor":42.0,"key":"SteroidPotion"}],"is_trial":false,"path_per_floor":["M","?","?","M","?","R","E","R","T","M","M","M","R","M","R","B",null,"M","T","M","$","?","R","M","E","T","E","M","$","M","E","R","B",null,"M","M","$","M","M","R","?","M","T","$","R","T","R","$","R","B",null],"character_chosen":"THE_SILENT","items_purchased":["Ninja Scroll","Nunchaku"],"campfire_rested":2,"item_purchase_floors":[21,21],"current_hp_per_floor":[59,59,48,48,48,48,48,48,48,47,45,21,49,42,51,36,59,59,59,54,54,54,66,66,52,52,47,47,47,33,25,56,38,59,55,55,55,2,19,31,31,19,19,19,31,31,43,43,55,47],"gold":36,"neow_bonus":"THREE_ENEMY_KILL","is_daily":false,"chose_seed":false,"campfire_upgraded":4,"win_rate":0.0,"timestamp":1614311380,"path_taken":["M","?","?","M","?","R","E","R","T","?","?","M","R","M","R","BOSS","M","?","M","$","?","R","M","E","T","E","M","?","M","E","R","BOSS","M","?","$","M","M","R","?","M","T","$","R","?","R","?","R","BOSS"],"items_purchased_type":["Relic","Relic"],"build_version":"2020-12-22","purchased_purges":3,"victory":true,"max_hp_per_floor":[66,66,66,66,66,66,66,66,66,66,66,66,66,66,66,66,66,66,66,66,66,66,66,66,66,66,66,66,66,66,66,66,66,66,66,66,66,66,66,66,66,66,66,66,66,66,66,66,66,66],"card_choices":[{"not_picked":["Backflip","Setup"],"picked":"Flying Knee","floor":1.0},{"not_picked":["Cloak And Dagger","Concentrate"],"picked":"Blade Dance","floor":4.0},{"not_picked":["Choke","Deflect"],"picked":"Blade Dance","floor":7.0},{"not_picked":["Calculated Gamble","Deflect"],"picked":"Outmaneuver","floor":10.0},{"not_picked":["Well Laid Plans","Outmaneuver"],"picked":"Accuracy","floor":11.0},{"not_picked":["All Out Attack","Outmaneuver"],"picked":"Backflip","floor":12.0},{"not_picked":["PiercingWail","Deadly Poison","Flechettes"],"picked":"SKIP","floor":14.0},{"not_picked":["Corpse Explosion","Bullet Time"],"picked":"Burst","floor":16.0},{"not_picked":[],"picked":"Acrobatics","floor":18.0},{"not_picked":[],"picked":"Cloak And Dagger","floor":20.0},{"not_picked":["Dagger Spray"],"picked":"SKIP","floor":24.0},{"not_picked":["Bane"],"picked":"SKIP","floor":25.0},{"not_picked":["Backstab"],"picked":"SKIP","floor":27.0},{"not_picked":[],"picked":"Dodge and Roll+1","floor":28.0},{"not_picked":["Deflect"],"picked":"SKIP","floor":30.0},{"not_picked":["Bane"],"picked":"SKIP","floor":31.0},{"not_picked":["Skewer"],"picked":"SKIP","floor":35.0},{"not_picked":[],"picked":"Dagger Throw+1","floor":36.0},{"not_picked":[],"picked":"Dodge and Roll+1","floor":38.0},{"not_picked":[],"picked":"Prepared+1","floor":39.0},{"not_picked":["Flying Knee+1"],"picked":"SKIP","floor":42.0}],"player_experience":327133,"relics_obtained":[{"floor":7.0,"key":"Art of War"},{"floor":9.0,"key":"Eternal Feather"},{"floor":19.0,"key":"Omamori"},{"floor":25.0,"key":"Tingsha"},{"floor":26.0,"key":"Darkstone Periapt"},{"floor":27.0,"key":"Ancient Tea Set"},{"floor":31.0,"key":"Girya"},{"floor":34.0,"key":"Potion Belt"},{"floor":34.0,"key":"White Beast Statue"},{"floor":34.0,"key":"The Specimen"},{"floor":43.0,"key":"Regal Pillow"},{"floor":46.0,"key":"Shovel"},{"floor":49.0,"key":"Ornamental Fan"}],"event_choices":[{"damage_healed":0.0,"max_hp_gain":0.0,"max_hp_loss":0.0,"gold_gain":0.0,"event_name":"Living Wall","player_choice":"Grow","floor":2.0,"gold_loss":0.0,"damage_taken":0.0,"cards_upgraded":["Neutralize"]},{"damage_healed":0.0,"max_hp_gain":0.0,"max_hp_loss":0.0,"gold_gain":75.0,"event_name":"World of Goop","player_choice":"Gather Gold","floor":3.0,"gold_loss":0.0,"damage_taken":11.0},{"damage_healed":0.0,"max_hp_gain":0.0,"max_hp_loss":0.0,"gold_gain":0.0,"event_name":"Accursed Blacksmith","player_choice":"Forge","floor":5.0,"gold_loss":0.0,"damage_taken":0.0,"cards_upgraded":["Blade Dance"]},{"damage_healed":0.0,"max_hp_gain":0.0,"max_hp_loss":0.0,"gold_gain":0.0,"event_name":"Addict","player_choice":"Stole Relic","floor":22.0,"gold_loss":0.0,"damage_taken":0.0,"relics_obtained":["Oddly Smooth Stone"],"cards_obtained":["Shame"]},{"damage_healed":0.0,"max_hp_gain":0.0,"max_hp_loss":0.0,"gold_gain":0.0,"event_name":"SensoryStone","player_choice":"Memory 1","floor":41.0,"gold_loss":0.0,"damage_taken":0.0}],"is_beta":false,"boss_relics":[{"not_picked":["Tiny House","Runic Dome"],"picked":"Busted Crown"},{"not_picked":["Velvet Choker","HoveringKite"],"picked":"Calling Bell"}],"items_purged_floors":[29,37,44],"is_endless":false,"potions_floor_spawned":[4,10,12,16,20,24,25,27,33,35,36,38,39,42],"ascension_level":17}}