{"host":"gc8yb33y1dm65mio","time":1614307419,"event":{"mods":["BaseMod","Bestiary","Colored Map","Colored Powertips","Curses Come First","Highlight Path","Minty Spire (QoL Compilation)","Quick Restart","Relic Stats","StSLib"],"gold_per_floor":[117,130,180,198,215,247,247,247,247],"floor_reached":8,"language":"ENG","playtime":344,"items_purged":[],"score":104,"play_id":"910a02f6-f86e-43a9-97b7-3b4b099e12c3","local_time":"20210225184339","is_ascension_mode":true,"campfire_choices":[{"floor":7,"key":"REST"}],"circlet_count":0,"master_deck":["AscendersBane","Strike_B","Strike_B","Strike_B","Strike_B","Defend_B","Defend_B","Defend_B","Defend_B","Zap","Dualcast","Melter","Genetic Algorithm","Loop","Compile Driver","Defragment"],"relics":["Cracked Core","Bronze Scales"],"acts_visited":["Exordium"],"potions_floor_usage":[6],"damage_taken":[{"damage":10,"enemies":"Small Slimes","floor":1,"turns":3},{"damage":0,"enemies":"Cultist","floor":2,"turns":3},{"damage":4,"enemies":"Jaw Worm","floor":4,"turns":4},{"damage":11,"enemies":"Blue Slaver","floor":5,"turns":4},{"damage":38,"enemies":"Lagavulin","floor":6,"turns":6},{"damage":0,"enemies":"3 Sentries","floor":8,"turns":1}],"seed_played":"282460813271413992","potions_obtained":[{"floor":2,"key":"Fire Potion"},{"floor":5,"key":"Ancient Potion"}],"is_trial":false,"path_per_floor":["M","M","?","M","M","E","R","E"],"character_chosen":"DEFECT","items_purchased":[],"campfire_rested":1,"item_purchase_floors":[],"current_hp_per_floor":[54,54,54,50,39,1,22,22,22],"gold":247,"neow_bonus":"THREE_CARDS","is_daily":false,"chose_seed":false,"campfire_upgraded":0,"win_rate":0.0,"timestamp":1614307419,"path_taken":["M","M","?","?","M","E","R","E"],"items_purchased_type":[],"build_version":"2020-12-22","purchased_purges":0,"victory":false,"max_hp_per_floor":[71,71,71,71,71,71,71,71,71],"relic_stats":{"counters":[6,21],"Bronze Scales":[0],"obtain_stats":[{"Bronze Scales":6,"Cracked Core":0},{"Bronze Scales":5,"Cracked Core":0},{"Bronze Scales":20,"Cracked Core":0}]},"card_choices":[{"not_picked":["Stack","Blizzard"],"picked":"Melter","floor":0},{"not_picked":["Stack","Gash"],"picked":"Genetic Algorithm","floor":1},{"not_picked":["Blizzard","Storm"],"picked":"Loop","floor":2},{"not_picked":["Gash","Melter","Heatsinks"],"picked":"SKIP","floor":4},{"not_picked":["Steam","FTL"],"picked":"Compile Driver","floor":5},{"not_picked":["Hyperbeam","Streamline"],"picked":"Defragment","floor":6}],"player_experience":1103306,"relics_obtained":[{"floor":6,"key":"Bronze Scales"}],"event_choices":[{"damage_healed":0,"gold_gain":50,"player_choice":"Pray","damage_taken":0,"max_hp_gain":0,"max_hp_loss":0,"event_name":"Golden Shrine","floor":3,"gold_loss":0}],"is_beta":false,"boss_relics":[],"items_purged_floors":[],"is_endless":false,"potions_floor_spawned":[2,5],"killed_by":"3 Sentries","ascension_level":16}}