{"host":"okln270zkafj6dck","time":1614344365,"event":{"mods":["BaseMod","Minty Spire (QoL Compilation)","Permanent Neow","Quick Restart","Relic Stats","StSLib","SuperFastMode","UnlockEverythingMod"],"gold_per_floor":[363,438,25,43,61,61,61,61,137,137,137,171,185,223,223,322,322,322,322,322,322,322,322,322,322,322,322,222,222,97,97,97,97,97,97,97,97,55,0,0,0,0,0,0,0,0,0,0,0,0,0],"floor_reached":52,"language":"ENG","playtime":1286,"items_purged":["Strike_G","Strike_G","Strike_G"],"score":2209,"play_id":"d1948d4c-4cf9-45eb-8729-a02f4592c87d","local_time":"20210226045925","is_ascension_mode":true,"campfire_choices":[{"data":"Corpse Explosion","floor":6.0,"key":"SMITH"},{"data":"Skewer","floor":8.0,"key":"SMITH"},{"floor":10.0,"key":"REST"},{"data":"Noxious Fumes","floor":15.0,"key":"SMITH"},{"data":"Wraith Form v2","floor":24.0,"key":"SMITH"},{"floor":27.0,"key":"REST"},{"data":"Deadly Poison","floor":32.0,"key":"SMITH"},{"data":"Catalyst","floor":41.0,"key":"SMITH"},{"data":"Crippling Poison","floor":44.0,"key":"SMITH"},{"data":"Wraith Form v2","floor":49.0,"key":"SMITH"}],"circlet_count":0,"master_deck":["AscendersBane","Strike_G","Strike_G","Defend_G","Defend_G","Defend_G","Defend_G","Defend_G","Survivor","Neutralize","Skewer+1","Corpse Explosion+1","PiercingWail","Crippling Poison+1","Noxious Fumes+1","After Image","Wraith Form v2+1","Deadly Poison+1","PiercingWail","Crippling Poison+1","Venomology","Catalyst+1","Deadly Poison+1","Wraith Form v2+1"],"relics":["Ring of the Snake","TwistedFunnel","Golden Idol","Mercury Hourglass","FaceOfCleric","Mango","Sundial","Ectoplasm","Potion Belt","Orichalcum","Kunai","Cursed Key","WingedGreaves","Red Mask","Oddly Smooth Stone","Pocketwatch","Bag of Preparation","Smiling Mask"],"acts_visited":["Exordium","TheCity","TheBeyond"],"potions_floor_usage":[50,50],"damage_taken":[{"damage":0.0,"enemies":"2 Louse","floor":1.0,"turns":4.0},{"damage":1.0,"enemies":"Small Slimes","floor":4.0,"turns":4.0},{"damage":0.0,"enemies":"Cultist","floor":5.0,"turns":4.0},{"damage":9.0,"enemies":"3 Sentries","floor":12.0,"turns":3.0},{"damage":6.0,"enemies":"Gremlin Gang","floor":13.0,"turns":3.0},{"damage":8.0,"enemies":"Gremlin Nob","floor":14.0,"turns":3.0},{"damage":32.0,"enemies":"Slime Boss","floor":16.0,"turns":8.0},{"damage":0.0,"enemies":"Chosen","floor":18.0,"turns":4.0},{"damage":9.0,"enemies":"Shell Parasite","floor":19.0,"turns":5.0},{"damage":5.0,"enemies":"Centurion and Healer","floor":20.0,"turns":6.0},{"damage":0.0,"enemies":"Cultist and Chosen","floor":21.0,"turns":3.0},{"damage":0.0,"enemies":"Snake Plant","floor":22.0,"turns":4.0},{"damage":3.0,"enemies":"Gremlin Leader","floor":23.0,"turns":6.0},{"damage":9.0,"enemies":"Slavers","floor":25.0,"turns":3.0},{"damage":13.0,"enemies":"Shelled Parasite and Fungi","floor":29.0,"turns":5.0},{"damage":9.0,"enemies":"Collector","floor":33.0,"turns":8.0},{"damage":2.0,"enemies":"3 Shapes","floor":35.0,"turns":3.0},{"damage":0.0,"enemies":"Mind Bloom Boss Battle","floor":37.0,"turns":7.0},{"damage":0.0,"enemies":"Nemesis","floor":40.0,"turns":7.0},{"damage":0.0,"enemies":"Reptomancer","floor":42.0,"turns":2.0},{"damage":20.0,"enemies":"Nemesis","floor":45.0,"turns":7.0},{"damage":0.0,"enemies":"Giant Head","floor":46.0,"turns":7.0},{"damage":1.0,"enemies":"Reptomancer","floor":48.0,"turns":4.0},{"damage":37,"enemies":"Awakened One","floor":50,"turns":14},{"damage":16,"enemies":"Donu and Deca","floor":51,"turns":9}],"seed_played":"-1557930769746341918","potions_obtained":[{"floor":1.0,"key":"FearPotion"},{"floor":5.0,"key":"Weak Potion"},{"floor":13.0,"key":"SkillPotion"},{"floor":14.0,"key":"Fire Potion"},{"floor":20.0,"key":"AttackPotion"},{"floor":21.0,"key":"Block Potion"},{"floor":25.0,"key":"SmokeBomb"},{"floor":35.0,"key":"SkillPotion"},{"floor":37.0,"key":"Dexterity Potion"},{"floor":45.0,"key":"AttackPotion"}],"is_trial":false,"path_per_floor":["M","?","$","M","M","R","?","R","T","R","?","E","M","E","R","B",null,"M","M","M","M","M","E","R","E","T","R","$","M","$","?","R","B",null,"M","?","?","$","?","E","R","E","T","R","E","E","?","E","R","B","B",null],"character_chosen":"THE_SILENT","items_purchased":["TwistedFunnel","Corpse Explosion","Catalyst"],"campfire_rested":2,"item_purchase_floors":[3,3,38],"current_hp_per_floor":[44,33,33,32,32,32,32,32,32,50,50,56,51,44,44,13,62,63,55,51,52,53,51,51,43,43,68,68,56,56,56,56,48,77,76,76,77,77,77,78,78,79,79,79,60,61,61,61,61,25,10],"gold":0,"neow_bonus":"TWO_FIFTY_GOLD","is_daily":false,"chose_seed":false,"campfire_upgraded":8,"win_rate":0.0,"timestamp":1614344365,"path_taken":["M","?","$","M","M","R","?","R","T","R","?","E","?","E","R","BOSS","M","M","?","M","M","E","R","E","T","R","$","M","$","?","R","BOSS","M","?","?","$","?","E","R","E","T","R","E","E","?","E","R","BOSS","BOSS"],"items_purchased_type":["Relic","Card","Card"],"build_version":"2020-12-22","purchased_purges":3,"victory":true,"max_hp_per_floor":[66,66,66,66,66,66,60,60,60,60,60,75,76,77,77,78,78,79,80,81,82,83,84,84,85,85,85,85,86,86,86,86,87,87,88,88,89,89,89,90,90,91,91,91,92,93,93,94,94,95,96],"relic_stats":{"counters":[25,133],"Golden Idol":185,"Bag of Preparation":[6],"Orichalcum":[54],"Cursed Key":1,"Smiling Mask":0,"Mercury Hourglass":[505],"FaceOfCleric":22,"Sundial":[16],"Ectoplasm":507,"Kunai":[5],"obtain_stats":[{"TwistedFunnel":3,"Potion Belt":23,"Golden Idol":7,"Oddly Smooth Stone":40,"Mango":12,"Bag of Preparation":46,"Orichalcum":25,"Cursed Key":34,"Smiling Mask":48,"Mercury Hourglass":9,"FaceOfCleric":11,"Sundial":14,"Ectoplasm":17,"WingedGreaves":37,"Red Mask":39,"Kunai":26,"Ring of the Snake":0,"Pocketwatch":45},{"TwistedFunnel":1,"Potion Belt":13,"Golden Idol":3,"Oddly Smooth Stone":19,"Mango":4,"Bag of Preparation":22,"Orichalcum":14,"Cursed Key":16,"Smiling Mask":23,"Mercury Hourglass":3,"FaceOfCleric":3,"Sundial":6,"Ectoplasm":7,"WingedGreaves":18,"Red Mask":18,"Kunai":14,"Ring of the Snake":0,"Pocketwatch":21},{"TwistedFunnel":4,"Potion Belt":57,"Golden Idol":12,"Oddly Smooth Stone":90,"Mango":15,"Bag of Preparation":106,"Orichalcum":60,"Cursed Key":73,"Smiling Mask":110,"Mercury Hourglass":12,"FaceOfCleric":12,"Sundial":21,"Ectoplasm":29,"WingedGreaves":83,"Red Mask":83,"Kunai":60,"Ring of the Snake":0,"Pocketwatch":99}],"Ring of the Snake":[50],"Pocketwatch":[39]},"card_choices":[{"not_picked":["Backflip","Bouncing Flask"],"picked":"Skewer","floor":1.0},{"not_picked":["Prepared","Skewer","Escape Plan"],"picked":"SKIP","floor":4.0},{"not_picked":["Eviscerate","Calculated Gamble"],"picked":"PiercingWail","floor":5.0},{"not_picked":["Caltrops","Slice"],"picked":"Crippling Poison","floor":12.0},{"not_picked":["Deflect","Sucker Punch"],"picked":"Noxious Fumes","floor":13.0},{"not_picked":["Bane","Blade Dance"],"picked":"After Image","floor":14.0},{"not_picked":["Grand Finale","Venomology"],"picked":"Wraith Form v2","floor":16.0},{"not_picked":["Heel Hook+1","Reflex","Blade Dance"],"picked":"SKIP","floor":18.0},{"not_picked":["Reflex","Heel Hook+1","Dodge and Roll"],"picked":"SKIP","floor":19.0},{"not_picked":["Sucker Punch","Backflip"],"picked":"Deadly Poison","floor":20.0},{"not_picked":["A Thousand Cuts","Slice"],"picked":"PiercingWail","floor":21.0},{"not_picked":["Acrobatics","Prepared"],"picked":"Crippling Poison+1","floor":22.0},{"not_picked":["Predator","Dagger Throw+1","Deflect"],"picked":"SKIP","floor":23.0},{"not_picked":["Cloak And Dagger","Outmaneuver","Finisher"],"picked":"SKIP","floor":25.0},{"not_picked":["Terror+1","Underhanded Strike","Sucker Punch"],"picked":"SKIP","floor":29.0},{"not_picked":["Adrenaline","Glass Knife"],"picked":"Venomology","floor":33.0},{"not_picked":["Masterful Stab","Prepared","Terror+1"],"picked":"SKIP","floor":35.0},{"not_picked":["Dagger Throw","Endless Agony","Underhanded Strike"],"picked":"SKIP","floor":40.0},{"not_picked":["Heel Hook","Sucker Punch"],"picked":"Deadly Poison+1","floor":45.0},{"not_picked":["Deflect","Dagger Throw"],"picked":"Wraith Form v2","floor":46.0},{"not_picked":["Concentrate","Bane","Setup+1"],"picked":"SKIP","floor":48.0}],"player_experience":65923,"relics_obtained":[{"floor":9.0,"key":"Mercury Hourglass"},{"floor":12.0,"key":"Mango"},{"floor":14.0,"key":"Sundial"},{"floor":23.0,"key":"Potion Belt"},{"floor":25.0,"key":"Orichalcum"},{"floor":26.0,"key":"Kunai"},{"floor":37.0,"key":"WingedGreaves"},{"floor":40.0,"key":"Oddly Smooth Stone"},{"floor":45.0,"key":"Pocketwatch"},{"floor":46.0,"key":"Bag of Preparation"},{"floor":48.0,"key":"Smiling Mask"}],"event_choices":[{"damage_healed":0.0,"max_hp_gain":0.0,"max_hp_loss":0.0,"gold_gain":75.0,"event_name":"World of Goop","player_choice":"Gather Gold","floor":2.0,"gold_loss":0.0,"damage_taken":11.0},{"damage_healed":0.0,"max_hp_gain":0.0,"max_hp_loss":6.0,"gold_gain":0.0,"event_name":"Golden Idol","player_choice":"Lose Max HP","floor":7.0,"gold_loss":0.0,"damage_taken":0.0,"relics_obtained":["Golden Idol"]},{"damage_healed":0.0,"max_hp_gain":0.0,"max_hp_loss":0.0,"gold_gain":0.0,"event_name":"FaceTrader","player_choice":"Trade","floor":11.0,"gold_loss":0.0,"damage_taken":0.0,"relics_obtained":["FaceOfCleric"]},{"damage_healed":0.0,"max_hp_gain":0.0,"max_hp_loss":0.0,"gold_gain":0.0,"event_name":"Vampires","player_choice":"Ignored","floor":31.0,"gold_loss":0.0,"damage_taken":0.0},{"damage_healed":0.0,"max_hp_gain":0.0,"max_hp_loss":0.0,"gold_gain":0.0,"event_name":"The Moai Head","player_choice":"Ignored","floor":36.0,"gold_loss":0.0,"damage_taken":0.0},{"damage_healed":0.0,"max_hp_gain":0.0,"max_hp_loss":0.0,"gold_gain":0.0,"event_name":"MindBloom","player_choice":"Fight","floor":37.0,"gold_loss":0.0,"damage_taken":0.0},{"damage_healed":0.0,"max_hp_gain":0.0,"max_hp_loss":0.0,"gold_gain":0.0,"event_name":"Tomb of Lord Red Mask","player_choice":"Paid","floor":39.0,"gold_loss":55.0,"damage_taken":0.0,"relics_obtained":["Red Mask"]},{"cards_removed":["Writhe"],"damage_healed":0.0,"max_hp_gain":0.0,"max_hp_loss":0.0,"gold_gain":0.0,"event_name":"Purifier","player_choice":"Purged","floor":47.0,"gold_loss":0.0,"damage_taken":0.0}],"is_beta":false,"boss_relics":[{"not_picked":["Busted Crown","SlaversCollar"],"picked":"Ectoplasm"},{"not_picked":["Sozu","SacredBark"],"picked":"Cursed Key"}],"items_purged_floors":[3,28,30],"is_endless":false,"potions_floor_spawned":[1,5,13,14,20,21,25,35,37,45],"ascension_level":20}}