{"host":"d52brwsy6af8zvaq","time":1614363158,"event":{"mods":["AchievementEnabler","BaseMod","Bestiary","Highlight Path","Minty Spire (QoL Compilation)","Quick Restart","Relic Stats","ojb\u0027s Better Paths Mod"],"gold_per_floor":[117,132,144,219,219,219,245,280,340,367,250,250,250,268,268,268,268],"floor_reached":16,"language":"ENG","playtime":700,"items_purged":["Strike_B"],"score":200,"play_id":"a47b01b0-62ab-479b-af9e-2e05d6327ceb","local_time":"20210226111238","is_ascension_mode":true,"campfire_choices":[{"data":"Hologram","floor":6.0,"key":"SMITH"},{"floor":13,"key":"REST"},{"data":"Barrage","floor":15,"key":"SMITH"}],"circlet_count":0,"master_deck":["AscendersBane","Strike_B","Strike_B","Strike_B","Defend_B","Defend_B","Defend_B","Defend_B","Zap","Dualcast","Ball Lightning","Self Repair","Hologram+1","Ball Lightning","Go for the Eyes","Conserve Battery","Barrage+1","Cold Snap"],"relics":["Inserter","MawBank","PreservedInsect","Smiling Mask","Golden Idol"],"acts_visited":["Exordium"],"potions_floor_usage":[16,16],"damage_taken":[{"damage":9.0,"enemies":"Jaw Worm","floor":1.0,"turns":4.0},{"damage":1.0,"enemies":"Cultist","floor":2.0,"turns":3.0},{"damage":8.0,"enemies":"2 Louse","floor":3.0,"turns":3.0},{"damage":25.0,"enemies":"Gremlin Nob","floor":7.0,"turns":4.0},{"damage":20.0,"enemies":"Large Slime","floor":10.0,"turns":6.0},{"damage":9,"enemies":"Exordium Wildlife","floor":14,"turns":5},{"damage":32,"enemies":"Slime Boss","floor":16,"turns":8}],"seed_played":"-4938701568150000048","potions_obtained":[{"floor":2.0,"key":"AttackPotion"},{"floor":3.0,"key":"Block Potion"},{"floor":10.0,"key":"EssenceOfSteel"}],"is_trial":false,"path_per_floor":["M","M","M","?","?","R","E","T","T","M","$","?","R","M","R","B"],"character_chosen":"DEFECT","items_purchased":["Conserve Battery","Barrage"],"campfire_rested":1,"item_purchase_floors":[11,11],"current_hp_per_floor":[55,54,53,42,42,42,24,24,24,11,11,11,30,28,28,0,0],"gold":268,"neow_bonus":"BOSS_RELIC","is_daily":false,"chose_seed":false,"campfire_upgraded":2,"win_rate":0.0,"timestamp":1614363158,"path_taken":["M","M","M","?","?","R","E","?","T","?","$","?","R","M","R","BOSS"],"items_purchased_type":["Card","Card"],"build_version":"2020-12-22","purchased_purges":1,"victory":false,"max_hp_per_floor":[71,71,71,71,71,71,71,71,71,71,71,64,64,64,64,64,64],"relic_stats":{"Inserter":[16],"counters":[7,33],"Golden Idol":4,"PreservedInsect":0,"MawBank":48,"Smiling Mask":25,"obtain_stats":[{"Inserter":0,"Golden Idol":12,"PreservedInsect":8,"Cracked Core":0,"MawBank":7,"Smiling Mask":9},{"Inserter":0,"Golden Idol":5,"PreservedInsect":4,"Cracked Core":0,"MawBank":4,"Smiling Mask":4},{"Inserter":0,"Golden Idol":20,"PreservedInsect":14,"Cracked Core":0,"MawBank":14,"Smiling Mask":14}]},"card_choices":[{"not_picked":["Stack","Self Repair"],"picked":"Ball Lightning","floor":1.0},{"not_picked":["Turbo","Leap"],"picked":"Self Repair","floor":2.0},{"not_picked":["Barrage","White Noise"],"picked":"Hologram","floor":3.0},{"not_picked":["Barrage","Reboot"],"picked":"Ball Lightning","floor":7.0},{"not_picked":["White Noise","Heatsinks"],"picked":"Go for the Eyes","floor":10.0},{"not_picked":["Chaos","Conserve Battery"],"picked":"Cold Snap","floor":14}],"player_experience":2380854,"relics_obtained":[{"floor":7.0,"key":"MawBank"},{"floor":8.0,"key":"PreservedInsect"},{"floor":9.0,"key":"Smiling Mask"}],"event_choices":[{"damage_healed":0.0,"max_hp_gain":0.0,"max_hp_loss":0.0,"gold_gain":75.0,"event_name":"World of Goop","player_choice":"Gather Gold","floor":4.0,"gold_loss":0.0,"damage_taken":11.0},{"damage_healed":0.0,"max_hp_gain":0.0,"max_hp_loss":0.0,"gold_gain":0.0,"event_name":"Liars Game","player_choice":"Ignored","floor":5.0,"gold_loss":0.0,"damage_taken":0.0},{"damage_healed":0,"gold_gain":0,"player_choice":"Lose Max HP","damage_taken":0,"relics_obtained":["Golden Idol"],"max_hp_gain":0,"max_hp_loss":7,"event_name":"Golden Idol","floor":12,"gold_loss":0}],"is_beta":false,"boss_relics":[],"items_purged_floors":[11],"is_endless":false,"potions_floor_spawned":[2,3,10,14],"killed_by":"Slime Boss","ascension_level":20}}