{"host":"94b9qghhxjd69c4t","time":1614359071,"event":{"mods":["BaseMod","Colored Powertips","Minty Spire (QoL Compilation)","StSLib"],"gold_per_floor":[118,68,243,259,259,288,306,306,306,306,318,50,81,56,56,153,153,165,204,224,244,244,304,320,320,320,2,102,117,117,175,175,295,295,307,346,346,362,80,134,163,163,189,248,45,45,45,45,45,45],"floor_reached":51,"language":"ENG","playtime":3004,"items_purged":["Defend_P","Defend_P"],"score":962,"play_id":"1da70d22-f20e-430f-a400-666ff8195937","local_time":"20210226180431","is_ascension_mode":true,"campfire_choices":[{"data":"Eruption","floor":8,"key":"SMITH"},{"data":"TalkToTheHand","floor":10,"key":"SMITH"},{"data":"ClearTheMind","floor":15,"key":"SMITH"},{"data":"BattleHymn","floor":25,"key":"SMITH"},{"data":"Thinking Ahead","floor":30,"key":"SMITH"},{"data":"Weave","floor":32,"key":"SMITH"},{"data":"CutThroughFate","floor":42,"key":"SMITH"},{"data":"Wish","floor":46,"key":"SMITH"},{"floor":49,"key":"RECALL"}],"circlet_count":0,"master_deck":["Strike_P+1","Strike_P+1","Strike_P+1","Strike_P+1","Defend_P+1","Eruption+1","Vigilance+1","TalkToTheHand+1","FlyingSleeves+1","Weave+1","JustLucky+1","ClearTheMind+1","JustLucky+1","Wish+1","Consecrate+1","BattleHymn+1","Ghostly+1","Ghostly+1","Ghostly+1","Ghostly+1","Ghostly+1","FollowUp+1","CutThroughFate+1","Thinking Ahead+1","FlyingSleeves+1","Vault+1","CrushJoints+1","CutThroughFate+1","InnerPeace+1"],"relics":["PureWater","NeowsBlessing","Singing Bowl","Bag of Preparation","Eternal Feather","Torii","Sozu","Potion Belt","HornCleat","Mango","The Courier","WingedGreaves","Cursed Key","Mercury Hourglass","Lantern","Omamori","Centennial Puzzle","Happy Flower","Kunai","Mark of the Bloom"],"acts_visited":["Exordium","TheCity","TheBeyond"],"potions_floor_usage":[18,20],"damage_taken":[{"damage":0,"enemies":"Jaw Worm","floor":1,"turns":1},{"damage":0,"enemies":"Small Slimes","floor":4,"turns":1},{"damage":0,"enemies":"3 Sentries","floor":6,"turns":2},{"damage":2,"enemies":"2 Louse","floor":7,"turns":3},{"damage":1,"enemies":"Large Slime","floor":11,"turns":6},{"damage":5,"enemies":"Gremlin Nob","floor":13,"turns":3},{"damage":20,"enemies":"Slime Boss","floor":16,"turns":6},{"damage":1,"enemies":"Chosen","floor":18,"turns":3},{"damage":8,"enemies":"2 Thieves","floor":19,"turns":4},{"damage":1,"enemies":"Centurion and Healer","floor":20,"turns":5},{"damage":1,"enemies":"Cultist and Chosen","floor":21,"turns":3},{"damage":0,"enemies":"Book of Stabbing","floor":23,"turns":6},{"damage":0,"enemies":"3 Cultists","floor":24,"turns":6},{"damage":15,"enemies":"Colosseum Slavers","floor":28,"turns":3},{"damage":3,"enemies":"Colosseum Nobs","floor":28,"turns":5},{"damage":0,"enemies":"Sentry and Sphere","floor":29,"turns":3},{"damage":21,"enemies":"Slavers","floor":31,"turns":6},{"damage":34,"enemies":"Champ","floor":33,"turns":8},{"damage":0,"enemies":"Orb Walker","floor":35,"turns":3},{"damage":1,"enemies":"3 Darklings","floor":36,"turns":5},{"damage":0,"enemies":"4 Shapes","floor":38,"turns":3},{"damage":2,"enemies":"Reptomancer","floor":40,"turns":7},{"damage":1,"enemies":"Nemesis","floor":41,"turns":4},{"damage":0,"enemies":"Giant Head","floor":44,"turns":6},{"damage":2,"enemies":"Awakened One","floor":50,"turns":7}],"seed_played":"-442080701631531559","potions_obtained":[{"floor":11,"key":"SpeedPotion"},{"floor":13,"key":"Explosive Potion"},{"floor":16,"key":"AttackPotion"}],"is_trial":false,"path_per_floor":["M","?","?","M","?","E","M","R","T","R","M","$","E","$","R","B",null,"M","M","M","M","?","E","M","R","T","$","?","M","R","E","R","B",null,"M","M","?","M","$","E","E","R","T","E","$","R","?","?","R","B",null],"character_chosen":"WATCHER","items_purchased":["Eternal Feather","ClearTheMind","JustLucky","CutThroughFate","Thinking Ahead","Mercury Hourglass","Kunai"],"campfire_rested":0,"item_purchase_floors":[12,12,14,27,27,39,45],"current_hp_per_floor":[72,72,72,72,65,65,63,63,63,63,62,62,59,59,68,48,74,75,67,66,67,39,41,41,41,41,41,39,39,54,33,48,14,57,59,60,58,58,58,56,55,58,58,60,60,60,60,60,60,58],"gold":45,"neow_bonus":"THREE_ENEMY_KILL","is_daily":false,"chose_seed":false,"campfire_upgraded":8,"win_rate":0.0,"timestamp":1614359071,"path_taken":["M","?","?","M","?","E","M","R","T","R","M","$","E","$","R","BOSS","M","M","M","M","?","E","M","R","T","$","?","M","R","E","R","BOSS","M","M","?","M","$","E","E","R","T","E","$","R","?","?","R","BOSS"],"items_purchased_type":["Relic","Card","Card","Card","Card","Relic","Relic"],"build_version":"2020-12-22","purchased_purges":2,"victory":true,"max_hp_per_floor":[72,72,72,72,72,72,72,72,72,72,72,72,74,74,74,74,74,76,76,76,78,39,41,41,41,41,41,57,57,57,57,57,57,57,59,61,58,58,58,58,58,58,58,60,60,60,60,60,60,60],"card_choices":[{"not_picked":["JustLucky","Evaluate","Wallop"],"picked":"SKIP","floor":1},{"not_picked":["FlurryOfBlows","Worship"],"picked":"TalkToTheHand","floor":4},{"not_picked":["EmptyBody","Alpha"],"picked":"FlyingSleeves","floor":6},{"not_picked":["JustLucky","Collect"],"picked":"Weave","floor":7},{"not_picked":["Crescendo","PathToVictory"],"picked":"JustLucky","floor":11},{"not_picked":["FlurryOfBlows","Vault","PathToVictory"],"picked":"Singing Bowl","floor":13},{"not_picked":["DevaForm","Blasphemy"],"picked":"Wish","floor":16},{"not_picked":["BowlingBash","Evaluate","FearNoEvil"],"picked":"Singing Bowl","floor":18},{"not_picked":["ClearTheMind","PathToVictory"],"picked":"Consecrate","floor":19},{"not_picked":["Study","ForeignInfluence"],"picked":"BattleHymn","floor":20},{"not_picked":["Pray+1","Swivel","Prostrate"],"picked":"Singing Bowl","floor":21},{"not_picked":["Swivel","SashWhip","Fasting2"],"picked":"Singing Bowl","floor":23},{"not_picked":["MentalFortress","Study"],"picked":"FollowUp","floor":24},{"not_picked":["FlurryOfBlows","Consecrate","SashWhip"],"picked":"Singing Bowl","floor":28},{"not_picked":["FlyingSleeves","Establishment"],"picked":"Sanctity+1","floor":29},{"not_picked":["FollowUp","FlurryOfBlows"],"picked":"FlyingSleeves","floor":31},{"not_picked":["Ragnarok","MasterReality"],"picked":"Vault","floor":33},{"not_picked":["Wireheading","BowlingBash+1","WindmillStrike"],"picked":"Singing Bowl","floor":35},{"not_picked":["Wireheading","FlyingSleeves","ForeignInfluence"],"picked":"Singing Bowl","floor":36},{"not_picked":["EmptyFist+1","EmptyBody+1"],"picked":"CrushJoints+1","floor":38},{"not_picked":["FlyingSleeves+1","DeceiveReality+1"],"picked":"CutThroughFate","floor":40},{"not_picked":["Protect+1","PathToVictory+1"],"picked":"InnerPeace+1","floor":41},{"not_picked":["BowlingBash","Consecrate","FlurryOfBlows+1"],"picked":"Singing Bowl","floor":44}],"player_experience":556027,"relics_obtained":[{"floor":6,"key":"Singing Bowl"},{"floor":9,"key":"Bag of Preparation"},{"floor":13,"key":"Torii"},{"floor":23,"key":"Potion Belt"},{"floor":26,"key":"HornCleat"},{"floor":28,"key":"Mango"},{"floor":28,"key":"The Courier"},{"floor":31,"key":"WingedGreaves"},{"floor":40,"key":"Lantern"},{"floor":41,"key":"Omamori"},{"floor":43,"key":"Centennial Puzzle"},{"floor":44,"key":"Happy Flower"}],"event_choices":[{"cards_removed":["Defend_P"],"damage_healed":0,"gold_gain":0,"player_choice":"Card Removal","damage_taken":0,"max_hp_gain":0,"max_hp_loss":0,"event_name":"The Cleric","floor":2,"gold_loss":50},{"damage_healed":0,"gold_gain":175,"player_choice":"AGREE","damage_taken":0,"max_hp_gain":0,"max_hp_loss":0,"event_name":"Liars Game","floor":3,"gold_loss":0,"cards_obtained":["Doubt"]},{"cards_removed":["Doubt"],"damage_healed":0,"gold_gain":0,"player_choice":"Card Removal","damage_taken":7,"max_hp_gain":0,"max_hp_loss":0,"event_name":"Golden Wing","floor":5,"gold_loss":0},{"damage_healed":0,"gold_gain":0,"player_choice":"Became a Ghost","damage_taken":0,"max_hp_gain":0,"max_hp_loss":39,"event_name":"Ghosts","floor":22,"gold_loss":0,"cards_obtained":["Ghostly","Ghostly","Ghostly","Ghostly","Ghostly"]},{"damage_healed":0,"gold_gain":0,"player_choice":"Fight","damage_taken":0,"max_hp_gain":0,"max_hp_loss":0,"event_name":"Colosseum","floor":28,"gold_loss":0},{"damage_healed":0,"gold_gain":0,"player_choice":"Fought Nobs","damage_taken":0,"max_hp_gain":0,"max_hp_loss":0,"event_name":"Colosseum","floor":28,"gold_loss":0},{"damage_healed":0,"gold_gain":0,"player_choice":"Max HP","damage_taken":0,"max_hp_gain":0,"max_hp_loss":3,"event_name":"Winding Halls","floor":37,"gold_loss":0},{"damage_healed":0,"gold_gain":0,"player_choice":"Upgrade","damage_taken":0,"relics_obtained":["Mark of the Bloom"],"max_hp_gain":0,"max_hp_loss":0,"event_name":"MindBloom","floor":47,"gold_loss":0,"cards_upgraded":["Strike_P","Strike_P","Strike_P","Strike_P","Defend_P","Vigilance","FlyingSleeves","JustLucky","JustLucky","Consecrate","Ghostly","Ghostly","Ghostly","Ghostly","Ghostly","FollowUp","FlyingSleeves","Vault","CutThroughFate"]},{"cards_removed":["Sanctity"],"damage_healed":0,"gold_gain":0,"player_choice":"Removed Skill","damage_taken":0,"max_hp_gain":0,"max_hp_loss":0,"event_name":"Falling","floor":48,"gold_loss":0}],"is_beta":false,"boss_relics":[{"not_picked":["SacredBark","Velvet Choker"],"picked":"Sozu"},{"not_picked":["SlaversCollar","HolyWater"],"picked":"Cursed Key"}],"items_purged_floors":[27,39],"is_endless":false,"potions_floor_spawned":[11,13,16,18,21,24,28,33,35,44],"ascension_level":2}}