{"host":"fwdkxxz7291ipt0p","time":1614349830,"event":{"mods":["Act Like it!","BaseMod","Bossed Relics","Dota2Spire","Energized Spire","Marked Mod","Minty Spire (QoL Compilation)","Relic Filter Mod","StSLib","The Cursed","The Hierophant","The Runesmith","Youmu£®ªÍ∆«—˝√Œ£©"],"gold_per_floor":[119,119,139,139,150,150,173,192,192,206,206,218,218,232,232,329,329,339,355,355,355,365,365,280,280,280,294,306,306,19,31,31,131,131,146,163,163,180,37,37,37,37,37,37,50,69,69,80,80,80],"floor_reached":51,"language":"ZHS","playtime":2338,"items_purged":["TheCursedMod:Strike_TheCursed+1"],"score":718,"play_id":"1411c505-eacb-468c-a081-2e50c81234ae","local_time":"20210226223030","is_ascension_mode":false,"campfire_choices":[{"data":"TheCursedMod:CleanUpWorkshop","floor":6.0,"key":"SMITH"},{"data":"TheCursedMod:HellsGateOpen","floor":15.0,"key":"SMITH"},{"data":"TheCursedMod:CollectTribute","floor":23.0,"key":"SMITH"},{"floor":29.0,"key":"REST"},{"data":"TheCursedMod:ParallelWorld","floor":32.0,"key":"SMITH"},{"data":"TheCursedMod:RavingStaff","floor":40,"key":"SMITH"},{"data":"TheCursedMod:ReleasedStrength","floor":44,"key":"SMITH"},{"data":"TheCursedMod:Hemoplague","floor":49,"key":"SMITH"}],"circlet_count":0,"master_deck":["TheCursedMod:Defend_TheCursed+1","TheCursedMod:Defend_TheCursed+1","TheCursedMod:CursedWand","TheCursedMod:CleanUpWorkshop+1","TheCursedMod:Dregs","TheCursedMod:HellfireBreathing+1","TheCursedMod:CursedAmulet","TheCursedMod:ReleasedStrength+1","TheCursedMod:HellsGateOpen+1","TheCursedMod:SmokeScreen","TheCursedMod:CollectTribute+1","TheCursedMod:SmokeScreen","TheCursedMod:Grudge","TheCursedMod:ParallelWorld+1","TheCursedMod:RavingStaff+1","TheCursedMod:SpitefulPlan","Flash of Steel","Pain","TheCursedMod:SurpriseAttack+1","TheCursedMod:Hemoplague+1"],"relics":["TheCursedMod:BlackMagic101","War Paint","Potion Belt","Cursed Key","Akabeko","Dota2Spire:OctarineCore","Dota2Spire:Bloodstone","Shuriken"],"acts_visited":["Exordium","TheCity","TheBeyond"],"potions_floor_usage":[46,50],"damage_taken":[{"damage":3.0,"enemies":"Small Slimes","floor":1.0,"turns":4.0},{"damage":0.0,"enemies":"2 Louse","floor":3.0,"turns":3.0},{"damage":1.0,"enemies":"Jaw Worm","floor":5.0,"turns":4.0},{"damage":0.0,"enemies":"Large Slime","floor":8.0,"turns":7.0},{"damage":0.0,"enemies":"2 Fungi Beasts","floor":10.0,"turns":4.0},{"damage":2.0,"enemies":"Red Slaver","floor":12.0,"turns":2.0},{"damage":12.0,"enemies":"Exordium Thugs","floor":14.0,"turns":3.0},{"damage":27.0,"enemies":"The Guardian","floor":16.0,"turns":9.0},{"damage":5.0,"enemies":"3 Byrds","floor":18.0,"turns":4.0},{"damage":0.0,"enemies":"Shell Parasite","floor":19.0,"turns":5.0},{"damage":24.0,"enemies":"Sentry and Sphere","floor":22.0,"turns":6.0},{"damage":3.0,"enemies":"Snecko","floor":27.0,"turns":5.0},{"damage":2.0,"enemies":"Centurion and Healer","floor":28.0,"turns":5.0},{"damage":10.0,"enemies":"Chosen and Byrds","floor":31.0,"turns":4.0},{"damage":6.0,"enemies":"Automaton","floor":33.0,"turns":7.0},{"damage":4.0,"enemies":"3 Shapes","floor":35.0,"turns":5.0},{"damage":3.0,"enemies":"3 Darklings","floor":36.0,"turns":4.0},{"damage":0.0,"enemies":"Transient","floor":38.0,"turns":5.0},{"damage":6,"enemies":"Spire Growth","floor":45,"turns":3},{"damage":1,"enemies":"Sphere and 2 Shapes","floor":46,"turns":3},{"damage":4,"enemies":"3 Darklings","floor":48,"turns":3},{"damage":6,"enemies":"Donu and Deca","floor":50,"turns":5}],"seed_played":"1043470852862086053","potions_obtained":[{"floor":1.0,"key":"ColorlessPotion"},{"floor":3.0,"key":"Swift Potion"},{"floor":8.0,"key":"SneckoOil"},{"floor":18.0,"key":"Energy Potion"},{"floor":19.0,"key":"LiquidBronze"},{"floor":45,"key":"SpeedPotion"},{"floor":46,"key":"BlessingOfTheForge"},{"floor":48,"key":"Dexterity Potion"}],"is_trial":false,"path_per_floor":["M","?","M","?","M","R","T","M","T","M","?","M","?","M","R","B",null,"M","M","?","?","M","R","?","?","T","M","M","R","$","M","R","B",null,"M","M","?","M","$","R","?","?","T","R","M","M","?","M","R","B",null],"character_chosen":"THE_CURSED","items_purchased":["Dota2Spire:OctarineCore","TheCursedMod:SpitefulPlan"],"campfire_rested":1,"item_purchase_floors":[30,39],"current_hp_per_floor":[79,72,72,72,71,71,71,71,71,71,55,53,53,41,41,14,82,77,77,77,61,37,37,37,37,37,34,32,58,58,48,48,42,87,83,80,80,80,80,80,80,80,80,80,74,73,73,69,69,63],"gold":80,"neow_bonus":"TEN_PERCENT_HP_BONUS","is_daily":false,"chose_seed":false,"campfire_upgraded":7,"win_rate":0.0,"timestamp":1614349830,"path_taken":["M","?","M","?","M","R","?","M","T","M","?","M","?","?","R","BOSS","M","M","?","?","M","R","?","?","T","?","M","R","$","M","R","BOSS","M","?","?","M","$","R","?","?","T","R","M","M","?","M","R","BOSS"],"items_purchased_type":["Relic","Card"],"build_version":"2020-12-22","purchased_purges":1,"victory":true,"max_hp_per_floor":[82,82,82,82,82,82,82,82,82,82,82,82,82,82,82,82,82,82,82,82,87,87,87,87,87,87,87,87,87,87,87,87,87,87,87,87,87,87,87,87,83,83,83,83,83,83,83,83,83,83],"card_choices":[{"not_picked":["TheCursedMod:SpreadPlague","TheCursedMod:Grudge","TheCursedMod:ManaBullet"],"picked":"SKIP","floor":1.0},{"not_picked":["TheCursedMod:CircleOfCorruption","TheCursedMod:WearCloak"],"picked":"TheCursedMod:HellfireBreathing","floor":3.0},{"not_picked":["TheCursedMod:Wield","TheCursedMod:CursedBlade"],"picked":"TheCursedMod:CursedAmulet","floor":5.0},{"not_picked":["TheCursedMod:CursedShiv","TheCursedMod:Stigma"],"picked":"TheCursedMod:ReleasedStrength","floor":8.0},{"not_picked":["TheCursedMod:SoulCrush","TheCursedMod:RapidMovement"],"picked":"TheCursedMod:HellsGateOpen","floor":10.0},{"not_picked":["TheCursedMod:AbyssShockwave","TheCursedMod:Mangle","TheCursedMod:FleshFromBone"],"picked":"SKIP","floor":12.0},{"not_picked":["TheCursedMod:Neurasthenia","TheCursedMod:Stretching"],"picked":"TheCursedMod:SmokeScreen","floor":14.0},{"not_picked":["TheCursedMod:ManaCirculation","TheCursedMod:CursedRelics"],"picked":"TheCursedMod:CollectTribute","floor":16.0},{"not_picked":["TheCursedMod:ManaBullet","TheCursedMod:WearCloak"],"picked":"TheCursedMod:SmokeScreen","floor":18.0},{"not_picked":["TheCursedMod:WearCloak","TheCursedMod:VitalStrike","TheCursedMod:SpitefulPray"],"picked":"SKIP","floor":19.0},{"not_picked":["TheCursedMod:RavingStaff","TheCursedMod:CursedBlade","TheCursedMod:Wield"],"picked":"SKIP","floor":22.0},{"not_picked":["TheCursedMod:CursedBlade","TheCursedMod:Wield"],"picked":"TheCursedMod:RavingStaff","floor":22.0},{"not_picked":["TheCursedMod:Stigma","TheCursedMod:Torture","TheCursedMod:RavingStaff"],"picked":"SKIP","floor":27.0},{"not_picked":["TheCursedMod:CursedMace","TheCursedMod:SpitefulPray","TheCursedMod:CircleOfCorruption"],"picked":"SKIP","floor":28.0},{"not_picked":["TheCursedMod:BloodBarrier","TheCursedMod:SmokeScreen","TheCursedMod:SoulCrush+1"],"picked":"SKIP","floor":31.0},{"not_picked":["TheCursedMod:SaltUponWound","TheCursedMod:WearCloak+1","TheCursedMod:Stigma+1"],"picked":"SKIP","floor":35.0},{"not_picked":["TheCursedMod:CircleOfFlame+1","TheCursedMod:Torture","TheCursedMod:VitalStrike+1"],"picked":"SKIP","floor":36.0},{"not_picked":["TheCursedMod:CursedBlade+1","TheCursedMod:Stigma","TheCursedMod:ReleasedKnowledge"],"picked":"SKIP","floor":38.0},{"not_picked":["Violence","Sadistic Nature"],"picked":"Flash of Steel","floor":42},{"not_picked":["TheCursedMod:EmpowerCircles","TheCursedMod:CursedMace"],"picked":"TheCursedMod:SurpriseAttack+1","floor":45},{"not_picked":["TheCursedMod:BloodBarrier+1","TheCursedMod:SmokeScreen+1","TheCursedMod:CursedBlade"],"picked":"SKIP","floor":46},{"not_picked":["TheCursedMod:Stigma+1","TheCursedMod:SpitefulPlan"],"picked":"TheCursedMod:Hemoplague","floor":48}],"player_experience":562261,"relics_obtained":[{"floor":7.0,"key":"War Paint"},{"floor":9.0,"key":"Potion Belt"},{"floor":43,"key":"Shuriken"}],"event_choices":[{"cards_removed":["TheCursedMod:Strike_TheCursed"],"damage_healed":0.0,"max_hp_gain":0.0,"max_hp_loss":0.0,"gold_gain":0.0,"event_name":"Golden Wing","player_choice":"Card Removal","floor":2.0,"gold_loss":0.0,"damage_taken":7.0},{"damage_healed":0.0,"max_hp_gain":0.0,"max_hp_loss":0.0,"gold_gain":0.0,"event_name":"Living Wall","player_choice":"Grow","floor":4.0,"gold_loss":0.0,"damage_taken":0.0,"cards_upgraded":["TheCursedMod:HellfireBreathing"]},{"damage_healed":0.0,"max_hp_gain":0.0,"max_hp_loss":0.0,"gold_gain":0.0,"event_name":"Shining Light","player_choice":"Entered Light","floor":11.0,"gold_loss":0.0,"damage_taken":16.0,"cards_upgraded":["TheCursedMod:Strike_TheCursed","TheCursedMod:Strike_TheCursed"]},{"cards_removed":["TheCursedMod:Defend_TheCursed"],"damage_healed":0.0,"max_hp_gain":0.0,"max_hp_loss":0.0,"gold_gain":0.0,"event_name":"Purifier","player_choice":"Purged","floor":13.0,"gold_loss":0.0,"damage_taken":0.0},{"damage_healed":0.0,"max_hp_gain":0.0,"max_hp_loss":0.0,"gold_gain":0.0,"cards_transformed":["TheCursedMod:Strike_TheCursed","TheCursedMod:Defend_TheCursed"],"event_name":"Drug Dealer","player_choice":"Became Test Subject","floor":20.0,"gold_loss":0.0,"damage_taken":0.0,"cards_obtained":["TheCursedMod:Grudge","TheCursedMod:ParallelWorld"]},{"damage_healed":0.0,"max_hp_gain":5.0,"max_hp_loss":0.0,"gold_gain":0.0,"event_name":"Forgotten Altar","player_choice":"Shed Blood","floor":21.0,"gold_loss":0.0,"damage_taken":21.0},{"damage_healed":0.0,"max_hp_gain":0.0,"max_hp_loss":0.0,"gold_gain":0.0,"event_name":"Addict","player_choice":"Obtained Relic","floor":24.0,"gold_loss":85.0,"damage_taken":0.0,"relics_obtained":["Akabeko"]},{"damage_healed":0.0,"max_hp_gain":0.0,"max_hp_loss":0.0,"gold_gain":0.0,"event_name":"Cursed Tome","player_choice":"Ignored","floor":25.0,"gold_loss":0.0,"damage_taken":0.0},{"damage_healed":0.0,"max_hp_gain":0.0,"max_hp_loss":0.0,"gold_gain":0.0,"event_name":"Mysterious Sphere","player_choice":"Ignored","floor":37.0,"gold_loss":0.0,"damage_taken":0.0},{"damage_healed":0,"gold_gain":0,"player_choice":"Max HP","damage_taken":0,"max_hp_gain":0,"max_hp_loss":4,"event_name":"Winding Halls","floor":41,"gold_loss":0},{"damage_healed":0,"gold_gain":0,"player_choice":"Memory 1","damage_taken":0,"max_hp_gain":0,"max_hp_loss":0,"event_name":"SensoryStone","floor":42,"gold_loss":0},{"cards_removed":["TheCursedMod:Strike_TheCursed"],"damage_healed":0,"gold_gain":0,"player_choice":"Removed Attack","damage_taken":0,"max_hp_gain":0,"max_hp_loss":0,"event_name":"Falling","floor":47,"gold_loss":0}],"is_beta":false,"boss_relics":[{"not_picked":["energizedSpire:RedRose","TheCursedMod:BlackMagicAdvanced"],"picked":"Cursed Key"},{"not_picked":["TheCursedMod:FourLeafCloverCharm","Tiny House"],"picked":"Dota2Spire:Bloodstone"}],"items_purged_floors":[39],"is_endless":false,"potions_floor_spawned":[1,3,8,18,19,45,46,48],"ascension_level":0}}