{"host":"p9fmk1zxjhqthrxg","time":1614309156,"event":{"mods":["BaseMod","Bestiary","Colored Map","Colored Powertips","Highlight Path","Minty Spire (QoL Compilation)","Random Character Button","Rare Cards Sparkle","StSLib"],"gold_per_floor":[113,113,127,127,142,182,182,66,66,31,31,31,31,50,50,174,174,198,219,238,238,238,278,278,278,278],"floor_reached":25,"language":"ENG","playtime":909,"items_purged":[],"score":244,"play_id":"942f4d30-6429-4eb7-ae16-2a0c79e634d1","local_time":"20210225211236","is_ascension_mode":false,"campfire_choices":[{"floor":7,"key":"REST"},{"data":"Storm of Steel","floor":11,"key":"SMITH"},{"data":"Choke","floor":15,"key":"SMITH"},{"data":"Pain","floor":24,"key":"PURGE"}],"circlet_count":0,"master_deck":["Defend_G","Defend_G","Defend_G","Defend_G","Defend_G","Survivor","Neutralize","Storm of Steel+1","Dagger Spray","Dagger Spray","Dagger Spray","Heel Hook","Choke+1","Footwork","Regret","Acrobatics","Envenom","Flying Knee+1","Concentrate","Outmaneuver+1","Bite","Bite","Bite","Bite","Bite","Slice"],"relics":["Ring of the Snake","Golden Idol","Letter Opener","Peace Pipe","CaptainsWheel","Cursed Key","WarpedTongs","Ice Cream"],"acts_visited":["Exordium","TheCity"],"potions_floor_usage":[5,6,16,23,23],"damage_taken":[{"damage":2,"enemies":"2 Louse","floor":1,"turns":5},{"damage":0,"enemies":"Cultist","floor":3,"turns":3},{"damage":4,"enemies":"Jaw Worm","floor":5,"turns":3},{"damage":22,"enemies":"Gremlin Nob","floor":6,"turns":4},{"damage":10,"enemies":"2 Fungi Beasts","floor":14,"turns":3},{"damage":26,"enemies":"Slime Boss","floor":16,"turns":10},{"damage":10,"enemies":"Chosen","floor":18,"turns":3},{"damage":2,"enemies":"3 Byrds","floor":19,"turns":4},{"damage":27,"enemies":"Cultist and Chosen","floor":20,"turns":6},{"damage":29,"enemies":"Book of Stabbing","floor":23,"turns":4},{"damage":16,"enemies":"Snake Plant","floor":25,"turns":1}],"seed_played":"-8806728999502994124","potions_obtained":[{"floor":1,"key":"EssenceOfSteel"},{"floor":5,"key":"DistilledChaos"},{"floor":6,"key":"Regen Potion"},{"floor":19,"key":"Strength Potion"},{"floor":20,"key":"EssenceOfSteel"},{"floor":23,"key":"SpeedPotion"}],"is_trial":false,"path_per_floor":["M","?","M","?","M","E","R","$","T","?","R","?","$","M","R","B",null,"M","M","M","?","?","E","R","M"],"character_chosen":"THE_SILENT","items_purchased":["Choke","Footwork"],"campfire_rested":1,"item_purchase_floors":[8,8],"current_hp_per_floor":[47,47,47,47,43,21,42,42,42,59,59,59,59,49,49,38,70,60,58,31,31,31,13,13,0,0],"gold":278,"neow_bonus":"THREE_RARE_CARDS","is_daily":false,"chose_seed":false,"campfire_upgraded":2,"win_rate":0.0,"timestamp":1614309156,"path_taken":["M","?","M","?","?","E","R","$","T","?","R","?","?","M","R","BOSS","M","M","M","?","?","E","R","M"],"items_purchased_type":["Card","Card"],"build_version":"2020-12-22","purchased_purges":0,"victory":false,"max_hp_per_floor":[70,70,70,70,70,70,70,70,70,70,70,70,70,70,70,70,70,70,70,70,49,49,49,49,49,49],"card_choices":[{"not_picked":["A Thousand Cuts","Malaise"],"picked":"Storm of Steel","floor":0},{"not_picked":["Deflect","PiercingWail"],"picked":"Dagger Spray","floor":1},{"not_picked":["Backflip","Endless Agony"],"picked":"Dagger Spray","floor":3},{"not_picked":["Backstab","Bane"],"picked":"Dagger Spray","floor":5},{"not_picked":["Skewer","Calculated Gamble"],"picked":"Heel Hook","floor":6},{"not_picked":["Dagger Throw","Sucker Punch"],"picked":"Acrobatics","floor":14},{"not_picked":["Storm of Steel","Burst"],"picked":"Envenom","floor":16},{"not_picked":["Underhanded Strike+1","Deflect"],"picked":"Flying Knee+1","floor":18},{"not_picked":["Underhanded Strike+1","Dagger Throw"],"picked":"Concentrate","floor":19},{"not_picked":["Flying Knee","Slice+1"],"picked":"Outmaneuver+1","floor":20},{"not_picked":["Eviscerate","Cloak And Dagger+1"],"picked":"Slice","floor":23}],"player_experience":163713,"relics_obtained":[{"floor":6,"key":"Letter Opener"},{"floor":9,"key":"Peace Pipe"},{"floor":23,"key":"Ice Cream"}],"event_choices":[{"damage_healed":0,"gold_gain":0,"player_choice":"Take Wound","damage_taken":0,"relics_obtained":["Golden Idol"],"max_hp_gain":0,"max_hp_loss":0,"event_name":"Golden Idol","floor":2,"gold_loss":0,"cards_obtained":["Injury"]},{"cards_removed":["Injury"],"damage_healed":0,"gold_gain":0,"player_choice":"Purged","damage_taken":0,"max_hp_gain":0,"max_hp_loss":0,"event_name":"Purifier","floor":4,"gold_loss":0},{"damage_healed":17,"gold_gain":0,"player_choice":"Healed","damage_taken":0,"max_hp_gain":0,"max_hp_loss":0,"event_name":"The Cleric","floor":10,"gold_loss":35},{"damage_healed":0,"gold_gain":0,"player_choice":"Box","damage_taken":0,"relics_obtained":["CaptainsWheel"],"max_hp_gain":0,"max_hp_loss":0,"event_name":"Big Fish","floor":12,"gold_loss":0,"cards_obtained":["Regret"]},{"damage_healed":0,"gold_gain":0,"player_choice":"Became a vampire","damage_taken":0,"max_hp_gain":0,"max_hp_loss":21,"event_name":"Vampires","floor":21,"gold_loss":0,"cards_obtained":["Bite","Bite","Bite","Bite","Bite"]},{"damage_healed":0,"gold_gain":0,"player_choice":"Rummage","damage_taken":0,"relics_obtained":["WarpedTongs"],"max_hp_gain":0,"max_hp_loss":0,"event_name":"Accursed Blacksmith","floor":22,"gold_loss":0,"cards_obtained":["Pain"]}],"is_beta":false,"boss_relics":[{"not_picked":["Astrolabe","Philosopher\u0027s Stone"],"picked":"Cursed Key"}],"items_purged_floors":[],"is_endless":false,"potions_floor_spawned":[1,5,6,19,20,23],"killed_by":"Snake Plant","ascension_level":0}}