{"host":"puf131q5awx2h4uh","time":1614333956,"event":{"mods":["BaseMod","Minty Spire (QoL Compilation)","Quick Restart","Shop Mod","StSLib"],"gold_per_floor":[117,134,134,134,5,40,40,50,50,77,94,94,124,149,149,149,149],"floor_reached":16,"language":"ZHS","playtime":349,"items_purged":["Strike_R"],"score":286,"play_id":"22087814-1776-49f8-adb5-a5b8fc95d53f","local_time":"20210226180556","is_ascension_mode":true,"campfire_choices":[{"data":"Hemokinesis","floor":7.0,"key":"SMITH"},{"data":"Rupture","floor":12.0,"key":"SMITH"},{"data":"Shrug It Off","floor":15.0,"key":"SMITH"}],"circlet_count":0,"master_deck":["AscendersBane","Strike_R","Strike_R","Defend_R","Defend_R","Defend_R","Defend_R","Bash","Hemokinesis+1","Shrug It Off+1","Rupture+1"],"relics":["Burning Blood","NeowsBlessing","Pantograph","The Courier","Blood Vial","Regal Pillow","Happy Flower"],"acts_visited":["Exordium"],"potions_floor_usage":[16],"damage_taken":[{"damage":0.0,"enemies":"Cultist","floor":1.0,"turns":1.0},{"damage":0.0,"enemies":"Small Slimes","floor":2.0,"turns":1.0},{"damage":0.0,"enemies":"Lagavulin","floor":6.0,"turns":2.0},{"damage":2.0,"enemies":"2 Louse","floor":8.0,"turns":3.0},{"damage":36.0,"enemies":"Gremlin Nob","floor":10.0,"turns":4.0},{"damage":7.0,"enemies":"Blue Slaver","floor":11.0,"turns":3.0},{"damage":40.0,"enemies":"3 Sentries","floor":13.0,"turns":10.0},{"damage":42,"enemies":"The Guardian","floor":16,"turns":7}],"seed_played":"9203728066395120427","potions_obtained":[{"floor":6.0,"key":"PowerPotion"},{"floor":10.0,"key":"ColorlessPotion"},{"floor":11.0,"key":"Block Potion"}],"is_trial":false,"path_per_floor":["M","M","?","?","$","E","R","M","T","E","M","R","E","T","R","B"],"character_chosen":"IRONCLAD","items_purchased":["Shrug It Off"],"campfire_rested":0,"item_purchase_floors":[5],"current_hp_per_floor":[74,75,75,68,68,74,74,75,75,45,46,46,14,14,14,0,0],"gold":149,"neow_bonus":"THREE_ENEMY_KILL","is_daily":false,"chose_seed":false,"campfire_upgraded":3,"win_rate":0.0,"timestamp":1614333956,"path_taken":["M","?","?","?","$","E","R","M","T","E","M","R","E","?","R","BOSS"],"items_purchased_type":["Card"],"build_version":"2020-12-22","purchased_purges":1,"victory":false,"max_hp_per_floor":[75,75,75,75,75,75,75,75,75,75,75,75,75,75,75,75,75],"card_choices":[{"not_picked":["Cleave","Sentinel"],"picked":"Hemokinesis","floor":1.0},{"not_picked":["Intimidate","Clash","Pommel Strike"],"picked":"SKIP","floor":2.0},{"not_picked":["Twin Strike","Clothesline","Sword Boomerang"],"picked":"SKIP","floor":6.0},{"not_picked":["Metallicize","Flex"],"picked":"Rupture","floor":8.0},{"not_picked":["Iron Wave","Pommel Strike","Seeing Red"],"picked":"SKIP","floor":10.0},{"not_picked":["Iron Wave","Warcry","Shrug It Off"],"picked":"SKIP","floor":11.0},{"not_picked":["Infernal Blade","Clash","Rampage"],"picked":"SKIP","floor":13.0}],"player_experience":339320,"relics_obtained":[{"floor":6.0,"key":"Pantograph"},{"floor":9.0,"key":"The Courier"},{"floor":10.0,"key":"Blood Vial"},{"floor":13.0,"key":"Regal Pillow"},{"floor":14.0,"key":"Happy Flower"}],"event_choices":[{"cards_removed":["Strike_R"],"damage_healed":0.0,"max_hp_gain":0.0,"max_hp_loss":0.0,"gold_gain":0.0,"event_name":"Living Wall","player_choice":"Forget","floor":3.0,"gold_loss":0.0,"damage_taken":0.0},{"cards_removed":["Strike_R"],"damage_healed":0.0,"max_hp_gain":0.0,"max_hp_loss":0.0,"gold_gain":0.0,"event_name":"Golden Wing","player_choice":"Card Removal","floor":4.0,"gold_loss":0.0,"damage_taken":7.0}],"is_beta":false,"boss_relics":[],"items_purged_floors":[5],"is_endless":false,"potions_floor_spawned":[6,10,11],"killed_by":"The Guardian","ascension_level":20}}