{"host":"i29s15dsg0c43zmx","time":1614360119,"event":{"mods":["AchievementEnabler","BaseMod","Colored Map","Minty Spire (QoL Compilation)","StSLib"],"gold_per_floor":[116,291,130,148,167,167,200,214,214,231,306,306,306],"floor_reached":12,"language":"ENG","playtime":406,"items_purged":["Doubt"],"score":84,"play_id":"2a6304e2-29cf-4bcd-a690-801a168ef67b","local_time":"20210226182159","is_ascension_mode":true,"campfire_choices":[{"data":"Eruption","floor":6,"key":"SMITH"}],"circlet_count":0,"master_deck":["Strike_P","Strike_P","Strike_P","Strike_P","Defend_P","Defend_P","Defend_P","Defend_P","Eruption+1","Vigilance","Blasphemy","Indignation","EmptyFist","InnerPeace","FearNoEvil","ConjureBlade","FollowUp"],"relics":["PureWater","Bag of Preparation","Smiling Mask"],"acts_visited":["Exordium"],"potions_floor_usage":[8,10],"damage_taken":[{"damage":0,"enemies":"Small Slimes","floor":1,"turns":3},{"damage":0,"enemies":"Jaw Worm","floor":4,"turns":3},{"damage":0,"enemies":"2 Louse","floor":5,"turns":1},{"damage":20,"enemies":"Gremlin Nob","floor":7,"turns":4},{"damage":8,"enemies":"2 Fungi Beasts","floor":8,"turns":3},{"damage":8,"enemies":"Red Slaver","floor":10,"turns":2},{"damage":35,"enemies":"3 Sentries","floor":12,"turns":5}],"seed_played":"-2533053644893799553","potions_obtained":[{"floor":1,"key":"Strength Potion"},{"floor":5,"key":"AttackPotion"},{"floor":8,"key":"Fruit Juice"},{"floor":10,"key":"Fruit Juice"}],"is_trial":false,"path_per_floor":["M","?","$","M","M","R","E","M","T","M","?","E"],"character_chosen":"WATCHER","items_purchased":["EmptyFist","InnerPeace"],"campfire_rested":0,"item_purchase_floors":[3,3],"current_hp_per_floor":[72,72,72,72,72,72,52,49,49,46,35,0,0],"gold":306,"neow_bonus":"ONE_RANDOM_RARE_CARD","is_daily":false,"chose_seed":false,"campfire_upgraded":1,"win_rate":0.0,"timestamp":1614360119,"path_taken":["M","?","$","M","M","R","E","M","T","M","?","E"],"items_purchased_type":["Card","Card"],"build_version":"2020-12-22","purchased_purges":1,"victory":false,"max_hp_per_floor":[72,72,72,72,72,72,72,77,77,82,82,82,82],"card_choices":[{"not_picked":["JustLucky","Conclude"],"picked":"Indignation","floor":1},{"not_picked":["Evaluate","Crescendo","ClearTheMind"],"picked":"SKIP","floor":4},{"not_picked":["PathToVictory","Pray"],"picked":"FearNoEvil","floor":5},{"not_picked":["Meditate","ThirdEye"],"picked":"ConjureBlade","floor":7},{"not_picked":["ClearTheMind","Collect"],"picked":"FollowUp","floor":8},{"not_picked":["CrushJoints","Nirvana","ClearTheMind"],"picked":"SKIP","floor":10}],"player_experience":146129,"relics_obtained":[{"floor":7,"key":"Bag of Preparation"},{"floor":9,"key":"Smiling Mask"}],"event_choices":[{"damage_healed":0,"gold_gain":175,"player_choice":"AGREE","damage_taken":0,"max_hp_gain":0,"max_hp_loss":0,"event_name":"Liars Game","floor":2,"gold_loss":0,"cards_obtained":["Doubt"]},{"damage_healed":0,"gold_gain":75,"player_choice":"Gather Gold","damage_taken":11,"max_hp_gain":0,"max_hp_loss":0,"event_name":"World of Goop","floor":11,"gold_loss":0}],"is_beta":false,"boss_relics":[],"items_purged_floors":[3],"is_endless":false,"potions_floor_spawned":[1,5,8,10],"killed_by":"3 Sentries","ascension_level":1}}