{"host":"ut3q8wc68upnfjmc","time":1614316170,"event":{"mods":["BaseMod","Colored Map","Colored Powertips","Downfall","Minty Spire (QoL Compilation)","StSLib","Unceasing Turn Reminder"],"gold_per_floor":[117,131,145,157,232,232,259,259,259,272,330,365,40,65,65,165,165,177,22,22,22,22,48,48,48,71,82,182,182,182,182,182,285,285,302,352,352,3,0,0,0,0,0,14,14,14,14,29,29,29,29,29,29,54,54,54],"floor_reached":55,"language":"ENG","playtime":3209,"items_purged":["Strike_G","Strike_G"],"score":758,"play_id":"749247ca-ed31-4d2d-ae81-b16cce2abb8b","local_time":"20210225230930","is_ascension_mode":true,"campfire_choices":[{"data":"Accuracy","floor":6,"key":"SMITH"},{"floor":15,"key":"REST"},{"data":"Night Terror","floor":25,"key":"SMITH"},{"data":"Adrenaline","floor":30,"key":"SMITH"},{"floor":32,"key":"REST"},{"data":"Phantasmal Killer","floor":40,"key":"SMITH"},{"data":"Madness","floor":41,"key":"SMITH"},{"data":"Madness","floor":42,"key":"SMITH"},{"floor":45,"key":"RECALL"},{"data":"Backstab","floor":46,"key":"SMITH"},{"data":"Calculated Gamble","floor":49,"key":"SMITH"},{"data":"Footwork","floor":52,"key":"SMITH"}],"circlet_count":0,"master_deck":["Defend_G","Defend_G","Defend_G","Survivor","Neutralize","Prepared","Dagger Throw","Blade Dance","Accuracy+1","Noxious Fumes","Underhanded Strike","Blade Dance","Adrenaline+1","Infinite Blades","Acrobatics","Night Terror+1","Burst+1","Dagger Throw+1","Skewer+1","Terror+1","Infinite Blades","Reflex","Phantasmal Killer+1","Crippling Poison+1","Madness+1","Madness+1","Footwork+1","Backstab+1","Backstab+1","Escape Plan","Calculated Gamble+1"],"relics":["Ring of the Snake","InkBottle","Gambling Chip","Ice Cream","Orichalcum","FossilizedHelix","Bird Faced Urn","Astrolabe","Juzu Bracelet","Smiling Mask","Gremlin Horn","Dead Branch","Boot","MutagenicStrength","Runic Pyramid","WingedGreaves","Strange Spoon","Red Mask","Vajra"],"acts_visited":["Exordium","TheCity","TheBeyond","TheEnding"],"potions_floor_usage":[11,12,12,12,12,14,21,27,28,50,50,55],"damage_taken":[{"damage":0,"enemies":"2 Louse","floor":1,"turns":4},{"damage":0,"enemies":"Jaw Worm","floor":2,"turns":3},{"damage":0,"enemies":"Cultist","floor":3,"turns":4},{"damage":0,"enemies":"Looter","floor":4,"turns":4},{"damage":10,"enemies":"3 Sentries","floor":7,"turns":9},{"damage":4,"enemies":"2 Fungi Beasts","floor":10,"turns":3},{"damage":16,"enemies":"Gremlin Nob","floor":11,"turns":3},{"damage":31,"enemies":"Lagavulin","floor":12,"turns":4},{"damage":1,"enemies":"3 Sentries","floor":14,"turns":4},{"damage":0,"enemies":"Slime Boss","floor":16,"turns":5},{"damage":0,"enemies":"3 Byrds","floor":18,"turns":2},{"damage":0,"enemies":"2 Thieves","floor":21,"turns":1},{"damage":35,"enemies":"Gremlin Leader","floor":23,"turns":4},{"damage":0,"enemies":"Shelled Parasite and Fungi","floor":27,"turns":2},{"damage":0,"enemies":"Colosseum Slavers","floor":28,"turns":2},{"damage":20,"enemies":"Colosseum Nobs","floor":28,"turns":4},{"damage":37,"enemies":"Collector","floor":33,"turns":6},{"damage":0,"enemies":"3 Shapes","floor":35,"turns":2},{"damage":0,"enemies":"Mind Bloom Boss Battle","floor":36,"turns":2},{"damage":0,"enemies":"3 Darklings","floor":44,"turns":2},{"damage":0,"enemies":"Transient","floor":48,"turns":5},{"damage":53,"enemies":"Donu and Deca","floor":50,"turns":5},{"damage":51,"enemies":"Shield and Spear","floor":54,"turns":5},{"damage":53,"enemies":"The Heart","floor":55,"turns":2}],"seed_played":"2900769577001001191","potions_obtained":[{"floor":1,"key":"Dexterity Potion"},{"floor":10,"key":"GamblersBrew"},{"floor":11,"key":"EntropicBrew"},{"floor":12,"key":"SmokeBomb"},{"floor":23,"key":"ColorlessPotion"},{"floor":27,"key":"LiquidMemories"},{"floor":36,"key":"Dexterity Potion"},{"floor":48,"key":"Block Potion"},{"floor":54,"key":"Poison Potion"}],"is_trial":false,"path_per_floor":["M","M","M","M","?","R","E","?","T","M","?","E","$","E","R","B",null,"M","$","?","M","?","E","?","R","T","M","?","T","R","?","R","B",null,"M","?","?","$","?","R","R","R","T","M","R","R","?","M","R","B",null,"R","$","E","B"],"character_chosen":"THE_SILENT","items_purchased":["FossilizedHelix","Infinite Blades","Infinite Blades","Strange Spoon","Footwork","Backstab"],"campfire_rested":2,"item_purchase_floors":[13,13,19,38,38,38],"current_hp_per_floor":[77,77,77,77,66,66,56,77,77,73,57,26,26,25,48,54,77,77,77,77,77,77,44,44,44,44,48,42,42,42,42,65,40,77,77,77,67,67,67,67,67,67,67,75,75,75,75,77,77,36,77,77,77,38,0,0],"gold":54,"neow_bonus":"TEN_PERCENT_HP_BONUS","is_daily":false,"chose_seed":false,"campfire_upgraded":9,"win_rate":0.0,"timestamp":1614316170,"path_taken":["M","M","M","M","?","R","E","?","T","M","?","E","?","E","R","BOSS","M","$","?","M","?","E","?","R","T","M","?","?","R","?","R","BOSS","M","?","?","$","?","R","R","R","T","M","R","R","?","M","R","BOSS","R","$","E","BOSS"],"items_purchased_type":["Relic","Card","Card","Relic","Card","Card"],"build_version":"2020-12-22","purchased_purges":2,"victory":false,"max_hp_per_floor":[77,77,77,77,77,77,77,77,77,77,77,77,77,77,77,77,77,77,77,77,77,77,77,77,77,77,77,77,77,77,77,77,77,77,77,77,77,77,77,77,77,77,77,77,77,77,77,77,77,77,77,77,77,77,77,77],"card_choices":[{"not_picked":["Catalyst","Dagger Spray"],"picked":"Prepared","floor":1},{"not_picked":["Distraction","Riddle With Holes"],"picked":"Dagger Throw","floor":2},{"not_picked":["Acrobatics","Deflect"],"picked":"Blade Dance","floor":3},{"not_picked":["Poisoned Stab","Dodge and Roll"],"picked":"Accuracy","floor":4},{"not_picked":["PiercingWail","Masterful Stab"],"picked":"Noxious Fumes","floor":7},{"not_picked":["Quick Slash","Acrobatics"],"picked":"Underhanded Strike","floor":10},{"not_picked":["Choke","Acrobatics"],"picked":"Blade Dance","floor":11},{"not_picked":["Sucker Punch","Die Die Die"],"picked":"Adrenaline","floor":12},{"not_picked":["Bane","Poisoned Stab"],"picked":"Acrobatics","floor":14},{"not_picked":["Unload","Venomology"],"picked":"Night Terror","floor":16},{"not_picked":["Acrobatics","Underhanded Strike"],"picked":"Terror+1","floor":18},{"not_picked":["Skewer","Sucker Punch+1"],"picked":"Reflex","floor":23},{"not_picked":["Cloak And Dagger","Poisoned Stab","Quick Slash+1"],"picked":"SKIP","floor":27},{"not_picked":["Storm of Steel","A Thousand Cuts"],"picked":"Phantasmal Killer","floor":33},{"not_picked":["Deadly Poison+1","Dagger Throw"],"picked":"Crippling Poison+1","floor":35},{"not_picked":["Flying Knee+1","Terror"],"picked":"Backstab+1","floor":44},{"not_picked":["Poisoned Stab","Leg Sweep+1"],"picked":"Calculated Gamble","floor":48},{"not_picked":["Crippling Poison","Predator","Acrobatics"],"picked":"SKIP","floor":54}],"player_experience":73795,"relics_obtained":[{"floor":7,"key":"InkBottle"},{"floor":9,"key":"Gambling Chip"},{"floor":11,"key":"Ice Cream"},{"floor":12,"key":"Orichalcum"},{"floor":14,"key":"Bird Faced Urn"},{"floor":23,"key":"Juzu Bracelet"},{"floor":26,"key":"Smiling Mask"},{"floor":28,"key":"Gremlin Horn"},{"floor":28,"key":"Dead Branch"},{"floor":29,"key":"Boot"},{"floor":36,"key":"WingedGreaves"},{"floor":54,"key":"Vajra"}],"event_choices":[{"damage_healed":0,"gold_gain":75,"player_choice":"Gather Gold","damage_taken":11,"max_hp_gain":0,"max_hp_loss":0,"event_name":"World of Goop","floor":5,"gold_loss":0},{"damage_healed":25,"gold_gain":0,"player_choice":"Banana","damage_taken":0,"max_hp_gain":0,"max_hp_loss":0,"event_name":"Big Fish","floor":8,"gold_loss":0},{"damage_healed":0,"gold_gain":0,"player_choice":"Searched \u00272\u0027 times","damage_taken":0,"max_hp_gain":0,"max_hp_loss":0,"event_name":"Dead Adventurer","floor":11,"gold_loss":0},{"damage_healed":0,"gold_gain":0,"player_choice":"Ignored","damage_taken":0,"max_hp_gain":0,"max_hp_loss":0,"event_name":"Ghosts","floor":20,"gold_loss":0},{"damage_healed":0,"gold_gain":0,"player_choice":"Ignored","damage_taken":0,"max_hp_gain":0,"max_hp_loss":0,"event_name":"Vampires","floor":22,"gold_loss":0},{"cards_removed":["Strike_G"],"damage_healed":0,"gold_gain":0,"player_choice":"Elegance","damage_taken":0,"max_hp_gain":0,"max_hp_loss":0,"event_name":"Back to Basics","floor":24,"gold_loss":0},{"damage_healed":0,"gold_gain":0,"player_choice":"Fight","damage_taken":0,"max_hp_gain":0,"max_hp_loss":0,"event_name":"Colosseum","floor":28,"gold_loss":0},{"damage_healed":0,"gold_gain":0,"player_choice":"Fought Nobs","damage_taken":0,"max_hp_gain":0,"max_hp_loss":0,"event_name":"Colosseum","floor":28,"gold_loss":0},{"damage_healed":0,"gold_gain":0,"player_choice":"Inject Mutagens","damage_taken":0,"relics_obtained":["MutagenicStrength"],"max_hp_gain":0,"max_hp_loss":0,"event_name":"Drug Dealer","floor":31,"gold_loss":0},{"damage_healed":0,"gold_gain":0,"player_choice":"Fight","damage_taken":0,"max_hp_gain":0,"max_hp_loss":0,"event_name":"MindBloom","floor":36,"gold_loss":0},{"damage_healed":0,"gold_gain":0,"player_choice":"Embrace Madness","damage_taken":10,"max_hp_gain":0,"max_hp_loss":0,"event_name":"Winding Halls","floor":37,"gold_loss":0,"cards_obtained":["Madness","Madness"]},{"damage_healed":0,"gold_gain":0,"player_choice":"Paid","damage_taken":0,"relics_obtained":["Red Mask"],"max_hp_gain":0,"max_hp_loss":0,"event_name":"Tomb of Lord Red Mask","floor":39,"gold_loss":3},{"damage_healed":0,"gold_gain":0,"cards_transformed":["Defend_G"],"player_choice":"Transformed","damage_taken":0,"max_hp_gain":0,"max_hp_loss":0,"event_name":"Transmorgrifier","floor":47,"gold_loss":0,"cards_obtained":["Escape Plan"]}],"is_beta":false,"boss_relics":[{"not_picked":["Pandora\u0027s Box","Snecko Eye"],"picked":"Astrolabe"},{"not_picked":["Cursed Key","Coffee Dripper"],"picked":"Runic Pyramid"}],"items_purged_floors":[19,38],"is_endless":false,"potions_floor_spawned":[1,10,11,12,23,27,36,48,54],"killed_by":"The Heart","ascension_level":1}}