{"host":"2mhgakmjhthqu3yt","time":1614363656,"event":{"mods":["AchievementEnabler","BaseMod","Block Reminder","Colored Powertips","Highlight Path","Minty Spire (QoL Compilation)","Quick Restart"],"gold_per_floor":[111,130,130,142,142,142,168,168,243,243,260,111,144,159,159,254,254,271,287,287,287,287],"floor_reached":21,"language":"ENG","playtime":1204,"items_purged":[],"score":198,"play_id":"baf57b13-f465-4250-b5b0-1df23ccf14b8","local_time":"20210226192056","is_ascension_mode":true,"campfire_choices":[{"floor":6.0,"key":"REST"},{"floor":8.0,"key":"REST"},{"floor":15.0,"key":"REST"}],"circlet_count":0,"master_deck":["Strike_G","Strike_G","Strike_G","Defend_G","Defend_G","Defend_G","Defend_G","Survivor","Neutralize","Bane","Backstab","Backflip","Dash","Footwork","Bouncing Flask","Footwork","Dodge and Roll+1"],"relics":["Ring of the Snake","Happy Flower","Blood Vial","Omamori","Empty Cage"],"acts_visited":["TheCity"],"potions_floor_usage":[16],"damage_taken":[{"damage":0.0,"enemies":"Cultist","floor":1.0,"turns":4.0},{"damage":1.0,"enemies":"Small Slimes","floor":2.0,"turns":3.0},{"damage":3.0,"enemies":"Jaw Worm","floor":4.0,"turns":4.0},{"damage":42.0,"enemies":"Lagavulin","floor":7.0,"turns":12.0},{"damage":0.0,"enemies":"Exordium Wildlife","floor":11.0,"turns":6.0},{"damage":34.0,"enemies":"Gremlin Nob","floor":13.0,"turns":6.0},{"damage":0.0,"enemies":"Blue Slaver","floor":14.0,"turns":3.0},{"damage":36,"enemies":"Slime Boss","floor":16,"turns":13},{"damage":43,"enemies":"3 Byrds","floor":18,"turns":7},{"damage":18,"enemies":"Spheric Guardian","floor":19,"turns":6},{"damage":13,"enemies":"Snake Plant","floor":21,"turns":3}],"seed_played":"-7740555776927439099","potions_obtained":[{"floor":1.0,"key":"SpeedPotion"},{"floor":2.0,"key":"Energy Potion"},{"floor":4.0,"key":"Explosive Potion"},{"floor":14.0,"key":"Strength Potion"},{"floor":18,"key":"GamblersBrew"}],"is_trial":false,"path_per_floor":["M","M","$","M","?","R","E","R","T","?","M","$","E","M","R","B",null,"M","M","?","M"],"character_chosen":"THE_SILENT","items_purchased":["Blood Vial"],"campfire_rested":3,"item_purchase_floors":[12],"current_hp_per_floor":[70,69,69,66,59,70,28,49,49,49,49,49,17,19,40,6,70,27,11,11,0,0],"gold":287,"neow_bonus":"THREE_CARDS","is_daily":false,"chose_seed":false,"campfire_upgraded":0,"win_rate":0.0,"timestamp":1614363656,"path_taken":["M","M","$","M","?","R","E","R","T","?","M","?","E","?","R","BOSS","M","M","?","M"],"items_purchased_type":["Relic"],"build_version":"2020-12-22","purchased_purges":0,"victory":false,"max_hp_per_floor":[70,70,70,70,70,70,70,70,70,70,70,70,70,70,70,70,70,70,70,70,70,70],"card_choices":[{"not_picked":["PiercingWail","Acrobatics"],"picked":"Bane","floor":0.0},{"not_picked":["Endless Agony","Cloak And Dagger","Prepared"],"picked":"SKIP","floor":1.0},{"not_picked":["Footwork","Distraction"],"picked":"Backstab","floor":2.0},{"not_picked":["Caltrops","Calculated Gamble"],"picked":"Backflip","floor":4.0},{"not_picked":["Prepared","Deflect","Cloak And Dagger"],"picked":"SKIP","floor":7.0},{"not_picked":["Skewer","Bouncing Flask"],"picked":"Dash","floor":11.0},{"not_picked":["Tools of the Trade","Escape Plan"],"picked":"Footwork","floor":13.0},{"not_picked":["Leg Sweep","Finisher"],"picked":"Bouncing Flask","floor":14.0},{"not_picked":["Escape Plan","Acrobatics"],"picked":"Footwork","floor":18},{"not_picked":["Outmaneuver","Acrobatics"],"picked":"Dodge and Roll+1","floor":19}],"player_experience":116101,"relics_obtained":[{"floor":7.0,"key":"Happy Flower"},{"floor":13.0,"key":"Omamori"}],"event_choices":[{"cards_removed":["Strike_G"],"damage_healed":0.0,"max_hp_gain":0.0,"max_hp_loss":0.0,"gold_gain":0.0,"event_name":"Golden Wing","player_choice":"Card Removal","floor":5.0,"gold_loss":0.0,"damage_taken":7.0},{"damage_healed":0.0,"max_hp_gain":0.0,"max_hp_loss":0.0,"gold_gain":0.0,"event_name":"Dead Adventurer","player_choice":"Searched \u00270\u0027 times","floor":10.0,"gold_loss":0.0,"damage_taken":0.0},{"damage_healed":0,"gold_gain":0,"player_choice":"Ignored","damage_taken":0,"max_hp_gain":0,"max_hp_loss":0,"event_name":"Ghosts","floor":20,"gold_loss":0}],"is_beta":false,"boss_relics":[{"not_picked":["Busted Crown","Runic Dome"],"picked":"Empty Cage"}],"items_purged_floors":[],"is_endless":false,"potions_floor_spawned":[1,2,4,14,18],"killed_by":"Snake Plant","ascension_level":1}}