{"host":"v4pe0ixo3k7iwzp0","time":1614332276,"event":{"mods":["Aya Shameimaru","BaseMod","Bestiary","Highlight Path","KinomotoSakuraMod(????)","Minty Spire (QoL Compilation)","Railgun Mod","StSLib","The Senshi"],"gold_per_floor":[113,113,36,48,48,79,98,116,116,135,151,151,163,163,163,263,263,282,265,265,285,303,303,303,303,303,177,196,196,196],"floor_reached":29,"language":"ENG","playtime":4121,"items_purged":["ClowCardTheSword"],"score":281,"play_id":"333b631c-af47-48af-8d22-ea8d905efe12","local_time":"20210226013756","is_ascension_mode":false,"campfire_choices":[{"floor":12.0,"key":"REST"},{"floor":15.0,"key":"REST"},{"floor":23,"key":"REST"},{"floor":25,"key":"REST"}],"circlet_count":0,"master_deck":["SakuraCardTheFirey+","SakuraCardTheBig+","ClowCardTheSword","ClowCardTheSword","ClowCardTheSword","ClowCardTheShield","ClowCardTheShield","ClowCardTheShield","ClowCardTheShield","SpellCardSeal","SpellCardRelease","ClowCardTheGlow","ClowCardTheLibra","ClowCardThePower","ClowCardTheLibra+1","ClowCardTheShot"],"relics":["KSMOD_SealedBook","KSMOD_SealedWand","NeowsBlessing","StoneCalendar","Mango","KSMOD_DarknessWand","KSMOD_Compass"],"acts_visited":["Exordium","TheCity"],"potions_floor_usage":[19,29,29],"damage_taken":[{"damage":0.0,"enemies":"Small Slimes","floor":1.0,"turns":2.0},{"damage":0.0,"enemies":"Cultist","floor":4.0,"turns":1.0},{"damage":0.0,"enemies":"Gremlin Nob","floor":6.0,"turns":1.0},{"damage":0.0,"enemies":"2 Louse","floor":7.0,"turns":1.0},{"damage":18.0,"enemies":"Exordium Thugs","floor":8.0,"turns":5.0},{"damage":16.0,"enemies":"Large Slime","floor":10.0,"turns":4.0},{"damage":8.0,"enemies":"2 Fungi Beasts","floor":11.0,"turns":3.0},{"damage":4.0,"enemies":"Blue Slaver","floor":13.0,"turns":4.0},{"damage":5.0,"enemies":"Large Slime","floor":14.0,"turns":3.0},{"damage":29.0,"enemies":"Slime Boss","floor":16.0,"turns":9.0},{"damage":33.0,"enemies":"3 Byrds","floor":18.0,"turns":5.0},{"damage":16,"enemies":"2 Thieves","floor":19,"turns":4},{"damage":24,"enemies":"Snake Plant","floor":21,"turns":3},{"damage":13,"enemies":"Snecko","floor":22,"turns":4},{"damage":33,"enemies":"Cultist and Chosen","floor":28,"turns":7},{"damage":29,"enemies":"Shelled Parasite and Fungi","floor":29,"turns":3}],"seed_played":"-9070539902944718642","potions_obtained":[{"floor":1.0,"key":"Dexterity Potion"},{"floor":5.0,"key":"DuplicationPotion"},{"floor":5.0,"key":"SmokeBomb"},{"floor":11.0,"key":"Fruit Juice"},{"floor":16.0,"key":"DuplicationPotion"},{"floor":18.0,"key":"Dexterity Potion"},{"floor":28,"key":"Strength Potion"}],"is_trial":false,"path_per_floor":["M","?","$","M","?","E","M","M","T","M","M","R","M","M","R","B",null,"M","M","?","M","M","R","?","R","T","$","M","M"],"character_chosen":"KINOMOTOSAKURA","items_purchased":["ClowCardTheBig","PowerPotion"],"campfire_rested":4,"item_purchase_floors":[3,27],"current_hp_per_floor":[70,63,63,63,63,63,63,45,59,43,40,66,62,57,83,54,89,56,40,40,16,3,29,29,55,55,55,22,0,0],"gold":196,"neow_bonus":"THREE_ENEMY_KILL","is_daily":false,"chose_seed":false,"campfire_upgraded":0,"win_rate":0.0,"timestamp":1614332276,"path_taken":["M","?","$","?","?","E","M","M","T","M","?","R","M","M","R","BOSS","M","M","?","M","M","R","?","R","T","$","M","M"],"items_purchased_type":["Card","Potion"],"build_version":"2020-12-22","purchased_purges":1,"victory":false,"max_hp_per_floor":[70,70,70,70,70,70,70,70,84,84,89,89,89,89,89,89,89,89,89,89,89,89,89,89,89,89,89,89,89,89],"card_choices":[{"not_picked":["ClowCardTheBubbles","ClowCardTheMaze"],"picked":"ClowCardTheFirey","floor":1.0},{"not_picked":["ClowCardTheErase","ClowCardTheRain","ClowCardTheWood"],"picked":"SKIP","floor":4.0},{"not_picked":["ClowCardTheEarthy","ClowCardTheArrow"],"picked":"ClowCardTheGlow","floor":6.0},{"not_picked":["ClowCardTheSand","ClowCardTheEarthy","ClowCardTheWood"],"picked":"SKIP","floor":7.0},{"not_picked":["ClowCardTheDark","ClowCardTheLock","ClowCardTheWatery"],"picked":"SKIP","floor":8.0},{"not_picked":["ClowCardTheChange","ClowCardTheRain"],"picked":"ClowCardTheLibra","floor":10.0},{"not_picked":["ClowCardTheMist","ClowCardTheRain","ClowCardTheWatery"],"picked":"SKIP","floor":11.0},{"not_picked":["ClowCardTheBubbles","ClowCardTheFight"],"picked":"ClowCardThePower","floor":13.0},{"not_picked":["ClowCardTheFirey","ClowCardTheEarthy","ClowCardTheIllusion+1"],"picked":"SKIP","floor":18.0},{"not_picked":["ClowCardTheMirror","ClowCardTheRain+1","ClowCardTheTwin"],"picked":"SKIP","floor":19},{"not_picked":["ClowCardTheSleep","ClowCardTheFly","ClowCardTheDream"],"picked":"SKIP","floor":21},{"not_picked":["ClowCardTheStorm","ClowCardTheIllusion"],"picked":"ClowCardTheLibra+1","floor":22},{"not_picked":["ClowCardTheSand+1","ClowCardTheMist"],"picked":"ClowCardTheShot","floor":28}],"player_experience":208326,"relics_obtained":[{"floor":6.0,"key":"StoneCalendar"},{"floor":9.0,"key":"Mango"},{"floor":26,"key":"KSMOD_Compass"}],"event_choices":[{"damage_healed":0.0,"max_hp_gain":0.0,"max_hp_loss":0.0,"gold_gain":0.0,"event_name":"Wheel of Change","player_choice":"Damaged","floor":2.0,"gold_loss":0.0,"damage_taken":7.0},{"damage_healed":0.0,"max_hp_gain":0.0,"max_hp_loss":0.0,"gold_gain":0.0,"event_name":"Lab","player_choice":"Got Potions","floor":5.0,"gold_loss":0.0,"damage_taken":0.0},{"damage_healed":0,"gold_gain":0,"player_choice":"Ignored","damage_taken":0,"max_hp_gain":0,"max_hp_loss":0,"event_name":"Vampires","floor":20,"gold_loss":0},{"damage_healed":0,"gold_gain":0,"player_choice":"Ignored","damage_taken":0,"max_hp_gain":0,"max_hp_loss":0,"event_name":"The Mausoleum","floor":24,"gold_loss":0}],"is_beta":false,"boss_relics":[{"not_picked":["Astrolabe","SlaversCollar"],"picked":"KSMOD_DarknessWand"}],"items_purged_floors":[27],"is_endless":false,"potions_floor_spawned":[1,11,13,14,16,18,28],"killed_by":"Shelled Parasite and Fungi","ascension_level":0}}