{"host":"l6t8kvs6xu8ynp71","time":1614323365,"event":{"mods":["BaseMod","Curses Come First","Highlight Path","Minty Spire (QoL Compilation)","Permanent Neow","Relic Stats","StSLib"],"gold_per_floor":[109,123,48,48,48,80,99,132,159,184,184,209,219,231,231,305,305,325,341,341,357,357,357,272,306,306,306,340,340,373,16,16,16,16],"floor_reached":33,"language":"ENG","playtime":1476,"items_purged":["Pain"],"score":712,"play_id":"4fdde3f0-693c-4798-992c-df5cf4b59092","local_time":"20210226000925","is_ascension_mode":true,"campfire_choices":[{"floor":11.0,"key":"REST"},{"data":"Glass Knife","floor":15.0,"key":"SMITH"},{"floor":23.0,"key":"REST"},{"floor":27.0,"key":"REST"},{"floor":29.0,"key":"REST"},{"data":"Wraith Form v2","floor":32,"key":"SMITH"}],"circlet_count":0,"master_deck":["AscendersBane","Strike_G","Strike_G","Strike_G","Strike_G","Defend_G","Defend_G","Defend_G","Defend_G","Defend_G","Survivor","Neutralize","All Out Attack+1","Dash","Infinite Blades","Blade Dance","After Image","Glass Knife+1","PiercingWail","Infinite Blades","Wraith Form v2+1","Backstab","Cloak And Dagger"],"relics":["Ring of the Snake","NeowsBlessing","Boot","PreservedInsect","Bronze Scales","Blue Candle","Question Card","Black Star","WarpedTongs","Blood Vial","Ninja Scroll","MealTicket","Mummified Hand","Sundial","Vajra","Centennial Puzzle","Darkstone Periapt","Gremlin Horn"],"acts_visited":["Exordium","TheCity"],"potions_floor_usage":[30],"damage_taken":[{"damage":0.0,"enemies":"Cultist","floor":1.0,"turns":1.0},{"damage":0.0,"enemies":"Small Slimes","floor":2.0,"turns":1.0},{"damage":0.0,"enemies":"Lagavulin","floor":6.0,"turns":1.0},{"damage":0.0,"enemies":"2 Louse","floor":7.0,"turns":1.0},{"damage":26.0,"enemies":"Gremlin Nob","floor":8.0,"turns":4.0},{"damage":11.0,"enemies":"Lagavulin","floor":10.0,"turns":5.0},{"damage":6.0,"enemies":"Gremlin Nob","floor":12.0,"turns":3.0},{"damage":0.0,"enemies":"Looter","floor":13.0,"turns":3.0},{"damage":2.0,"enemies":"Exordium Wildlife","floor":14.0,"turns":4.0},{"damage":5.0,"enemies":"Hexaghost","floor":16.0,"turns":9.0},{"damage":16.0,"enemies":"Shell Parasite","floor":18.0,"turns":5.0},{"damage":6.0,"enemies":"3 Byrds","floor":19.0,"turns":3.0},{"damage":17.0,"enemies":"Snecko","floor":21.0,"turns":7.0},{"damage":34.0,"enemies":"Gremlin Leader","floor":25.0,"turns":5.0},{"damage":17.0,"enemies":"Book of Stabbing","floor":28.0,"turns":4.0},{"damage":7,"enemies":"Gremlin Leader","floor":30,"turns":4},{"damage":50,"enemies":"Automaton","floor":33,"turns":10}],"seed_played":"7274276080587237627","potions_obtained":[{"floor":2.0,"key":"Strength Potion"},{"floor":6.0,"key":"SkillPotion"},{"floor":25.0,"key":"LiquidBronze"},{"floor":28.0,"key":"Energy Potion"}],"is_trial":false,"path_per_floor":["M","M","?","?","?","E","M","E","T","E","R","E","M","M","R","B",null,"M","M","?","M","?","R","?","E","T","R","E","R","E","$","R","B"],"character_chosen":"THE_SILENT","items_purchased":["Gremlin Horn"],"campfire_rested":4,"item_purchase_floors":[31],"current_hp_per_floor":[59,59,59,59,59,59,59,33,33,22,41,35,35,33,33,28,57,41,35,35,18,18,37,37,5,5,24,9,28,23,38,38,0,0],"gold":16,"neow_bonus":"THREE_ENEMY_KILL","is_daily":false,"chose_seed":false,"campfire_upgraded":2,"win_rate":0.0,"timestamp":1614323365,"path_taken":["M","?","?","?","?","E","?","E","T","E","R","E","M","M","R","BOSS","M","M","?","?","?","R","?","E","T","R","E","R","E","$","R","BOSS"],"items_purchased_type":["Relic"],"build_version":"2020-12-22","purchased_purges":1,"victory":false,"max_hp_per_floor":[66,66,66,66,66,66,66,66,66,66,66,66,66,66,66,66,66,66,66,66,66,66,66,66,66,66,66,66,66,66,66,66,66,66],"relic_stats":{"Darkstone Periapt":0,"Gremlin Horn":[2,2],"counters":[17,70],"Blue Candle":[3],"PreservedInsect":193,"Boot":[120],"Question Card":9,"WarpedTongs":[30],"Blood Vial":8,"Centennial Puzzle":[3],"Mummified Hand":[7],"Sundial":[2],"Bronze Scales":[205],"MealTicket":15,"Black Star":3,"obtain_stats":[{"Darkstone Periapt":30,"NeowsBlessing":0,"Gremlin Horn":31,"Blue Candle":10,"Vajra":28,"PreservedInsect":8,"Boot":6,"Question Card":12,"WarpedTongs":20,"Blood Vial":24,"Centennial Puzzle":30,"Ninja Scroll":25,"Mummified Hand":26,"Sundial":28,"Bronze Scales":9,"MealTicket":25,"Black Star":17,"Ring of the Snake":0},{"Darkstone Periapt":16,"NeowsBlessing":0,"Gremlin Horn":16,"Blue Candle":6,"Vajra":15,"PreservedInsect":5,"Boot":3,"Question Card":7,"WarpedTongs":12,"Blood Vial":13,"Centennial Puzzle":16,"Ninja Scroll":14,"Mummified Hand":14,"Sundial":15,"Bronze Scales":5,"MealTicket":14,"Black Star":10,"Ring of the Snake":0},{"Darkstone Periapt":60,"NeowsBlessing":0,"Gremlin Horn":60,"Blue Candle":13,"Vajra":56,"PreservedInsect":8,"Boot":3,"Question Card":16,"WarpedTongs":40,"Blood Vial":47,"Centennial Puzzle":60,"Ninja Scroll":52,"Mummified Hand":52,"Sundial":56,"Bronze Scales":8,"MealTicket":52,"Black Star":32,"Ring of the Snake":0}],"Ring of the Snake":[34]},"card_choices":[{"not_picked":["Outmaneuver","Deflect"],"picked":"All Out Attack","floor":1.0},{"not_picked":["PiercingWail","Accuracy"],"picked":"Dash","floor":2.0},{"not_picked":["Burst","Riddle With Holes"],"picked":"Infinite Blades","floor":6.0},{"not_picked":["Backflip","Finisher"],"picked":"Blade Dance","floor":7.0},{"not_picked":["Blade Dance","Reflex"],"picked":"After Image","floor":8.0},{"not_picked":["Acrobatics","Reflex","Cloak And Dagger"],"picked":"SKIP","floor":10.0},{"not_picked":["Cloak And Dagger","Acrobatics"],"picked":"Glass Knife","floor":12.0},{"not_picked":["Flechettes","Sucker Punch","Poisoned Stab"],"picked":"PiercingWail","floor":13.0},{"not_picked":["Deadly Poison","Deflect","Sucker Punch"],"picked":"Infinite Blades","floor":14.0},{"not_picked":["Corpse Explosion","Unload","Tools of the Trade"],"picked":"Wraith Form v2","floor":16.0},{"not_picked":["Underhanded Strike","Dagger Spray","Blade Dance","Flechettes"],"picked":"SKIP","floor":18.0},{"not_picked":["Blade Dance","Poisoned Stab","Setup","Infinite Blades"],"picked":"SKIP","floor":19.0},{"not_picked":["Dagger Throw","Acrobatics","PiercingWail+1"],"picked":"Backstab","floor":21.0},{"not_picked":["PiercingWail","Deadly Poison","Prepared"],"picked":"Cloak And Dagger","floor":25.0},{"not_picked":["Dagger Spray","Doppelganger","Deadly Poison","Deflect"],"picked":"SKIP","floor":28.0},{"not_picked":["Poisoned Stab","Die Die Die","Predator","Setup"],"picked":"SKIP","floor":30}],"player_experience":1542277,"relics_obtained":[{"floor":6.0,"key":"Boot"},{"floor":8.0,"key":"PreservedInsect"},{"floor":9.0,"key":"Bronze Scales"},{"floor":10.0,"key":"Blue Candle"},{"floor":12.0,"key":"Question Card"},{"floor":25.0,"key":"Ninja Scroll"},{"floor":25.0,"key":"MealTicket"},{"floor":26.0,"key":"Mummified Hand"},{"floor":28.0,"key":"Sundial"},{"floor":28.0,"key":"Vajra"},{"floor":30,"key":"Centennial Puzzle"},{"floor":30,"key":"Darkstone Periapt"}],"event_choices":[{"cards_removed":["Strike_G"],"damage_healed":0.0,"max_hp_gain":0.0,"max_hp_loss":0.0,"gold_gain":0.0,"event_name":"The Cleric","player_choice":"Card Removal","floor":3.0,"gold_loss":75.0,"damage_taken":0.0},{"damage_healed":0.0,"max_hp_gain":0.0,"max_hp_loss":0.0,"gold_gain":0.0,"event_name":"Living Wall","player_choice":"Grow","floor":4.0,"gold_loss":0.0,"damage_taken":0.0,"cards_upgraded":["All Out Attack"]},{"damage_healed":0.0,"max_hp_gain":0.0,"max_hp_loss":0.0,"gold_gain":0.0,"event_name":"Liars Game","player_choice":"Ignored","floor":5.0,"gold_loss":0.0,"damage_taken":0.0},{"damage_healed":0.0,"max_hp_gain":0.0,"max_hp_loss":0.0,"gold_gain":0.0,"event_name":"Accursed Blacksmith","player_choice":"Rummage","floor":20.0,"gold_loss":0.0,"damage_taken":0.0,"relics_obtained":["WarpedTongs"],"cards_obtained":["Pain"]},{"damage_healed":0.0,"max_hp_gain":0.0,"max_hp_loss":0.0,"gold_gain":0.0,"event_name":"The Mausoleum","player_choice":"Ignored","floor":22.0,"gold_loss":0.0,"damage_taken":0.0},{"damage_healed":0.0,"max_hp_gain":0.0,"max_hp_loss":0.0,"gold_gain":0.0,"event_name":"Addict","player_choice":"Obtained Relic","floor":24.0,"gold_loss":85.0,"damage_taken":0.0,"relics_obtained":["Blood Vial"]}],"is_beta":false,"boss_relics":[{"not_picked":["Velvet Choker","Sozu"],"picked":"Black Star"}],"items_purged_floors":[31],"is_endless":false,"potions_floor_spawned":[2,6,8,12,14,21,25,28],"killed_by":"Automaton","ascension_level":20}}