{"host":"sqt6c5vt7d1y5xtt","time":1614312657,"event":{"mods":["AchievementEnabler","BaseMod","Block Reminder","Lobotomy","Minty Spire (QoL Compilation)","Quick Restart"],"gold_per_floor":[113,131,150,166,183,183,193,193,193,205,224,56,56,74,74,74,74],"floor_reached":16,"language":"KOR","playtime":378,"items_purged":[],"score":98,"play_id":"051c491b-5e32-48d6-b955-67c53e7e2fa9","local_time":"20210226011057","is_ascension_mode":false,"campfire_choices":[{"data":"Cleave","floor":6.0,"key":"SMITH"},{"data":"Armaments","floor":8.0,"key":"SMITH"},{"data":"Bash","floor":13,"key":"SMITH"},{"data":"Violence","floor":15,"key":"SMITH"}],"circlet_count":0,"master_deck":["Strike_R","Strike_R","Strike_R","Strike_R","Strike_R","Defend_R","Defend_R","Defend_R","Defend_R","Bash+1","Scorched","Pommel Strike","UniverseFragment","Cleave+1","OSAHOGD","QueenBee","Armaments+1","FieryBird","MeatLantern","Intimidate","Intimidate","QueenOfHatred","Flex","Violence+1","Bloodbath","Clash"],"relics":["Burning Blood","CogitoBucket","HellTrain","Vajra"],"acts_visited":["Exordium"],"potions_floor_usage":[],"damage_taken":[{"damage":0.0,"enemies":"2 Louse","floor":1.0,"turns":2.0},{"damage":11.0,"enemies":"Jaw Worm","floor":2.0,"turns":3.0},{"damage":0.0,"enemies":"Cultist","floor":3.0,"turns":3.0},{"damage":8.0,"enemies":"Red Slaver","floor":4.0,"turns":3.0},{"damage":0.0,"enemies":"Exordium Wildlife","floor":5.0,"turns":1.0},{"damage":15.0,"enemies":"Looter","floor":7.0,"turns":2.0},{"damage":5.0,"enemies":"Large Slime","floor":10.0,"turns":2.0},{"damage":5,"enemies":"2 Fungi Beasts","floor":11,"turns":3},{"damage":5,"enemies":"Red Slaver","floor":14,"turns":3},{"damage":82,"enemies":"Hexaghost","floor":16,"turns":5}],"seed_played":"-3898287015303936101","potions_obtained":[{"floor":2.0,"key":"Fire Potion"},{"floor":4.0,"key":"Swift Potion"},{"floor":14,"key":"Regen Potion"}],"is_trial":false,"path_per_floor":["M","M","M","M","M","R","M","R","T","M","M","$","R","M","R","B"],"character_chosen":"IRONCLAD","items_purchased":["Violence"],"campfire_rested":0,"item_purchase_floors":[12],"current_hp_per_floor":[80,75,80,78,80,80,71,71,71,72,73,73,73,80,80,0,0],"gold":74,"neow_bonus":"","is_daily":false,"chose_seed":false,"campfire_upgraded":4,"win_rate":0.0,"timestamp":1614312657,"path_taken":["M","M","M","M","M","R","M","R","T","M","M","$","R","M","R","BOSS"],"items_purchased_type":["Card"],"build_version":"2020-12-22","purchased_purges":0,"victory":false,"max_hp_per_floor":[80,80,80,80,80,80,80,80,80,80,80,80,80,80,80,80,80],"card_choices":[{"not_picked":["WallGazer","BeautyBeast"],"picked":"Scorched","floor":1.0},{"not_picked":["Clash","Warcry"],"picked":"Pommel Strike","floor":1.0},{"not_picked":["FairyFestival","MeatLantern"],"picked":"UniverseFragment","floor":2.0},{"not_picked":["Thunderclap","Searing Blow"],"picked":"Cleave","floor":2.0},{"not_picked":["WhitesApple","CrumblingArmor"],"picked":"OSAHOGD","floor":3.0},{"not_picked":["Sever Soul","Clash","Whirlwind"],"picked":"SKIP","floor":3.0},{"not_picked":["PunishingBird","WallGazer"],"picked":"QueenBee","floor":4.0},{"not_picked":["Carnage","Uppercut"],"picked":"Armaments","floor":4.0},{"not_picked":["CherryBlossoms","OldLady"],"picked":"FieryBird","floor":5.0},{"not_picked":["Clothesline","Searing Blow","Headbutt"],"picked":"SKIP","floor":5.0},{"not_picked":["Alriune","CrumblingArmor","BeautyBeast"],"picked":"Singing Bowl","floor":7.0},{"not_picked":["LaLuna","Yin"],"picked":"MeatLantern","floor":7.0},{"not_picked":["Clash","Warcry"],"picked":"Intimidate","floor":7.0},{"not_picked":["MHz","CrumblingArmor","BeautyBeast"],"picked":"Singing Bowl","floor":10.0},{"not_picked":["Iron Wave","Shrug It Off"],"picked":"Intimidate","floor":10.0},{"not_picked":["OldLady","Alriune"],"picked":"QueenOfHatred","floor":11},{"not_picked":["Heavy Blade","Entrench"],"picked":"Flex","floor":11},{"not_picked":["DreamingCurrent","VoidDream"],"picked":"Bloodbath","floor":14},{"not_picked":["Heavy Blade","Pommel Strike"],"picked":"Clash","floor":14}],"player_experience":170223,"relics_obtained":[{"floor":9.0,"key":"Vajra"}],"event_choices":[],"is_beta":false,"boss_relics":[],"items_purged_floors":[],"is_endless":false,"potions_floor_spawned":[2,4,14],"killed_by":"Hexaghost","ascension_level":0}}