{"host":"k18hfimadcku5042","time":1614342891,"event":{"mods":["Act Like it!","Aspiration","BaseMod","Gensokyo","Minty Spire (QoL Compilation)","Pale of the Ancients","Replay The Spire","Spicy Shops","StSLib","The Runesmith","¡¾ÒÅÎï¿¨ÅÆ¡¿REMEMod"],"gold_per_floor":[117,134,149,324,324,356,356,386,386,398,408,408,443,462,462,558,558,569,569,24,42,54,86,86,118,145,159,175,175,203,203,203,303,303,313,313,313,329,346,378,389,389,389,420,435,465,465,29,29,29],"floor_reached":51,"language":"ZHS","playtime":2372,"items_purged":["Doubt"],"score":1034,"play_id":"96f5084b-f57d-4bf0-8426-d36d1353351b","local_time":"20210226203451","is_ascension_mode":true,"campfire_choices":[{"data":"Clash","floor":7.0,"key":"SMITH"},{"data":"Inflame","floor":12.0,"key":"SMITH"},{"data":"Pommel Strike","floor":15.0,"key":"SMITH"},{"data":"Armaments","floor":24.0,"key":"SMITH"},{"data":"Exhume","floor":32.0,"key":"SMITH"},{"data":"Corruption","floor":42,"key":"SMITH"}],"circlet_count":0,"master_deck":["Strike_R","Strike_R","Strike_R","Strike_R+1","Strike_R+1","Defend_R","Defend_R","Defend_R","Bash","REME_ProfessionalPlagiarism+1","Pommel Strike+1","ReplayTheSpireMod:Stacked","Clash+1","Inflame+1","Cleave","Shrug It Off","Demon Form","Iron Wave","Evolve","Inflame","Shrug It Off+1","Pot Of Greed","Pot Of Greed","Armaments+1","REME_Cut+1","Pot Of Greed","Exhume+1","Anger","Corruption+1","Anger+1","Pray+1","FollowUp+1","Havoc+1","Clash+1","Heavy Blade+1","FollowUp+1","InnerPeace+1"],"relics":["Burning Blood","REME_ComplimentaryCards","aspiration:Nostalgia","Replay:M_StaffOfTheSnake","Garlic","Dream Catcher","Blood Vial","Simple Rune","Mark of Pain","Nunchaku","Brimstone","Meat on the Bone","Grinning Jar","Bag of Preparation","Vajra","aspiration:RitualStick","Iron Hammer","aspiration:WatcherSkillbook","Juzu Bracelet","ReplayTheSpireMod:Shallot","Pet Ghost","Art of War","Pear","aspiration:KaomsHeart"],"acts_visited":["Exordium","TheCity","TheBeyond"],"potions_floor_usage":[39,50,50,50],"damage_taken":[{"damage":1.0,"enemies":"Jaw Worm","floor":1.0,"turns":3.0},{"damage":7.0,"enemies":"2 Louse","floor":2.0,"turns":2.0},{"damage":6.0,"enemies":"Cultist","floor":3.0,"turns":3.0},{"damage":34.0,"enemies":"Gremlin Nob","floor":6.0,"turns":5.0},{"damage":17.0,"enemies":"3 Sentries","floor":8.0,"turns":9.0},{"damage":0.0,"enemies":"2 Fungi Beasts","floor":10.0,"turns":1.0},{"damage":10.0,"enemies":"Blue Slaver","floor":11.0,"turns":3.0},{"damage":12.0,"enemies":"Gremlin Nob","floor":13.0,"turns":3.0},{"damage":5.0,"enemies":"Looter","floor":14.0,"turns":3.0},{"damage":31.0,"enemies":"Hexaghost","floor":16.0,"turns":10.0},{"damage":18.0,"enemies":"2 Thieves","floor":18.0,"turns":4.0},{"damage":27.0,"enemies":"3 Byrds","floor":21.0,"turns":5.0},{"damage":5.0,"enemies":"Snecko","floor":22.0,"turns":4.0},{"damage":6.0,"enemies":"Gremlin Leader","floor":23.0,"turns":1.0},{"damage":9.0,"enemies":"Replay:Snechameleon","floor":25.0,"turns":4.0},{"damage":30.0,"enemies":"Snake Plant","floor":27.0,"turns":4.0},{"damage":2.0,"enemies":"Centurion and Healer","floor":28.0,"turns":5.0},{"damage":19.0,"enemies":"Book of Stabbing","floor":30.0,"turns":2.0},{"damage":5.0,"enemies":"Pondfish","floor":33.0,"turns":7.0},{"damage":0.0,"enemies":"3 Shapes","floor":35.0,"turns":4.0},{"damage":9.0,"enemies":"3 Darklings","floor":38.0,"turns":3.0},{"damage":36,"enemies":"Maw","floor":39,"turns":5},{"damage":22,"enemies":"Reptomancer","floor":40,"turns":4},{"damage":10,"enemies":"Transient","floor":41,"turns":5},{"damage":5,"enemies":"R_Hoarder","floor":44,"turns":5},{"damage":0,"enemies":"Spire Growth","floor":45,"turns":3},{"damage":21,"enemies":"Reptomancer","floor":46,"turns":4},{"damage":30,"enemies":"Replay:Hell Engine","floor":50,"turns":6}],"seed_played":"-6487377393003079550","potions_obtained":[{"floor":8.0,"key":"FearPotion"},{"floor":10.0,"key":"Block Potion"},{"floor":11.0,"key":"FearPotion"},{"floor":14.0,"key":"Adrenaline Potion"},{"floor":16.0,"key":"Weak Potion"},{"floor":23.0,"key":"SpeedPotion"},{"floor":27.0,"key":"BloodPotion"},{"floor":30.0,"key":"SkillPotion"},{"floor":33.0,"key":"Strength Potion"},{"floor":35.0,"key":"Languid Potion"},{"floor":40,"key":"LiquidMemories"},{"floor":41,"key":"Energy Potion"}],"is_trial":false,"path_per_floor":["M","M","M","?","?","E","R","E","T","M","M","R","E","M","R","B",null,"M","?","$","M","M","E","R","E","T","M","M","?","E","?","R","B",null,"M","?","?","M","M","E","M","R","T","E","M","E","T","$","R","B",null],"character_chosen":"IRONCLAD","items_purchased":["Nunchaku","Brimstone","Meat on the Bone","aspiration:KaomsHeart"],"campfire_rested":0,"item_purchase_floors":[20,20,20,48],"current_hp_per_floor":[80,79,79,79,79,51,51,40,40,48,46,46,42,45,45,22,80,68,68,68,49,52,54,54,53,53,43,49,33,50,50,50,53,80,80,80,80,77,49,47,57,57,57,60,68,55,65,165,165,143],"gold":29,"neow_bonus":"NOSTALGIA","is_daily":false,"chose_seed":false,"campfire_upgraded":6,"win_rate":0.0,"timestamp":1614342891,"path_taken":["M","M","M","?","?","E","R","E","T","?","M","R","E","M","R","BOSS","M","?","$","M","M","E","R","E","T","M","M","?","E","?","R","BOSS","M","?","?","M","M","E","M","R","T","E","M","E","?","$","R","BOSS"],"items_purchased_type":["Relic","Relic","Relic","Relic"],"build_version":"2020-12-22","purchased_purges":1,"victory":true,"max_hp_per_floor":[80,80,80,80,80,80,80,80,80,80,80,80,80,80,80,80,80,80,80,80,80,80,80,80,80,80,80,80,80,80,80,80,80,80,80,80,80,80,80,80,80,80,80,80,80,80,90,190,190,190],"card_choices":[{"not_picked":["ReplayTheSpireMod:Strike From Hell","Vengeance"],"picked":"Pommel Strike","floor":1.0},{"not_picked":["Burning Pact","Rage"],"picked":"ReplayTheSpireMod:Stacked","floor":2.0},{"not_picked":["ReplayTheSpireMod:Strike From Hell","Clothesline","JustLucky"],"picked":"SKIP","floor":3.0},{"not_picked":["Well Laid Plans","Glass Knife"],"picked":"Clash","floor":6.0},{"not_picked":["Spot Weakness","Masterful Stab"],"picked":"Inflame","floor":8.0},{"not_picked":["ReplayTheSpireMod:Strike From Hell","Sword Boomerang"],"picked":"Cleave","floor":10.0},{"not_picked":["Run Through","Cleave"],"picked":"Shrug It Off","floor":11.0},{"not_picked":["Perfected Strike","Cleave","ClearTheMind"],"picked":"SKIP","floor":13.0},{"not_picked":["Burning Pact","Twin Strike","Nirvana"],"picked":"SKIP","floor":14.0},{"not_picked":["Impervious","Limit Break"],"picked":"Demon Form","floor":16.0},{"not_picked":["Clothesline","Blood for Blood"],"picked":"Iron Wave","floor":18.0},{"not_picked":["Intimidate","Dropkick+1"],"picked":"Inflame","floor":21.0},{"not_picked":["Perfected Strike+1","Thunderclap"],"picked":"Shrug It Off+1","floor":22.0},{"not_picked":["Heavy Blade","Life Link+1"],"picked":"Armaments","floor":23.0},{"not_picked":["True Grit","Sever Soul+1"],"picked":"REME_Cut+1","floor":25.0},{"not_picked":["Warcry","Intimidate"],"picked":"Exhume","floor":27.0},{"not_picked":["REME_FearOfPain","Sever Soul+1","REME_Scribble"],"picked":"SKIP","floor":28.0},{"not_picked":["Dual Wield","Sword Boomerang"],"picked":"Anger","floor":30.0},{"not_picked":["Wraith Form v2","Feed"],"picked":"Corruption","floor":33.0},{"not_picked":["Searing Blow","Halt+1","FollowUp+1"],"picked":"Anger+1","floor":35.0},{"not_picked":["Body Slam+1","Thunderclap","WreathOfFlame+1"],"picked":"Pray+1","floor":38.0},{"not_picked":["BowlingBash","Indignation","Wild Strike+1"],"picked":"FollowUp+1","floor":39},{"not_picked":["Nirvana","Well Laid Plans+1","Reaper"],"picked":"Havoc+1","floor":40},{"not_picked":["EmptyFist+1","Crescendo","True Grit"],"picked":"Clash+1","floor":41},{"not_picked":["EmptyBody","Replay:Anticipation+1","Tools of the Trade"],"picked":"Heavy Blade+1","floor":44},{"not_picked":["Warcry","LikeWater","Thunderclap+1"],"picked":"FollowUp+1","floor":45},{"not_picked":["Replay:Hum+1","CarveReality","Setup"],"picked":"InnerPeace+1","floor":46}],"player_experience":225348,"relics_obtained":[{"floor":6.0,"key":"Garlic"},{"floor":8.0,"key":"Dream Catcher"},{"floor":9.0,"key":"Blood Vial"},{"floor":13.0,"key":"Simple Rune"},{"floor":23.0,"key":"Grinning Jar"},{"floor":25.0,"key":"Bag of Preparation"},{"floor":26.0,"key":"Vajra"},{"floor":30.0,"key":"Iron Hammer"},{"floor":40,"key":"Juzu Bracelet"},{"floor":43,"key":"ReplayTheSpireMod:Shallot"},{"floor":44,"key":"Pet Ghost"},{"floor":46,"key":"Art of War"},{"floor":47,"key":"Pear"}],"event_choices":[{"damage_healed":0.0,"max_hp_gain":0.0,"max_hp_loss":0.0,"gold_gain":175.0,"event_name":"Liars Game","player_choice":"AGREE","floor":4.0,"gold_loss":0.0,"damage_taken":0.0,"cards_obtained":["Doubt"]},{"damage_healed":0.0,"max_hp_gain":0.0,"max_hp_loss":0.0,"gold_gain":0.0,"event_name":"Upgrade Shrine","player_choice":"Upgraded","floor":5.0,"gold_loss":0.0,"damage_taken":0.0,"cards_upgraded":["REME_ProfessionalPlagiarism"]},{"damage_healed":0.0,"max_hp_gain":0.0,"max_hp_loss":0.0,"gold_gain":0.0,"event_name":"The Library","player_choice":"Read","floor":19.0,"gold_loss":0.0,"damage_taken":0.0,"cards_obtained":["Evolve"]},{"damage_healed":0.0,"max_hp_gain":0.0,"max_hp_loss":0.0,"gold_gain":0.0,"event_name":"The Mausoleum","player_choice":"Ignored","floor":31.0,"gold_loss":0.0,"damage_taken":0.0},{"cards_removed":["Defend_R"],"damage_healed":0.0,"max_hp_gain":0.0,"max_hp_loss":0.0,"gold_gain":0.0,"event_name":"Falling","player_choice":"Removed Skill","floor":36.0,"gold_loss":0.0,"damage_taken":0.0},{"damage_healed":0.0,"max_hp_gain":0.0,"max_hp_loss":0.0,"gold_gain":0.0,"event_name":"Tomb of Lord Red Mask","player_choice":"Ignored","floor":37.0,"gold_loss":0.0,"damage_taken":0.0}],"is_beta":false,"boss_relics":[{"not_picked":["Velvet Choker","Sozu"],"picked":"Mark of Pain"},{"not_picked":["SacredBark","Black Blood"],"picked":"aspiration:WatcherSkillbook"}],"items_purged_floors":[20],"is_endless":false,"potions_floor_spawned":[8,10,11,14,16,23,27,30,33,35,40,41,45],"ascension_level":1}}