{"host":"3wucmrsmney0jioo","time":1614319281,"event":{"mods":["BaseMod","Minty Spire (QoL Compilation)","MostiFishMod","Prisma Mod","Reliquary","Replay The Spire","Spicy Shops","StSLib","¡¾ÒÅÎï¿¨ÅÆ¡¿REMEMod"],"gold_per_floor":[117,134,1,11,186,186,217,112,194,194,217,240,275,275,275,400,400,418,81,97,122,137,178,178,219,299,299,330,12,31,156,156,276,276,300,57,75,175,188,221,235,279,304,325,325,341,365,399,399,399,399,399,121,154,154],"floor_reached":56,"language":"ZHS","playtime":2414,"items_purged":["Doubt","Defend_R","Defend_R"],"score":1981,"play_id":"23e48564-34e1-4450-b1c2-fa97e0e7a2a9","local_time":"20210226140121","is_ascension_mode":true,"campfire_choices":[{"data":"MostiFishMod:FlyOverUtopia","floor":6.0,"key":"SMITH"},{"floor":15.0,"key":"RECALL"},{"data":"Limit Break","floor":24,"key":"SMITH"},{"data":"Feed","floor":24,"key":"SMITH"},{"data":"MostiFishMod:UltimateDefense","floor":32,"key":"SMITH"},{"data":"MostiFishMod:UltimateDefense+1","floor":32,"key":"SMITH"},{"data":"MostiFishMod:UltimateDefense+2","floor":45,"key":"SMITH"},{"data":"Searing Blow+1","floor":45,"key":"SMITH"},{"data":"MostiFishMod:UltimateDefense+3","floor":49,"key":"SMITH"},{"data":"MostiFishMod:UltimateDefense+4","floor":49,"key":"SMITH"},{"data":"MostiFishMod:UltimateDefense+5","floor":52,"key":"SMITH"},{"data":"Searing Blow+2","floor":52,"key":"SMITH"}],"circlet_count":0,"master_deck":["Strike_R+1","Strike_R+1","Strike_R+1","Strike_R+1","Strike_R+1","Defend_R","Defend_R","Bash","MostiFishMod:FlyOverUtopia+1","Rampage","Anger","Searing Blow+3","Burning Pact","Feed+1","Feed","REME_Scribble","Iron Wave","Perfected Strike","Dual Wield+1","MostiFishMod:UltimateDefense+6","Shrug It Off+1","Clothesline+1","Limit Break+1","Heavy Blade+1","Perfected Strike","REME_Scribble+1","Berserk","Uppercut+1","Entrench","MostiFishMod:CullingBlade","Thunderclap+1","Barricade","Entrench+1","Seeing Red+1","Limit Break","Body Slam","REME_Scribble+1","Clash","Clash","Heavy Blade"],"relics":["Burning Blood","DaveBox","REME_ComplimentaryCards","RhineSuit","Pen Nib","SynthV:TestCard","Sling","Blood Vial","Replay:Bottled Eggs","Golden Idol","Replay:Bottled Snecko","HereWithMe","MostiFishMod:AdaptiveDefenses","Calipers","Replay:Arrowhead","Bird Faced Urn","reliquary:Firecrackers","Replay:Rubber Ducky","Brimstone","Prayer Wheel","DianPoetry","Darkstone Periapt","Sozu","ChiLing","Chi","Ling","Mercury Hourglass","King of Hearts","Centennial Puzzle","Thread and Needle","Lantern"],"acts_visited":["Exordium","TheCity","TheBeyond","TheEnding"],"potions_floor_usage":[23,25,33],"damage_taken":[{"damage":4.0,"enemies":"2 Louse","floor":1.0,"turns":2.0},{"damage":0.0,"enemies":"Small Slimes","floor":2.0,"turns":3.0},{"damage":0.0,"enemies":"Jaw Worm","floor":4.0,"turns":1.0},{"damage":12.0,"enemies":"Lagavulin","floor":7.0,"turns":3.0},{"damage":4.0,"enemies":"3 Louse","floor":11.0,"turns":2.0},{"damage":6.0,"enemies":"Large Slime","floor":12.0,"turns":3.0},{"damage":7.0,"enemies":"3 Sentries","floor":13.0,"turns":4.0},{"damage":4.0,"enemies":"Slime Boss","floor":16.0,"turns":4.0},{"damage":23.0,"enemies":"3 Byrds","floor":18.0,"turns":5.0},{"damage":20,"enemies":"Spheric Guardian","floor":20,"turns":4},{"damage":41,"enemies":"Shelled Parasite and Fungi","floor":21,"turns":4},{"damage":29,"enemies":"Centurion and Healer","floor":22,"turns":13},{"damage":13,"enemies":"Gremlin Leader","floor":23,"turns":7},{"damage":16,"enemies":"Book of Stabbing","floor":25,"turns":3},{"damage":30,"enemies":"Slavers","floor":28,"turns":4},{"damage":17,"enemies":"Cultist and Chosen","floor":30,"turns":3},{"damage":14,"enemies":"Colosseum Slavers","floor":31,"turns":2},{"damage":7,"enemies":"Colosseum Nobs","floor":31,"turns":3},{"damage":23,"enemies":"Champ","floor":33,"turns":4},{"damage":4,"enemies":"3 Shapes","floor":35,"turns":2},{"damage":7,"enemies":"3 Darklings","floor":37,"turns":3},{"damage":7,"enemies":"Spire Growth","floor":39,"turns":2},{"damage":5,"enemies":"Giant Head","floor":40,"turns":1},{"damage":8,"enemies":"Sphere and 2 Shapes","floor":41,"turns":1},{"damage":21,"enemies":"R_Hoarder","floor":42,"turns":5},{"damage":8,"enemies":"3 Darklings","floor":44,"turns":3},{"damage":7,"enemies":"Jaw Worm Horde","floor":46,"turns":4},{"damage":11,"enemies":"Spire Growth","floor":47,"turns":2},{"damage":9,"enemies":"Nemesis","floor":48,"turns":3},{"damage":52,"enemies":"Time Eater","floor":50,"turns":6},{"damage":8,"enemies":"Shield and Spear","floor":54,"turns":1},{"damage":62,"enemies":"The Heart","floor":55,"turns":4}],"seed_played":"8794778919787708602","potions_obtained":[{"floor":1.0,"key":"Fire Potion"},{"floor":11.0,"key":"Toxic Potion"},{"floor":12.0,"key":"Flashbang"},{"floor":16.0,"key":"SpeedPotion"},{"floor":21,"key":"Block Potion"},{"floor":22,"key":"Block Potion"},{"floor":28,"key":"Languid Potion"},{"floor":30,"key":"Reflective Coating"},{"floor":31,"key":"DuplicationPotion"},{"floor":33,"key":"Swift Potion"}],"is_trial":false,"path_per_floor":["M","M","$","M","?","R","E","$","T","?","M","M","E","?","R","B",null,"M","$","M","M","M","E","R","E","T","?","E","$","M","?","R","B",null,"M","$","M","?","M","E","M","E","T","M","R","M","M","E","R","B",null,"R","$","E","B",null],"character_chosen":"IRONCLAD","items_purchased":["Sling","Searing Blow+1","Feed","MostiFishMod:AdaptiveDefenses","reliquary:FerryPass","Shrug It Off+1","Brimstone","Prayer Wheel","ChiLing","Thread and Needle","Heavy Blade"],"campfire_rested":0,"item_purchase_floors":[3,3,8,19,19,19,29,29,36,53,53],"current_hp_per_floor":[74,80,80,80,80,80,74,74,74,54,62,74,82,82,82,94,105,93,93,110,91,102,100,100,118,118,118,128,128,124,147,147,149,154,159,159,162,162,165,165,166,167,167,170,170,184,189,191,191,181,201,201,201,204,162],"gold":154,"neow_bonus":"RANDOM_COMMON_RELIC","is_daily":false,"chose_seed":false,"campfire_upgraded":11,"win_rate":0.0,"timestamp":1614319281,"path_taken":["M","M","$","M","?","R","E","$","T","?","?","M","E","?","R","BOSS","M","$","M","M","M","E","R","E","T","?","E","$","M","?","R","BOSS","M","$","M","?","M","E","M","E","T","M","R","?","M","E","R","BOSS","R","$","E","BOSS"],"items_purchased_type":["Relic","Card","Card","Relic","Relic","Card","Relic","Relic","Relic","Relic","Card"],"build_version":"2020-12-22","purchased_purges":3,"victory":true,"max_hp_per_floor":[80,80,80,80,80,80,80,80,80,80,84,94,101,101,101,109,109,112,112,119,122,129,132,132,132,132,132,142,142,145,148,148,155,155,159,159,162,162,165,165,168,175,175,178,178,189,195,198,198,207,207,207,207,210,220],"card_choices":[{"not_picked":["Run Through","Flex"],"picked":"Rampage","floor":1.0},{"not_picked":["Defy Death","Intimidate","Warcry","MostiFishMod:BrandingRite"],"picked":"Anger","floor":2.0},{"not_picked":["Replay:Undeath\u0027s Touch","Warcry","Hemokinesis","Run Through"],"picked":"Heavy Blade","floor":4.0},{"not_picked":["Sword Boomerang","Power Through","Replay:Undeath\u0027s Touch","Warcry"],"picked":"Burning Pact","floor":7.0},{"not_picked":["Dropkick","Iron Wave","Twin Strike","Carnage"],"picked":"REME_Scribble","floor":11.0},{"not_picked":["Twin Strike","Ghostly Armor","Hemokinesis","Sever Soul"],"picked":"Iron Wave","floor":12.0},{"not_picked":["MostiFishMod:FireWorks","Rampage","Anger","Armaments"],"picked":"Perfected Strike","floor":13.0},{"not_picked":["Brutality","MostiFishMod:OrdinaryWorld","MostiFishMod:404NotFound","Eclipse"],"picked":"MostiFishMod:UltimateDefense","floor":16.0},{"not_picked":["Combust","Defy Death+1","True Grit","Headbutt","Pummel"],"picked":"SKIP","floor":18.0},{"not_picked":["Carnage","ReplayTheSpireMod:Strike From Hell","Cleave","Twin Strike"],"picked":"Clothesline+1","floor":20},{"not_picked":["Clash+1","Havoc+1","Body Slam","Warcry"],"picked":"Limit Break","floor":21},{"not_picked":["Flex","ReplayTheSpireMod:Strike From Hell","Shrug It Off","Clothesline+1"],"picked":"Heavy Blade+1","floor":22},{"not_picked":["Anger","Havoc","Seeing Red","Burning Pact+1"],"picked":"Perfected Strike","floor":23},{"not_picked":["Rupture","Defy Death","Pommel Strike+1","Iron Wave"],"picked":"REME_Scribble+1","floor":25},{"not_picked":["ReplayTheSpireMod:Strike From Hell","REME_SingleHolding+1","Pommel Strike+1","Defy Death"],"picked":"Berserk","floor":28},{"not_picked":["Heavy Blade","Searing Blow","Run Through","Fire Breathing"],"picked":"Uppercut+1","floor":30},{"not_picked":["Shrug It Off","Sentinel","Rupture","Armaments","Havoc"],"picked":"SKIP","floor":30},{"not_picked":["MostiFishMod:#F4004","Cleave","Dark Embrace","Replay:Undeath\u0027s Touch+1"],"picked":"Entrench","floor":31},{"not_picked":["MostiFishMod:HellRitual","Exhume","Barricade","MostiFishMod:NewArrival"],"picked":"MostiFishMod:CullingBlade","floor":33},{"not_picked":["Wild Strike","ReplayTheSpireMod:Strike From Hell+1","Havoc","Twin Strike"],"picked":"Thunderclap+1","floor":35},{"not_picked":["MostiFishMod:#F4004","Shrug It Off","Bloodletting","Twin Strike+1"],"picked":"Barricade","floor":35},{"not_picked":["ReplayTheSpireMod:Corrosion Curse","Run Through+1","Iron Wave+1","Replay:Undeath\u0027s Touch"],"picked":"Entrench+1","floor":37},{"not_picked":["Anger+1","Replay:Undeath\u0027s Touch","Warcry+1","Twin Strike","Massacre+1"],"picked":"SKIP","floor":37},{"not_picked":["Pommel Strike","Ghostly Armor+1","ReplayTheSpireMod:Corrosion Curse","Reckless Charge+1"],"picked":"Seeing Red+1","floor":39},{"not_picked":["Second Wind+1","Searing Blow","ReplayTheSpireMod:Stacked+1","Thunderclap","REME_Scribble"],"picked":"SKIP","floor":39},{"not_picked":["ReplayTheSpireMod:Stacked+1","Warcry+1","Uppercut","Defy Death+1","Iron Wave+1"],"picked":"SKIP","floor":40},{"not_picked":["Ghostly Armor","Flex","Fire Breathing+1","Clothesline"],"picked":"Limit Break","floor":41},{"not_picked":["Sever Soul","Run Through","Headbutt","Burning Pact+1","Wild Strike"],"picked":"SKIP","floor":41},{"not_picked":["Impervious","Iron Wave","Perfected Strike+1","ReplayTheSpireMod:Strike From Hell"],"picked":"Body Slam","floor":42},{"not_picked":["ReplayTheSpireMod:Strike From Hell","Reckless Charge","Massacre","Pommel Strike+1"],"picked":"REME_Scribble+1","floor":44},{"not_picked":["Reckless Charge","Warcry+1","True Grit+1","Havoc+1","Whirlwind+1"],"picked":"SKIP","floor":44},{"not_picked":["Run Through","REME_Scribble+1","Pummel","MostiFishMod:TemporaryOutbreak","REME_Cut+1"],"picked":"SKIP","floor":46},{"not_picked":["Sever Soul","Rupture","Cleave+1","Hemokinesis+1","Anger"],"picked":"SKIP","floor":46},{"not_picked":["MostiFishMod:#F4004","Headbutt+1","Sword Boomerang+1","Uppercut"],"picked":"Clash","floor":47},{"not_picked":["Flex","Blood for Blood","True Grit","Armaments","Anger+1"],"picked":"SKIP","floor":47},{"not_picked":["Armaments","MostiFishMod:BrandingRite","ReplayReversal+1","Reckless Charge"],"picked":"Clash","floor":48},{"not_picked":["Headbutt","Sentinel","Havoc","Pummel","REME_TheLastStrike"],"picked":"SKIP","floor":54}],"player_experience":128993,"relics_obtained":[{"floor":1.0,"key":"SynthV:TestCard"},{"floor":7.0,"key":"Blood Vial"},{"floor":9.0,"key":"Replay:Bottled Eggs"},{"floor":13.0,"key":"Replay:Bottled Snecko"},{"floor":22,"key":"Calipers"},{"floor":23,"key":"Replay:Arrowhead"},{"floor":25,"key":"Bird Faced Urn"},{"floor":26,"key":"reliquary:Firecrackers"},{"floor":28,"key":"Replay:Rubber Ducky"},{"floor":31,"key":"DianPoetry"},{"floor":31,"key":"Darkstone Periapt"},{"floor":40,"key":"Mercury Hourglass"},{"floor":42,"key":"King of Hearts"},{"floor":48,"key":"Centennial Puzzle"},{"floor":54,"key":"Lantern"}],"event_choices":[{"damage_healed":0.0,"max_hp_gain":0.0,"max_hp_loss":0.0,"gold_gain":175.0,"event_name":"Liars Game","player_choice":"AGREE","floor":5.0,"gold_loss":0.0,"damage_taken":0.0,"cards_obtained":["Doubt"]},{"damage_healed":0.0,"max_hp_gain":0.0,"max_hp_loss":0.0,"gold_gain":0.0,"event_name":"Golden Idol","player_choice":"Take Damage","floor":10.0,"gold_loss":0.0,"damage_taken":20.0,"relics_obtained":["Golden Idol"]},{"damage_healed":0,"gold_gain":0,"player_choice":"Fight","damage_taken":0,"max_hp_gain":0,"max_hp_loss":0,"event_name":"Colosseum","floor":31,"gold_loss":0},{"damage_healed":0,"gold_gain":0,"player_choice":"Fought Nobs","damage_taken":0,"max_hp_gain":0,"max_hp_loss":0,"event_name":"Colosseum","floor":31,"gold_loss":0},{"damage_healed":0,"gold_gain":100,"player_choice":"Pray","damage_taken":0,"max_hp_gain":0,"max_hp_loss":0,"event_name":"Golden Shrine","floor":38,"gold_loss":0}],"is_beta":false,"boss_relics":[{"not_picked":["MoonlightInvasionPlan","Cursed Key"],"picked":"HereWithMe"},{"not_picked":["Replay:Wanted Poster","JellyFishMachine"],"picked":"Sozu"}],"items_purged_floors":[29,36,53],"is_endless":false,"potions_floor_spawned":[1,11,12,16,21,22,28,30,31,33,35,40,44,47],"ascension_level":7}}