{"host":"qmdmcz5nn4dzus5k","time":1614344795,"event":{"mods":["AchievementEnabler","Act Like it!","BaseMod","Bestiary","BetterRewards","Card Filter","Displayed Cursed Tome","Minty Spire (QoL Compilation)","Quick Restart","Relic Filter","Remove Card Discount Mod","Replay The Spire","Ruina","Spicy Shops","StSLib","The Marked","TheHero","Uncapped"],"gold_per_floor":[114,114,133,133,150,175,175,195,246,246,246,246],"floor_reached":11,"language":"ENG","playtime":807,"items_purged":["Pain","Strike_G","Defend_G"],"score":80,"play_id":"d9eefa5a-0299-4562-ba44-5d557a4083b6","local_time":"20210226080635","is_ascension_mode":true,"campfire_choices":[{"floor":7,"key":"REST"}],"circlet_count":0,"master_deck":["Strike_G","Strike_G","Strike_G","Strike_G","Defend_G","Defend_G","Defend_G","Defend_G","Survivor","Neutralize","Quick Slash","Parasite"],"relics":["Ring of the Snake","MealTicket","ClockworkSouvenir","Turnip","Snake Skull","Replay:Multitool","Replay:Bottled Steam","Boot"],"acts_visited":["Exordium"],"potions_floor_usage":[6,11],"damage_taken":[{"damage":0,"enemies":"2 Louse","floor":1,"turns":2},{"damage":9,"enemies":"Cultist","floor":3,"turns":5},{"damage":0,"enemies":"Small Slimes","floor":5,"turns":5},{"damage":13,"enemies":"3 Sentries","floor":6,"turns":10},{"damage":1,"enemies":"Red Slaver","floor":8,"turns":3},{"damage":57,"enemies":"Lagavulin","floor":11,"turns":11}],"seed_played":"6012822252725174934","potions_obtained":[{"floor":2,"key":"Swift Potion"},{"floor":2,"key":"CultistPotion"},{"floor":2,"key":"Ancient Potion"},{"floor":3,"key":"AttackPotion"},{"floor":6,"key":"SpeedPotion"}],"is_trial":false,"path_per_floor":["M","?","M","?","M","E","R","M","T","?","E"],"character_chosen":"THE_SILENT","items_purchased":["MealTicket","ClockworkSouvenir","Snake Skull"],"campfire_rested":1,"item_purchase_floors":[0,0,0],"current_hp_per_floor":[70,70,61,28,28,15,36,35,35,52,0,0],"gold":246,"neow_bonus":"","is_daily":false,"chose_seed":false,"campfire_upgraded":0,"win_rate":0.0,"timestamp":1614344795,"path_taken":["M","?","?","?","M","E","R","M","T","?","E"],"items_purchased_type":["Relic","Relic","Relic"],"build_version":"2020-12-22","purchased_purges":3,"victory":false,"max_hp_per_floor":[70,70,70,70,70,70,70,70,70,70,70,70],"card_choices":[{"not_picked":["Cloak And Dagger","Calculated Gamble","Distraction"],"picked":"SKIP","floor":1},{"not_picked":["Cloak And Dagger","PiercingWail","Endless Agony"],"picked":"SKIP","floor":3},{"not_picked":["Sucker Punch","Leg Sweep"],"picked":"Quick Slash","floor":5},{"not_picked":["Backstab","Acrobatics","Sneak Up"],"picked":"SKIP","floor":6},{"not_picked":["Acrobatics","PiercingWail","Replay:Poison Smokescreen"],"picked":"SKIP","floor":8}],"player_experience":110623,"relics_obtained":[{"floor":6,"key":"Boot"}],"event_choices":[{"damage_healed":0,"gold_gain":0,"player_choice":"Got Potions","damage_taken":0,"max_hp_gain":0,"max_hp_loss":0,"event_name":"Lab","floor":2,"gold_loss":0},{"damage_healed":0,"gold_gain":0,"player_choice":"Success","damage_taken":33,"relics_obtained":["Replay:Bottled Steam"],"max_hp_gain":0,"max_hp_loss":0,"event_name":"Scrap Ooze","floor":4,"gold_loss":0},{"damage_healed":17,"gold_gain":0,"player_choice":"Healed and dodged fight","damage_taken":0,"max_hp_gain":0,"max_hp_loss":0,"event_name":"Mushrooms","floor":10,"gold_loss":0,"cards_obtained":["Parasite"]}],"is_beta":false,"boss_relics":[],"items_purged_floors":[0,0,0],"is_endless":false,"potions_floor_spawned":[3,6],"killed_by":"Lagavulin","ascension_level":2}}