{"host":"opdum64sdiqzxm7l","time":1614327856,"event":{"mods":["Act Like it!","Aspiration","BaseMod","CapriCore","Colored Powertips","Conspire","Energized Spire","Friendly Minions","Jedi Mod","Library of Ruina","Library of Ruina Extra","Lobotomy","LobotomyExtend","Minty Spire (QoL Compilation)","MostiFishMod","Pale of the Ancients","Reliquary","Replay The Spire","RumiaBox-露米娅的神秘盒子","Spicy Shops","StSLib","TestMod","UnlockEverythingMod","Waifu the Spire","[IsaacMod]以撒尖塔","[功能]功能增强和修复MOD","【功能Mod】混沌之环修复补丁","【功能Mod】聪明的最终Boss","【遗物卡牌】REMEMod"],"gold_per_floor":[111,111,23,41,41,66,66,5,54,54,54,83,23,34,34,34,34],"floor_reached":16,"language":"ZHS","playtime":650,"items_purged":["SpecialBullet"],"score":181,"play_id":"17c1e61a-7d43-4a1e-984a-d1c45c110eee","local_time":"20210226162416","is_ascension_mode":false,"campfire_choices":[],"circlet_count":0,"master_deck":["SpecialBullet","SpecialBullet","SpecialBullet","SpecialBullet","SpecialBullet","SpecialBullet","BloodyBrimstone","ExtractionCode","WelfareCode","InformationCode","MostiFishMod:ForestofLight","Laetitia","Regret_ego","GreedKing","TodaysExpression","VoidDream","Christmas","SolemnVow","SwordSharpenedByTears"],"relics":["CogitoBucket","RabbitCall","REME_ComplimentaryCards","DaveBox","testmod-TestBox","HushsDoor","NeowsBlessing","Damocles","testmod-Prudence","FeatherPendant","aspiration:FrozenJewel","LetterFromLob","Civilization","ZombieArmy","reliquary:WeakTea","aspiration:HummingbirdHeart","Pear","jedi:arcanewood","PageOfPunishingBird","ForgetMeNow","BrkXgEgg","Replay:PocketPolymizer"],"acts_visited":["Exordium"],"potions_floor_usage":[12],"damage_taken":[{"damage":0,"enemies":"Cultist","floor":1,"turns":1},{"damage":0,"enemies":"2 Louse","floor":4,"turns":1},{"damage":0,"enemies":"Lagavulin","floor":6,"turns":1},{"damage":0,"enemies":"Gremlin Nob","floor":12,"turns":4},{"damage":0,"enemies":"Jaw Worm","floor":14,"turns":1},{"damage":5,"enemies":"The Guardian","floor":16,"turns":3}],"seed_played":"6045081574696657821","potions_obtained":[{"floor":6,"key":"Block Potion"},{"floor":6,"key":"SneckoOil"},{"floor":12,"key":"Toxic Potion"},{"floor":14,"key":"Energy Potion"},{"floor":14,"key":"conspire:TimeTravelPotion"}],"is_trial":false,"path_per_floor":["M","?","$","M","?","E","R","$","T","R","M","E","$","M","R","B"],"character_chosen":"Angela","items_purchased":["Civilization","ZombieArmy","jedi:arcanewood","BrkXgEgg"],"campfire_rested":0,"item_purchase_floors":[3,3,8,13],"current_hp_per_floor":[70,70,70,72,72,85,85,85,85,85,85,89,89,94,94,0,0],"gold":34,"neow_bonus":"THREE_ENEMY_KILL","is_daily":false,"chose_seed":false,"campfire_upgraded":0,"win_rate":0.0,"timestamp":1614327856,"path_taken":["M","?","$","?","?","E","R","?","T","R","?","E","?","?","R","BOSS"],"items_purchased_type":["Relic","Relic","Relic","Relic"],"build_version":"2020-12-22","purchased_purges":1,"victory":false,"max_hp_per_floor":[70,70,70,72,72,85,85,85,85,85,85,89,89,94,94,94,94],"card_choices":[{"not_picked":[],"picked":"BloodyBrimstone","floor":0},{"not_picked":["FairyFestival","DespairKnight"],"picked":"Laetitia","floor":1},{"not_picked":["Discord"],"picked":"Regret_ego","floor":1},{"not_picked":["OldLady","UniverseFragment"],"picked":"GreedKing","floor":4},{"not_picked":["Penitence"],"picked":"TodaysExpression","floor":4},{"not_picked":["OSAHOGD","ShyLook"],"picked":"VoidDream","floor":6},{"not_picked":["Noise"],"picked":"Christmas","floor":6},{"not_picked":["Gaze","Hypocrisy"],"picked":"SKIP","floor":6},{"not_picked":["Horn"],"picked":"SolemnVow","floor":12},{"not_picked":["Pleasure"],"picked":"Bomb","floor":12},{"not_picked":["Horn"],"picked":"Bomb","floor":14}],"player_experience":14353,"relics_obtained":[{"floor":1,"key":"aspiration:FrozenJewel"},{"floor":1,"key":"LetterFromLob"},{"floor":4,"key":"reliquary:WeakTea"},{"floor":6,"key":"aspiration:HummingbirdHeart"},{"floor":6,"key":"Pear"},{"floor":12,"key":"PageOfPunishingBird"},{"floor":12,"key":"ForgetMeNow"},{"floor":14,"key":"Replay:PocketPolymizer"}],"event_choices":[{"damage_healed":0,"gold_gain":0,"player_choice":"Agree","damage_taken":0,"max_hp_gain":0,"max_hp_loss":0,"event_name":"conspire:LoneGhost","floor":2,"gold_loss":0}],"is_beta":false,"boss_relics":[],"items_purged_floors":[8],"is_endless":false,"potions_floor_spawned":[6,6,12,14,14],"killed_by":"The Guardian","ascension_level":0}}