{"host":"drl4gs3853zme1q6","time":1614373215,"event":{"mods":["AchievementEnabler","BaseMod","Colored Map","Colored Powertips","Hermit","Hubris","Infinite Spire","Minty Spire (QoL Compilation)","Replay The Spire","StSLib","The Cursed","The Hierophant"],"gold_per_floor":[119,139,139,139,134,134,150,150,150,156,156,156,156,175,175,276,276,278,278,290,290,394,419,419,419,472,484,512,565,599,631,643,781,802,861,873,990,785,794,794,933,933,983,983,371,436,512,594,594,744,744,837,923,923,1016,1125,1252,1252,1252,1305,1423,1574,1789,1789,1789,1789,2041,2141,2379,2379,1980,2137,2322,2573,2573,2573,2573,2573,2491,2491,2704,2704,2704,2952,2952,3191,2779,2788,2788,2788,2788,3043,3466,3466,3466,3493,3493,3431,3700,3700,4018,4018,3918,3619,3922,4292,4292,4292,4613,4956,4982,5377,5377,5801,6230,6202,6202,6060,6110,5931,6362,6362],"floor_reached":121,"language":"ENG","playtime":7797,"items_purged":["hubris:Wrath"],"score":2882,"play_id":"60fcbf63-c19a-4f7c-8a59-1d6bf579e5b9","local_time":"20210226150015","daily_mods":["Heirloom","Time Dilation"],"is_ascension_mode":false,"campfire_choices":[{"data":"hierophant:RepressedViolence","floor":6,"key":"SMITH"},{"data":"hierophant:Zeal","floor":8,"key":"SMITH"},{"data":"hierophant:Smite","floor":11,"key":"SMITH"},{"data":"hierophant:ChurchCoffers","floor":13,"key":"SMITH"},{"data":"hierophant:Punish","floor":15,"key":"SMITH"},{"data":"hierophant:Kindle","floor":24,"key":"SMITH"},{"data":"hierophant:Encroach","floor":27,"key":"SMITH"},{"data":"hierophant:Charity","floor":32,"key":"SMITH"},{"data":"infinitespire:Punishment","floor":40,"key":"SMITH"},{"data":"hierophant:Doubloon","floor":42,"key":"SMITH"},{"data":"hierophant:Exaltation","floor":49,"key":"SMITH"},{"data":"hierophant:ArchangelShield","floor":59,"key":"SMITH"},{"data":"hierophant:Patience","floor":66,"key":"SMITH"},{"data":"hierophant:AuricBeam","floor":75,"key":"SMITH"},{"data":"hierophant:Doubloon","floor":83,"key":"SMITH"},{"data":"Madness","floor":91,"key":"SMITH"},{"data":"hierophant:Doubloon","floor":95,"key":"SMITH"},{"data":"hierophant:Doubloon","floor":97,"key":"SMITH"},{"data":"hierophant:ThreeLashes","floor":100,"key":"SMITH"},{"data":"hierophant:HolyVerse","floor":108,"key":"SMITH"},{"data":"hierophant:FieryStrike","floor":113,"key":"SMITH"},{"data":"hierophant:Defend_Hierophant","floor":117,"key":"SMITH"}],"circlet_count":0,"master_deck":["hierophant:Strike_Hierophant","hierophant:Strike_Hierophant","hierophant:Strike_Hierophant","hierophant:Strike_Hierophant","hierophant:Punish+1","hierophant:Defend_Hierophant","hierophant:Defend_Hierophant","hierophant:Defend_Hierophant","hierophant:Defend_Hierophant","hierophant:ChurchCoffers+1","hierophant:PristineSoul+1","hierophant:RepressedViolence+1","hierophant:Zeal+1","hierophant:Smite+1","hierophant:Kindle+1","hierophant:PassingBell+1","hubris:InfiniteBlow+12","hierophant:Encroach+1","hierophant:Doubloon+1","hierophant:Charity+1","hierophant:ThreeLashes+1","hierophant:RustyCrate+1","hierophant:Doubloon+1","hierophant:Doubloon+1","infinitespire:Punishment+1","hierophant:HammerAndAnvil+1","hierophant:Exaltation+1","hierophant:HolyVerse+1","hierophant:ArchangelShield+1","hierophant:Patience+1","hierophant:Sermon+1","hierophant:FieryStrike+1","hierophant:DivineIntervention+1","hierophant:AuricBeam+1","hierophant:Smite+1","hierophant:Doubloon+1","Madness+1","hierophant:Doubloon+1","hierophant:Remorse+1","infinitespire:SevenWalls+1","hierophant:Zeal+1","hierophant:Shelter+1"],"relics":["hierophant:PropheticMaskRelic","Torii","Matryoshka","Ring of Chaos","Du-Vu Doll","hubris:BottledHeart","Omamori","hubris:BottledRain","hubris:Potato","Anchor","MawBank","CeramicFish","infinitespire:EvilPickle","Replay:Ancient Bell","Vajra","hubris:MobiusCoin","FossilizedHelix","White Beast Statue","Golden Egg","Oddly Smooth Stone","Turnip","CaptainsWheel","infinitespire:Broken Mirror","hubris:Backtick","infinitespire:ShieldingShard","Simple Rune","Letter Opener","Bag of Marbles","SlaversCollar","hubris:SlimyHat","Replay:Bottled Eggs","infinitespire:Lychee Nut","Pondfish Scales","Bronze Scales","hubris:Icosahedron","hubris:CrackedHourglass","Molten Egg 2","Happy Flower","Replay:Wax Seal","infinitespire:EvilPickle","hubris:TenFootPole","Replay:Baseball","Durian","Pen Nib","Blue Doll","Orichalcum","Centennial Puzzle","infinitespire:FocusingShard","Tiny House"],"acts_visited":["Exordium","TheCity","TheBeyond","Exordium","TheCity","TheBeyond","Exordium","TheCity"],"potions_floor_usage":[16,29,29,41,41,50,50,57,57,57,84,84,84,86],"damage_taken":[{"damage":0,"enemies":"2 Louse","floor":1,"turns":2},{"damage":1,"enemies":"Jaw Worm","floor":2,"turns":3},{"damage":1,"enemies":"Cultist","floor":5,"turns":3},{"damage":3,"enemies":"Blue Slaver","floor":7,"turns":6},{"damage":1,"enemies":"Exordium Thugs","floor":10,"turns":5},{"damage":1,"enemies":"Exordium Wildlife","floor":14,"turns":3},{"damage":4,"enemies":"The Guardian","floor":16,"turns":11},{"damage":5,"enemies":"3 Byrds","floor":18,"turns":3},{"damage":0,"enemies":"Shell Parasite","floor":20,"turns":2},{"damage":0,"enemies":"Book of Stabbing","floor":23,"turns":1},{"damage":0,"enemies":"Cultist and Chosen","floor":25,"turns":3},{"damage":0,"enemies":"Shelled Parasite and Fungi","floor":28,"turns":3},{"damage":0,"enemies":"Slavers","floor":29,"turns":3},{"damage":0,"enemies":"Centurion and Healer","floor":30,"turns":3},{"damage":0,"enemies":"Snake Plant","floor":31,"turns":2},{"damage":0,"enemies":"Pondfish","floor":33,"turns":6},{"damage":0,"enemies":"3 Darklings","floor":35,"turns":4},{"damage":0,"enemies":"Orb Walker","floor":37,"turns":3},{"damage":0,"enemies":"Nightmare","floor":41,"turns":4},{"damage":0,"enemies":"Nemesis","floor":46,"turns":5},{"damage":0,"enemies":"Spire Growth","floor":47,"turns":3},{"damage":0,"enemies":"Writhing Mass","floor":48,"turns":3},{"damage":0,"enemies":"Time Eater","floor":50,"turns":6},{"damage":0,"enemies":"Small Slimes","floor":52,"turns":2},{"damage":0,"enemies":"Jaw Worm","floor":53,"turns":1},{"damage":0,"enemies":"Cultist","floor":55,"turns":2},{"damage":0,"enemies":"Blue Slaver","floor":56,"turns":2},{"damage":0,"enemies":"3 Sentries","floor":57,"turns":2},{"damage":0,"enemies":"2 Fungi Beasts","floor":61,"turns":2},{"damage":0,"enemies":"Large Slime","floor":62,"turns":2},{"damage":0,"enemies":"Exordium Thugs","floor":63,"turns":1},{"damage":0,"enemies":"Slime Boss","floor":67,"turns":1},{"damage":0,"enemies":"Shell Parasite","floor":69,"turns":2},{"damage":0,"enemies":"Spheric Guardian","floor":72,"turns":1},{"damage":0,"enemies":"Snake Plant","floor":73,"turns":1},{"damage":0,"enemies":"Snecko","floor":74,"turns":3},{"damage":0,"enemies":"Slavers","floor":79,"turns":3},{"damage":0,"enemies":"Chosen and Byrds","floor":81,"turns":3},{"damage":0,"enemies":"Pondfish","floor":84,"turns":5},{"damage":0,"enemies":"3 Shapes","floor":86,"turns":3},{"damage":0,"enemies":"Orb Walker","floor":92,"turns":1},{"damage":0,"enemies":"Jaw Worm Horde","floor":93,"turns":2},{"damage":0,"enemies":"R_Hoarder","floor":98,"turns":1},{"damage":0,"enemies":"3 Darklings","floor":99,"turns":2},{"damage":0,"enemies":"Replay:Hell Engine","floor":101,"turns":5},{"damage":0,"enemies":"Jaw Worm","floor":103,"turns":1},{"damage":0,"enemies":"2 Louse","floor":105,"turns":2},{"damage":0,"enemies":"Small Slimes","floor":106,"turns":2},{"damage":0,"enemies":"2 Fungi Beasts","floor":109,"turns":2},{"damage":0,"enemies":"Gremlin Gang","floor":110,"turns":2},{"damage":0,"enemies":"Exordium Wildlife","floor":112,"turns":2},{"damage":0,"enemies":"Lots of Slimes","floor":114,"turns":1},{"damage":0,"enemies":"3 Sentries","floor":115,"turns":3},{"damage":0,"enemies":"Hexaghost","floor":118,"turns":3},{"damage":0,"enemies":"Shell Parasite","floor":120,"turns":2},{"damage":0,"enemies":"Chosen","floor":121,"turns":3}],"seed_played":"-397100329949214916","potions_obtained":[{"floor":1,"key":"Block Potion"},{"floor":12,"key":"Explosive Potion"},{"floor":12,"key":"FearPotion"},{"floor":20,"key":"Fire Potion"},{"floor":22,"key":"BlessingOfTheForge"},{"floor":22,"key":"Ancient Potion"},{"floor":22,"key":"FairyPotion"},{"floor":30,"key":"LiquidBronze"},{"floor":31,"key":"Ancient Potion"},{"floor":35,"key":"Languid Potion"},{"floor":41,"key":"Explosive Potion"},{"floor":46,"key":"FearPotion"},{"floor":48,"key":"Languid Potion"},{"floor":53,"key":"Strength Potion"},{"floor":55,"key":"EssenceOfSteel"},{"floor":56,"key":"Fire Potion"},{"floor":57,"key":"PowerPotion"},{"floor":61,"key":"CultistPotion"},{"floor":62,"key":"Dexterity Potion"},{"floor":84,"key":"EssenceOfSteel"},{"floor":86,"key":"BlessingOfTheForge"},{"floor":92,"key":"Dexterity Potion"},{"floor":93,"key":"Energy Potion"},{"floor":98,"key":"ColorlessPotion"},{"floor":101,"key":"DuplicationPotion"}],"is_trial":true,"path_per_floor":["M","M","?","?","M","R","M","R","T","M","R","?","R","M","R","B",null,"M","AVR","M","?","?","E","R","M","T","R","M","E","M","M","R","B",null,"M","?","M","$","?","R","NM","R","T","?","$","E","M","M","R","B",null,"M","M","?","M","M","E","AVR","R","T","M","M","M","?","?","R","B",null,"M","?","$","M","M","M","R","AVR","T","?","E","?","M","?","R","B",null,"M","$","?","?","AVR","R","M","M","T","R","T","R","E","M","R","B",null,"M","$","M","M","?","R","M","M","T","M","R","M","E","?","R","B",null,"M","M"],"character_chosen":"HIEROPHANT","items_purchased":["White Beast Statue","Turnip","CaptainsWheel","hubris:SlimyHat","Replay:Bottled Eggs","Molten Egg 2","Happy Flower","Pen Nib","Blue Doll"],"campfire_rested":0,"item_purchase_floors":[38,45,45,71,71,87,87,104,104],"current_hp_per_floor":[75,74,74,74,73,73,70,70,70,69,69,69,69,68,68,64,75,70,70,70,1,1,1,1,1,1,1,1,1,1,1,1,1,1,1,1,1,1,1,1,1,1,1,1,1,1,1,1,1,1,1,1,1,1,1,1,1,1,1,1,1,1,1,1,1,1,1,1,1,1,1,1,1,1,1,1,1,1,1,1,1,1,1,1,1,1,1,1,1,1,1,1,1,1,1,1,1,1,1,1,1,1,1,1,1,1,1,1,1,1,1,1,1,1,1,1,1,1,1,1,1,1],"gold":6362,"neow_bonus":"","is_daily":false,"chose_seed":false,"campfire_upgraded":22,"win_rate":0.0,"timestamp":1614373215,"path_taken":["M","M","?","?","M","R","M","R","T","?","R","?","R","M","R","BOSS","M","AVR","M","?","?","E","R","M","T","R","M","E","M","M","R","BOSS","M","?","M","$","?","R","NM","R","T","?","$","E","M","M","R","BOSS","M","M","?","M","M","E","AVR","R","T","?","M","M","?","?","R","BOSS","M","?","$","M","M","M","R","AVR","T","?","E","?","M","?","R","BOSS","M","$","?","?","AVR","R","?","M","T","R","?","R","E","M","R","BOSS","M","$","M","M","?","R","M","M","T","M","R","M","E","?","R","BOSS","M","M"],"items_purchased_type":["Relic","Relic","Relic","Relic","Relic","Relic","Relic","Relic","Relic"],"build_version":"2020-12-22","purchased_purges":1,"victory":false,"max_hp_per_floor":[75,75,75,75,75,75,75,75,75,75,75,75,75,75,75,75,75,75,75,75,1,1,1,1,1,1,1,1,1,1,1,1,1,1,1,1,1,1,1,1,1,1,1,1,1,1,1,1,1,1,1,1,1,1,1,1,1,1,1,1,1,1,1,1,1,1,1,1,1,1,1,1,1,1,1,1,1,1,1,1,1,1,1,1,1,1,1,1,1,1,1,1,1,1,1,1,1,1,1,1,1,1,1,1,1,1,1,1,1,1,1,1,1,1,1,1,1,1,1,1,1,1],"card_choices":[{"not_picked":["hierophant:ArchangelShield","hierophant:CursedGold"],"picked":"hierophant:PristineSoul","floor":1},{"not_picked":["hierophant:Community","hierophant:DisplayOfPower"],"picked":"hierophant:Shelter","floor":2},{"not_picked":["hierophant:HammerAndAnvil","hierophant:Zeal"],"picked":"hierophant:RepressedViolence","floor":5},{"not_picked":["hierophant:HammerAndAnvil","hierophant:Community"],"picked":"hierophant:Zeal","floor":7},{"not_picked":["hierophant:Anathema","hierophant:DisplayOfPower"],"picked":"hierophant:Smite","floor":10},{"not_picked":["hierophant:Rebuild","hierophant:Shelter","hierophant:AuricBeam"],"picked":"SKIP","floor":14},{"not_picked":["hierophant:MintersHammer","hierophant:WrathOfGod"],"picked":"hierophant:Kindle","floor":16},{"not_picked":["hierophant:Encroach+1","hierophant:Purify"],"picked":"hierophant:PassingBell+1","floor":18},{"not_picked":["hierophant:RustyCrate","hierophant:PassingBell"],"picked":"hierophant:Encroach","floor":20},{"not_picked":["hierophant:Remorse","hierophant:Determination","hierophant:Glossolalia"],"picked":"SKIP","floor":23},{"not_picked":["hierophant:RepressedViolence","hierophant:MorningPrayer","hierophant:Prophecy"],"picked":"SKIP","floor":25},{"not_picked":["hierophant:MorningPrayer+1","hierophant:PristineSoul","hierophant:Dazzle"],"picked":"SKIP","floor":28},{"not_picked":["hierophant:SecretStash","hierophant:Dazzle"],"picked":"hierophant:Charity","floor":29},{"not_picked":["hierophant:FaithHealing","hierophant:LocustPlague","hierophant:Alms+1"],"picked":"SKIP","floor":30},{"not_picked":["hierophant:SealAway","hierophant:DisplayOfPower"],"picked":"hierophant:ThreeLashes","floor":31},{"not_picked":["hubris:Compulsion","hubris:Gluttony"],"picked":"CurseOfTheBell","floor":34},{"not_picked":["hubris:Compulsion","hubris:Wrath"],"picked":"ReplayTheSpireMod:Faulty Equipment","floor":34},{"not_picked":["Replay:Hysterical Blindness","ReplayTheSpireMod:Restless Dread"],"picked":"hubris:Wrath","floor":34},{"not_picked":["hierophant:Encroach","hierophant:RepressedViolence","hierophant:MorningPrayer"],"picked":"SKIP","floor":35},{"not_picked":["hierophant:FieryStrike","hierophant:Zeal"],"picked":"hierophant:RustyCrate+1","floor":37},{"not_picked":["infinitespire:Execution","ReplayTheSpireMod:Black Plague"],"picked":"infinitespire:Punishment","floor":39},{"not_picked":["hierophant:MintersHammer","hierophant:FlamingChariot+1","hierophant:Purify"],"picked":"SKIP","floor":41},{"not_picked":["hierophant:OrnateBuckler+1","hierophant:PassingBell+1","hierophant:Embezzle"],"picked":"SKIP","floor":46},{"not_picked":["hierophant:Blessing+1","hierophant:SolarFlare"],"picked":"hierophant:HammerAndAnvil+1","floor":47},{"not_picked":["hierophant:RecallFunds","hierophant:RustyCrate+1"],"picked":"hierophant:Exaltation","floor":48},{"not_picked":["hierophant:DisplayOfPower","hierophant:Chorus","hierophant:Zeal"],"picked":"SKIP","floor":52},{"not_picked":["hierophant:Sermon","hierophant:SealAway","hierophant:EyeForCoin"],"picked":"SKIP","floor":53},{"not_picked":["hierophant:Encroach","hierophant:PassingBell"],"picked":"hierophant:HolyVerse","floor":55},{"not_picked":["hierophant:Encroach","hierophant:Doubloon"],"picked":"hierophant:ArchangelShield","floor":56},{"not_picked":["hierophant:HammerAndAnvil","hierophant:Chorus"],"picked":"hierophant:Patience","floor":57},{"not_picked":["hierophant:MirrorShield","hierophant:SealAway","hierophant:RustyCrate"],"picked":"SKIP","floor":61},{"not_picked":["hierophant:FieryStrike","hierophant:Community"],"picked":"hierophant:Sermon","floor":62},{"not_picked":["hierophant:Generosity","hierophant:SealAway"],"picked":"hierophant:FieryStrike","floor":63},{"not_picked":["hierophant:LocustPlague","hierophant:Cornucopia"],"picked":"hierophant:DivineIntervention","floor":67},{"not_picked":["hierophant:Patience","hierophant:PassingBell","hierophant:Martyrdom"],"picked":"SKIP","floor":69},{"not_picked":["hierophant:Blessing","hierophant:ThreeLashes","hierophant:OrnateBuckler+1"],"picked":"SKIP","floor":72},{"not_picked":["hierophant:Smite","hierophant:ThreeLashes","hierophant:Encroach+1"],"picked":"SKIP","floor":73},{"not_picked":["hierophant:MorningPrayer+1","hierophant:Sermon"],"picked":"hierophant:AuricBeam","floor":74},{"not_picked":["hierophant:CoinFling","hierophant:HolyVerse","hierophant:PassingBell"],"picked":"SKIP","floor":79},{"not_picked":["hierophant:HammerAndAnvil+1","hierophant:FieryStrike"],"picked":"hierophant:Smite+1","floor":81},{"not_picked":["hierophant:AuricBeam+1","hierophant:Bribe"],"picked":"hierophant:Doubloon+1","floor":86},{"not_picked":["Bandage Up","ReplayTheSpireMod:Trickstab+1"],"picked":"Madness","floor":88},{"not_picked":["hierophant:Repentance","hierophant:Mercenaries+1"],"picked":"hierophant:Remorse+1","floor":92},{"not_picked":["ReplayTheSpireMod:Black Plague","infinitespire:Starlight"],"picked":"infinitespire:SevenWalls","floor":93},{"not_picked":["hierophant:Doubloon","hierophant:Shelter","hierophant:Embezzle"],"picked":"SKIP","floor":93},{"not_picked":["hierophant:ThreeLashes+1","hierophant:SealAway+1","hierophant:Purify+1"],"picked":"SKIP","floor":98},{"not_picked":["hierophant:RecallFunds+1","hierophant:HammerAndAnvil","hierophant:Upheaval+1"],"picked":"SKIP","floor":99},{"not_picked":["hierophant:ConvertCurrency","hierophant:Smite+1","hierophant:MorningPrayer"],"picked":"SKIP","floor":103},{"not_picked":["hierophant:CursedGold","hierophant:Community","hierophant:Smite+1"],"picked":"SKIP","floor":105},{"not_picked":["hierophant:FieryStrike+1","hierophant:MirrorShield","hierophant:MorningPrayer"],"picked":"SKIP","floor":106},{"not_picked":["hierophant:Patience","hierophant:ArchangelShield","hierophant:FlamingChariot+1"],"picked":"SKIP","floor":109},{"not_picked":["hierophant:Alms","hierophant:Blessing","hierophant:DisplayOfPower+1"],"picked":"SKIP","floor":110},{"not_picked":["hierophant:Purify+1","hierophant:DisplayOfPower+1","hierophant:Chorus"],"picked":"SKIP","floor":112},{"not_picked":["hierophant:RepressedViolence+1","hierophant:Charity"],"picked":"hierophant:Zeal+1","floor":114},{"not_picked":["hierophant:Levitation","hierophant:ThreeLashes+1","hierophant:PassingBell+1"],"picked":"SKIP","floor":115},{"not_picked":["hierophant:Sermon+1","hierophant:DivineIntervention"],"picked":"hierophant:Shelter+1","floor":120},{"not_picked":["hierophant:FieryStrike+1","hierophant:Martyrdom+1","hierophant:Doubloon"],"picked":"SKIP","floor":121}],"player_experience":408401,"relics_obtained":[{"floor":9,"key":"Matryoshka"},{"floor":22,"key":"Omamori"},{"floor":22,"key":"hubris:BottledRain"},{"floor":23,"key":"hubris:Potato"},{"floor":26,"key":"Anchor"},{"floor":26,"key":"MawBank"},{"floor":29,"key":"CeramicFish"},{"floor":41,"key":"Golden Egg"},{"floor":43,"key":"Oddly Smooth Stone"},{"floor":46,"key":"infinitespire:Broken Mirror"},{"floor":57,"key":"Simple Rune"},{"floor":60,"key":"Bag of Marbles"},{"floor":77,"key":"Pondfish Scales"},{"floor":79,"key":"Bronze Scales"},{"floor":94,"key":"hubris:TenFootPole"},{"floor":96,"key":"Replay:Baseball"},{"floor":98,"key":"Durian"},{"floor":107,"key":"Orichalcum"},{"floor":111,"key":"Centennial Puzzle"},{"floor":115,"key":"infinitespire:FocusingShard"}],"event_choices":[{"damage_healed":0,"gold_gain":0,"player_choice":"Ignored","damage_taken":0,"max_hp_gain":0,"max_hp_loss":0,"event_name":"Transmorgrifier","floor":4,"gold_loss":0},{"damage_healed":0,"gold_gain":0,"player_choice":"Got Potions","damage_taken":0,"max_hp_gain":0,"max_hp_loss":0,"event_name":"Lab","floor":12,"gold_loss":0},{"damage_healed":0,"gold_gain":0,"player_choice":"Ignored","damage_taken":0,"max_hp_gain":0,"max_hp_loss":0,"event_name":"Tomb of Lord Red Mask","floor":36,"gold_loss":0},{"cards_removed":["hierophant:Shelter"],"damage_healed":0,"gold_gain":0,"player_choice":"Removed Skill","damage_taken":0,"max_hp_gain":0,"max_hp_loss":0,"event_name":"Falling","floor":44,"gold_loss":0},{"damage_healed":0,"gold_gain":0,"player_choice":"Ignored","damage_taken":0,"max_hp_gain":0,"max_hp_loss":0,"event_name":"NoteForYourself","floor":54,"gold_loss":0},{"damage_healed":0,"gold_gain":0,"player_choice":"Donut","damage_taken":0,"max_hp_gain":5,"max_hp_loss":0,"event_name":"Big Fish","floor":64,"gold_loss":0},{"damage_healed":0,"gold_gain":0,"player_choice":"Shed Blood","damage_taken":0,"max_hp_gain":5,"max_hp_loss":0,"event_name":"Forgotten Altar","floor":70,"gold_loss":0},{"damage_healed":0,"gold_gain":0,"player_choice":"Ignored","damage_taken":0,"max_hp_gain":0,"max_hp_loss":0,"event_name":"Ghosts","floor":82,"gold_loss":0},{"damage_healed":0,"gold_gain":0,"player_choice":"Memory 1","damage_taken":0,"max_hp_gain":0,"max_hp_loss":0,"event_name":"SensoryStone","floor":88,"gold_loss":0},{"damage_healed":0,"gold_gain":0,"player_choice":"Ignored","damage_taken":0,"max_hp_gain":0,"max_hp_loss":0,"event_name":"Duplicator","floor":89,"gold_loss":0},{"damage_healed":0,"gold_gain":0,"player_choice":"Left Gold","damage_taken":0,"max_hp_gain":0,"max_hp_loss":0,"event_name":"World of Goop","floor":116,"gold_loss":28}],"is_beta":false,"boss_relics":[{"not_picked":["Astrolabe","Pandora\u0027s Box"],"picked":"Ring of Chaos"},{"not_picked":["SlaversCollar","Replay:Bronze Core"],"picked":"Replay:Ancient Bell"},{"not_picked":["MealTicket","Simple Rune"],"picked":"Vajra"},{"not_picked":["Eternal Feather","hubris:DisguiseKit"],"picked":"hubris:MobiusCoin"},{"not_picked":["Lizard Tail","Replay:PocketPolymizer"],"picked":"FossilizedHelix"},{"not_picked":["SacredBark","hubris:BlackHole"],"picked":"hubris:Backtick"},{"not_picked":["Empty Cage","Sozu"],"picked":"SlaversCollar"},{"not_picked":["infinitespire:Cupcake","Astrolabe"],"picked":"hubris:CrackedHourglass"},{"not_picked":["ReplayTheSpireMod:SealedPack","hubris:VirtuousBlindfold","Replay:Grab Bag"]},{"not_picked":["ReplayTheSpireMod:DimensionalGlitch","hubris:BlackHole"],"picked":"Tiny House"}],"items_purged_floors":[38],"is_endless":true,"potions_floor_spawned":[1,16,20,28,30,31,35,41,46,47,48,50,52,53,55,56,57,61,62,63,67,69,72,73,74,79,81,84,86,92,93,98,99,101,103,105,106,109,110,112,114,115,118,120,121],"killed_by":"Chosen","ascension_level":0}}