{"host":"ju1b3c4x8n2jtjm7","time":1614354877,"event":{"mods":["AchievementEnabler","BaseMod","Colored Map","Colored Powertips","Highlight Path","Minty Spire (QoL Compilation)","Quick Restart","Rare Cards Sparkle","Relic Stats","StSLib"],"gold_per_floor":[114,130,130,140,20,54,54,82,82,82,111,121,121,132,132,209,209,221,236,436,448,448,476,38,38,64,92,107,121,147,165,165,238,238,248,264,264,39,39,66,81,181,256,289,302,302,315,315,315,315],"floor_reached":51,"language":"ENG","playtime":3215,"items_purged":["Pain","Strike_P"],"score":1765,"play_id":"aba3b66f-e99a-4efc-ba79-afdc8d18ff58","local_time":"20210226165437","is_ascension_mode":true,"campfire_choices":[{"data":"Eruption","floor":7.0,"key":"SMITH"},{"data":"Wallop","floor":13.0,"key":"SMITH"},{"data":"CrushJoints","floor":15.0,"key":"SMITH"},{"floor":25.0,"key":"REST"},{"floor":32.0,"key":"REST"},{"floor":46,"key":"REST"},{"floor":49,"key":"RECALL"}],"circlet_count":0,"master_deck":["AscendersBane","Strike_P+1","Strike_P+1","Defend_P+1","Defend_P+1","Eruption+1","Vigilance+1","CutThroughFate+1","InnerPeace+1","WreathOfFlame+1","SandsOfTime+1","CrushJoints+1","SashWhip+1","EmptyBody+1","LessonLearned+1","Crescendo+1","Consecrate+1","Collect+1","Scrawl+1","Fasting2+1","Consecrate+1","Wallop+1","Halt+1","ClearTheMind+1","Prostrate+1","DevaForm+1","DeceiveReality+1","Magnetism+1","Prostrate+1","Ragnarok+1"],"relics":["Astrolabe","WarpedTongs","Whetstone","Toxic Egg 2","Vajra","Blue Candle","Fusion Hammer","Juzu Bracelet","Meat on the Bone","StrikeDummy","Potion Belt","Busted Crown","Shovel","Bottled Lightning","Smiling Mask"],"acts_visited":["Exordium","TheCity","TheBeyond","TheEnding"],"potions_floor_usage":[45],"damage_taken":[{"damage":1.0,"enemies":"Cultist","floor":1.0,"turns":3.0},{"damage":4.0,"enemies":"2 Louse","floor":2.0,"turns":3.0},{"damage":11.0,"enemies":"Jaw Worm","floor":4.0,"turns":4.0},{"damage":6.0,"enemies":"Gremlin Nob","floor":6.0,"turns":3.0},{"damage":7.0,"enemies":"3 Sentries","floor":8.0,"turns":5.0},{"damage":0.0,"enemies":"Lagavulin","floor":11.0,"turns":3.0},{"damage":0.0,"enemies":"Looter","floor":12.0,"turns":3.0},{"damage":2.0,"enemies":"2 Fungi Beasts","floor":14.0,"turns":4.0},{"damage":0.0,"enemies":"Slime Boss","floor":16.0,"turns":6.0},{"damage":4.0,"enemies":"2 Thieves","floor":18.0,"turns":2.0},{"damage":15.0,"enemies":"3 Byrds","floor":19.0,"turns":5.0},{"damage":0.0,"enemies":"Centurion and Healer","floor":21.0,"turns":5.0},{"damage":20.0,"enemies":"Slavers","floor":23.0,"turns":4.0},{"damage":18.0,"enemies":"Gremlin Leader","floor":27.0,"turns":4.0},{"damage":0.0,"enemies":"Snecko","floor":28.0,"turns":2.0},{"damage":6.0,"enemies":"Cultist and Chosen","floor":29.0,"turns":3.0},{"damage":0.0,"enemies":"Slavers","floor":30.0,"turns":2.0},{"damage":0.0,"enemies":"Snake Plant","floor":31.0,"turns":2.0},{"damage":16.0,"enemies":"Automaton","floor":33.0,"turns":10.0},{"damage":0.0,"enemies":"Orb Walker","floor":35.0,"turns":3.0},{"damage":11.0,"enemies":"3 Darklings","floor":36.0,"turns":3.0},{"damage":23.0,"enemies":"Giant Head","floor":40.0,"turns":6.0},{"damage":0.0,"enemies":"Transient","floor":41.0,"turns":5.0},{"damage":12.0,"enemies":"Reptomancer","floor":44.0,"turns":7.0},{"damage":4,"enemies":"Sphere and 2 Shapes","floor":45,"turns":3},{"damage":0,"enemies":"Spire Growth","floor":47,"turns":3},{"damage":31,"enemies":"Donu and Deca","floor":50,"turns":9}],"seed_played":"-2592483620713405728","potions_obtained":[{"floor":1.0,"key":"BottledMiracle"},{"floor":4.0,"key":"Dexterity Potion"},{"floor":6.0,"key":"FearPotion"},{"floor":16.0,"key":"Block Potion"},{"floor":21.0,"key":"AttackPotion"},{"floor":27.0,"key":"Strength Potion"},{"floor":28.0,"key":"StancePotion"},{"floor":29.0,"key":"GamblersBrew"},{"floor":35.0,"key":"BottledMiracle"},{"floor":36.0,"key":"BottledMiracle"},{"floor":40.0,"key":"GamblersBrew"},{"floor":45,"key":"GamblersBrew"}],"is_trial":false,"path_per_floor":["M","M","?","M","$","E","R","E","T","?","E","M","R","M","R","B",null,"M","M","?","M","?","E","$","R","T","E","M","M","E","M","R","B",null,"M","M","?","$","?","E","M","?","T","E","M","R","M","?","R","B",null],"character_chosen":"WATCHER","items_purchased":["EmptyBody","Meat on the Bone","Regen Potion","DeceiveReality+1","Magnetism"],"campfire_rested":3,"item_purchase_floors":[5,24,24,38,38],"current_hp_per_floor":[60,56,56,45,45,39,39,32,32,32,32,32,32,30,30,30,59,55,40,40,40,40,20,20,40,40,46,46,40,40,40,60,44,62,62,51,51,51,51,40,40,40,40,40,36,56,56,56,56,37],"gold":315,"neow_bonus":"BOSS_RELIC","is_daily":false,"chose_seed":false,"campfire_upgraded":3,"win_rate":0.0,"timestamp":1614354877,"path_taken":["M","M","?","M","$","E","R","E","T","?","E","M","R","M","R","BOSS","M","M","?","?","?","E","$","R","T","E","M","M","E","M","R","BOSS","M","M","?","$","?","E","M","?","T","E","M","R","M","?","R","BOSS"],"items_purchased_type":["Card","Relic","Potion","Card","Card"],"build_version":"2020-12-22","purchased_purges":2,"victory":true,"max_hp_per_floor":[68,68,68,68,68,68,68,68,68,68,68,68,68,68,68,68,68,68,68,68,68,68,68,68,68,68,68,68,68,68,68,68,68,68,68,68,68,68,68,68,68,68,68,68,68,68,68,68,68,68],"relic_stats":{"Busted Crown":14,"Shovel":0,"counters":[27,112],"Astrolabe":["CutThroughFate","InnerPeace","WreathOfFlame"],"Blue Candle":[1],"Juzu Bracelet":1,"Whetstone":["LessonLearned","Strike_P"],"Smiling Mask":0,"obtain_stats":[{"Potion Belt":30,"Astrolabe":0,"Blue Candle":11,"Vajra":9,"Juzu Bracelet":23,"Whetstone":6,"Smiling Mask":44,"WarpedTongs":3,"Busted Crown":34,"Shovel":40,"Fusion Hammer":17,"Bottled Lightning":43,"PureWater":0,"Toxic Egg 2":8,"StrikeDummy":27,"Meat on the Bone":24},{"Potion Belt":17,"Astrolabe":0,"Blue Candle":6,"Vajra":5,"Juzu Bracelet":13,"Whetstone":4,"Smiling Mask":24,"WarpedTongs":2,"Busted Crown":19,"Shovel":22,"Fusion Hammer":9,"Bottled Lightning":23,"PureWater":0,"Toxic Egg 2":5,"StrikeDummy":14,"Meat on the Bone":13},{"Potion Belt":61,"Astrolabe":0,"Blue Candle":21,"Vajra":18,"Juzu Bracelet":50,"Whetstone":13,"Smiling Mask":97,"WarpedTongs":6,"Busted Crown":73,"Shovel":85,"Fusion Hammer":34,"Bottled Lightning":90,"PureWater":0,"Toxic Egg 2":18,"StrikeDummy":54,"Meat on the Bone":50}],"WarpedTongs":[67],"Meat on the Bone":48},"card_choices":[{"not_picked":["FlurryOfBlows","MentalFortress"],"picked":"SandsOfTime","floor":1.0},{"not_picked":["PathToVictory","WaveOfTheHand"],"picked":"CrushJoints","floor":2.0},{"not_picked":["SignatureMove","EmptyBody"],"picked":"SashWhip","floor":4.0},{"not_picked":["LikeWater","FollowUp"],"picked":"LessonLearned","floor":6.0},{"not_picked":["WaveOfTheHand+1","Crescendo+1"],"picked":"Wallop","floor":8.0},{"not_picked":["Prostrate+1","EmptyFist"],"picked":"Crescendo+1","floor":11.0},{"not_picked":["JustLucky","Worship+1"],"picked":"Consecrate","floor":12.0},{"not_picked":["PathToVictory+1","EmptyFist"],"picked":"Collect+1","floor":14.0},{"not_picked":["Wish+1","DevaForm"],"picked":"Scrawl+1","floor":16.0},{"not_picked":["EmptyFist","SashWhip","CutThroughFate"],"picked":"SKIP","floor":18.0},{"not_picked":["ForeignInfluence+1","SandsOfTime"],"picked":"Fasting2","floor":19.0},{"not_picked":["FlyingSleeves","EmptyBody+1"],"picked":"Consecrate","floor":21.0},{"not_picked":["CarveReality","FollowUp","Indignation+1"],"picked":"SKIP","floor":23.0},{"not_picked":["Alpha+1","WheelKick"],"picked":"Wallop","floor":27.0},{"not_picked":["EmptyBody+1","Weave"],"picked":"Halt+1","floor":28.0},{"not_picked":["BowlingBash","Protect+1","WindmillStrike"],"picked":"SKIP","floor":29.0},{"not_picked":["ThirdEye+1","Worship+1"],"picked":"ClearTheMind+1","floor":30.0},{"not_picked":["Indignation+1","SpiritShield+1"],"picked":"Prostrate+1","floor":31.0},{"not_picked":["Scrawl+1","Establishment"],"picked":"DevaForm","floor":33.0},{"not_picked":["FollowUp"],"picked":"SKIP","floor":35.0},{"not_picked":["CarveReality"],"picked":"SKIP","floor":36.0},{"not_picked":["FollowUp"],"picked":"SKIP","floor":40.0},{"not_picked":[],"picked":"Prostrate+1","floor":41.0},{"not_picked":["EmptyBody+1"],"picked":"SKIP","floor":44.0},{"not_picked":["FlurryOfBlows"],"picked":"SKIP","floor":45},{"not_picked":[],"picked":"Ragnarok","floor":47}],"player_experience":561961,"relics_obtained":[{"floor":6.0,"key":"Whetstone"},{"floor":8.0,"key":"Toxic Egg 2"},{"floor":9.0,"key":"Vajra"},{"floor":11.0,"key":"Blue Candle"},{"floor":23.0,"key":"Juzu Bracelet"},{"floor":27.0,"key":"StrikeDummy"},{"floor":30.0,"key":"Potion Belt"},{"floor":40.0,"key":"Shovel"},{"floor":43.0,"key":"Bottled Lightning"},{"floor":44.0,"key":"Smiling Mask"}],"event_choices":[{"damage_healed":0.0,"max_hp_gain":0.0,"max_hp_loss":0.0,"gold_gain":0.0,"event_name":"Accursed Blacksmith","player_choice":"Rummage","floor":3.0,"gold_loss":0.0,"damage_taken":0.0,"relics_obtained":["WarpedTongs"],"cards_obtained":["Pain"]},{"damage_healed":0.0,"max_hp_gain":0.0,"max_hp_loss":0.0,"gold_gain":0.0,"event_name":"Scrap Ooze","player_choice":"Fled","floor":10.0,"gold_loss":0.0,"damage_taken":0.0},{"damage_healed":0.0,"max_hp_gain":0.0,"max_hp_loss":0.0,"gold_gain":200.0,"event_name":"Wheel of Change","player_choice":"Gold","floor":20.0,"gold_loss":0.0,"damage_taken":0.0},{"damage_healed":0.0,"max_hp_gain":0.0,"max_hp_loss":0.0,"gold_gain":0.0,"event_name":"Vampires","player_choice":"Ignored","floor":22.0,"gold_loss":0.0,"damage_taken":0.0},{"damage_healed":0.0,"max_hp_gain":0.0,"max_hp_loss":0.0,"gold_gain":0.0,"event_name":"Tomb of Lord Red Mask","player_choice":"Ignored","floor":37.0,"gold_loss":0.0,"damage_taken":0.0},{"cards_removed":["Wallop"],"damage_healed":0.0,"max_hp_gain":0.0,"max_hp_loss":0.0,"gold_gain":0.0,"event_name":"Falling","player_choice":"Removed Attack","floor":39.0,"gold_loss":0.0,"damage_taken":0.0},{"damage_healed":0.0,"max_hp_gain":0.0,"max_hp_loss":0.0,"gold_gain":100.0,"event_name":"Golden Shrine","player_choice":"Pray","floor":42.0,"gold_loss":0.0,"damage_taken":0.0},{"damage_healed":0,"gold_gain":0,"player_choice":"Upgraded","damage_taken":0,"max_hp_gain":0,"max_hp_loss":0,"event_name":"Upgrade Shrine","floor":48,"gold_loss":0,"cards_upgraded":["Ragnarok"]}],"is_beta":false,"boss_relics":[{"not_picked":["SacredBark","Cursed Key"],"picked":"Fusion Hammer"},{"not_picked":["VioletLotus","Philosopher\u0027s Stone"],"picked":"Busted Crown"}],"items_purged_floors":[5,24],"is_endless":false,"potions_floor_spawned":[1,4,6,16,21,27,28,29,35,36,40,45],"ascension_level":14}}