{"host":"nihqlga4zpmrcpl9","time":1614342522,"event":{"mods":["BaseMod","LagranYue(拉格朗・月)","Marisa（F雨　魔理沙）","Minty Spire (QoL Compilation)","Replay The Spire","Shop Mod","StSLib","The Bug Knight","The Cursed","The Hierophant","The Servant 0.9.4"],"gold_per_floor":[115,130,205,215,235,267,281,298,298,136,150,150,163,163,163,258,258,274,293,124,134,134,134,153,167,167,167,193,223,223,223],"floor_reached":30,"language":"ZHS","playtime":1370,"items_purged":[],"score":409,"play_id":"3f4aae76-2407-45a3-b146-369672ba341c","local_time":"20210226202842","is_ascension_mode":true,"campfire_choices":[{"data":"Armaments","floor":12,"key":"SMITH"},{"data":"Armaments","floor":15,"key":"SMITH"},{"floor":23,"key":"REST"},{"floor":27,"key":"REST"}],"circlet_count":0,"master_deck":["AscendersBane","Strike_R","Strike_R","Strike_R","Strike_R","Strike_R","Defend_R","Defend_R","Defend_R","Defend_R","Bash","Pommel Strike","Armaments+1","Perfected Strike","Clash","Armaments+1","Pommel Strike","Feed","Immolate","ReplayReversal","Double Tap","Rampage+1","Evolve+1","Flex","Shrug It Off","Pommel Strike+1","Clothesline","Shrug It Off+1"],"relics":["Burning Blood","LagranYue:RandomDrawCardRelic","Frozen Egg 2","White Beast Statue","LagranYue:SoulBurningRelic","MerchantsRug","Iron Hammer","The Courier","Red Skull","Bag of Preparation"],"acts_visited":["Exordium","TheCity"],"potions_floor_usage":[8,25,29,29],"damage_taken":[{"damage":10,"enemies":"Small Slimes","floor":1,"turns":4},{"damage":1,"enemies":"Cultist","floor":2,"turns":3},{"damage":0,"enemies":"2 Louse","floor":4,"turns":4},{"damage":19,"enemies":"Lots of Slimes","floor":5,"turns":6},{"damage":33,"enemies":"HollowMod:MossKnight","floor":6,"turns":10},{"damage":15,"enemies":"Exordium Thugs","floor":7,"turns":5},{"damage":12,"enemies":"2 Fungi Beasts","floor":8,"turns":4},{"damage":18,"enemies":"Large Slime","floor":11,"turns":4},{"damage":11,"enemies":"Looter","floor":13,"turns":3},{"damage":91,"enemies":"Fading Forest","floor":16,"turns":11},{"damage":13,"enemies":"Shell Parasite","floor":18,"turns":4},{"damage":18,"enemies":"Snecko","floor":19,"turns":4},{"damage":45,"enemies":"Centurion and Healer","floor":21,"turns":5},{"damage":33,"enemies":"Snake Plant","floor":24,"turns":4},{"damage":0,"enemies":"3 Cultists","floor":25,"turns":4},{"damage":42,"enemies":"Book of Stabbing","floor":29,"turns":5},{"damage":17,"enemies":"Centurion and Healer","floor":30,"turns":2}],"seed_played":"3203276387990942267","potions_obtained":[{"floor":4,"key":"ColorlessPotion"},{"floor":6,"key":"Block Potion"},{"floor":7,"key":"Fire Potion"},{"floor":8,"key":"Fruit Juice"},{"floor":11,"key":"LiquidMemories"},{"floor":13,"key":"Dexterity Potion"},{"floor":21,"key":"Adrenaline Potion"},{"floor":24,"key":"Dexterity Potion"},{"floor":25,"key":"Swift Potion"},{"floor":29,"key":"EntropicBrew"}],"is_trial":false,"path_per_floor":["M","M","?","M","M","E","M","M","T","$","M","R","M","?","R","B",null,"M","M","$","M","T","R","M","M","T","R","T","E","M"],"character_chosen":"IRONCLAD","items_purchased":["Immolate","MerchantsRug","Flex"],"campfire_rested":2,"item_purchase_floors":[10,20,20],"current_hp_per_floor":[76,81,73,79,66,39,30,29,29,29,17,17,12,93,93,21,74,66,53,53,13,13,39,11,19,19,47,47,10,0,0],"gold":223,"neow_bonus":"TEN_PERCENT_HP_BONUS","is_daily":false,"chose_seed":false,"campfire_upgraded":2,"win_rate":0.0,"timestamp":1614342522,"path_taken":["M","M","?","M","M","E","M","?","T","$","M","R","M","?","R","BOSS","M","M","$","M","?","R","M","M","T","R","?","E","M"],"items_purchased_type":["Card","Relic","Card"],"build_version":"2020-12-22","purchased_purges":0,"victory":false,"max_hp_per_floor":[88,88,88,88,88,88,88,93,93,93,93,93,93,93,93,93,93,93,93,93,93,93,93,93,97,97,97,97,97,97,97],"card_choices":[{"not_picked":["Run Through","Whirlwind"],"picked":"Pommel Strike","floor":1},{"not_picked":["Ghostly Armor","Hemokinesis"],"picked":"Armaments","floor":2},{"not_picked":["Cleave","Hemokinesis"],"picked":"Perfected Strike","floor":4},{"not_picked":["Thunderclap","Sword Boomerang"],"picked":"Clash","floor":5},{"not_picked":["Carnage","Pommel Strike"],"picked":"Armaments","floor":6},{"not_picked":["Headbutt","True Grit"],"picked":"Pommel Strike","floor":7},{"not_picked":["Sword Boomerang","Clothesline"],"picked":"Feed","floor":8},{"not_picked":["Run Through","Twin Strike"],"picked":"Pummel","floor":11},{"not_picked":["Entrench","Headbutt"],"picked":"ReplayReversal","floor":13},{"not_picked":["Eclipse","Fiend Fire"],"picked":"Double Tap","floor":16},{"not_picked":["Twin Strike","Anger"],"picked":"Rampage+1","floor":18},{"not_picked":["Intimidate","Havoc"],"picked":"Evolve+1","floor":19},{"not_picked":["Sever Soul","Perfected Strike"],"picked":"Shrug It Off","floor":21},{"not_picked":["Thunderclap","Hemokinesis+1"],"picked":"Pommel Strike+1","floor":24},{"not_picked":["True Grit","Fiend Fire"],"picked":"Clothesline","floor":25},{"not_picked":["Searing Blow","Feel No Pain+1"],"picked":"Shrug It Off+1","floor":29}],"player_experience":843302,"relics_obtained":[{"floor":6,"key":"Frozen Egg 2"},{"floor":9,"key":"White Beast Statue"},{"floor":22,"key":"Iron Hammer"},{"floor":26,"key":"The Courier"},{"floor":28,"key":"Red Skull"},{"floor":29,"key":"Bag of Preparation"}],"event_choices":[{"damage_healed":0,"gold_gain":75,"player_choice":"Touch","damage_taken":8,"max_hp_gain":0,"max_hp_loss":0,"event_name":"FaceTrader","floor":3,"gold_loss":0},{"cards_removed":["Pummel"],"damage_healed":81,"gold_gain":0,"player_choice":"Offered Uncommon","damage_taken":0,"max_hp_gain":0,"max_hp_loss":0,"event_name":"Bonfire Elementals","floor":14,"gold_loss":0}],"is_beta":false,"boss_relics":[{"not_picked":["Ectoplasm","Tiny House"],"picked":"LagranYue:SoulBurningRelic"}],"items_purged_floors":[],"is_endless":false,"potions_floor_spawned":[4,6,7,8,11,13,16,18,19,21,24,25,29],"killed_by":"Centurion and Healer","ascension_level":10}}