{"host":"xltyy2z8nrfiikj5","time":1614308984,"event":{"mods":["BaseMod","Colored Map","Downfall","Minty Spire (QoL Compilation)","StSLib"],"gold_per_floor":[99,118,118,293,309,309,333,333,365,45,56,56,91,191,203,302,302,302,320,331,342,80,110,110,210,210,210,229,89,89,89,108,208,208,108,118,137,137,154,188,211,288,305,305,323,186,217,227,237,237],"floor_reached":51,"language":"ENG","playtime":7375,"items_purged":["Doubt","Injury","Writhe","downfall:Aged","downfall:Icky"],"score":874,"play_id":"83642ff6-ba34-4512-995c-85ffadf9dd03","local_time":"20210225220944","is_ascension_mode":true,"campfire_choices":[{"data":"Slimebound:Split","floor":1.0,"key":"SMITH"},{"data":"Slimebound:Equalize","floor":6.0,"key":"SMITH"},{"data":"expansioncontent:StudyTheSpire","floor":12.0,"key":"SMITH"},{"data":"Slimebound:CorrosiveSpit","floor":18.0,"key":"SMITH"},{"data":"Slimebound:LeadByExample","floor":26.0,"key":"SMITH"},{"data":"Slimebound:Repurpose","floor":30.0,"key":"SMITH"},{"data":"Slimebound:OozeBath","floor":35.0,"key":"SMITH"},{"floor":44.0,"key":"RECALL"}],"circlet_count":0,"master_deck":["Slimebound:Defend_Slimebound","Slimebound:Defend_Slimebound","Slimebound:Defend_Slimebound","Slimebound:Defend_Slimebound","Slimebound:Split+1","Slimebound:CorrosiveSpit+1","Slimebound:Equalize+1","Slimebound:MegaLick","Slimebound:LevelUp","Slimebound:Prepare","Slimebound:LeadByExample+1","expansioncontent:StudyTheSpire+1","Slimebound:FlameTackle","Slimebound:Split","Slimebound:SplitAcid","Slimebound:Repurpose+1","Slimebound:Teamwork","Swift Strike","Slimebound:Gluttony","Slimebound:MassFeed","Slimebound:SlimeTap","Slimebound:Prepare+1","Slimebound:RejuvenatingLick+1","Slimebound:LivingWall+1","Slimebound:RallyTheTroops","Slimebound:Nibble+1","Slimebound:Tackle+1","Slimebound:Tackle+1","Slimebound:Tackle+1","Slimebound:OozeBath+1","Slimebound:SplitLeeching+1","Slimebound:AcidTongue+1","Slimebound:SlimeBrawl+1","Slimebound:GoopSpray+1","Slimebound:SpikyOuterGoop","Slimebound:LivingWall+1","Slimebound:FormOfPuddle+1","Slimebound:GoopSpray+1","Slimebound:Gluttony+1"],"relics":["Slimebound:AbsorbEndCombatUpgraded","downfall:ShatteredFragment","Anchor","Ice Cream","Vajra","Calipers","downfall:GremlinSack","Omamori","PreservedInsect","downfall:ExtraCursedKey","sneckomod:BabySnecko","Empty Cage","downfall:HeartBlessingBlue","Nunchaku","Potion Belt","Membership Card","Kunai"],"acts_visited":["Exordium","TheCity","TheBeyond"],"potions_floor_usage":[46,47,48,48,49,50],"damage_taken":[{"damage":2.0,"enemies":"Small Slimes","floor":2.0,"turns":4.0},{"damage":1.0,"enemies":"Jaw Worm","floor":5.0,"turns":4.0},{"damage":34.0,"enemies":"3 Sentries","floor":9.0,"turns":10.0},{"damage":0.0,"enemies":"downfall:FleeingMerchant","floor":10.0,"turns":4.0},{"damage":1.0,"enemies":"Cultist","floor":11.0,"turns":4.0},{"damage":5.0,"enemies":"Lagavulin","floor":13.0,"turns":5.0},{"damage":14.0,"enemies":"Lagavulin","floor":14.0,"turns":4.0},{"damage":0.0,"enemies":"Large Slime","floor":15.0,"turns":5.0},{"damage":53.0,"enemies":"DF_ARCHETYPE_STREAMLINE","floor":16.0,"turns":7.0},{"damage":25.0,"enemies":"downfall:LooterAlt2","floor":19.0,"turns":6.0},{"damage":27.0,"enemies":"Shell Parasite","floor":20.0,"turns":4.0},{"damage":8.0,"enemies":"Snecko","floor":21.0,"turns":5.0},{"damage":3.0,"enemies":"downfall:FleeingMerchant","floor":22.0,"turns":4.0},{"damage":18.0,"enemies":"Book of Stabbing","floor":23.0,"turns":4.0},{"damage":12.0,"enemies":"Centurion and Healer","floor":28.0,"turns":4.0},{"damage":20.0,"enemies":"downfall:FleeingMerchant","floor":29.0,"turns":4.0},{"damage":5.0,"enemies":"Chosen and Byrds","floor":32.0,"turns":5.0},{"damage":12.0,"enemies":"IC_MUSHROOM_ARCHETYPE","floor":33.0,"turns":5.0},{"damage":0.0,"enemies":"Orb Walker","floor":36.0,"turns":3.0},{"damage":5.0,"enemies":"3 Shapes","floor":37.0,"turns":4.0},{"damage":19.0,"enemies":"Writhing Mass","floor":39.0,"turns":4.0},{"damage":35.0,"enemies":"Nemesis","floor":40.0,"turns":5.0},{"damage":0.0,"enemies":"downfall:FleeingMerchant","floor":42.0,"turns":1.0},{"damage":5.0,"enemies":"Transient","floor":43.0,"turns":5.0},{"damage":28.0,"enemies":"Sphere and 2 Shapes","floor":45.0,"turns":4.0},{"damage":59,"enemies":"Reptomancer","floor":47,"turns":5},{"damage":23,"enemies":"Spire Growth","floor":48,"turns":5},{"damage":6,"enemies":"Jaw Worm Horde","floor":49,"turns":2},{"damage":28,"enemies":"SI_POISON_ARCHETYPE","floor":50,"turns":8}],"seed_played":"-1989437168240845195","potions_obtained":[{"floor":5.0,"key":"SpeedPotion"},{"floor":11.0,"key":"SkillPotion"},{"floor":13.0,"key":"SkillPotion"},{"floor":16.0,"key":"FearPotion"},{"floor":23.0,"key":"Slimebound:SlimedPotion"},{"floor":28.0,"key":"EntropicBrew"},{"floor":32.0,"key":"LiquidMemories"},{"floor":45.0,"key":"EntropicBrew"},{"floor":48,"key":"DistilledChaos"},{"floor":49,"key":"sneckomod:MuddlingPotion"}],"is_trial":false,"path_per_floor":["R","M","?","?","M","R","T","?","E","$","M","R","E","?","M","B",null,"R","M","M","M","$","E","T","?","R","?","M","$","R","?","M","B",null,"R","M","M","?","M","E","T","$","M","R","M","?","E","M","M","B",null],"character_chosen":"SLIMEBOUND","items_purchased":["Slimebound:LeadByExample","expansioncontent:StudyTheSpire","Omamori","Membership Card","Slimebound:SpikyOuterGoop","Fruit Juice"],"campfire_rested":0,"item_purchase_floors":[10,10,22,42,42,46],"current_hp_per_floor":[77,77,59,59,70,70,70,58,44,62,71,71,77,63,67,28,77,77,70,53,51,74,73,73,73,73,73,76,66,66,66,67,65,77,87,90,93,93,77,61,61,64,86,86,67,72,34,38,44,31],"gold":237,"neow_bonus":"TWENTY_PERCENT_HP_BONUS","is_daily":false,"chose_seed":false,"campfire_upgraded":7,"win_rate":0.0,"timestamp":1614308984,"path_taken":["R","M","?","?","M","R","T","?","E","$","M","R","E","?","M","BOSS","R","M","M","M","$","E","T","?","R","?","M","$","R","?","M","BOSS","R","M","M","?","M","E","T","$","M","R","?","?","E","M","M","BOSS"],"items_purchased_type":["Card","Card","Relic","Relic","Card","Potion"],"build_version":"2020-12-22","purchased_purges":5,"victory":true,"max_hp_per_floor":[77,77,77,77,77,77,77,77,77,77,77,77,77,77,77,77,77,77,77,77,77,77,77,77,77,77,77,77,77,77,77,77,77,77,87,90,93,93,93,93,93,96,96,96,99,104,104,107,107,107],"card_choices":[{"not_picked":["Slimebound:Replication","Slimebound:LeechEnergy"],"picked":"Slimebound:Equalize","floor":2.0},{"not_picked":["Slimebound:LeechingTouch","Slimebound:SplitAcid"],"picked":"Slimebound:MegaLick","floor":5.0},{"not_picked":["Slimebound:Schlurp","Slimebound:Chomp"],"picked":"Slimebound:LevelUp","floor":9.0},{"not_picked":["Slimebound:SamplingLick","Slimebound:RollThrough"],"picked":"Slimebound:Prepare","floor":10.0},{"not_picked":["Slimebound:PressTheAttack","Slimebound:SplitBruiser","Slimebound:HauntingLick"],"picked":"SKIP","floor":11.0},{"not_picked":["Slimebound:SlimeBrawl","Slimebound:GoopSpray"],"picked":"Slimebound:FlameTackle","floor":13.0},{"not_picked":["Slimebound:Prepare","Slimebound:DivideAndConquer"],"picked":"Slimebound:Gluttony","floor":14.0},{"not_picked":["Slimebound:Prepare","Slimebound:SelfFormingGoo","Slimebound:SplitMire"],"picked":"SKIP","floor":15.0},{"not_picked":["Slimebound:CheckThePlaybook","Slimebound:Overexert"],"picked":"Slimebound:MassFeed","floor":16.0},{"not_picked":["Slimebound:Schlurp","Slimebound:ProtectTheBoss"],"picked":"Slimebound:SlimeTap","floor":19.0},{"not_picked":["Slimebound:Dissolve","Slimebound:PressTheAttack"],"picked":"Slimebound:Prepare+1","floor":20.0},{"not_picked":["Slimebound:SplitLeeching","Slimebound:FinishingTackle"],"picked":"Slimebound:RejuvenatingLick+1","floor":21.0},{"not_picked":["Slimebound:FinishingTackle","Slimebound:ForwardTackle","Slimebound:Grow"],"picked":"SKIP","floor":22.0},{"not_picked":["Slimebound:LevelUp","Slimebound:SplitLeeching"],"picked":"Slimebound:LivingWall+1","floor":23.0},{"not_picked":["Slimebound:FinishingTackle","Slimebound:LeechingTouch"],"picked":"Slimebound:Nibble","floor":28.0},{"not_picked":["Slimebound:ItLooksTasty","Slimebound:RainOfGoop","Slimebound:RollThrough+1"],"picked":"SKIP","floor":29.0},{"not_picked":["Slimebound:GoopSpray","Slimebound:LivingWall","Slimebound:RejuvenatingLick"],"picked":"SKIP","floor":32.0},{"not_picked":["Slimebound:Teamwork","Slimebound:PrepareCrush"],"picked":"Slimebound:OozeBath","floor":33.0},{"not_picked":["Slimebound:Prepare","Slimebound:RollThrough"],"picked":"Slimebound:SplitLeeching+1","floor":36.0},{"not_picked":["Slimebound:GoopSpray+1","Slimebound:Replication"],"picked":"Slimebound:AcidTongue+1","floor":37.0},{"not_picked":["Slimebound:SamplingLick","Slimebound:Equalize","Slimebound:LeechingTouch"],"picked":"SKIP","floor":39.0},{"not_picked":["Slimebound:LeechEnergy","Slimebound:ViciousTackle"],"picked":"Slimebound:SlimeBrawl+1","floor":40.0},{"not_picked":["Slimebound:MassFeed","Slimebound:LeechEnergy"],"picked":"Slimebound:GoopSpray+1","floor":42.0},{"not_picked":["Slimebound:SplitBruiser+1","Slimebound:ItLooksTasty"],"picked":"Slimebound:LivingWall+1","floor":43.0},{"not_picked":["Slimebound:OozeBath","Slimebound:SplitLeeching+1"],"picked":"Slimebound:FormOfPuddle+1","floor":45.0},{"not_picked":["Slimebound:DivideAndConquer","Slimebound:LeechingTouch+1"],"picked":"Slimebound:GoopSpray+1","floor":47},{"not_picked":["Slimebound:SplitLeeching+1","Slimebound:FirmFortitude","Slimebound:SplitBruiser"],"picked":"SKIP","floor":48},{"not_picked":["Slimebound:SlimeSpikes","Slimebound:SamplingLick+1"],"picked":"Slimebound:Gluttony+1","floor":49}],"player_experience":1563296,"relics_obtained":[{"floor":7.0,"key":"Anchor"},{"floor":9.0,"key":"Vajra"},{"floor":13.0,"key":"Calipers"},{"floor":14.0,"key":"downfall:GremlinSack"},{"floor":23.0,"key":"PreservedInsect"},{"floor":40.0,"key":"Nunchaku"},{"floor":41.0,"key":"Potion Belt"},{"floor":47,"key":"Kunai"}],"event_choices":[{"damage_healed":0.0,"max_hp_gain":0.0,"max_hp_loss":0.0,"gold_gain":0.0,"event_name":"Scrap Ooze","player_choice":"Success","floor":8.0,"gold_loss":0.0,"damage_taken":12.0,"relics_obtained":["Ice Cream"]},{"damage_healed":0.0,"max_hp_gain":0.0,"max_hp_loss":0.0,"gold_gain":0.0,"event_name":"Accursed Blacksmith","player_choice":"Forge","floor":38.0,"gold_loss":0.0,"damage_taken":0.0,"cards_upgraded":["Slimebound:Nibble"]}],"is_beta":false,"boss_relics":[{"not_picked":["Philosopher\u0027s Stone","bronze:MakeshiftBattery"],"picked":"Slimebound:AbsorbEndCombatUpgraded"},{"not_picked":["SlaversCollar","Sozu"],"picked":"Empty Cage"}],"items_purged_floors":[10,22,29,42,46],"is_endless":false,"potions_floor_spawned":[5,11,13,16,23,28,32,33,39,45,48,49],"ascension_level":1}}