{"host":"lktusdb9orijgc6z","time":1614302729,"event":{"mods":["BaseMod","Bestiary","Colored Map","Colored Powertips","Filter the Spire","Minty Spire (QoL Compilation)","Permanent Neow","Quick Restart","Relic Stats","StSLib","everything is the same but u backflip on backflip","slay the spire mod where everything is the same but ironclad has a cowboy hat"],"gold_per_floor":[113,132,142,153,0,0,0,15,42,42,42,74,74,74,74,177,177,197,123,123,123,123,156,156,156,156],"floor_reached":25,"language":"ENG","playtime":629,"items_purged":[],"score":315,"play_id":"ed133591-a933-4bac-bd33-b9cdc0928b42","local_time":"20210226022529","is_ascension_mode":true,"campfire_choices":[{"floor":6.0,"key":"REST"},{"data":"Eruption","floor":13.0,"key":"SMITH"},{"data":"MentalFortress","floor":15.0,"key":"SMITH"}],"circlet_count":0,"master_deck":["Eruption+1","Vigilance","ClearTheMind","FlurryOfBlows","FollowUp","InnerPeace","MentalFortress+1","FearNoEvil","Fasting2+1","CrushJoints","Alpha","Crescendo+1","EmptyFist","BowlingBash","SashWhip+1","Decay"],"relics":["Pandora\u0027s Box","Nunchaku","Art of War","Centennial Puzzle","Juzu Bracelet","Fusion Hammer","Lantern","Du-Vu Doll"],"acts_visited":["Exordium","TheCity"],"potions_floor_usage":[],"damage_taken":[{"damage":35.0,"enemies":"Jaw Worm","floor":1.0,"turns":8.0},{"damage":14.0,"enemies":"Small Slimes","floor":2.0,"turns":6.0},{"damage":0.0,"enemies":"2 Louse","floor":3.0,"turns":2.0},{"damage":0.0,"enemies":"Exordium Wildlife","floor":4.0,"turns":2.0},{"damage":11.0,"enemies":"Looter","floor":8.0,"turns":2.0},{"damage":0.0,"enemies":"Gremlin Nob","floor":12.0,"turns":2.0},{"damage":4.0,"enemies":"The Guardian","floor":16.0,"turns":8.0},{"damage":15.0,"enemies":"Shell Parasite","floor":18.0,"turns":3.0},{"damage":35.0,"enemies":"Book of Stabbing","floor":23.0,"turns":4.0},{"damage":13,"enemies":"Slavers","floor":25,"turns":1}],"seed_played":"-6320044313946518831","potions_obtained":[{"floor":2.0,"key":"Regen Potion"},{"floor":3.0,"key":"Weak Potion"},{"floor":4.0,"key":"FearPotion"},{"floor":12.0,"key":"Dexterity Potion"}],"is_trial":false,"path_per_floor":["M","M","M","M","$","R","?","M","T","?","?","E","R","?","R","B",null,"M","$","?","?","?","E","?","E"],"character_chosen":"WATCHER","items_purchased":["MentalFortress","FearNoEvil","EmptyFist","BowlingBash"],"campfire_rested":1,"item_purchase_floors":[5,5,19,19],"current_hp_per_floor":[30,16,16,16,16,37,34,23,23,23,23,23,23,23,23,34,63,48,48,48,48,48,13,13,0,0],"gold":156,"neow_bonus":"BOSS_RELIC","is_daily":false,"chose_seed":false,"campfire_upgraded":2,"win_rate":0.0,"timestamp":1614302729,"path_taken":["M","M","M","M","$","R","?","M","T","?","?","E","R","?","R","BOSS","M","$","?","?","?","E","?","E"],"items_purchased_type":["Card","Card","Card","Card"],"build_version":"2020-12-22","purchased_purges":0,"victory":false,"max_hp_per_floor":[72,72,72,72,72,72,72,72,72,72,72,72,72,72,72,72,72,72,72,72,72,72,72,72,72,72],"relic_stats":{"Nunchaku":[4],"Centennial Puzzle":[9],"counters":[10,38],"Pandora\u0027s Box":["Ragnarok","EmptyFist","BattleHymn","Perseverance","Judgement","BowlingBash","Worship","Conclude"],"Art of War":[6],"Juzu Bracelet":0,"obtain_stats":[{"Du-Vu Doll":23,"Nunchaku":7,"Centennial Puzzle":10,"Lantern":20,"Pandora\u0027s Box":0,"Fusion Hammer":17,"Art of War":9,"Juzu Bracelet":12,"PureWater":0},{"Du-Vu Doll":9,"Nunchaku":4,"Centennial Puzzle":5,"Lantern":8,"Pandora\u0027s Box":0,"Fusion Hammer":7,"Art of War":5,"Juzu Bracelet":6,"PureWater":0},{"Du-Vu Doll":37,"Nunchaku":18,"Centennial Puzzle":20,"Lantern":33,"Pandora\u0027s Box":0,"Fusion Hammer":30,"Art of War":20,"Juzu Bracelet":22,"PureWater":0}]},"card_choices":[{"not_picked":["Consecrate","Evaluate"],"picked":"ClearTheMind","floor":1.0},{"not_picked":["EmptyBody","InnerPeace"],"picked":"FlurryOfBlows","floor":2.0},{"not_picked":["Wireheading","Protect"],"picked":"FollowUp","floor":3.0},{"not_picked":["SandsOfTime","Collect"],"picked":"InnerPeace","floor":4.0},{"not_picked":["ClearTheMind","PathToVictory"],"picked":"Fasting2","floor":8.0},{"not_picked":["BowlingBash","WindmillStrike"],"picked":"CrushJoints","floor":12.0},{"not_picked":["Omniscience","Brilliance"],"picked":"Alpha","floor":16.0},{"not_picked":["EmptyMind","Protect"],"picked":"Crescendo+1","floor":18.0},{"not_picked":["Fasting2","Conclude"],"picked":"SashWhip+1","floor":23.0}],"player_experience":814724,"relics_obtained":[{"floor":9.0,"key":"Art of War"},{"floor":12.0,"key":"Juzu Bracelet"},{"floor":23.0,"key":"Du-Vu Doll"}],"event_choices":[{"damage_healed":0.0,"max_hp_gain":0.0,"max_hp_loss":0.0,"gold_gain":0.0,"event_name":"Scrap Ooze","player_choice":"Success","floor":7.0,"gold_loss":0.0,"damage_taken":3.0,"relics_obtained":["Nunchaku"]},{"damage_healed":0.0,"max_hp_gain":0.0,"max_hp_loss":0.0,"gold_gain":0.0,"event_name":"Dead Adventurer","player_choice":"Searched \u00271\u0027 times","floor":10.0,"gold_loss":0.0,"damage_taken":0.0,"relics_obtained":["Centennial Puzzle"]},{"damage_healed":0.0,"max_hp_gain":0.0,"max_hp_loss":0.0,"gold_gain":0.0,"event_name":"Liars Game","player_choice":"Ignored","floor":11.0,"gold_loss":0.0,"damage_taken":0.0},{"damage_healed":0.0,"max_hp_gain":0.0,"max_hp_loss":0.0,"gold_gain":0.0,"event_name":"Living Wall","player_choice":"Grow","floor":14.0,"gold_loss":0.0,"damage_taken":0.0,"cards_upgraded":["Fasting2"]},{"damage_healed":0.0,"max_hp_gain":0.0,"max_hp_loss":0.0,"gold_gain":0.0,"event_name":"The Mausoleum","player_choice":"Opened","floor":20.0,"gold_loss":0.0,"damage_taken":0.0,"relics_obtained":["Lantern"]},{"damage_healed":0.0,"max_hp_gain":0.0,"max_hp_loss":0.0,"gold_gain":0.0,"event_name":"Vampires","player_choice":"Ignored","floor":21.0,"gold_loss":0.0,"damage_taken":0.0},{"damage_healed":0.0,"max_hp_gain":0.0,"max_hp_loss":0.0,"gold_gain":0.0,"event_name":"Beggar","player_choice":"Ignored","floor":22.0,"gold_loss":0.0,"damage_taken":0.0},{"damage_healed":0.0,"max_hp_gain":0.0,"max_hp_loss":0.0,"gold_gain":0.0,"event_name":"Forgotten Altar","player_choice":"Smashed Altar","floor":24.0,"gold_loss":0.0,"damage_taken":0.0,"cards_obtained":["Decay"]}],"is_beta":false,"boss_relics":[{"not_picked":["Black Star","Velvet Choker"],"picked":"Fusion Hammer"}],"items_purged_floors":[],"is_endless":false,"potions_floor_spawned":[2,3,4,12],"killed_by":"Slavers","ascension_level":6}}