{"host":"dhv3u8yhd2rnugsp","time":1614383852,"event":{"mods":["BaseMod","Block Reminder","Colored Map","Googly Eyes","Highlight Path","Minty Spire (QoL Compilation)","Permanent Neow","Quick Restart","Random Character Button","StSLib"],"gold_per_floor":[17,17,17,40,40,74,74,118,118,159,183,183,204,217,217,307,307,323,348,263,282,300,300,300,300],"floor_reached":24,"language":"ENG","playtime":828,"items_purged":[],"score":436,"play_id":"5f92cf85-cec7-443a-8f78-03d6b97163fd","local_time":"20210226175732","is_ascension_mode":true,"campfire_choices":[{"data":"Defragment","floor":7,"key":"SMITH"},{"floor":15,"key":"REST"},{"floor":23,"key":"REST"}],"circlet_count":0,"master_deck":["AscendersBane","Strike_B","Strike_B","Strike_B","Strike_B","Defend_B","Defend_B","Defend_B","Defend_B","Zap","Dualcast","Electrodynamics","Coolheaded","Defragment+1","Cold Snap","Rainbow","Loop","Ball Lightning+1","Steam","Lockon+1","White Noise","Biased Cognition","White Noise+1","Turbo","Go for the Eyes+1","Core Surge+1","Defragment"],"relics":["Cracked Core","Golden Idol","StrikeDummy","Gremlin Horn","Prayer Wheel","Molten Egg 2","Cables","Inserter","Vajra"],"acts_visited":["Exordium","TheCity"],"potions_floor_usage":[8,10,19,21,22],"damage_taken":[{"damage":8,"enemies":"2 Louse","floor":1,"turns":2},{"damage":5,"enemies":"Jaw Worm","floor":4,"turns":3},{"damage":18,"enemies":"3 Sentries","floor":6,"turns":4},{"damage":6,"enemies":"Gremlin Nob","floor":8,"turns":3},{"damage":8,"enemies":"Lagavulin","floor":10,"turns":7},{"damage":0,"enemies":"Cultist","floor":11,"turns":3},{"damage":12,"enemies":"3 Louse","floor":13,"turns":3},{"damage":0,"enemies":"Large Slime","floor":14,"turns":3},{"damage":22,"enemies":"The Guardian","floor":16,"turns":8},{"damage":23,"enemies":"Shell Parasite","floor":18,"turns":4},{"damage":0,"enemies":"Chosen","floor":19,"turns":3},{"damage":8,"enemies":"3 Cultists","floor":21,"turns":3},{"damage":9,"enemies":"Cultist and Chosen","floor":22,"turns":5},{"damage":29,"enemies":"Sentry and Sphere","floor":24,"turns":3}],"seed_played":"-5395299472636668998","potions_obtained":[{"floor":1,"key":"FearPotion"},{"floor":6,"key":"Explosive Potion"},{"floor":8,"key":"DuplicationPotion"},{"floor":16,"key":"Energy Potion"},{"floor":19,"key":"DistilledChaos"},{"floor":21,"key":"PowerPotion"}],"is_trial":false,"path_per_floor":["M","?","?","M","$","E","R","E","T","E","M","?","M","M","R","B",null,"M","M","?","M","M","R","M"],"character_chosen":"DEFECT","items_purchased":[],"campfire_rested":2,"item_purchase_floors":[],"current_hp_per_floor":[56,56,56,51,51,33,33,27,27,19,19,19,7,7,26,4,49,26,26,26,18,9,28,0,0],"gold":300,"neow_bonus":"THREE_RARE_CARDS","is_daily":false,"chose_seed":false,"campfire_upgraded":1,"win_rate":0.0,"timestamp":1614383852,"path_taken":["M","?","?","M","$","E","R","E","T","E","?","?","M","M","R","BOSS","M","M","?","M","M","R","M"],"items_purchased_type":[],"build_version":"2020-12-22","purchased_purges":0,"victory":false,"max_hp_per_floor":[71,64,64,64,64,64,64,64,64,64,64,64,64,64,64,64,64,64,64,64,64,64,64,64,64],"card_choices":[{"not_picked":["Biased Cognition","Machine Learning"],"picked":"Electrodynamics","floor":0},{"not_picked":["Steam","Sweeping Beam"],"picked":"Coolheaded","floor":1},{"not_picked":["Gash","Barrage"],"picked":"Defragment","floor":4},{"not_picked":["Go for the Eyes","Redo"],"picked":"Cold Snap","floor":6},{"not_picked":["Redo","Turbo"],"picked":"Rainbow","floor":8},{"not_picked":["Rebound+1","Heatsinks"],"picked":"Loop","floor":10},{"not_picked":["FTL+1","Turbo"],"picked":"Ball Lightning+1","floor":11},{"not_picked":["Barrage+1","Blizzard+1"],"picked":"Steam","floor":11},{"not_picked":["Sunder+1","Rebound+1"],"picked":"Lockon+1","floor":13},{"not_picked":["Fusion","Coolheaded","Double Energy"],"picked":"SKIP","floor":13},{"not_picked":["Double Energy","Genetic Algorithm"],"picked":"White Noise","floor":14},{"not_picked":["Hyperbeam+1","Redo","Hologram"],"picked":"SKIP","floor":14},{"not_picked":["Rainbow","Reboot"],"picked":"Biased Cognition","floor":16},{"not_picked":["Double Energy","Compile Driver+1"],"picked":"White Noise+1","floor":18},{"not_picked":["Beam Cell+1","Redo"],"picked":"Turbo","floor":18},{"not_picked":["Gash+1","Redo"],"picked":"Go for the Eyes+1","floor":19},{"not_picked":["Stack","Capacitor"],"picked":"Core Surge+1","floor":19},{"not_picked":["Hello World","Sweeping Beam+1"],"picked":"Defragment","floor":21},{"not_picked":["Go for the Eyes+1","Storm","Sweeping Beam+1"],"picked":"SKIP","floor":21},{"not_picked":["Recycle","Ball Lightning+1","Turbo"],"picked":"SKIP","floor":22},{"not_picked":["Lockon+1","Tempest","Leap"],"picked":"SKIP","floor":22}],"player_experience":1722255,"relics_obtained":[{"floor":6,"key":"Gremlin Horn"},{"floor":8,"key":"Prayer Wheel"},{"floor":9,"key":"Molten Egg 2"},{"floor":10,"key":"Cables"}],"event_choices":[{"damage_healed":0,"gold_gain":0,"player_choice":"Lose Max HP","damage_taken":0,"relics_obtained":["Golden Idol"],"max_hp_gain":0,"max_hp_loss":7,"event_name":"Golden Idol","floor":2,"gold_loss":0},{"damage_healed":0,"gold_gain":0,"player_choice":"Gave Potion","damage_taken":0,"relics_obtained":["StrikeDummy"],"max_hp_gain":0,"max_hp_loss":0,"event_name":"WeMeetAgain","floor":3,"gold_loss":0},{"damage_healed":0,"gold_gain":0,"player_choice":"Ignored","damage_taken":0,"max_hp_gain":0,"max_hp_loss":0,"event_name":"Shining Light","floor":12,"gold_loss":0},{"damage_healed":0,"gold_gain":0,"player_choice":"Obtained Relic","damage_taken":0,"relics_obtained":["Vajra"],"max_hp_gain":0,"max_hp_loss":0,"event_name":"Addict","floor":20,"gold_loss":85}],"is_beta":false,"boss_relics":[{"not_picked":["Coffee Dripper","FrozenCore"],"picked":"Inserter"}],"items_purged_floors":[],"is_endless":false,"potions_floor_spawned":[1,6,8,16,19,21],"killed_by":"Sentry and Sphere","ascension_level":20}}