{"host":"nuu0xlk1bpqu5s2n","time":1614301035,"event":{"mods":["AchievementEnabler","BaseMod","Minty Spire (QoL Compilation)","StSLib"],"gold_per_floor":[110,125,125,139,159,159,185,150,197,197,197,225,225,251,251,324,324,342,342,359,634,3,3,30,30,30,30,48,67,85,113,113,113,113],"floor_reached":33,"language":"ENG","playtime":1748,"items_purged":["Regret"],"score":606,"play_id":"4629c479-7413-4197-9d4b-cfe724570a71","local_time":"20210226025715","is_ascension_mode":true,"campfire_choices":[{"floor":6,"key":"REST"},{"data":"Blade Dance","floor":11,"key":"SMITH"},{"floor":13,"key":"REST"},{"data":"Cloak And Dagger","floor":15,"key":"SMITH"},{"data":"Burst","floor":23,"key":"SMITH"},{"data":"Terror","floor":25,"key":"SMITH"},{"data":"Backstab","floor":27,"key":"SMITH"},{"data":"Neutralize","floor":32,"key":"SMITH"}],"circlet_count":0,"master_deck":["AscendersBane","Strike_G","Strike_G","Strike_G","Strike_G","Defend_G","Defend_G","Defend_G","Defend_G","Survivor","Neutralize+1","Concentrate","Flechettes","Terror+1","Dagger Throw","Endless Agony","Blade Dance+1","Backflip","Predator","Cloak And Dagger+1","Burst+1","CurseOfTheBell","Blade Dance+1","Corpse Explosion+1","Prepared+1","Malaise+1","Backstab+1","Backflip+1","Acrobatics+1","Tactician+1","PiercingWail+1"],"relics":["Ring of the Snake","FaceOfCleric","Ornamental Fan","Lantern","Smiling Mask","Vajra","Calling Bell","Potion Belt","Toxic Egg 2","Turnip","Anchor","ClockworkSouvenir","Oddly Smooth Stone","Ancient Tea Set","Bag of Marbles"],"acts_visited":["Exordium","TheCity"],"potions_floor_usage":[7,7,24,31,33,33],"damage_taken":[{"damage":13,"enemies":"2 Louse","floor":1,"turns":4},{"damage":0,"enemies":"Cultist","floor":2,"turns":3},{"damage":7,"enemies":"Small Slimes","floor":4,"turns":3},{"damage":18,"enemies":"Exordium Wildlife","floor":5,"turns":6},{"damage":21,"enemies":"3 Sentries","floor":7,"turns":10},{"damage":6,"enemies":"Lagavulin","floor":12,"turns":6},{"damage":4,"enemies":"3 Sentries","floor":14,"turns":8},{"damage":11,"enemies":"Hexaghost","floor":16,"turns":7},{"damage":3,"enemies":"Chosen","floor":18,"turns":3},{"damage":0,"enemies":"3 Byrds","floor":20,"turns":3},{"damage":8,"enemies":"Slavers","floor":24,"turns":6},{"damage":0,"enemies":"Snecko","floor":28,"turns":2},{"damage":0,"enemies":"Snake Plant","floor":29,"turns":2},{"damage":0,"enemies":"3 Cultists","floor":30,"turns":4},{"damage":9,"enemies":"Book of Stabbing","floor":31,"turns":3},{"damage":71,"enemies":"Champ","floor":33,"turns":10}],"seed_played":"1233807973162256377","potions_obtained":[{"floor":1,"key":"BlessingOfTheForge"},{"floor":5,"key":"SkillPotion"},{"floor":7,"key":"LiquidMemories"},{"floor":20,"key":"FearPotion"},{"floor":24,"key":"SteroidPotion"},{"floor":28,"key":"DuplicationPotion"},{"floor":29,"key":"Dexterity Potion"},{"floor":30,"key":"Fire Potion"}],"is_trial":false,"path_per_floor":["M","M","?","M","M","R","E","?","T","?","R","E","R","E","R","B",null,"M","?","M","?","$","R","E","R","T","R","M","M","M","E","R","B"],"character_chosen":"THE_SILENT","items_purchased":["Anchor","Malaise+1","ClockworkSouvenir","Oddly Smooth Stone"],"campfire_rested":2,"item_purchase_floors":[22,22,22,22],"current_hp_per_floor":[46,46,46,40,23,41,21,36,36,36,36,31,50,47,47,37,59,57,57,58,58,58,58,51,51,51,51,52,53,54,46,46,0,0],"gold":113,"neow_bonus":"TRANSFORM_TWO_CARDS","is_daily":false,"chose_seed":false,"campfire_upgraded":6,"win_rate":0.0,"timestamp":1614301035,"path_taken":["M","M","?","?","M","R","E","?","T","?","R","E","R","E","R","BOSS","M","?","M","?","$","R","E","R","T","R","M","?","M","E","R","BOSS"],"items_purchased_type":["Relic","Card","Relic","Relic"],"build_version":"2020-12-22","purchased_purges":1,"victory":false,"max_hp_per_floor":[60,60,60,61,62,62,63,63,63,63,63,64,64,65,65,66,66,67,67,68,68,68,68,69,69,69,69,70,71,72,73,73,73,73],"card_choices":[{"not_picked":["Poisoned Stab","Deadly Poison"],"picked":"Terror","floor":1},{"not_picked":["Prepared","Quick Slash"],"picked":"Dagger Throw","floor":2},{"not_picked":["PiercingWail","Prepared"],"picked":"Endless Agony","floor":4},{"not_picked":["Dodge and Roll","Caltrops"],"picked":"Blade Dance","floor":5},{"not_picked":["Acrobatics","Heel Hook"],"picked":"Backflip","floor":7},{"not_picked":["Backflip","Flying Knee"],"picked":"Predator","floor":12},{"not_picked":["Flying Knee","Bullet Time"],"picked":"Cloak And Dagger","floor":14},{"not_picked":["Doppelganger","Night Terror"],"picked":"Burst","floor":16},{"not_picked":["Backflip+1","Bane"],"picked":"Blade Dance+1","floor":18},{"not_picked":["Caltrops","Poisoned Stab"],"picked":"Prepared+1","floor":20},{"not_picked":["Quick Slash","Distraction+1"],"picked":"Backstab","floor":24},{"not_picked":["Dagger Throw+1","Bane"],"picked":"Backflip+1","floor":28},{"not_picked":["Tools of the Trade","All Out Attack"],"picked":"Acrobatics+1","floor":29},{"not_picked":["Flying Knee","Blur+1"],"picked":"Tactician+1","floor":30},{"not_picked":["Dash","Dagger Spray"],"picked":"PiercingWail+1","floor":31}],"player_experience":580435,"relics_obtained":[{"floor":7,"key":"Ornamental Fan"},{"floor":9,"key":"Lantern"},{"floor":12,"key":"Smiling Mask"},{"floor":14,"key":"Vajra"},{"floor":17,"key":"Potion Belt"},{"floor":17,"key":"Toxic Egg 2"},{"floor":17,"key":"Turnip"},{"floor":24,"key":"Ancient Tea Set"},{"floor":31,"key":"Bag of Marbles"}],"event_choices":[{"damage_healed":0,"gold_gain":0,"player_choice":"Trade","damage_taken":0,"relics_obtained":["FaceOfCleric"],"max_hp_gain":0,"max_hp_loss":0,"event_name":"FaceTrader","floor":3,"gold_loss":0},{"damage_healed":15,"gold_gain":0,"player_choice":"Healed","damage_taken":0,"max_hp_gain":0,"max_hp_loss":0,"event_name":"The Cleric","floor":8,"gold_loss":35},{"damage_healed":0,"gold_gain":0,"player_choice":"Ignored","damage_taken":0,"max_hp_gain":0,"max_hp_loss":0,"event_name":"Golden Wing","floor":10,"gold_loss":0},{"damage_healed":0,"gold_gain":0,"player_choice":"Read","damage_taken":0,"max_hp_gain":0,"max_hp_loss":0,"event_name":"The Library","floor":19,"gold_loss":0,"cards_obtained":["Corpse Explosion"]},{"damage_healed":0,"gold_gain":275,"player_choice":"Desecrate","damage_taken":0,"max_hp_gain":0,"max_hp_loss":0,"event_name":"Golden Shrine","floor":21,"gold_loss":0,"cards_obtained":["Regret"]}],"is_beta":false,"boss_relics":[{"not_picked":["Busted Crown","Ring of the Serpent"],"picked":"Calling Bell"}],"items_purged_floors":[22],"is_endless":false,"potions_floor_spawned":[1,5,7,20,24,28,29,30],"killed_by":"Champ","ascension_level":20}}