{"host":"n43wxkei7kulhi8o","time":1614361134,"event":{"mods":["BaseMod","Bestiary","Block Reminder","Colored Map","Colored Powertips","Curses Come First","Custom Start","Dark Map","Highlight Path","Minty Spire (QoL Compilation)","Relic Stats","StSLib"],"gold_per_floor":[115,115,115,130,95,95,110,126,172,172,195,195,214,289,289,289,289],"floor_reached":16,"language":"ENG","playtime":564,"items_purged":[],"score":92,"play_id":"798bc5b6-0b17-4784-859d-2f31c11f8e89","local_time":"20210226123854","is_ascension_mode":false,"campfire_choices":[{"data":"Neutralize","floor":6,"key":"SMITH"},{"floor":12,"key":"REST"},{"data":"Cloak And Dagger","floor":15,"key":"SMITH"}],"circlet_count":0,"master_deck":["Strike_G","Strike_G","Strike_G","Strike_G","Strike_G","Defend_G","Defend_G","Defend_G","Defend_G","Defend_G","Survivor","Neutralize+1","Backflip","Slice","Cloak And Dagger","Acrobatics","Sucker Punch","Deadly Poison","Cloak And Dagger+1"],"relics":["Ring of the Snake","Juzu Bracelet","Dream Catcher","Golden Idol","Potion Belt"],"acts_visited":["Exordium"],"potions_floor_usage":[16,16],"damage_taken":[{"damage":0,"enemies":"Small Slimes","floor":1,"turns":4},{"damage":0,"enemies":"Jaw Worm","floor":4,"turns":4},{"damage":0,"enemies":"2 Louse","floor":7,"turns":5},{"damage":0,"enemies":"Large Slime","floor":8,"turns":8},{"damage":4,"enemies":"Lots of Slimes","floor":11,"turns":6},{"damage":0,"enemies":"2 Fungi Beasts","floor":13,"turns":4},{"damage":59,"enemies":"Slime Boss","floor":16,"turns":12}],"seed_played":"-4840740331869571729","potions_obtained":[{"floor":4,"key":"Block Potion"},{"floor":8,"key":"Strength Potion"},{"floor":11,"key":"Block Potion"}],"is_trial":false,"path_per_floor":["M","?","?","M","?","R","M","M","T","?","M","R","M","?","R","B"],"character_chosen":"THE_SILENT","items_purchased":[],"campfire_rested":1,"item_purchase_floors":[],"current_hp_per_floor":[70,52,35,35,52,52,52,52,52,52,48,69,69,58,58,0,0],"gold":289,"neow_bonus":"RANDOM_COMMON_RELIC","is_daily":false,"chose_seed":false,"campfire_upgraded":2,"win_rate":0.0,"timestamp":1614361134,"path_taken":["M","?","?","M","?","R","M","M","T","?","M","R","M","?","R","BOSS"],"items_purchased_type":[],"build_version":"2020-12-22","purchased_purges":0,"victory":false,"max_hp_per_floor":[70,70,70,70,70,70,70,70,70,70,70,70,70,70,70,70,70],"relic_stats":{"Dream Catcher":1,"counters":[7,43],"Golden Idol":18,"Juzu Bracelet":0,"obtain_stats":[{"Potion Belt":9,"Dream Catcher":2,"Golden Idol":3,"Juzu Bracelet":0,"Ring of the Snake":0},{"Potion Belt":4,"Dream Catcher":1,"Golden Idol":1,"Juzu Bracelet":0,"Ring of the Snake":0},{"Potion Belt":21,"Dream Catcher":4,"Golden Idol":4,"Juzu Bracelet":0,"Ring of the Snake":0}],"Ring of the Snake":[14]},"card_choices":[{"not_picked":["Tactician","PiercingWail"],"picked":"Backflip","floor":1},{"not_picked":["Deflect","Underhanded Strike"],"picked":"Slice","floor":4},{"not_picked":["Slice","Concentrate"],"picked":"Cloak And Dagger","floor":7},{"not_picked":["Dodge and Roll","Night Terror"],"picked":"Acrobatics","floor":8},{"not_picked":["Tactician","Caltrops"],"picked":"Sucker Punch","floor":11},{"not_picked":["Dagger Throw","Acrobatics"],"picked":"Deadly Poison","floor":12},{"not_picked":["Quick Slash","Flying Knee"],"picked":"Cloak And Dagger","floor":13}],"player_experience":721322,"relics_obtained":[{"floor":9,"key":"Potion Belt"}],"event_choices":[{"damage_healed":0,"gold_gain":0,"player_choice":"Success","damage_taken":18,"relics_obtained":["Dream Catcher"],"max_hp_gain":0,"max_hp_loss":0,"event_name":"Scrap Ooze","floor":2,"gold_loss":0},{"damage_healed":0,"gold_gain":0,"player_choice":"Take Damage","damage_taken":17,"relics_obtained":["Golden Idol"],"max_hp_gain":0,"max_hp_loss":0,"event_name":"Golden Idol","floor":3,"gold_loss":0},{"damage_healed":17,"gold_gain":0,"player_choice":"Healed","damage_taken":0,"max_hp_gain":0,"max_hp_loss":0,"event_name":"The Cleric","floor":5,"gold_loss":35},{"damage_healed":0,"gold_gain":0,"player_choice":"Ignored","damage_taken":0,"max_hp_gain":0,"max_hp_loss":0,"event_name":"Liars Game","floor":10,"gold_loss":0},{"damage_healed":0,"gold_gain":75,"player_choice":"Gather Gold","damage_taken":11,"max_hp_gain":0,"max_hp_loss":0,"event_name":"World of Goop","floor":14,"gold_loss":0}],"is_beta":false,"boss_relics":[],"items_purged_floors":[],"is_endless":false,"potions_floor_spawned":[4,8,11],"killed_by":"Slime Boss","ascension_level":0}}