{"host":"684z1xpuwaoqmmh1","time":1614341528,"event":{"mods":["BaseMod","CatGirl Mod","Downfall","Hermit","Jorbs\u0027s Wanderer Trilogy","Marisa????????","Minty Spire (QoL Compilation)","Robot Space Explorer","Shade Mod","Shapeshifter Mod","StSLib","The Bug Knight","The Clintock","The Dragon Tamer","The Elementalist","The Hayseed","The Hierophant","The Marked","The Mystic","The Poker Player","The Runesmith","The Sage","The Saiyan","The Showman","The Spell Scribe","The Valiant","The Vixen","TheBandit","TheFirefly","TheVacant"],"gold_per_floor":[62,137,154,168,182,210,210,210,210,210,64,82,92,117,117,215,215,205,220,237,152,152,181,201,236,236,255,255,285,285,302,302,405,405,422,432,203,213,229,229,256,256,256,256,281,281,310,321,321,321,321,321,12,40,40],"floor_reached":56,"language":"ENG","playtime":3077,"items_purged":["Strike_Valiant"],"score":1385,"play_id":"890d970f-3205-4b6c-b211-3fb0b35878e1","local_time":"20210226141208","is_ascension_mode":true,"campfire_choices":[{"data":"DivineFavor","floor":8.0,"key":"SMITH"},{"data":"StrainingSmite","floor":10.0,"key":"SMITH"},{"data":"GracefulSiphon","floor":15.0,"key":"SMITH"},{"data":"ZealousSmite","floor":28,"key":"SMITH"},{"data":"TempoMaster","floor":30,"key":"SMITH"},{"data":"Retaliate","floor":32,"key":"SMITH"},{"floor":40,"key":"RECALL"},{"data":"HolyStorm","floor":42,"key":"SMITH"},{"data":"FuriousSmite","floor":46,"key":"SMITH"},{"data":"SeekAnswers","floor":49,"key":"SMITH"},{"data":"PiercingStab","floor":52,"key":"SMITH"}],"circlet_count":0,"master_deck":["Strike_Valiant","Strike_Valiant","Strike_Valiant","Strike_Valiant","Defend_Valiant","Defend_Valiant","Defend_Valiant","Defend_Valiant+1","BlindingLight+1","MinorHealing","MinorHealing","DivineFavor+1","CombatDance","SeekAnswers+1","StrainingSmite+1","HolyFury+1","GracefulSiphon+1","TempoMaster+1","ZealousSmite+1","HolyLight+1","PiercingStab+1","Quickstep+1","Retaliate+1","HolyStorm+1","StrainingSmite+1","ArchangelsBoon+1","QuickSiphon+1","FuriousSmite+1","Vindication+1"],"relics":["Cross Pendant","Orichalcum","Eternal Feather","Sundial","hexamod:BolsterEngine","Juzu Bracelet","sneckomod:SneckoTalon","War Paint","HornCleat","InkBottle","FossilizedHelix","Pen Nib","Philosopher\u0027s Stone","Bronze Scales","Mummified Hand","Pocketwatch","hexamod:CandleOfCauterizing","Ginger","Crumpled Paper"],"acts_visited":["Exordium","TheCity","TheBeyond","TheEnding"],"potions_floor_usage":[33,45,54,55,55],"damage_taken":[{"damage":5.0,"enemies":"Cultist","floor":1.0,"turns":5.0},{"damage":2.0,"enemies":"Small Slimes","floor":3.0,"turns":5.0},{"damage":11.0,"enemies":"Jaw Worm","floor":4.0,"turns":4.0},{"damage":19.0,"enemies":"Blue Slaver","floor":5.0,"turns":6.0},{"damage":40.0,"enemies":"3 Sentries","floor":6.0,"turns":11.0},{"damage":30.0,"enemies":"Large Slime","floor":12.0,"turns":8.0},{"damage":5.0,"enemies":"Looter","floor":13.0,"turns":4.0},{"damage":21.0,"enemies":"Gremlin Nob","floor":14.0,"turns":4.0},{"damage":16.0,"enemies":"Slime Boss","floor":16.0,"turns":9.0},{"damage":10.0,"enemies":"2 Thieves","floor":18.0,"turns":4.0},{"damage":10.0,"enemies":"Shell Parasite","floor":19.0,"turns":4.0},{"damage":3.0,"enemies":"3 Cultists","floor":20.0,"turns":3.0},{"damage":11.0,"enemies":"Book of Stabbing","floor":23.0,"turns":4.0},{"damage":4.0,"enemies":"Snake Plant","floor":24.0,"turns":4.0},{"damage":49.0,"enemies":"Slavers","floor":25.0,"turns":7.0},{"damage":0,"enemies":"Centurion and Healer","floor":27,"turns":5},{"damage":15,"enemies":"Gremlin Leader","floor":29,"turns":5},{"damage":0,"enemies":"3 Cultists","floor":31,"turns":4},{"damage":63,"enemies":"Automaton","floor":33,"turns":9},{"damage":0,"enemies":"3 Darklings","floor":35,"turns":3},{"damage":12,"enemies":"3 Shapes","floor":36,"turns":3},{"damage":15,"enemies":"Transient","floor":38,"turns":5},{"damage":0,"enemies":"Jaw Worm Horde","floor":39,"turns":4},{"damage":3,"enemies":"Reptomancer","floor":41,"turns":4},{"damage":24,"enemies":"Giant Head","floor":45,"turns":7},{"damage":9,"enemies":"Reptomancer","floor":47,"turns":5},{"damage":0,"enemies":"Maw","floor":48,"turns":6},{"damage":63,"enemies":"Awakened One","floor":50,"turns":8},{"damage":15,"enemies":"Shield and Spear","floor":54,"turns":5},{"damage":73,"enemies":"The Heart","floor":55,"turns":10}],"seed_played":"-7097377756965530266","potions_obtained":[{"floor":3.0,"key":"DistilledChaos"},{"floor":4.0,"key":"sneckomod:MuddlingPotion"},{"floor":5.0,"key":"sagemod:Wine"},{"floor":16.0,"key":"Strength Potion"},{"floor":19.0,"key":"SneckoOil"},{"floor":25.0,"key":"SteroidPotion"},{"floor":29,"key":"PowerPotion"},{"floor":31,"key":"AttackPotion"},{"floor":36,"key":"SpeedPotion"},{"floor":41,"key":"Block Potion"},{"floor":47,"key":"hexamod:SoulburnPotion"}],"is_trial":false,"path_per_floor":["M","?","M","M","M","E","?","R","T","R","$","M","M","E","R","B",null,"M","M","M","?","?","E","M","E","T","M","R","E","R","M","R","B",null,"M","M","$","M","M","R","E","R","T","?","E","R","E","M","R","B",null,"R","$","E","B",null],"character_chosen":"TheValiant","items_purchased":["hexamod:BolsterEngine","Bronze Scales","Ginger"],"campfire_rested":0,"item_purchase_floors":[11,37,53],"current_hp_per_floor":[100,89,100,92,87,62,62,71,71,80,80,68,81,72,81,77,100,100,100,97,97,97,92,100,69,69,81,93,84,96,100,100,55,100,100,94,94,85,100,100,97,100,100,100,82,97,100,100,100,55,100,100,100,91,36],"gold":40,"neow_bonus":"RANDOM_COMMON_RELIC","is_daily":false,"chose_seed":false,"campfire_upgraded":10,"win_rate":0.0,"timestamp":1614341528,"path_taken":["M","?","M","M","M","E","?","R","T","R","?","M","M","E","R","BOSS","M","M","M","?","?","E","M","E","T","M","R","E","R","M","R","BOSS","M","M","$","M","M","R","E","R","T","?","E","R","E","M","R","BOSS","R","$","E","BOSS"],"items_purchased_type":["Relic","Relic","Relic"],"build_version":"2020-12-22","purchased_purges":1,"victory":true,"max_hp_per_floor":[100,100,100,100,100,100,100,100,100,100,100,100,100,100,100,100,100,100,100,100,100,100,100,100,100,100,100,100,100,100,100,100,100,100,100,100,100,100,100,100,100,100,100,100,100,100,100,100,100,100,100,100,100,100,100],"card_choices":[{"not_picked":["FlashOfAnger","ArcaneHealing"],"picked":"DivineFavor","floor":1.0},{"not_picked":["FlashOfAnger","GracefulSiphon"],"picked":"CombatDance","floor":3.0},{"not_picked":["FlashOfAnger","Meaballize"],"picked":"SeekAnswers","floor":4.0},{"not_picked":["Meaballize","Decimate"],"picked":"StrainingSmite","floor":5.0},{"not_picked":["RecklessSmite","FinalGambit","Meaballize"],"picked":"SKIP","floor":6.0},{"not_picked":["Quickstep","StrainingSmite"],"picked":"HolyFury","floor":12.0},{"not_picked":["Charge","BraceThePain"],"picked":"GracefulSiphon","floor":13.0},{"not_picked":["SoulStrain","DualSpirit","ArcaneHealing"],"picked":"SKIP","floor":14.0},{"not_picked":["DeadlyPlay","Bombastic"],"picked":"TempoMaster","floor":16.0},{"not_picked":["Decimate","PushOnward"],"picked":"ZealousSmite","floor":18.0},{"not_picked":["ArcaneHealing","DelvingPrayer+1"],"picked":"HolyLight+1","floor":19.0},{"not_picked":["CombatStance","InsightfulPrayer"],"picked":"PiercingStab","floor":20.0},{"not_picked":["QuickSiphon","ArcaneHealing+1","MightForm"],"picked":"SKIP","floor":23.0},{"not_picked":["ZealousAmbition","SeekAnswers","QuickSiphon"],"picked":"SKIP","floor":24.0},{"not_picked":["MaddeningRevelation+1","MightBracer","ToweringCharge"],"picked":"SKIP","floor":25.0},{"not_picked":["BraceThePain+1","QuickSiphon+1"],"picked":"Quickstep+1","floor":27},{"not_picked":["Radiance","ToweringCharge"],"picked":"Retaliate","floor":29},{"not_picked":["WeakForm","CombatDance","FlashOfAnger+1"],"picked":"SKIP","floor":31},{"not_picked":["WeakForm","CombatDance","FlashOfAnger+1"],"picked":"SKIP","floor":31},{"not_picked":["WeakForm","DeadlyPlay"],"picked":"HolyStorm","floor":33},{"not_picked":["Quickstep","MightBracer+1"],"picked":"StrainingSmite+1","floor":35},{"not_picked":["WideSmite","EmpoweringForce+1"],"picked":"ArchangelsBoon+1","floor":36},{"not_picked":["DivineFavor+1","TakeAim"],"picked":"QuickSiphon+1","floor":38},{"not_picked":["SeekAnswers","Decimate"],"picked":"FuriousSmite","floor":39},{"not_picked":["Retaliate","MightBracer","BraceThePain+1"],"picked":"SKIP","floor":41},{"not_picked":["Uprising","DualSpirit+1","Sharpen"],"picked":"SKIP","floor":45},{"not_picked":["Desperation","TearPsyche"],"picked":"Vindication+1","floor":47},{"not_picked":["CombatDance","TakeAim+1","FuriousSmite"],"picked":"SKIP","floor":48},{"not_picked":["Execution","TakeAim","ZealousPersecution+1"],"picked":"SKIP","floor":54}],"player_experience":3179456,"relics_obtained":[{"floor":6.0,"key":"Eternal Feather"},{"floor":9.0,"key":"Sundial"},{"floor":14.0,"key":"Juzu Bracelet"},{"floor":23.0,"key":"HornCleat"},{"floor":25.0,"key":"InkBottle"},{"floor":26.0,"key":"FossilizedHelix"},{"floor":29,"key":"Pen Nib"},{"floor":41,"key":"Mummified Hand"},{"floor":45,"key":"Pocketwatch"},{"floor":47,"key":"hexamod:CandleOfCauterizing"},{"floor":54,"key":"Crumpled Paper"}],"event_choices":[{"damage_healed":0.0,"max_hp_gain":0.0,"max_hp_loss":0.0,"gold_gain":75.0,"event_name":"World of Goop","player_choice":"Gather Gold","floor":2.0,"gold_loss":0.0,"damage_taken":11.0},{"damage_healed":0.0,"max_hp_gain":0.0,"max_hp_loss":0.0,"gold_gain":0.0,"event_name":"Living Wall","player_choice":"Grow","floor":7.0,"gold_loss":0.0,"damage_taken":0.0,"cards_upgraded":["BlindingLight"]},{"damage_healed":0.0,"max_hp_gain":0.0,"max_hp_loss":0.0,"gold_gain":0.0,"event_name":"Addict","player_choice":"Obtained Relic","floor":21.0,"gold_loss":85.0,"damage_taken":0.0,"relics_obtained":["War Paint"]},{"damage_healed":0.0,"max_hp_gain":0.0,"max_hp_loss":0.0,"gold_gain":0.0,"event_name":"Ghosts","player_choice":"Ignored","floor":22.0,"gold_loss":0.0,"damage_taken":0.0}],"is_beta":false,"boss_relics":[{"not_picked":["Astrolabe","Snecko Eye"],"picked":"sneckomod:SneckoTalon"},{"not_picked":["Cursed Key","Pandora\u0027s Box"],"picked":"Philosopher\u0027s Stone"}],"items_purged_floors":[37],"is_endless":false,"potions_floor_spawned":[3,4,5,16,19,25,29,31,36,41,47],"ascension_level":2}}