{"host":"liwj66r6jjqhm4vi","time":1614310329,"event":{"mods":["BaseMod","Colored Map","Downfall","Minty Spire (QoL Compilation)","StSLib"],"gold_per_floor":[0,12,28,13,13,24,24,42,68,68,68,84,95,130,147,147,147,147],"floor_reached":16,"language":"ENG","playtime":1084,"items_purged":[],"score":114,"play_id":"a2fe4e74-efec-4184-a030-86e8e7d5dd4c","local_time":"20210225223209","is_ascension_mode":false,"campfire_choices":[{"data":"hexamod:Sear","floor":1.0,"key":"SMITH"},{"data":"hexamod:GiftsFromTheDead","floor":10.0,"key":"SMITH"}],"circlet_count":0,"master_deck":["hexamod:Strike","hexamod:Strike","hexamod:Strike","hexamod:Strike","hexamod:Defend","hexamod:Defend","hexamod:Defend","hexamod:Defend","hexamod:Sear+1","hexamod:Float","hexamod:BurningTouch","hexamod:FastForward","hexamod:ChargedBarrage","hexamod:SwordOfDarkness","hexamod:SpectersWail","hexamod:GiftsFromTheDead+1","hexamod:FirstSeal","hexamod:GhostOfSpireFuture","hexamod:NightmareStrike","hexamod:Hexaguard","hexamod:InspiringFlames"],"relics":["hexamod:SpiritBrand","Ice Cream","FaceOfCleric","Smiling Mask","Blue Candle"],"acts_visited":["Exordium"],"potions_floor_usage":[16,16,16],"damage_taken":[{"damage":0.0,"enemies":"Cultist","floor":2.0,"turns":4.0},{"damage":7.0,"enemies":"Small Slimes","floor":3.0,"turns":4.0},{"damage":0.0,"enemies":"downfall:FleeingMerchant","floor":4.0,"turns":4.0},{"damage":4.0,"enemies":"2 Louse","floor":6.0,"turns":3.0},{"damage":0.0,"enemies":"Exordium Wildlife","floor":8.0,"turns":3.0},{"damage":21.0,"enemies":"Lagavulin","floor":9.0,"turns":4.0},{"damage":9.0,"enemies":"Blue Slaver","floor":12.0,"turns":3.0},{"damage":4.0,"enemies":"2 Fungi Beasts","floor":13.0,"turns":3.0},{"damage":17.0,"enemies":"3 Sentries","floor":14.0,"turns":7.0},{"damage":19.0,"enemies":"Large Slime","floor":15.0,"turns":4.0},{"damage":23,"enemies":"DF_ARCHETYPE_STREAMLINE","floor":16,"turns":6}],"seed_played":"-2959568990985536008","potions_obtained":[{"floor":3.0,"key":"LiquidBronze"},{"floor":8.0,"key":"champ:CounterPotion"},{"floor":9.0,"key":"Energy Potion"},{"floor":12.0,"key":"DistilledChaos"}],"is_trial":false,"path_per_floor":["R","M","M","$","?","M","T","M","E","R","?","M","M","E","M","B"],"character_chosen":"THE_SPIRIT","items_purchased":[],"campfire_rested":0,"item_purchase_floors":[],"current_hp_per_floor":[70,70,63,63,63,60,60,61,41,41,34,33,37,28,10,0,0,0],"gold":147,"neow_bonus":"ONE_RARE_RELIC","is_daily":false,"chose_seed":false,"campfire_upgraded":2,"win_rate":0.0,"timestamp":1614310329,"path_taken":["R","M","M","$","?","M","T","?","E","R","?","M","M","E","M","BOSS"],"items_purchased_type":[],"build_version":"2020-12-22","purchased_purges":0,"victory":false,"max_hp_per_floor":[70,70,70,70,70,71,71,72,73,73,73,74,75,76,77,77,77,77],"card_choices":[{"not_picked":["hexamod:Firestarter","hexamod:GhostLash"],"picked":"hexamod:BurningTouch","floor":2.0},{"not_picked":["hexamod:GhostShield","hexamod:FourthSeal"],"picked":"hexamod:FastForward","floor":3.0},{"not_picked":["hexamod:Haunt","hexamod:NightmareStrike"],"picked":"hexamod:ChargedBarrage","floor":4.0},{"not_picked":["hexamod:FourthSeal","hexamod:ThermalTransfer"],"picked":"hexamod:SwordOfDarkness","floor":6.0},{"not_picked":["hexamod:ThermalTransfer","hexamod:CatchUp"],"picked":"hexamod:SpectersWail","floor":8.0},{"not_picked":["hexamod:NightmareStrike","hexamod:GhostLash"],"picked":"hexamod:GiftsFromTheDead","floor":9.0},{"not_picked":["hexamod:EtherealExpedition","hexamod:HeatShield"],"picked":"hexamod:GhostOfSpireFuture","floor":12.0},{"not_picked":["hexamod:Firestarter","hexamod:BacktrackSmack"],"picked":"hexamod:NightmareStrike","floor":13.0},{"not_picked":["hexamod:PowerFromBeyond","hexamod:Firestarter"],"picked":"hexamod:Hexaguard","floor":14.0},{"not_picked":["hexamod:NecessarySacrifice","hexamod:SpectralAdrenaline"],"picked":"hexamod:InspiringFlames","floor":15.0}],"player_experience":199444,"relics_obtained":[{"floor":9.0,"key":"Smiling Mask"},{"floor":14.0,"key":"Blue Candle"}],"event_choices":[{"damage_healed":0.0,"max_hp_gain":0.0,"max_hp_loss":0.0,"gold_gain":0.0,"event_name":"FaceTrader","player_choice":"Trade","floor":5.0,"gold_loss":0.0,"damage_taken":0.0,"relics_obtained":["FaceOfCleric"]}],"is_beta":false,"boss_relics":[],"items_purged_floors":[],"is_endless":false,"potions_floor_spawned":[3,8,9,12,15],"killed_by":"DF_ARCHETYPE_STREAMLINE","ascension_level":0}}