{"host":"zdx3mk58qfaqn5dx","time":1614297918,"event":{"mods":["BaseMod","Bestiary","Better Third Choice","Colored Map","Colored Powertips","Dark Map","Downfall","Hermit","Highlight Path","Minty Spire (QoL Compilation)","Practice Mode","Quick Restart","Relic Stats","StSLib","SuperFastMode"],"gold_per_floor":[12,26,26,26,40,55,55,80,80,80,98,112,122,162,162,162,162],"floor_reached":16,"language":"ENG","playtime":718,"items_purged":[],"score":109,"play_id":"87ae04d9-802b-42cf-bc9a-b8c0bbcd4f2d","local_time":"20210226010518","is_ascension_mode":true,"campfire_choices":[{"data":"hermit:Coalescence","floor":7,"key":"SMITH"},{"data":"hermit:SprayPray","floor":10,"key":"SMITH"},{"floor":15,"key":"REST"}],"circlet_count":0,"master_deck":["hermit:Strike_Hermit","hermit:Strike_Hermit","hermit:Strike_Hermit","hermit:Strike_Hermit","hermit:Defend_Hermit","hermit:Defend_Hermit","hermit:Defend_Hermit","hermit:Defend_Hermit","hermit:Snapshot","hermit:Covet","hermit:FinalCanter+1","hermit:SprayPray+1","Decay","hermit:Coalescence+1","hermit:TakeAim","hermit:Cheat","hermit:Maintenance","hermit:Virtue"],"relics":["hermit:Momento","Orichalcum","The Courier","CeramicFish"],"acts_visited":["Exordium"],"potions_floor_usage":[14,16,16],"damage_taken":[{"damage":0.0,"enemies":"Small Slimes","floor":1.0,"turns":3.0},{"damage":1.0,"enemies":"Jaw Worm","floor":2.0,"turns":3.0},{"damage":0,"enemies":"Cultist","floor":5,"turns":2},{"damage":7,"enemies":"Exordium Wildlife","floor":6,"turns":4},{"damage":10,"enemies":"Exordium Thugs","floor":11,"turns":5},{"damage":29,"enemies":"Large Slime","floor":12,"turns":7},{"damage":8,"enemies":"Blue Slaver","floor":13,"turns":3},{"damage":2,"enemies":"Gremlin Nob","floor":14,"turns":4},{"damage":47,"enemies":"Slime Boss","floor":16,"turns":8}],"seed_played":"3398912741962682303","potions_obtained":[{"floor":1.0,"key":"champ:CounterPotion"},{"floor":6,"key":"sneckomod:MuddlingPotion"},{"floor":14,"key":"ColorlessPotion"}],"is_trial":false,"path_per_floor":["M","M","?","?","M","M","R","T","T","R","M","M","M","E","R","B"],"character_chosen":"HERMIT","items_purchased":[],"campfire_rested":1,"item_purchase_floors":[],"current_hp_per_floor":[75,74,74,74,74,67,67,67,67,67,57,28,20,18,40,0,0],"gold":162,"neow_bonus":"THREE_RARE_CARDS","is_daily":false,"chose_seed":false,"campfire_upgraded":2,"win_rate":0.0,"timestamp":1614297918,"path_taken":["M","M","?","?","?","M","R","?","T","R","M","M","M","E","R","BOSS"],"items_purchased_type":[],"build_version":"2020-12-22","purchased_purges":0,"victory":false,"max_hp_per_floor":[75,75,75,75,75,75,75,75,75,75,75,75,75,75,75,75,75],"relic_stats":{"counters":[9,39],"CeramicFish":9,"Orichalcum":[42],"obtain_stats":[{"CeramicFish":14,"The Courier":9,"Orichalcum":8,"hermit:Momento":0},{"CeramicFish":8,"The Courier":4,"Orichalcum":4,"hermit:Momento":0},{"CeramicFish":31,"The Courier":12,"Orichalcum":12,"hermit:Momento":0}]},"card_choices":[{"not_picked":["hermit:EternalForm","hermit:Magnum"],"picked":"hermit:FinalCanter","floor":0.0},{"not_picked":["hermit:Deadeye","hermit:WideOpen"],"picked":"hermit:SprayPray","floor":1.0},{"not_picked":["hermit:Ricochet","hermit:Headshot","hermit:CalledShot"],"picked":"SKIP","floor":2.0},{"not_picked":["hermit:BodyArmor","hermit:Ricochet"],"picked":"hermit:Coalescence","floor":5},{"not_picked":["hermit:WideOpen","hermit:HighCaliber"],"picked":"hermit:TakeAim","floor":6},{"not_picked":["hermit:HoleUp","hermit:Manifest"],"picked":"hermit:Cheat","floor":11},{"not_picked":["hermit:HighCaliber","hermit:FlashPowder"],"picked":"hermit:Maintenance","floor":12},{"not_picked":["hermit:TrackingShot","hermit:ItchyTrigger","hermit:RoundhouseKick"],"picked":"SKIP","floor":13},{"not_picked":["hermit:Spite","hermit:Ricochet"],"picked":"hermit:Virtue","floor":14}],"player_experience":220404,"relics_obtained":[{"floor":8,"key":"Orichalcum"},{"floor":9,"key":"The Courier"},{"floor":14,"key":"CeramicFish"}],"event_choices":[{"damage_healed":0,"gold_gain":0,"player_choice":"Grow","damage_taken":0,"max_hp_gain":0,"max_hp_loss":0,"event_name":"Living Wall","floor":3,"gold_loss":0,"cards_upgraded":["hermit:FinalCanter"]},{"damage_healed":0,"gold_gain":0,"player_choice":"Cursed","damage_taken":0,"max_hp_gain":0,"max_hp_loss":0,"event_name":"Wheel of Change","floor":4,"gold_loss":0,"cards_obtained":["Decay"]}],"is_beta":false,"boss_relics":[],"items_purged_floors":[],"is_endless":false,"potions_floor_spawned":[1,6,14],"killed_by":"Slime Boss","ascension_level":1}}