{"host":"ut3q8wc68upnfjmc","time":1614311556,"event":{"mods":["BaseMod","Colored Map","Colored Powertips","Downfall","Minty Spire (QoL Compilation)","StSLib","Unceasing Turn Reminder"],"gold_per_floor":[118,131,151,151,164,190,190,17,17,117,117,117],"floor_reached":11,"language":"ENG","playtime":569,"items_purged":[],"score":77,"play_id":"b7cc368c-b62f-4a7c-8922-501e93b873aa","local_time":"20210225215236","is_ascension_mode":true,"campfire_choices":[{"data":"Rage","floor":7,"key":"SMITH"}],"circlet_count":0,"master_deck":["Strike_R","Strike_R","Strike_R","Strike_R","Strike_R","Defend_R","Defend_R","Defend_R","Bash","Seeing Red","Feel No Pain","Rage+1","Warcry","Exhume","Flame Barrier"],"relics":["Burning Blood","Smiling Mask","Bag of Preparation","Membership Card","Shuriken"],"acts_visited":["Exordium"],"potions_floor_usage":[3,3,6],"damage_taken":[{"damage":16,"enemies":"2 Louse","floor":1,"turns":3},{"damage":6,"enemies":"Cultist","floor":2,"turns":3},{"damage":11,"enemies":"Jaw Worm","floor":3,"turns":2},{"damage":21,"enemies":"Large Slime","floor":5,"turns":8},{"damage":12,"enemies":"3 Sentries","floor":6,"turns":13},{"damage":64,"enemies":"Gremlin Nob","floor":11,"turns":5}],"seed_played":"-6975334179936569129","potions_obtained":[{"floor":1,"key":"LiquidBronze"},{"floor":2,"key":"Swift Potion"},{"floor":5,"key":"DuplicationPotion"}],"is_trial":false,"path_per_floor":["M","M","M","?","M","E","R","$","T","?","E"],"character_chosen":"IRONCLAD","items_purchased":["Membership Card","Flame Barrier"],"campfire_rested":0,"item_purchase_floors":[8,8],"current_hp_per_floor":[70,70,65,58,43,37,37,37,37,37,0,0],"gold":117,"neow_bonus":"RANDOM_COMMON_RELIC","is_daily":false,"chose_seed":false,"campfire_upgraded":1,"win_rate":0.0,"timestamp":1614311556,"path_taken":["M","M","M","?","M","E","R","$","T","?","E"],"items_purchased_type":["Relic","Card"],"build_version":"2020-12-22","purchased_purges":0,"victory":false,"max_hp_per_floor":[80,80,80,80,80,80,80,80,80,80,80,80],"card_choices":[{"not_picked":["Blood for Blood","Rupture"],"picked":"Seeing Red","floor":1},{"not_picked":["Headbutt","Iron Wave"],"picked":"Feel No Pain","floor":2},{"not_picked":["Clothesline","Blood for Blood"],"picked":"Rage","floor":3},{"not_picked":["Heavy Blade","Shrug It Off"],"picked":"Warcry","floor":5},{"not_picked":["Searing Blow","Seeing Red"],"picked":"Exhume","floor":6}],"player_experience":71868,"relics_obtained":[{"floor":6,"key":"Bag of Preparation"},{"floor":9,"key":"Shuriken"}],"event_choices":[{"cards_removed":["Defend_R"],"damage_healed":0,"gold_gain":0,"player_choice":"Card Removal","damage_taken":7,"max_hp_gain":0,"max_hp_loss":0,"event_name":"Golden Wing","floor":4,"gold_loss":0},{"damage_healed":0,"gold_gain":100,"player_choice":"Pray","damage_taken":0,"max_hp_gain":0,"max_hp_loss":0,"event_name":"Golden Shrine","floor":10,"gold_loss":0}],"is_beta":false,"boss_relics":[],"items_purged_floors":[],"is_endless":false,"potions_floor_spawned":[1,2,5],"killed_by":"Gremlin Nob","ascension_level":1}}