{"host":"b1dzdo8uo7e6jx8g","time":1614351826,"event":{"mods":["AchievementEnabler","BaseMod","BetterRewards","Colored Map","Downfall","Highlight Path","Minty Spire (QoL Compilation)","StSLib"],"gold_per_floor":[114,114,114,132,132,132,162,175,199,218,231,231,4,21,21,21,21],"floor_reached":16,"language":"ENG","playtime":480,"items_purged":[],"score":167,"play_id":"bfbe57fd-03fe-47be-9869-f2fe8c2bc998","local_time":"20210226160346","is_ascension_mode":true,"campfire_choices":[{"data":"Study","floor":6,"key":"SMITH"},{"floor":15,"key":"REST"}],"circlet_count":0,"master_deck":["Strike_P","Strike_P","Strike_P","Strike_P","Defend_P","Defend_P","Defend_P","Eruption","Vigilance","CrushJoints","ForeignInfluence","Study+1","Crescendo+1","FlyingSleeves","FollowUp","SashWhip","FlyingSleeves","Blasphemy","FollowUp"],"relics":["PureWater","Lee\u0027s Waffle","Blood Vial","Anchor","Omamori","Art of War","Sling"],"acts_visited":["Exordium"],"potions_floor_usage":[16,16],"damage_taken":[{"damage":7,"enemies":"Jaw Worm","floor":1,"turns":3},{"damage":0,"enemies":"Small Slimes","floor":4,"turns":3},{"damage":24,"enemies":"3 Sentries","floor":7,"turns":9},{"damage":0,"enemies":"2 Louse","floor":8,"turns":2},{"damage":23,"enemies":"Exordium Thugs","floor":10,"turns":3},{"damage":0,"enemies":"Exordium Wildlife","floor":11,"turns":2},{"damage":7,"enemies":"3 Louse","floor":14,"turns":3},{"damage":52,"enemies":"The Guardian","floor":16,"turns":4}],"seed_played":"5487926733379793675","potions_obtained":[{"floor":7,"key":"Fire Potion"},{"floor":11,"key":"GamblersBrew"}],"is_trial":false,"path_per_floor":["M","?","?","M","?","R","E","M","T","M","M","?","$","M","R","B"],"character_chosen":"WATCHER","items_purchased":["CrushJoints","Lee\u0027s Waffle","ForeignInfluence","Sling","Blasphemy"],"campfire_rested":1,"item_purchase_floors":[0,0,0,13,13],"current_hp_per_floor":[72,65,62,64,64,64,42,44,44,23,25,25,25,20,43,0,0],"gold":21,"neow_bonus":"","is_daily":false,"chose_seed":false,"campfire_upgraded":1,"win_rate":0.0,"timestamp":1614351826,"path_taken":["M","?","?","M","?","R","E","M","T","M","M","?","?","M","R","BOSS"],"items_purchased_type":["Card","Relic","Card","Relic","Card"],"build_version":"2020-12-22","purchased_purges":0,"victory":false,"max_hp_per_floor":[79,79,79,79,79,79,79,79,79,79,79,79,79,79,79,79,79],"card_choices":[{"not_picked":["SashWhip","MentalFortress"],"picked":"Study","floor":1},{"not_picked":["Protect","WreathOfFlame"],"picked":"Crescendo","floor":4},{"not_picked":["CrushJoints","JustLucky"],"picked":"FlyingSleeves","floor":7},{"not_picked":["WheelKick","Protect"],"picked":"FollowUp","floor":8},{"not_picked":["EmptyBody","TalkToTheHand"],"picked":"SashWhip","floor":10},{"not_picked":["Protect","Crescendo"],"picked":"FlyingSleeves","floor":11},{"not_picked":["BowlingBash","SignatureMove"],"picked":"FollowUp","floor":14}],"player_experience":271459,"relics_obtained":[{"floor":7,"key":"Anchor"},{"floor":9,"key":"Omamori"}],"event_choices":[{"cards_removed":["Defend_P"],"damage_healed":0,"gold_gain":0,"player_choice":"Card Removal","damage_taken":7,"max_hp_gain":0,"max_hp_loss":0,"event_name":"Golden Wing","floor":2,"gold_loss":0},{"damage_healed":0,"gold_gain":0,"player_choice":"Success","damage_taken":3,"relics_obtained":["Blood Vial"],"max_hp_gain":0,"max_hp_loss":0,"event_name":"Scrap Ooze","floor":3,"gold_loss":0},{"damage_healed":0,"gold_gain":0,"player_choice":"Grow","damage_taken":0,"max_hp_gain":0,"max_hp_loss":0,"event_name":"Living Wall","floor":5,"gold_loss":0,"cards_upgraded":["Crescendo"]},{"damage_healed":0,"gold_gain":0,"player_choice":"Box","damage_taken":0,"relics_obtained":["Art of War"],"max_hp_gain":0,"max_hp_loss":0,"event_name":"Big Fish","floor":12,"gold_loss":0,"cards_obtained":["Regret"]}],"is_beta":false,"boss_relics":[],"items_purged_floors":[],"is_endless":false,"potions_floor_spawned":[7,11],"killed_by":"The Guardian","ascension_level":2}}