{"host":"4qp30tywltrhkmjj","time":1614379613,"event":{"mods":["2.2 Compatiblity","AchievementEnabler","Act Like it!","Ascension Unlocker","Aspiration","BaseMod","Beaked The Cultist","Bestiary","Better Altar","Better Match","Better Note","Better Skull","Better Third Choice","BetterRewards","CCEM2","CapriCore","Challenge The Spire","Colored Map","Colored Powertips","Conjunction","Conspire","Defuse TimeMaze Blight","Displayed Cursed Tome","Downfall","EXCEPTION","Emptier Cage","Energized Spire","Exacting","Gold Saver","Halation","Highlight Path","Hubris","Infinite Spire","Jedi Mod","Library of Ruina","Library of Ruina Extra","Lobotomy","LobotomyExtend","Minty Spire (QoL Compilation)","Poor People Problems","Replay The Spire","Reworked Bosses","SacredBarkPlus","Shop Mod","Spicy Shops","Spire Arcade","StSLib","The Animator","The Blue Laboratory","Transform Curses","Uncapped","Unceasing Turn Reminder","Wandering Minibosses","Yuri Mod"],"gold_per_floor":[5920,5920,5920,5920,5920,5920,5920,5920,5920,5920,5920,5920,5920,5920,5920,5920,5920,5920,5922,5922,5922,5922,5955,5975,6008,6055,5092,5110,5110,5139,5174,5174,5271,5271,5287,5287,5287,5287,5299,5299,5325,5338,5338,5413,5413,5446,5462,5473,5540,5540,5540,5540,5540,2,29,29],"floor_reached":57,"language":"ENG","playtime":3862,"items_purged":["Pain"],"score":2173,"play_id":"09853682-a4a2-4a15-b471-571f11f05a2f","local_time":"20210226234653","is_ascension_mode":true,"campfire_choices":[{"floor":15,"key":"RECALL"},{"floor":32,"key":"DIG"},{"data":"BoundaryOfDeath","floor":40,"key":"SMITH"},{"data":"infinitespire:Collect","floor":53,"key":"SMITH"}],"circlet_count":1,"master_deck":["Dodge","LightDefense","LightAttack","LightAttack","LightAttack+1","LightDefense","LightDefense","LightDefense","ChargeAndCover","FocusedStrikes","Outburst","PreemptiveStrike","GrazeTheGrass","Reload","RagingStormLove","FrontalAssault","DespairKnight","GuidanceOfTheGears","GuidanceOfTheGears","infinitespire:Collect+1","SavageMode","BlueStar","GrazeTheGrass+1","GoldRush","RagingStormLove","GrazeTheGrass","TheWillOfTheCity+1","Outburst+1","FormingStorm","BoundaryOfDeath+1","GrazeTheGrass+1","Madness","Madness","EnergyCycle","PuppetBlockade","NonstopAssault","ChiWen","ViolentFlame+1"],"relics":["PageOfLibrarian","CogitoBucket","jedi:ominousloannote","ReplayTheSpireMod:Ninjato","aspiration:SeaSaltIceCream","PageOfApocalypseBird","PageOfPinocchio","PageOfWizard","PageOfLaetitia","Mummified Hand","PageOfLittleHelper","MerchantsRug","LetterFromLob","PageOfPorccubus","infinitespire:PuzzleCube","energizedSpire:DeadBattery","hubris:Towel","CCEMRelics:SpiritsEdge","CCEMRelics:HeirloomTomato","AdjustmentMirror","infinitespire:Beetle Shell","CCEMRelics:TransientCore","betterThird:NestCultRelic","hubris:PeanutButter","Replay:WaspNest","AspirationHeart","hubris:SphereOfDissonance","MealTicket","aspiration:Nostalgia","yuri:yuriKnife","Eternal Feather","jedi:shrinkray","Mirror","PageOfTodaysShyLook","InTheNameOfLoveAndHate_r","Gremlin Food","CCEMRelics:FakeTeeth","aspiration:SecretTechniqueScroll","SkinProphecy","AtMidnight","hubris:Icosahedron","PageOfFreischutz","aspiration:ChemicalBlood","PageOfNothingThere","hubris:FruitBowl","Vajra","Omamori","PageOfLumberjack","Guardian:PocketSentry","PageOfAspirationHeart","Mercury Hourglass","CCEMRelics:PocketTank","Calipers","Potion Belt","CCEMRelics:TeddyBear","infinitespire:FocusingShard","CCEMRelics:SelfSharpeningBlade","CCEMRelics:CocoNut","CCEMRelics:IronFruit","halation:Komachan","CCEMRelics:PowerPill","Circlet","The Courier","Replay:Wax Seal","PageOfMercenary","CCEMRelics:BundleOfDynamite","sneckomod:BlankCard","Sundial","Replay:Mystery Machine","aspiration:ChemicalBlood","jedi:kaleidoscope","Nunchaku","Du-Vu Doll","hubris:HerbalPaste","Pet Ghost","halation:Thesaurus","halation:AfternoonTea","Strawberry","CCEMRelics:GrindingGear","CCEMRelics:GlassOfMilk","CCEMRelics:DissonantTune","CCEMRelics:LagavulinClaw","Quantum Egg","PageOfSpiderBud","aspiration:EmptySkull","bronze:DecasWashers","aspiration:HiddenCompartment","PageOfOzma","Pen Nib","Letter Opener","infinitespire:Satchel","aspiration:FetidBarrel","CCEMRelics:OverlyComfyChair","aspiration:FrozenJewel","conspire:DeflatedDodgeball","ReplayTheSpireMod:TigerMarble","conspire:Flyswatter","hubris:GlazedTorus","ReplayTheSpireMod:Shallot"],"acts_visited":["Exordium","TheCity","TheBeyond","TheEnding"],"potions_floor_usage":[14,14,23,24,25,50,50,50,50,50],"damage_taken":[{"damage":1.0,"enemies":"Jaw Worm","floor":1.0,"turns":4.0},{"damage":0.0,"enemies":"2 Louse","floor":3.0,"turns":1.0},{"damage":0.0,"enemies":"conspire:MimicChest","floor":4.0,"turns":2.0},{"damage":0.0,"enemies":"Small Slimes","floor":5.0,"turns":1.0},{"damage":0.0,"enemies":"Blue Slaver","floor":6.0,"turns":1.0},{"damage":0,"enemies":"Lagavulin","floor":7,"turns":2},{"damage":0,"enemies":"3 Sentries","floor":12,"turns":2},{"damage":0,"enemies":"Exordium Wildlife","floor":13,"turns":1},{"damage":0,"enemies":"Nightmare","floor":14,"turns":3},{"damage":0,"enemies":"Slime Boss","floor":16,"turns":2},{"damage":0,"enemies":"Chosen","floor":18,"turns":1},{"damage":0,"enemies":"conspire:FuzzyDice","floor":19,"turns":1},{"damage":42,"enemies":"Nightmare","floor":23,"turns":4},{"damage":11,"enemies":"3 Cultists","floor":24,"turns":2},{"damage":0,"enemies":"conspire:Head Lice","floor":25,"turns":1},{"damage":0,"enemies":"Snake Plant","floor":28,"turns":1},{"damage":0,"enemies":"Centurion and Healer","floor":30,"turns":1},{"damage":0,"enemies":"Gremlin Leader","floor":31,"turns":1},{"damage":0,"enemies":"hubris:MusketHawk","floor":33,"turns":2},{"damage":0,"enemies":"3 Shapes","floor":35,"turns":1},{"damage":2,"enemies":"3 Darklings","floor":39,"turns":1},{"damage":0,"enemies":"Reptomancer","floor":41,"turns":1},{"damage":0,"enemies":"Writhing Mass","floor":42,"turns":1},{"damage":0,"enemies":"Nightmare","floor":46,"turns":1},{"damage":0,"enemies":"Transient","floor":47,"turns":1},{"damage":0,"enemies":"Jaw Worm Horde","floor":48,"turns":1},{"damage":0,"enemies":"hubris:GrandSnecko","floor":50,"turns":1},{"damage":0,"enemies":"hubris:GrandSnecko","floor":51,"turns":2},{"damage":0,"enemies":"Shield and Spear","floor":55,"turns":1},{"damage":0,"enemies":"The Heart","floor":56,"turns":3}],"seed_played":"-6843019768279504408","potions_obtained":[{"floor":3.0,"key":"jedi:StrikingPotion"},{"floor":5.0,"key":"blueLaboratory:LouseDecoction"},{"floor":7,"key":"FearPotion"},{"floor":13,"key":"Fire Potion"},{"floor":23,"key":"blueLaboratory:HeartbeatPotion"},{"floor":24,"key":"Swift Potion"},{"floor":30,"key":"Toxic Potion"},{"floor":33,"key":"blueLaboratory:BottleOfVodka"},{"floor":41,"key":"PowerPotion"},{"floor":46,"key":"SpeedPotion"},{"floor":48,"key":"Weak Potion"},{"floor":55,"key":"Block Potion"}],"is_trial":false,"path_per_floor":["M","?","M","?","M","M","E","AVR","T","?","T","E","M","NM","R_BF","B",null,"M","M","?","?","T","NM","M","E","T","$","M","?","M","E","R_BF","B",null,"M","?","?","?","M","R","E","M","T","T","$","NM","M","M","R_BF","B",null,null,"R","$","E","B",null],"character_chosen":"Librarian","items_purchased":["jedi:ominousloannote","ReplayTheSpireMod:Ninjato","aspiration:SeaSaltIceCream","PageOfPinocchio","PageOfWizard","PageOfLaetitia","Mummified Hand","PageOfLittleHelper","MerchantsRug","aspiration:Nostalgia","Eternal Feather","jedi:shrinkray","Mirror","PageOfTodaysShyLook","hubris:FruitBowl","Vajra","Omamori","PageOfLumberjack","Guardian:PocketSentry","PageOfAspirationHeart","Mercury Hourglass","CCEMRelics:PocketTank","Calipers","Potion Belt","CCEMRelics:TeddyBear","infinitespire:FocusingShard","CCEMRelics:SelfSharpeningBlade","CCEMRelics:CocoNut","CCEMRelics:IronFruit","halation:Komachan","Replay:Wax Seal","PageOfMercenary","CCEMRelics:BundleOfDynamite","sneckomod:BlankCard","Sundial","Replay:Mystery Machine","aspiration:ChemicalBlood","jedi:kaleidoscope","Nunchaku","Du-Vu Doll","hubris:HerbalPaste","Pet Ghost","CCEMRelics:PorcelainBowl","halation:Thesaurus","Strawberry","CCEMRelics:GrindingGear","CCEMRelics:GlassOfMilk","CCEMRelics:DissonantTune","CCEMRelics:LagavulinClaw","Quantum Egg","PageOfSpiderBud","aspiration:EmptySkull","bronze:DecasWashers","aspiration:HiddenCompartment","PageOfOzma","Pen Nib","Letter Opener","infinitespire:Satchel","aspiration:FetidBarrel","CCEMRelics:OverlyComfyChair","aspiration:FrozenJewel","conspire:DeflatedDodgeball","ReplayTheSpireMod:TigerMarble","conspire:Flyswatter","hubris:GlazedTorus"],"campfire_rested":0,"item_purchase_floors":[0,0,0,0,0,0,0,0,0,27,27,27,27,27,45,45,45,45,45,45,45,45,45,45,45,45,45,45,45,45,54,54,54,54,54,54,54,54,54,54,54,54,54,54,54,54,54,54,54,54,54,54,54,54,54,54,54,54,54,54,54,54,54,54,54],"current_hp_per_floor":[59,44,44,44,50,50,50,50,50,50,50,61,69,71,71,79,79,85,91,91,91,91,69,94,120,120,131,137,137,143,149,149,154,154,166,166,166,145,149,167,171,175,175,175,15,24,33,46,67,93,107,325,325,335,346,355],"gold":29,"neow_bonus":"","is_daily":false,"chose_seed":false,"campfire_upgraded":2,"win_rate":0.0,"timestamp":1614379613,"path_taken":["M","?","M","?","?","M","E","AVR","T","?","?","E","?","NM","R_BF","BOSS","M","M","?","?","?","NM","M","E","T","$","M","?","M","E","R_BF","BOSS","M","?","?","?","M","R","E","M","T","?","?","NM","M","?","R_BF","BOSS","R","$","E","BOSS"],"items_purchased_type":["Relic","Relic","Relic","Relic","Relic","Relic","Relic","Relic","Relic","Relic","Relic","Relic","Relic","Relic","Relic","Relic","Relic","Relic","Relic","Relic","Relic","Relic","Relic","Relic","Relic","Relic","Relic","Relic","Relic","Relic","Relic","Relic","Relic","Relic","Relic","Relic","Relic","Relic","Relic","Relic","Relic","Relic","Relic","Relic","Relic","Relic","Relic","Relic","Relic","Relic","Relic","Relic","Relic","Relic","Relic","Relic","Relic","Relic","Relic","Relic","Relic","Relic","Relic","Relic","Relic"],"build_version":"2020-12-22","purchased_purges":1,"victory":true,"max_hp_per_floor":[61,61,65,78,78,78,78,78,78,78,78,81,81,81,81,79,79,85,91,91,91,91,94,115,131,131,131,137,137,143,149,149,154,154,166,166,166,166,185,185,193,201,201,201,260,271,282,293,293,315,325,325,325,335,346,355],"card_choices":[{"not_picked":["UniverseFragment","WallGazer","OSAHOGD"],"picked":"Singing Bowl","floor":1.0},{"not_picked":["GreatSerpentsImpact","Wallop_lor","FierceCharge","CircusKnives","BackAttack","CoordinatedAssault","Rewind","ShockingBlow"],"picked":"Outburst","floor":1.0},{"not_picked":["infinitespire:TheBestDefense","infinitespire:Execution"],"picked":"infinitespire:Collect","floor":2.0},{"not_picked":["Scorched","FairyFestival","HeroicMonk"],"picked":"Singing Bowl","floor":3.0},{"not_picked":["Wellcheers","PunishingBird"],"picked":"DespairKnight","floor":3.0},{"not_picked":["Wallop_lor","ForTheFamily","HandleRequest","SkitterAway","Standoff","ScatteringSlash","ReadyUp","NightInTheBackstreets"],"picked":"PreemptiveStrike","floor":3.0},{"not_picked":["MeatLantern","ShyLook"],"picked":"QueenOfHatred","floor":4.0},{"not_picked":["Tailoring","OminousPower","WillOfThePrescript","HardRehearsal","SuppressingShot","MultiHit","GuidanceOfTheGears","FierceOnslaught"],"picked":"GrazeTheGrass","floor":4.0},{"not_picked":["WaitUp","RatsGuideToSurvival","CrackOfDawn","SunsetBlade","HighKick","SpearedSweep","FervidEmotions","Juggling"],"picked":"Reload","floor":5.0},{"not_picked":["ShyLook","PunishingBird","VoidDream"],"picked":"Singing Bowl","floor":5.0},{"not_picked":["Scorched","Murderer","WallGazer"],"picked":"Singing Bowl","floor":6.0},{"not_picked":["RapidGashes","FrontalAssault","ShrineToMusic","SuppressingShot","IronWall","GuardingStance","Eject","ExtremeEdge"],"picked":"RagingStormLove","floor":6.0},{"not_picked":["Funeral","SingingMachine"],"picked":"QueenOfHatred","floor":7},{"not_picked":["SearingSword","UpbeatPerformance","ConcentratedFire","ExtractFuel","TheArtOfRapidSteps","SerpentineBarrier","MindCrush","IdentifyWeakpoint","DarkCloud"],"picked":"SKIP","floor":7},{"not_picked":["DefenseOrder","SkitterAway","QuickSuppression","MultiBlock","DestructiveImpact","EmotionalTurbulence","FieryDragonSlash","FleetFootsteps"],"picked":"FrontalAssault","floor":12},{"not_picked":["CherryBlossoms","ShyLook"],"picked":"DespairKnight","floor":12},{"not_picked":["ShyLook","Laetitia","WallGazer"],"picked":"Singing Bowl","floor":13},{"not_picked":["FierceOnslaught","MultiHit","StructuralAnalysis","WillOfThePrescript","EnergyStrike","ViolentFlame","SparkingSpear","SerpentSwordTechnique"],"picked":"GuidanceOfTheGears","floor":13},{"not_picked":["HappyTeddy","WhitesApple","PunishingBird"],"picked":"Singing Bowl","floor":14},{"not_picked":["ReplayTheSpireMod:Chaos Vortex","infinitespire:Execution"],"picked":"ReplayTheSpireMod:Haul","floor":14},{"not_picked":["SunsetBlade","Quickness","DefenseOrder","Duel_lor","StrikeDown","SpearedSweep","LeRegole","GaleKick"],"picked":"GuidanceOfTheGears","floor":14},{"not_picked":["WillProduceFineSilk","Punishment"],"picked":"SavageMode","floor":16},{"not_picked":["UniverseFragment","CrumblingArmor","Scorched"],"picked":"Singing Bowl","floor":16},{"not_picked":["VoidDream","ShyLook"],"picked":"BlueStar","floor":18},{"not_picked":["FlashingStrike+1","EnergyStrike","DesperateStruggle","UpbeatPerformance","Overpower","GreatSerpentsImpact","PreemptiveStrike+1","Rewind","WillOfThePrescript"],"picked":"SKIP","floor":18},{"not_picked":["LongBird","CherryBlossoms","SpiderBud"],"picked":"Singing Bowl","floor":19},{"not_picked":["QuickSuppression","IdentifyWeakpoint","Retaliate","StrongStrike","BiAn","EndlessBattle","MultiBlock+1","Overpower"],"picked":"GrazeTheGrass+1","floor":19},{"not_picked":["EnergyShield","Wallop_lor","WillOfThePrescript","BattleCommand","GuidanceOfTheGears+1","MindWhip","FocusFire","StructuralAnalysis"],"picked":"RagingStormLove","floor":23},{"not_picked":["CherryBlossoms","BlackArmy","LittlePrince"],"picked":"Singing Bowl","floor":23},{"not_picked":["SunsetBlade","Thrust","Parry","GuidanceOfTheGears+1","NightInTheBackstreets","DefenseOrder+1","DestructiveImpact","Pound+1"],"picked":"GrazeTheGrass","floor":24},{"not_picked":["WallGazer","Laetitia","HeroicMonk"],"picked":"Singing Bowl","floor":24},{"not_picked":["Scarecrow","Mercenary","BlackSwan"],"picked":"Singing Bowl","floor":25},{"not_picked":["SinglePointStab","MultiHit","SuanNi","Standoff","SharpSwipe","Crush","ButterflySlash","FleetEdge"],"picked":"TheWillOfTheCity","floor":25},{"not_picked":["Porccubus","Scorched","VoidDream"],"picked":"Singing Bowl","floor":28},{"not_picked":["ViolentFlame+1","StrongStrike+1","DeepDrag+1","VenomousFangs","NightInTheBackstreets","Quickness","FierceCharge","TheArtOfRapidSteps"],"picked":"Outburst+1","floor":28},{"not_picked":["Rudolta","LittleHelper","WallGazer"],"picked":"Singing Bowl","floor":30},{"not_picked":["Standoff","VioletBlade","DesperateStruggle","Tailoring","BackAttack","StructuralAnalysis","NightInTheBackstreets","DarkCloud","FleetEdge"],"picked":"SKIP","floor":30},{"not_picked":["OSAHOGD","Murderer","CrumblingArmor"],"picked":"Singing Bowl","floor":31},{"not_picked":["ViolentFlame","VioletBlade","FleetEdge","AsThePrescriptOrders","Guardian_lor+1","FleetFootsteps","SpearedSweep+1","ButterflySlash"],"picked":"FormingStorm","floor":31},{"not_picked":["Funeral","GreedKing","QueenBee"],"picked":"Singing Bowl","floor":33},{"not_picked":["UnforgettableMelody","DistortedBlade"],"picked":"BoundaryOfDeath","floor":33},{"not_picked":["QueenBee","Porccubus","GalaxyChild"],"picked":"Singing Bowl","floor":35},{"not_picked":["MultiHit","FleshFillet","PreemptiveStrike+1","UnavoidableGaze+1","ShockRound+1","FierceCharge","FleetEdge+1","Ripple"],"picked":"GrazeTheGrass+1","floor":35},{"not_picked":["MHz","Mercenary","BlackArmy"],"picked":"Singing Bowl","floor":39},{"not_picked":["SharpenedBlade","HandlingWork+1","FleetEdge","CoordinatedAssault+1","FlyingSword+1","SmokingPipe+1","Tailoring+1","BackAttack"],"picked":"EnergyCycle","floor":39},{"not_picked":["Rudolta","LittlePrince","NothingThere"],"picked":"Singing Bowl","floor":41},{"not_picked":["Zzzzzap","HiddenBlade+1","SkyClearingCut","Crush+1","ProselytesBlade+1","SharpenedBlade","PinpointShot","UpbeatPerformance+1"],"picked":"PuppetBlockade","floor":41},{"not_picked":["WhitesApple","NothingThere","BodiesMountain"],"picked":"Singing Bowl","floor":42},{"not_picked":["LoosenUp+1","BackAttack","GuardingStance+1","Standoff","BiAn","Thrust","UncannyStrike+1","BurningFlash","RatsGuideToSurvival+1"],"picked":"SKIP","floor":42},{"not_picked":["Mercenary","SpiderBud","GalaxyChild"],"picked":"Singing Bowl","floor":46},{"not_picked":["BlindFaith","Eliminate","QuickAttack","FierceOnslaught","SuppressingShot+1","FlashingStrike","Standoff","AsThePrescriptOrders","Rewind"],"picked":"SKIP","floor":46},{"not_picked":["BlindFaith","Eliminate","QuickAttack","FierceOnslaught","SuppressingShot+1","FlashingStrike","Standoff","AsThePrescriptOrders","Rewind"],"picked":"SKIP","floor":46},{"not_picked":["Woodsman","Murderer","SilentOrchestra"],"picked":"Singing Bowl","floor":47},{"not_picked":["EnergyStrike","GuardingStance","ViolentFlame","EmotionalTurbulence","ClassAndRespect","FleetFootsteps","EndlessBattle","UpbeatPerformance"],"picked":"NonstopAssault","floor":47},{"not_picked":["WhiteNight","CENSORED","NakedNest"],"picked":"Singing Bowl","floor":48},{"not_picked":["Pound+1","SerpentSwordTechnique+1","MultiBlock+1","FeelinGood","BlindFaith","FleetFootsteps+1","MultiHit+1","GuidanceOfTheGears+1"],"picked":"ChiWen","floor":48},{"not_picked":["SilentOrchestra","CENSORED","LaLuna"],"picked":"Singing Bowl","floor":55},{"not_picked":["UnavoidableGaze","SunsetBlade+1","Laceration","BackAttack+1","BlindFaith","Marionette","UndertakePrescript+1","StayCalm+1"],"picked":"ViolentFlame+1","floor":55}],"player_experience":597254,"relics_obtained":[{"floor":1.0,"key":"LetterFromLob"},{"floor":4.0,"key":"PageOfPorccubus"},{"floor":7,"key":"infinitespire:PuzzleCube"},{"floor":11,"key":"CCEMRelics:SpiritsEdge"},{"floor":12,"key":"CCEMRelics:HeirloomTomato"},{"floor":14,"key":"infinitespire:Beetle Shell"},{"floor":22,"key":"hubris:PeanutButter"},{"floor":23,"key":"Replay:WaspNest"},{"floor":25,"key":"hubris:SphereOfDissonance"},{"floor":26,"key":"MealTicket"},{"floor":31,"key":"Gremlin Food"},{"floor":32,"key":"CCEMRelics:FakeTeeth"},{"floor":35,"key":"AtMidnight"},{"floor":41,"key":"PageOfFreischutz"},{"floor":43,"key":"aspiration:ChemicalBlood"},{"floor":44,"key":"PageOfNothingThere"},{"floor":46,"key":"CCEMRelics:PowerPill"},{"floor":55,"key":"ReplayTheSpireMod:Shallot"}],"event_choices":[{"cards_removed":["GoldRush"],"damage_healed":0,"gold_gain":0,"player_choice":"Take \u0026 Give","damage_taken":0,"max_hp_gain":0,"max_hp_loss":0,"event_name":"betterNote:BetterNote","floor":20,"gold_loss":0,"cards_obtained":["GoldRush"]},{"damage_healed":0,"gold_gain":0,"player_choice":"Madness","damage_taken":0,"relics_obtained":["betterThird:NestCultRelic"],"max_hp_gain":0,"max_hp_loss":0,"event_name":"betterThird:BetterNest","floor":21,"gold_loss":0},{"damage_healed":0,"gold_gain":0,"player_choice":"Embrace Madness","damage_taken":21,"max_hp_gain":0,"max_hp_loss":0,"event_name":"Winding Halls","floor":38,"gold_loss":0,"cards_obtained":["Madness","Madness"]}],"is_beta":false,"boss_relics":[{"not_picked":["energizedSpire:CursedPentagram","ReplayTheSpireMod:DimensionalGlitch"],"picked":"CCEMRelics:TransientCore"},{"not_picked":["sneckomod:SneckoTalon","Busted Crown"],"picked":"aspiration:SecretTechniqueScroll"}],"items_purged_floors":[27],"is_endless":false,"potions_floor_spawned":[3,5,7,13,23,24,30,33,41,46,48,55],"ascension_level":1}}