{"host":"9l1knhxfturzliqa","time":1614306952,"event":{"mods":["AchievementEnabler","BaseMod","Colored Map","Colored Powertips","DeckTracker","Highlight Path","Keyboard Shortcuts","Minty Spire (QoL Compilation)","Random Character Button"],"gold_per_floor":[117,192,192,192,211,211,229,229,229,264,264,280,294,304,304,304,304],"floor_reached":16,"language":"KOR","playtime":704,"items_purged":[],"score":194,"play_id":"244acf05-0f24-4670-bbd3-5fd744199b4c","local_time":"20210226113552","is_ascension_mode":true,"campfire_choices":[{"data":"Mayhem","floor":6.0,"key":"SMITH"},{"data":"Zap","floor":8.0,"key":"SMITH"},{"floor":11.0,"key":"REST"},{"data":"Double Energy","floor":15.0,"key":"SMITH"}],"circlet_count":0,"master_deck":["AscendersBane","Strike_B","Strike_B","Strike_B","Defend_B","Defend_B","Defend_B","Defend_B","Zap+1","Dualcast","Mayhem+1","Glacier","Go for the Eyes","Double Energy+1","Chill","Chill"],"relics":["Cracked Core","Centennial Puzzle","Akabeko","Frozen Egg 2"],"acts_visited":["Exordium"],"potions_floor_usage":[16],"damage_taken":[{"damage":0.0,"enemies":"2 Louse","floor":1.0,"turns":2.0},{"damage":1.0,"enemies":"Small Slimes","floor":5.0,"turns":5.0},{"damage":0.0,"enemies":"Cultist","floor":7.0,"turns":4.0},{"damage":26.0,"enemies":"Gremlin Nob","floor":10.0,"turns":6.0},{"damage":2.0,"enemies":"Blue Slaver","floor":12.0,"turns":3.0},{"damage":0.0,"enemies":"Lots of Slimes","floor":13.0,"turns":5.0},{"damage":0.0,"enemies":"Large Slime","floor":14.0,"turns":6.0},{"damage":33,"enemies":"Hexaghost","floor":16,"turns":14}],"seed_played":"7550133881916110346","potions_obtained":[{"floor":7.0,"key":"Energy Potion"},{"floor":10.0,"key":"LiquidMemories"},{"floor":13.0,"key":"PotionOfCapacity"}],"is_trial":false,"path_per_floor":["M","?","?","?","M","R","M","R","T","E","R","M","M","M","R","B"],"character_chosen":"DEFECT","items_purchased":[],"campfire_rested":1,"item_purchase_floors":[],"current_hp_per_floor":[64,53,42,42,41,41,41,41,41,15,34,32,32,32,32,0,0],"gold":304,"neow_bonus":"RANDOM_COLORLESS_2","is_daily":false,"chose_seed":false,"campfire_upgraded":3,"win_rate":0.0,"timestamp":1614306952,"path_taken":["M","?","?","?","M","R","M","R","T","E","R","M","M","M","R","BOSS"],"items_purchased_type":[],"build_version":"2020-12-22","purchased_purges":0,"victory":false,"max_hp_per_floor":[64,64,64,64,64,64,64,64,64,64,64,64,64,64,64,64,64],"card_choices":[{"not_picked":["Thinking Ahead","Transmutation"],"picked":"Mayhem","floor":0.0},{"not_picked":["Static Discharge","Fusion"],"picked":"Glacier","floor":1.0},{"not_picked":["Skim","Conserve Battery"],"picked":"Go for the Eyes","floor":5.0},{"not_picked":["Go for the Eyes","Beam Cell"],"picked":"Double Energy","floor":7.0},{"not_picked":["Recycle","Hello World+1","Beam Cell"],"picked":"SKIP","floor":10.0},{"not_picked":["Tempest","Undo"],"picked":"Chill","floor":12.0},{"not_picked":["Rebound","Ball Lightning","Leap"],"picked":"SKIP","floor":13.0},{"not_picked":["Steam","Recycle"],"picked":"Chill","floor":14.0}],"player_experience":747079,"relics_obtained":[{"floor":9.0,"key":"Akabeko"},{"floor":10.0,"key":"Frozen Egg 2"}],"event_choices":[{"damage_healed":0.0,"max_hp_gain":0.0,"max_hp_loss":0.0,"gold_gain":75.0,"event_name":"World of Goop","player_choice":"Gather Gold","floor":2.0,"gold_loss":0.0,"damage_taken":11.0},{"damage_healed":0.0,"max_hp_gain":0.0,"max_hp_loss":0.0,"gold_gain":0.0,"event_name":"Scrap Ooze","player_choice":"Success","floor":3.0,"gold_loss":0.0,"damage_taken":11.0,"relics_obtained":["Centennial Puzzle"]},{"cards_removed":["Strike_B"],"damage_healed":0.0,"max_hp_gain":0.0,"max_hp_loss":0.0,"gold_gain":0.0,"event_name":"Wheel of Change","player_choice":"Card Removal","floor":4.0,"gold_loss":0.0,"damage_taken":0.0}],"is_beta":false,"boss_relics":[],"items_purged_floors":[],"is_endless":false,"potions_floor_spawned":[7,10,13],"killed_by":"Hexaghost","ascension_level":18}}