{"host":"yx5rao87132cy5xq","time":1614380024,"event":{"mods":["2.2 Compatiblity","AchievementEnabler","BaseMod","Bestiary","Colored Map","Colored Powertips","Highlight Path","Minty Spire (QoL Compilation)","Quick Restart","Relic Stats","Slay-I","SuperFastMode"],"gold_per_floor":[110,185,150,167,186,186,211,221,221,254,267,285,285,302,302,400,400,386,2,16,16,16,51,51,64,64,98,118,128,128,162,162,268,268,285,308,331,5,5,5,5,5,53,53,90,100,113,145,145,145],"floor_reached":51,"language":"ENG","playtime":3358,"items_purged":["Strike_G"],"score":984,"play_id":"b1978130-5d6d-41f7-9d44-a4b1608d1fc8","local_time":"20210226235344","is_ascension_mode":true,"campfire_choices":[{"data":"Noxious Fumes","floor":6.0,"key":"SMITH"},{"floor":13.0,"key":"REST"},{"data":"Crippling Poison","floor":15.0,"key":"SMITH"},{"data":"Blur","floor":24.0,"key":"SMITH"},{"data":"Deflect","floor":30.0,"key":"SMITH"},{"floor":32.0,"key":"REST"},{"data":"After Image","floor":40.0,"key":"SMITH"},{"data":"A Thousand Cuts","floor":42.0,"key":"SMITH"},{"data":"Catalyst","floor":44.0,"key":"SMITH"},{"data":"Deflect","floor":49.0,"key":"SMITH"}],"circlet_count":0,"master_deck":["Strike_G","Defend_G","Defend_G","Defend_G","Defend_G","Defend_G","Survivor","Neutralize","Noxious Fumes+1","Poisoned Stab","Crippling Poison+1","Leg Sweep","Quick Slash","Footwork","Blade Dance","Dagger Spray","Blur+1","Crippling Poison","Bullet Time","Escape Plan+1","Noxious Fumes+1","Envenom+1","Blade Dance+1","Blur","Footwork","Deflect+1","Deflect+1","PiercingWail+1","Deadly Poison+1","Deflect","After Image+1","A Thousand Cuts+1","Catalyst+1","PiercingWail","Leg Sweep+1","Catalyst+1"],"relics":["Ring of the Snake","Thread and Needle","Omamori","Pantograph","Prayer Wheel","Astrolabe","Regal Pillow","DollysMirror","Letter Opener","Snake Skull","Potion Belt","CeramicFish","SlaversCollar","MawBank","Lee\u0027s Waffle","Lantern","Vajra"],"acts_visited":["Exordium","TheCity","TheBeyond"],"potions_floor_usage":[50,50,50],"damage_taken":[{"damage":0.0,"enemies":"Cultist","floor":1.0,"turns":4.0},{"damage":0.0,"enemies":"2 Louse","floor":4.0,"turns":3.0},{"damage":0.0,"enemies":"Jaw Worm","floor":5.0,"turns":4.0},{"damage":28.0,"enemies":"3 Sentries","floor":7.0,"turns":6.0},{"damage":0.0,"enemies":"Red Slaver","floor":8.0,"turns":5.0},{"damage":7.0,"enemies":"Lagavulin","floor":10.0,"turns":7.0},{"damage":17.0,"enemies":"3 Louse","floor":11.0,"turns":5.0},{"damage":0.0,"enemies":"Large Slime","floor":12.0,"turns":5.0},{"damage":12.0,"enemies":"Exordium Thugs","floor":14.0,"turns":5.0},{"damage":22.0,"enemies":"The Guardian","floor":16.0,"turns":9.0},{"damage":15.0,"enemies":"2 Thieves","floor":18.0,"turns":5.0},{"damage":1.0,"enemies":"Shell Parasite","floor":20.0,"turns":6.0},{"damage":33.0,"enemies":"Slavers","floor":23.0,"turns":4.0},{"damage":0.0,"enemies":"Snake Plant","floor":25.0,"turns":5.0},{"damage":17.0,"enemies":"Gremlin Leader","floor":27.0,"turns":6.0},{"damage":0.0,"enemies":"Snecko","floor":28.0,"turns":5.0},{"damage":1.0,"enemies":"Sentry and Sphere","floor":29.0,"turns":4.0},{"damage":2.0,"enemies":"Book of Stabbing","floor":31.0,"turns":5.0},{"damage":50.0,"enemies":"Automaton","floor":33.0,"turns":10.0},{"damage":0.0,"enemies":"3 Shapes","floor":35.0,"turns":5.0},{"damage":7.0,"enemies":"Orb Walker","floor":36.0,"turns":4.0},{"damage":12.0,"enemies":"Nemesis","floor":45.0,"turns":7.0},{"damage":7.0,"enemies":"Jaw Worm Horde","floor":46.0,"turns":5.0},{"damage":0.0,"enemies":"3 Darklings","floor":47.0,"turns":5.0},{"damage":7.0,"enemies":"Maw","floor":48.0,"turns":7.0},{"damage":16,"enemies":"Donu and Deca","floor":50,"turns":9}],"seed_played":"-4209135736909736520","potions_obtained":[{"floor":1.0,"key":"FearPotion"},{"floor":5.0,"key":"Regen Potion"},{"floor":7.0,"key":"Fire Potion"},{"floor":10.0,"key":"Ancient Potion"},{"floor":12.0,"key":"Poison Potion"},{"floor":14.0,"key":"Poison Potion"},{"floor":18.0,"key":"PowerPotion"},{"floor":25.0,"key":"LiquidMemories"},{"floor":28.0,"key":"ColorlessPotion"},{"floor":29.0,"key":"Dexterity Potion"},{"floor":36.0,"key":"SkillPotion"},{"floor":41.0,"key":"GhostInAJar"},{"floor":41.0,"key":"EssenceOfSteel"}],"is_trial":false,"path_per_floor":["M","?","?","M","M","R","E","M","T","E","M","M","R","M","R","B",null,"M","$","M","?","$","E","R","M","T","E","M","M","R","E","R","B",null,"M","M","T","$","?","R","?","R","T","R","E","M","M","M","R","B",null],"character_chosen":"THE_SILENT","items_purchased":["Regal Pillow","DollysMirror","Footwork","Catalyst","Lee\u0027s Waffle","AttackPotion"],"campfire_rested":2,"item_purchase_floors":[19,19,19,38,38,38],"current_hp_per_floor":[45,34,51,51,51,51,38,38,38,31,14,14,35,23,23,26,59,44,44,43,80,80,47,47,47,47,30,30,29,29,27,66,30,68,68,61,61,87,87,87,87,87,87,87,75,68,68,61,61,70],"gold":145,"neow_bonus":"ONE_RARE_RELIC","is_daily":false,"chose_seed":false,"campfire_upgraded":8,"win_rate":0.0,"timestamp":1614380024,"path_taken":["M","?","?","M","M","R","E","M","T","E","M","M","R","M","R","BOSS","M","$","M","?","$","E","R","M","T","E","M","M","R","E","R","BOSS","M","M","?","$","?","R","?","R","T","R","E","?","M","M","R","BOSS"],"items_purchased_type":["Relic","Relic","Card","Card","Relic","Potion"],"build_version":"2020-12-22","purchased_purges":1,"victory":true,"max_hp_per_floor":[70,70,70,70,70,70,70,70,70,70,70,70,70,70,70,70,70,70,70,70,80,80,80,80,80,80,80,80,80,80,80,80,80,80,80,80,80,87,87,87,87,87,87,87,87,87,87,87,87,87],"relic_stats":{"Regal Pillow":15,"Lee\u0027s Waffle":26,"counters":[26,145],"Pantograph":64,"Astrolabe":["Escape Plan","Noxious Fumes","Envenom"],"CeramicFish":54,"Prayer Wheel":13,"Snake Skull":[163],"Letter Opener":[206],"MawBank":12,"obtain_stats":[{"Potion Belt":27,"Regal Pillow":19,"Lee\u0027s Waffle":38,"Lantern":43,"Astrolabe":17,"CeramicFish":31,"Vajra":45,"Thread and Needle":0,"Snake Skull":26,"Omamori":7,"Letter Opener":23,"MawBank":37,"SlaversCollar":34,"DollysMirror":19,"Pantograph":9,"Prayer Wheel":10,"Ring of the Snake":0},{"Potion Belt":15,"Regal Pillow":11,"Lee\u0027s Waffle":21,"Lantern":21,"Astrolabe":10,"CeramicFish":18,"Vajra":22,"Thread and Needle":0,"Snake Skull":14,"Omamori":4,"Letter Opener":13,"MawBank":21,"SlaversCollar":19,"DollysMirror":11,"Pantograph":5,"Prayer Wheel":6,"Ring of the Snake":0},{"Potion Belt":79,"Regal Pillow":58,"Lee\u0027s Waffle":112,"Lantern":112,"Astrolabe":53,"CeramicFish":93,"Vajra":119,"Thread and Needle":0,"Snake Skull":73,"Omamori":17,"Letter Opener":68,"MawBank":112,"SlaversCollar":103,"DollysMirror":58,"Pantograph":22,"Prayer Wheel":29,"Ring of the Snake":0}],"Ring of the Snake":[52]},"card_choices":[{"not_picked":["Skewer","Flying Knee"],"picked":"Noxious Fumes","floor":1.0},{"not_picked":["Blur","Acrobatics"],"picked":"Poisoned Stab","floor":4.0},{"not_picked":["Backflip","Footwork"],"picked":"Crippling Poison","floor":5.0},{"not_picked":["Skewer","Flechettes"],"picked":"Leg Sweep","floor":7.0},{"not_picked":["Outmaneuver","Dagger Throw"],"picked":"Quick Slash","floor":8.0},{"not_picked":["PiercingWail","Eviscerate"],"picked":"Footwork","floor":10.0},{"not_picked":["Expertise","Dodge and Roll"],"picked":"Blade Dance","floor":11.0},{"not_picked":["Underhanded Strike","Masterful Stab"],"picked":"Dagger Spray","floor":11.0},{"not_picked":["Backflip","Sucker Punch"],"picked":"Unload","floor":12.0},{"not_picked":["Calculated Gamble","Leg Sweep","Choke"],"picked":"SKIP","floor":12.0},{"not_picked":["Bouncing Flask","Sucker Punch"],"picked":"Blur","floor":14.0},{"not_picked":["Slice","Masterful Stab"],"picked":"Crippling Poison","floor":14.0},{"not_picked":["Burst","Adrenaline"],"picked":"Bullet Time","floor":16.0},{"not_picked":["Masterful Stab","Reflex"],"picked":"Blade Dance+1","floor":18.0},{"not_picked":["Calculated Gamble","Setup","Outmaneuver"],"picked":"SKIP","floor":18.0},{"not_picked":["Blade Dance","Poisoned Stab"],"picked":"Deflect","floor":20.0},{"not_picked":["Dagger Spray","Backstab+1"],"picked":"Deflect","floor":20.0},{"not_picked":["Dash","Accuracy"],"picked":"PiercingWail+1","floor":23.0},{"not_picked":["Bane","Sucker Punch"],"picked":"Deadly Poison+1","floor":25.0},{"not_picked":["Grand Finale","Setup","Prepared"],"picked":"SKIP","floor":25.0},{"not_picked":["Bane+1","Acrobatics","Doppelganger"],"picked":"SKIP","floor":27.0},{"not_picked":["Backflip","Sucker Punch","Bane"],"picked":"SKIP","floor":28.0},{"not_picked":["Underhanded Strike","Flying Knee","Tactician"],"picked":"SKIP","floor":28.0},{"not_picked":["Eviscerate","Outmaneuver"],"picked":"Deflect","floor":29.0},{"not_picked":["Bane","Deadly Poison","Slice+1"],"picked":"SKIP","floor":29.0},{"not_picked":["Quick Slash","Eviscerate","Masterful Stab"],"picked":"SKIP","floor":31.0},{"not_picked":["Unload","Storm of Steel"],"picked":"After Image","floor":33.0},{"not_picked":["Sucker Punch","Underhanded Strike","Slice"],"picked":"SKIP","floor":35.0},{"not_picked":["Outmaneuver","Infinite Blades+1","Dagger Spray+1"],"picked":"SKIP","floor":35.0},{"not_picked":["Bane+1","Dagger Spray+1"],"picked":"A Thousand Cuts","floor":36.0},{"not_picked":["Bane","Sucker Punch","Well Laid Plans"],"picked":"SKIP","floor":36.0},{"not_picked":["Riddle With Holes+1","Underhanded Strike+1"],"picked":"PiercingWail","floor":45.0},{"not_picked":["Outmaneuver","Underhanded Strike+1","Bane+1"],"picked":"SKIP","floor":46.0},{"not_picked":["Outmaneuver","Caltrops+1","PiercingWail+1"],"picked":"SKIP","floor":46.0},{"not_picked":["Sucker Punch","Distraction","Finisher+1"],"picked":"SKIP","floor":47.0},{"not_picked":["Masterful Stab","Riddle With Holes","All Out Attack"],"picked":"SKIP","floor":47.0},{"not_picked":["Slice","Escape Plan+1"],"picked":"Leg Sweep+1","floor":48.0},{"not_picked":["Deflect+1","Acrobatics"],"picked":"Catalyst+1","floor":48.0}],"player_experience":1219818,"relics_obtained":[{"floor":7.0,"key":"Omamori"},{"floor":9.0,"key":"Pantograph"},{"floor":10.0,"key":"Prayer Wheel"},{"floor":23.0,"key":"Letter Opener"},{"floor":26.0,"key":"Snake Skull"},{"floor":27.0,"key":"Potion Belt"},{"floor":31.0,"key":"CeramicFish"},{"floor":37.0,"key":"MawBank"},{"floor":43.0,"key":"Lantern"},{"floor":45.0,"key":"Vajra"}],"event_choices":[{"damage_healed":0.0,"max_hp_gain":0.0,"max_hp_loss":0.0,"gold_gain":75.0,"event_name":"World of Goop","player_choice":"Gather Gold","floor":2.0,"gold_loss":0.0,"damage_taken":11.0},{"damage_healed":17.0,"max_hp_gain":0.0,"max_hp_loss":0.0,"gold_gain":0.0,"event_name":"The Cleric","player_choice":"Healed","floor":3.0,"gold_loss":35.0,"damage_taken":0.0},{"cards_removed":["Unload"],"damage_healed":27.0,"max_hp_gain":10.0,"max_hp_loss":0.0,"gold_gain":0.0,"event_name":"Bonfire Elementals","player_choice":"Offered Rare","floor":21.0,"gold_loss":0.0,"damage_taken":0.0},{"damage_healed":0.0,"max_hp_gain":0.0,"max_hp_loss":0.0,"gold_gain":0.0,"event_name":"Mysterious Sphere","player_choice":"Ignored","floor":39.0,"gold_loss":0.0,"damage_taken":0.0},{"damage_healed":0.0,"max_hp_gain":0.0,"max_hp_loss":0.0,"gold_gain":0.0,"event_name":"Lab","player_choice":"Got Potions","floor":41.0,"gold_loss":0.0,"damage_taken":0.0}],"is_beta":false,"boss_relics":[{"not_picked":["Fusion Hammer","WristBlade"],"picked":"Astrolabe"},{"not_picked":["Snecko Eye","Tiny House"],"picked":"SlaversCollar"}],"items_purged_floors":[38],"is_endless":false,"potions_floor_spawned":[1,5,7,10,12,14,18,25,28,29,36,47,48],"ascension_level":6}}