{"host":"36t3qd3wjvajtu1z","time":1614309002,"event":{"mods":["2.2 Compatiblity","AchievementEnabler","BaseMod","Bestiary","Block Reminder","Colored Powertips","Curses Come First","Filter the Spire","Highlight Path","Minty Spire (QoL Compilation)","Permanent Neow","Quick Restart","Random Character Button","Rare Cards Sparkle","Relic Stats","Slay-I","StSLib","Unknown Chances"],"gold_per_floor":[117,135,153,153,153,153,188,188,188,224,224,237,13,33,33,127,127,147,171,171,192,192,192],"floor_reached":22,"language":"ENG","playtime":983,"items_purged":[],"score":467,"play_id":"169d9c1d-bd6e-4cda-8eb4-e090f785204e","local_time":"20210225191002","is_ascension_mode":true,"campfire_choices":[{"data":"Sweeping Beam","floor":6,"key":"SMITH"},{"data":"Reprogram","floor":8,"key":"SMITH"},{"data":"Leap","floor":11,"key":"SMITH"},{"floor":15,"key":"REST"}],"circlet_count":0,"master_deck":["AscendersBane","Strike_B","Strike_B","Strike_B","Defend_B","Defend_B","Defend_B","Defend_B","Sweeping Beam+1","Ball Lightning","Reprogram+1","Leap+1","Reinforced Body","Gash","Meteor Strike","Capacitor","Thunder Strike"],"relics":["Cracked Core","Golden Idol","Bottled Flame","Ancient Tea Set","Blue Candle","Nunchaku","Busted Crown"],"acts_visited":["Exordium","TheCity"],"potions_floor_usage":[7,10,16,21,22],"damage_taken":[{"damage":1,"enemies":"Cultist","floor":1,"turns":3},{"damage":4,"enemies":"Small Slimes","floor":2,"turns":4},{"damage":6,"enemies":"2 Louse","floor":3,"turns":3},{"damage":25,"enemies":"3 Sentries","floor":7,"turns":6},{"damage":9,"enemies":"Lagavulin","floor":10,"turns":9},{"damage":4,"enemies":"Exordium Wildlife","floor":12,"turns":4},{"damage":0,"enemies":"Looter","floor":14,"turns":4},{"damage":0,"enemies":"Slime Boss","floor":16,"turns":13},{"damage":14,"enemies":"Spheric Guardian","floor":18,"turns":7},{"damage":28,"enemies":"3 Byrds","floor":19,"turns":7},{"damage":7,"enemies":"Snake Plant","floor":21,"turns":6},{"damage":0,"enemies":"Centurion and Healer","floor":22,"turns":1}],"seed_played":"8031996148853885102","potions_obtained":[{"floor":1,"key":"PowerPotion"},{"floor":2,"key":"Dexterity Potion"},{"floor":12,"key":"DuplicationPotion"},{"floor":16,"key":"EssenceOfDarkness"},{"floor":21,"key":"Energy Potion"}],"is_trial":false,"path_per_floor":["M","M","M","?","?","R","E","R","T","E","R","M","$","M","R","B",null,"M","M","?","M","M"],"character_chosen":"DEFECT","items_purchased":["Nunchaku","Gash"],"campfire_rested":1,"item_purchase_floors":[13,13],"current_hp_per_floor":[63,59,53,46,46,46,21,21,21,12,12,8,8,8,27,27,55,41,13,13,6,6,6],"gold":192,"neow_bonus":"UPGRADE_CARD","is_daily":false,"chose_seed":false,"campfire_upgraded":3,"win_rate":0.0,"timestamp":1614309002,"path_taken":["M","M","M","?","?","R","E","R","T","E","R","M","$","M","R","BOSS","M","M","?","M","M"],"items_purchased_type":["Relic","Card"],"build_version":"2020-12-22","purchased_purges":0,"victory":false,"max_hp_per_floor":[71,71,71,71,64,64,64,64,64,64,64,64,64,64,64,64,64,64,64,64,64,64,64],"relic_stats":{"Nunchaku":[5],"Busted Crown":6,"counters":[12,67],"Golden Idol":53,"Blue Candle":[0],"obtain_stats":[{"Bottled Flame":7,"Nunchaku":13,"Busted Crown":17,"Golden Idol":5,"Blue Candle":10,"Cracked Core":0,"Ancient Tea Set":9},{"Bottled Flame":4,"Nunchaku":6,"Busted Crown":8,"Golden Idol":3,"Blue Candle":5,"Cracked Core":0,"Ancient Tea Set":4},{"Bottled Flame":16,"Nunchaku":29,"Busted Crown":46,"Golden Idol":10,"Blue Candle":25,"Cracked Core":0,"Ancient Tea Set":16}]},"card_choices":[{"not_picked":["Stack","Auto Shields","Fusion"],"picked":"SKIP","floor":1},{"not_picked":["Compile Driver","Barrage"],"picked":"Sweeping Beam","floor":2},{"not_picked":["Redo","Conserve Battery"],"picked":"Ball Lightning","floor":3},{"not_picked":["Loop","Storm"],"picked":"Reprogram","floor":7},{"not_picked":["Force Field","Genetic Algorithm"],"picked":"Leap","floor":10},{"not_picked":["Capacitor","Cold Snap"],"picked":"Reinforced Body","floor":12},{"not_picked":["White Noise","Consume","Streamline"],"picked":"SKIP","floor":14},{"not_picked":["Seek","Electrodynamics"],"picked":"Meteor Strike","floor":16},{"not_picked":["Consume"],"picked":"SKIP","floor":18},{"not_picked":["Barrage"],"picked":"SKIP","floor":19},{"not_picked":["Coolheaded"],"picked":"SKIP","floor":21}],"player_experience":620659,"relics_obtained":[{"floor":7,"key":"Bottled Flame"},{"floor":9,"key":"Ancient Tea Set"},{"floor":10,"key":"Blue Candle"}],"event_choices":[{"cards_removed":["Strike_B"],"damage_healed":0,"gold_gain":0,"player_choice":"Card Removal","damage_taken":7,"max_hp_gain":0,"max_hp_loss":0,"event_name":"Golden Wing","floor":4,"gold_loss":0},{"damage_healed":0,"gold_gain":0,"player_choice":"Lose Max HP","damage_taken":0,"relics_obtained":["Golden Idol"],"max_hp_gain":0,"max_hp_loss":7,"event_name":"Golden Idol","floor":5,"gold_loss":0},{"damage_healed":0,"gold_gain":0,"cards_transformed":["Zap","Dualcast"],"player_choice":"Became Test Subject","damage_taken":0,"max_hp_gain":0,"max_hp_loss":0,"event_name":"Drug Dealer","floor":20,"gold_loss":0,"cards_obtained":["Capacitor","Thunder Strike"]}],"is_beta":false,"boss_relics":[{"not_picked":["Runic Dome","Cursed Key"],"picked":"Busted Crown"}],"items_purged_floors":[],"is_endless":false,"potions_floor_spawned":[1,2,12,16,21],"killed_by":"Centurion and Healer","ascension_level":18}}