{"host":"p9fmk1zxjhqthrxg","time":1614305782,"event":{"mods":["BaseMod","Bestiary","Colored Map","Colored Powertips","Highlight Path","Minty Spire (QoL Compilation)","Random Character Button","Rare Cards Sparkle","StSLib"],"gold_per_floor":[114,129,22,22,22,60,60,98,148,186,186,186,186,205,205,330,330,349,368,387,387,387,425,425,425,425],"floor_reached":25,"language":"ENG","playtime":1039,"items_purged":[],"score":262,"play_id":"77f40519-115b-450b-864f-e84ea5785d4a","local_time":"20210225201622","daily_mods":["Chimera","Time Dilation","Elite Swarm"],"is_ascension_mode":false,"campfire_choices":[{"data":"Bash","floor":7,"key":"SMITH"},{"floor":12,"key":"REST"},{"floor":15,"key":"REST"},{"floor":24,"key":"REST"}],"circlet_count":0,"master_deck":["Bash+1","Survivor+1","Zap","Strike_R","Strike_G","Strike_B","Defend_R","Defend_G","Defend_P","Hologram","Sweeping Beam","Doom and Gloom+1","Turbo","Hologram","Injury","All For One","Hyperbeam","Meteor Strike","Beam Cell","Echo Form","CurseOfTheBell","Fusion","Redo","Steam","Ghostly","Ghostly","Ghostly","Ghostly","Ghostly","Echo Form","Creative AI"],"relics":["Cracked Core","Golden Idol","Bag of Preparation","Happy Flower","Potion Belt","Bag of Marbles","Calling Bell","Akabeko","Question Card","Gambling Chip","CaptainsWheel"],"acts_visited":["Exordium","TheCity"],"potions_floor_usage":[6,10],"damage_taken":[{"damage":0,"enemies":"2 Louse","floor":1,"turns":2},{"damage":0,"enemies":"Small Slimes","floor":2,"turns":3},{"damage":24,"enemies":"Gremlin Nob","floor":6,"turns":4},{"damage":25,"enemies":"3 Sentries","floor":8,"turns":5},{"damage":18,"enemies":"Gremlin Nob","floor":10,"turns":3},{"damage":8,"enemies":"Jaw Worm","floor":14,"turns":2},{"damage":55,"enemies":"The Guardian","floor":16,"turns":8},{"damage":0,"enemies":"Spheric Guardian","floor":18,"turns":2},{"damage":0,"enemies":"Shell Parasite","floor":19,"turns":1},{"damage":10,"enemies":"Cultist and Chosen","floor":20,"turns":2},{"damage":26,"enemies":"Book of Stabbing","floor":23,"turns":6},{"damage":27,"enemies":"Slavers","floor":25,"turns":1}],"seed_played":"4728103701414758894","potions_obtained":[{"floor":2,"key":"SteroidPotion"},{"floor":6,"key":"Fruit Juice"},{"floor":10,"key":"CultistPotion"},{"floor":18,"key":"ColorlessPotion"},{"floor":20,"key":"BlessingOfTheForge"},{"floor":23,"key":"DuplicationPotion"}],"is_trial":false,"path_per_floor":["M","M","$","?","?","E","R","E","T","E","?","R","?","M","R","B",null,"M","M","M","?","?","E","R","E"],"character_chosen":"DEFECT","items_purchased":["Doom and Gloom","Turbo"],"campfire_rested":3,"item_purchase_floors":[3,3],"current_hp_per_floor":[75,75,75,75,75,56,56,31,31,13,39,63,47,39,63,8,80,80,80,70,40,40,14,26,0,0],"gold":425,"neow_bonus":"","is_daily":true,"chose_seed":false,"campfire_upgraded":1,"win_rate":0.0,"timestamp":1614305782,"path_taken":["M","M","$","?","?","E","R","E","T","E","?","R","?","?","R","BOSS","M","M","M","?","?","E","R","E"],"items_purchased_type":["Card","Card"],"build_version":"2020-12-22","purchased_purges":0,"victory":false,"max_hp_per_floor":[75,75,75,75,75,80,80,80,80,80,80,80,80,80,80,80,80,80,80,80,40,40,40,40,40,40],"card_choices":[{"not_picked":["Go for the Eyes","Skim"],"picked":"Hologram","floor":1},{"not_picked":["Redo","Ball Lightning"],"picked":"Sweeping Beam","floor":2},{"not_picked":["Reboot","Meteor Strike"],"picked":"All For One","floor":6},{"not_picked":["Machine Learning","Biased Cognition"],"picked":"Hyperbeam","floor":8},{"not_picked":["Multi-Cast","Electrodynamics"],"picked":"Meteor Strike","floor":10},{"not_picked":["BootSequence","Redo"],"picked":"Beam Cell","floor":14},{"not_picked":["All For One","Buffer"],"picked":"Echo Form","floor":16},{"not_picked":["Melter","Cold Snap","Heatsinks"],"picked":"Fusion","floor":18},{"not_picked":["Conserve Battery","Barrage","Reinforced Body"],"picked":"Redo","floor":19},{"not_picked":["Stack+1","Beam Cell","Scrape"],"picked":"Steam","floor":20},{"not_picked":["Fission","Machine Learning","Rainbow"],"picked":"Creative AI","floor":23}],"player_experience":160254,"relics_obtained":[{"floor":6,"key":"Bag of Preparation"},{"floor":8,"key":"Happy Flower"},{"floor":9,"key":"Potion Belt"},{"floor":10,"key":"Bag of Marbles"},{"floor":17,"key":"Akabeko"},{"floor":17,"key":"Question Card"},{"floor":17,"key":"Gambling Chip"},{"floor":23,"key":"CaptainsWheel"}],"event_choices":[{"damage_healed":0,"gold_gain":0,"cards_transformed":["Eruption"],"player_choice":"Change","damage_taken":0,"max_hp_gain":0,"max_hp_loss":0,"event_name":"Living Wall","floor":4,"gold_loss":0,"cards_obtained":["Hologram"]},{"damage_healed":0,"gold_gain":0,"player_choice":"Take Wound","damage_taken":0,"relics_obtained":["Golden Idol"],"max_hp_gain":0,"max_hp_loss":0,"event_name":"Golden Idol","floor":5,"gold_loss":0,"cards_obtained":["Injury"]},{"damage_healed":26,"gold_gain":0,"player_choice":"Banana","damage_taken":0,"max_hp_gain":0,"max_hp_loss":0,"event_name":"Big Fish","floor":11,"gold_loss":0},{"damage_healed":0,"gold_gain":0,"player_choice":"Entered Light","damage_taken":16,"max_hp_gain":0,"max_hp_loss":0,"event_name":"Shining Light","floor":13,"gold_loss":0,"cards_upgraded":["Survivor","Doom and Gloom"]},{"damage_healed":0,"gold_gain":0,"player_choice":"Became a Ghost","damage_taken":0,"max_hp_gain":0,"max_hp_loss":40,"event_name":"Ghosts","floor":21,"gold_loss":0,"cards_obtained":["Ghostly","Ghostly","Ghostly","Ghostly","Ghostly"]},{"damage_healed":0,"gold_gain":0,"player_choice":"Read","damage_taken":0,"max_hp_gain":0,"max_hp_loss":0,"event_name":"The Library","floor":22,"gold_loss":0,"cards_obtained":["Echo Form"]}],"is_beta":false,"boss_relics":[{"not_picked":["Runic Dome","Coffee Dripper"],"picked":"Calling Bell"}],"items_purged_floors":[],"is_endless":false,"potions_floor_spawned":[2,6,10,18,20,23],"killed_by":"Slavers","ascension_level":0}}