{"host":"prxrhpgaxnj4om9r","time":1614303731,"event":{"mods":["AchievementEnabler","BaseMod","Colored Map","DeckTracker","Keyboard Shortcuts","Minty Spire (QoL Compilation)"],"gold_per_floor":[117,117,117,131,146,146,163,163,217,243,87,98,131,148,148,251,251,266,276,26,46,46,46,46,71,95,95,110,110,125,139,139,139,139],"floor_reached":33,"language":"KOR","playtime":1043,"items_purged":[],"score":354,"play_id":"8916e6eb-3be8-4930-a82b-afd5926e6205","local_time":"20210226104211","is_ascension_mode":false,"campfire_choices":[{"data":"Eruption","floor":6,"key":"SMITH"},{"floor":8,"key":"REST"},{"data":"PathToVictory","floor":15,"key":"SMITH"},{"floor":23,"key":"RECALL"},{"data":"ForeignInfluence","floor":27,"key":"SMITH"},{"floor":32,"key":"REST"}],"circlet_count":0,"master_deck":["Eruption+1","Vigilance","PathToVictory","FearNoEvil","Consecrate","PathToVictory+1","FlurryOfBlows","WheelKick","Halt","FollowUp","Vault","Scrawl","Tantrum","Crescendo","CrushJoints","WheelKick","LikeWater","Conclude","Evaluate","CutThroughFate","MentalFortress+1","ClearTheMind","ForeignInfluence+1","Indignation","CarveReality","LessonLearned","Nirvana+1","PathToVictory","EmptyFist+1"],"relics":["PureWater","Pen Nib","Omamori","MealTicket","Bag of Preparation","Happy Flower","Prayer Wheel","Pandora\u0027s Box","TeardropLocket","PreservedInsect","Calipers","Anchor","Enchiridion"],"acts_visited":["Exordium","TheCity"],"potions_floor_usage":[7,16,16,21,31,33],"damage_taken":[{"damage":5,"enemies":"Small Slimes","floor":1,"turns":3},{"damage":0,"enemies":"Cultist","floor":4,"turns":2},{"damage":0,"enemies":"2 Louse","floor":5,"turns":2},{"damage":14,"enemies":"Exordium Thugs","floor":7,"turns":3},{"damage":12,"enemies":"Gremlin Nob","floor":10,"turns":3},{"damage":0,"enemies":"2 Fungi Beasts","floor":12,"turns":2},{"damage":19,"enemies":"3 Sentries","floor":13,"turns":5},{"damage":0,"enemies":"Exordium Wildlife","floor":14,"turns":2},{"damage":0,"enemies":"Slime Boss","floor":16,"turns":2},{"damage":12,"enemies":"Shell Parasite","floor":18,"turns":2},{"damage":8,"enemies":"Chosen","floor":19,"turns":2},{"damage":0,"enemies":"3 Cultists","floor":21,"turns":2},{"damage":0,"enemies":"Gremlin Leader","floor":25,"turns":1},{"damage":0,"enemies":"Snake Plant","floor":28,"turns":1},{"damage":0,"enemies":"Snecko","floor":30,"turns":1},{"damage":3,"enemies":"Shelled Parasite and Fungi","floor":31,"turns":3},{"damage":132,"enemies":"Automaton","floor":33,"turns":7}],"seed_played":"-5680742868383331378","potions_obtained":[{"floor":4,"key":"BlessingOfTheForge"},{"floor":5,"key":"AttackPotion"},{"floor":10,"key":"BottledMiracle"},{"floor":13,"key":"Strength Potion"},{"floor":18,"key":"DuplicationPotion"},{"floor":19,"key":"DuplicationPotion"}],"is_trial":false,"path_per_floor":["M","?","?","M","M","R","M","R","T","E","$","M","E","M","R","B",null,"M","M","$","M","?","R","T","E","T","R","M","?","M","M","R","B"],"character_chosen":"WATCHER","items_purchased":["Happy Flower","TeardropLocket"],"campfire_rested":2,"item_purchase_floors":[11,20],"current_hp_per_floor":[67,64,64,64,64,64,50,71,71,59,72,72,53,53,53,53,72,60,52,67,67,67,67,67,67,67,67,67,51,51,48,69,0,0],"gold":139,"neow_bonus":"RANDOM_COMMON_RELIC","is_daily":false,"chose_seed":false,"campfire_upgraded":3,"win_rate":0.0,"timestamp":1614303731,"path_taken":["M","?","?","?","M","R","M","R","T","E","?","M","E","M","R","BOSS","M","M","$","M","?","R","?","E","T","R","M","?","M","?","R","BOSS"],"items_purchased_type":["Relic","Relic"],"build_version":"2020-12-22","purchased_purges":0,"victory":false,"max_hp_per_floor":[72,72,72,72,72,72,72,72,72,72,72,72,72,72,72,72,72,72,72,72,72,72,72,72,72,72,72,72,72,72,72,72,72,72],"card_choices":[{"not_picked":["ThirdEye","ClearTheMind"],"picked":"PathToVictory","floor":1},{"not_picked":["Collect","Worship"],"picked":"FearNoEvil","floor":4},{"not_picked":["Wallop","CrushJoints"],"picked":"Consecrate","floor":5},{"not_picked":["EmptyBody","FollowUp"],"picked":"PathToVictory","floor":7},{"not_picked":["FlyingSleeves","ClearTheMind"],"picked":"FlurryOfBlows","floor":10},{"not_picked":["Vengeance","SpiritShield"],"picked":"WheelKick","floor":12},{"not_picked":["CrushJoints","EmptyFist"],"picked":"Halt","floor":13},{"not_picked":["EmptyBody","EmptyFist"],"picked":"FollowUp","floor":14},{"not_picked":["Pray","Consecrate"],"picked":"CrushJoints","floor":14},{"not_picked":["Brilliance","SpiritShield"],"picked":"Vault","floor":16},{"not_picked":["ClearTheMind","Study+1"],"picked":"Evaluate","floor":18},{"not_picked":["Fasting2","Vault"],"picked":"CutThroughFate","floor":18},{"not_picked":["Crescendo","FlurryOfBlows"],"picked":"MentalFortress+1","floor":19},{"not_picked":["CutThroughFate","Fasting2"],"picked":"ClearTheMind","floor":19},{"not_picked":["WheelKick","FlyingSleeves","FlurryOfBlows"],"picked":"SKIP","floor":21},{"not_picked":["Prostrate","Collect","FlurryOfBlows"],"picked":"SKIP","floor":21},{"not_picked":["Protect","Halt"],"picked":"ForeignInfluence","floor":25},{"not_picked":["FlurryOfBlows","BattleHymn"],"picked":"Indignation","floor":28},{"not_picked":["Halt","ThirdEye"],"picked":"CarveReality","floor":28},{"not_picked":["Consecrate","Wireheading"],"picked":"LessonLearned","floor":30},{"not_picked":["SashWhip","ThirdEye"],"picked":"Nirvana+1","floor":30},{"not_picked":["Meditate","Protect"],"picked":"PathToVictory","floor":31},{"not_picked":["SashWhip+1","LikeWater"],"picked":"EmptyFist+1","floor":31}],"player_experience":664207,"relics_obtained":[{"floor":9,"key":"MealTicket"},{"floor":10,"key":"Bag of Preparation"},{"floor":13,"key":"Prayer Wheel"},{"floor":24,"key":"PreservedInsect"},{"floor":25,"key":"Calipers"},{"floor":26,"key":"Anchor"},{"floor":29,"key":"Enchiridion"}],"event_choices":[{"damage_healed":0,"gold_gain":0,"player_choice":"Success","damage_taken":3,"relics_obtained":["Omamori"],"max_hp_gain":0,"max_hp_loss":0,"event_name":"Scrap Ooze","floor":2,"gold_loss":0},{"cards_removed":["Defend_P"],"damage_healed":0,"gold_gain":0,"player_choice":"Purged","damage_taken":0,"max_hp_gain":0,"max_hp_loss":0,"event_name":"Purifier","floor":3,"gold_loss":0},{"cards_removed":["CrushJoints"],"damage_healed":0,"gold_gain":0,"player_choice":"Elegance","damage_taken":0,"max_hp_gain":0,"max_hp_loss":0,"event_name":"Back to Basics","floor":22,"gold_loss":0},{"damage_healed":0,"gold_gain":0,"player_choice":"Obtained Book","damage_taken":16,"max_hp_gain":0,"max_hp_loss":0,"event_name":"Cursed Tome","floor":29,"gold_loss":0}],"is_beta":false,"boss_relics":[{"not_picked":["Velvet Choker","Runic Dome"],"picked":"Pandora\u0027s Box"}],"items_purged_floors":[],"is_endless":false,"potions_floor_spawned":[4,5,10,13,18,19],"killed_by":"Automaton","ascension_level":0}}