{"host":"dwqr8rfkubzfvfti","time":1614311032,"event":{"mods":["BaseMod","Colored Map","Colored Powertips","Minty Spire (QoL Compilation)","Rare Cards Sparkle","Relic Stats"],"gold_per_floor":[113,113,32,48,58,58,58,91,91,105,170,170,200,213,213,310,310,328,348,360,360,67,67,83,117,172,172,186,200,200,231,231,231,231],"floor_reached":33,"language":"ENG","playtime":6241,"items_purged":[],"score":460,"play_id":"6ce68c9d-a2ce-4ba0-9e65-9d07121f8382","local_time":"20210225204352","is_ascension_mode":true,"campfire_choices":[{"data":"Dash","floor":6,"key":"SMITH"},{"floor":12,"key":"REST"},{"floor":15,"key":"REST"},{"data":"Terror","floor":23,"key":"SMITH"},{"floor":27,"key":"REST"},{"floor":30,"key":"REST"},{"floor":32,"key":"REST"}],"circlet_count":0,"master_deck":["AscendersBane","Strike_G","Strike_G","Strike_G","Strike_G","Strike_G","Defend_G","Defend_G","Defend_G","Defend_G","Defend_G","Survivor","Neutralize","Bouncing Flask","Leg Sweep","Endless Agony","Dash+1","Finisher","Blind","Bullet Time","Pain","Skewer","Backflip","Acrobatics","PiercingWail","Adrenaline","Backflip","Terror+1","Dash+1","Calculated Gamble","Burst","Writhe","Dodge and Roll","Caltrops"],"relics":["Cursed Key","Matryoshka","Bag of Preparation","Oddly Smooth Stone","Pen Nib","Happy Flower","HoveringKite","Lee\u0027s Waffle","Anchor","Dead Branch","Potion Belt","Smiling Mask","Ice Cream"],"acts_visited":["Exordium","TheCity"],"potions_floor_usage":[],"damage_taken":[{"damage":1,"enemies":"Jaw Worm","floor":1,"turns":6},{"damage":0,"enemies":"Small Slimes","floor":4,"turns":4},{"damage":0,"enemies":"Cultist","floor":5,"turns":3},{"damage":22,"enemies":"Gremlin Nob","floor":8,"turns":5},{"damage":3,"enemies":"2 Fungi Beasts","floor":10,"turns":3},{"damage":24,"enemies":"Gremlin Nob","floor":11,"turns":5},{"damage":15,"enemies":"Lagavulin","floor":13,"turns":6},{"damage":1,"enemies":"Looter","floor":14,"turns":3},{"damage":19,"enemies":"The Guardian","floor":16,"turns":10},{"damage":13,"enemies":"Spheric Guardian","floor":18,"turns":4},{"damage":17,"enemies":"Shell Parasite","floor":19,"turns":5},{"damage":0,"enemies":"Snake Plant","floor":20,"turns":2},{"damage":19,"enemies":"3 Cultists","floor":24,"turns":7},{"damage":13,"enemies":"Slavers","floor":25,"turns":7},{"damage":22,"enemies":"Cultist and Chosen","floor":28,"turns":7},{"damage":1,"enemies":"Snake Plant","floor":29,"turns":5},{"damage":66,"enemies":"Gremlin Leader","floor":31,"turns":8},{"damage":56,"enemies":"Collector","floor":33,"turns":6}],"seed_played":"-7128910185971284762","potions_obtained":[{"floor":10,"key":"SpeedPotion"},{"floor":11,"key":"Swift Potion"},{"floor":13,"key":"GhostInAJar"},{"floor":28,"key":"LiquidBronze"},{"floor":29,"key":"ColorlessPotion"}],"is_trial":false,"path_per_floor":["M","?","$","M","M","R","?","E","T","M","?","R","E","M","R","B",null,"M","M","M","?","$","R","M","E","T","R","M","M","R","E","R","B"],"character_chosen":"THE_SILENT","items_purchased":["Leg Sweep","Lee\u0027s Waffle","Anchor"],"campfire_rested":5,"item_purchase_floors":[3,22,22],"current_hp_per_floor":[62,62,62,62,62,62,62,40,40,37,13,34,19,18,39,20,58,45,28,28,28,77,77,58,45,45,68,46,45,68,2,25,0,0],"gold":231,"neow_bonus":"BOSS_RELIC","is_daily":false,"chose_seed":false,"campfire_upgraded":2,"win_rate":0.0,"timestamp":1614311032,"path_taken":["M","?","$","M","M","R","?","E","T","?","?","R","E","M","R","BOSS","M","M","M","?","$","R","M","E","T","R","M","M","R","E","R","BOSS"],"items_purchased_type":["Card","Relic","Relic"],"build_version":"2020-12-22","purchased_purges":0,"victory":false,"max_hp_per_floor":[70,70,70,70,70,70,70,70,70,70,70,70,70,70,70,70,70,70,70,70,70,77,77,77,77,77,77,77,77,77,77,77,77,77],"relic_stats":{"Lee\u0027s Waffle":49,"Happy Flower":[21],"counters":[18,96],"Dead Branch":[34],"HoveringKite":[13],"Pen Nib":[14],"Bag of Preparation":[28],"Cursed Key":2,"Smiling Mask":0,"obtain_stats":[{"Potion Belt":26,"Ice Cream":31,"Lee\u0027s Waffle":22,"Happy Flower":13,"Dead Branch":25,"Oddly Smooth Stone":9,"HoveringKite":17,"Pen Nib":11,"Bag of Preparation":9,"Cursed Key":0,"Smiling Mask":26,"Anchor":22,"Matryoshka":8,"Ring of the Snake":0},{"Potion Belt":14,"Ice Cream":17,"Lee\u0027s Waffle":12,"Happy Flower":7,"Dead Branch":14,"Oddly Smooth Stone":4,"HoveringKite":9,"Pen Nib":6,"Bag of Preparation":4,"Cursed Key":0,"Smiling Mask":14,"Anchor":12,"Matryoshka":4,"Ring of the Snake":0},{"Potion Belt":70,"Ice Cream":90,"Lee\u0027s Waffle":56,"Happy Flower":32,"Dead Branch":70,"Oddly Smooth Stone":18,"HoveringKite":45,"Pen Nib":26,"Bag of Preparation":18,"Cursed Key":0,"Smiling Mask":70,"Anchor":56,"Matryoshka":18,"Ring of the Snake":0}]},"card_choices":[{"not_picked":["Dagger Spray","Dodge and Roll"],"picked":"Bouncing Flask","floor":1},{"not_picked":["Blade Dance","Deflect"],"picked":"Endless Agony","floor":4},{"not_picked":["Dodge and Roll","Quick Slash"],"picked":"Dash","floor":5},{"not_picked":["Acrobatics","Dagger Spray"],"picked":"Bullet Time","floor":8},{"not_picked":["Quick Slash","Prepared"],"picked":"Skewer","floor":10},{"not_picked":["Dodge and Roll","Flechettes"],"picked":"Backflip","floor":11},{"not_picked":["Predator","Blade Dance"],"picked":"Acrobatics","floor":13},{"not_picked":["Backflip","Eviscerate"],"picked":"PiercingWail","floor":14},{"not_picked":["Doppelganger","Bullet Time"],"picked":"Adrenaline","floor":16},{"not_picked":["Slice","Flying Knee"],"picked":"Backflip","floor":18},{"not_picked":["Flechettes","Dagger Throw"],"picked":"Terror","floor":19},{"not_picked":["Setup","Bane"],"picked":"Dash+1","floor":20},{"not_picked":["Masterful Stab","Bane"],"picked":"Calculated Gamble","floor":24},{"not_picked":["Cloak And Dagger","Terror"],"picked":"Burst","floor":25},{"not_picked":["Outmaneuver","Prepared"],"picked":"Dodge and Roll","floor":28},{"not_picked":["Prepared","Deadly Poison+1","Catalyst+1"],"picked":"SKIP","floor":29},{"not_picked":["Dodge and Roll","Bullet Time"],"picked":"Caltrops","floor":31}],"player_experience":517892,"relics_obtained":[{"floor":8,"key":"Matryoshka"},{"floor":9,"key":"Bag of Preparation"},{"floor":9,"key":"Oddly Smooth Stone"},{"floor":11,"key":"Pen Nib"},{"floor":13,"key":"Happy Flower"},{"floor":25,"key":"Dead Branch"},{"floor":26,"key":"Potion Belt"},{"floor":26,"key":"Smiling Mask"},{"floor":31,"key":"Ice Cream"}],"event_choices":[{"damage_healed":0,"gold_gain":0,"player_choice":"Leave","damage_taken":0,"max_hp_gain":0,"max_hp_loss":0,"event_name":"The Cleric","floor":2,"gold_loss":0},{"damage_healed":0,"gold_gain":0,"player_choice":"2 cards matched","damage_taken":0,"max_hp_gain":0,"max_hp_loss":0,"event_name":"Match and Keep!","floor":7,"gold_loss":0,"cards_obtained":["Finisher","Blind"]},{"damage_healed":0,"gold_gain":30,"player_choice":"Searched \u00273\u0027 times","damage_taken":0,"max_hp_gain":0,"max_hp_loss":0,"event_name":"Dead Adventurer","floor":11,"gold_loss":0},{"damage_healed":0,"gold_gain":0,"player_choice":"Ignored","damage_taken":0,"max_hp_gain":0,"max_hp_loss":0,"event_name":"Cursed Tome","floor":21,"gold_loss":0}],"is_beta":false,"boss_relics":[{"not_picked":["SacredBark","Black Star"],"picked":"HoveringKite"}],"items_purged_floors":[],"is_endless":false,"potions_floor_spawned":[10,11,13,16,19,28,29],"killed_by":"Collector","ascension_level":11}}