{"host":"xz7n3qy1zq36rzpg","time":1614324630,"event":{"mods":["BaseMod","Colored Map","Colored Powertips","Highlight Path","Minty Spire (QoL Compilation)","Quick Restart","Shop Mod"],"gold_per_floor":[114,35,35,50,50,80,80,110,160,160,190,190,205,205,205,305,305,320,335,350,375,375,375,375],"floor_reached":23,"language":"ENG","playtime":1186,"items_purged":[],"score":207,"play_id":"4be13a64-20e2-44db-a4d2-388e81ec05a1","local_time":"20210226083030","daily_mods":["Chimera","Time Dilation","Elite Swarm"],"is_ascension_mode":false,"campfire_choices":[{"floor":7.0,"key":"REST"},{"floor":10.0,"key":"REST"},{"floor":12.0,"key":"REST"},{"data":"Zap","floor":15.0,"key":"SMITH"}],"circlet_count":0,"master_deck":["Bash","Survivor","Zap+1","Eruption+1","Strike_R","Strike_G+1","Strike_B","Defend_R","Defend_G","Defend_P","Hologram","Consume+1","Scrape","Echo Form","Core Surge","Biased Cognition","Beam Cell","All For One","CurseOfTheBell","Cold Snap","Reinforced Body","Beam Cell","Hologram+1"],"relics":["Cracked Core","Bag of Preparation","Happy Flower","Potion Belt","Bag of Marbles","Calling Bell","Akabeko","Question Card","Gambling Chip","Red Mask"],"acts_visited":["Exordium","TheCity"],"potions_floor_usage":[21],"damage_taken":[{"damage":3.0,"enemies":"2 Louse","floor":1.0,"turns":2.0},{"damage":7.0,"enemies":"Small Slimes","floor":4.0,"turns":3.0},{"damage":32.0,"enemies":"Gremlin Nob","floor":6.0,"turns":4.0},{"damage":21.0,"enemies":"3 Sentries","floor":8.0,"turns":8.0},{"damage":14.0,"enemies":"Gremlin Nob","floor":11.0,"turns":3.0},{"damage":3.0,"enemies":"Jaw Worm","floor":13.0,"turns":2.0},{"damage":45.0,"enemies":"The Guardian","floor":16.0,"turns":7.0},{"damage":20.0,"enemies":"Spheric Guardian","floor":18.0,"turns":4.0},{"damage":10.0,"enemies":"Shell Parasite","floor":19.0,"turns":5.0},{"damage":18,"enemies":"Cultist and Chosen","floor":20,"turns":5},{"damage":25,"enemies":"Masked Bandits","floor":21,"turns":4},{"damage":8,"enemies":"Book of Stabbing","floor":23,"turns":1}],"seed_played":"4728103701414758894","potions_obtained":[{"floor":8.0,"key":"AttackPotion"},{"floor":11.0,"key":"Fire Potion"},{"floor":13.0,"key":"Fruit Juice"},{"floor":18.0,"key":"CultistPotion"},{"floor":21,"key":"ColorlessPotion"}],"is_trial":false,"path_per_floor":["M","$","?","M","?","E","R","E","T","R","E","R","M","?","R","B",null,"M","M","M","?","?","E"],"character_chosen":"DEFECT","items_purchased":["Consume"],"campfire_rested":3,"item_purchase_floors":[2],"current_hp_per_floor":[72,72,72,65,50,18,40,19,19,41,27,49,51,77,77,32,80,60,50,32,7,7,0,0],"gold":375,"neow_bonus":"","is_daily":true,"chose_seed":false,"campfire_upgraded":1,"win_rate":0.0,"timestamp":1614324630,"path_taken":["M","$","?","M","?","E","R","E","T","R","E","R","M","?","R","BOSS","M","M","M","?","?","E"],"items_purchased_type":["Card"],"build_version":"2020-12-22","purchased_purges":0,"victory":false,"max_hp_per_floor":[75,75,75,75,75,75,75,75,75,75,75,75,80,80,80,80,80,80,80,80,80,80,80,80],"card_choices":[{"not_picked":["Go for the Eyes","Skim"],"picked":"Hologram","floor":1.0},{"not_picked":["Consume","Redo"],"picked":"Scrape","floor":4.0},{"not_picked":["Reboot","Amplify"],"picked":"Echo Form","floor":6.0},{"not_picked":["Amplify","Hyperbeam"],"picked":"Core Surge","floor":8.0},{"not_picked":["Multi-Cast","Meteor Strike"],"picked":"Biased Cognition","floor":11.0},{"not_picked":["Turbo","BootSequence"],"picked":"Beam Cell","floor":13.0},{"not_picked":["Multi-Cast","Echo Form"],"picked":"All For One","floor":16.0},{"not_picked":["Melter","Heatsinks","Fusion"],"picked":"Cold Snap","floor":18.0},{"not_picked":["Conserve Battery","Redo","Barrage"],"picked":"Reinforced Body","floor":19.0},{"not_picked":["Stack+1","Steam","Scrape"],"picked":"Beam Cell","floor":20},{"not_picked":["Barrage","Turbo","Seek"],"picked":"Hologram+1","floor":21}],"player_experience":588070,"relics_obtained":[{"floor":6.0,"key":"Bag of Preparation"},{"floor":8.0,"key":"Happy Flower"},{"floor":9.0,"key":"Potion Belt"},{"floor":11.0,"key":"Bag of Marbles"},{"floor":17.0,"key":"Akabeko"},{"floor":17.0,"key":"Question Card"},{"floor":17.0,"key":"Gambling Chip"},{"floor":21,"key":"Red Mask"}],"event_choices":[{"damage_healed":0.0,"max_hp_gain":0.0,"max_hp_loss":0.0,"gold_gain":0.0,"event_name":"Living Wall","player_choice":"Grow","floor":3.0,"gold_loss":0.0,"damage_taken":0.0,"cards_upgraded":["Consume"]},{"damage_healed":0.0,"max_hp_gain":0.0,"max_hp_loss":0.0,"gold_gain":0.0,"event_name":"Shining Light","player_choice":"Entered Light","floor":5.0,"gold_loss":0.0,"damage_taken":15.0,"cards_upgraded":["Strike_G","Eruption"]},{"damage_healed":26.0,"max_hp_gain":0.0,"max_hp_loss":0.0,"gold_gain":0.0,"event_name":"Big Fish","player_choice":"Banana","floor":14.0,"gold_loss":0.0,"damage_taken":0.0},{"damage_healed":0,"gold_gain":0,"player_choice":"Fought Bandits","damage_taken":0,"max_hp_gain":0,"max_hp_loss":0,"event_name":"Masked Bandits","floor":21,"gold_loss":0},{"damage_healed":0,"gold_gain":0,"player_choice":"Ignored","damage_taken":0,"max_hp_gain":0,"max_hp_loss":0,"event_name":"Ghosts","floor":22,"gold_loss":0}],"is_beta":false,"boss_relics":[{"not_picked":["Runic Dome","Coffee Dripper"],"picked":"Calling Bell"}],"items_purged_floors":[],"is_endless":false,"potions_floor_spawned":[8,11,13,18,21],"killed_by":"Book of Stabbing","ascension_level":0}}