{"host":"qr2g7zkkpfnbizu6","time":1614328289,"event":{"mods":["BaseMod","Jorbs\u0027s Wanderer Trilogy","Minty Spire (QoL Compilation)","Quick Restart","StSLib","The Hierophant"],"gold_per_floor":[13,13,13,31,106,106,146,164,164,205,230,10,25,100,100,223,223,242,257,147,147],"floor_reached":20,"language":"ZHS","playtime":21482,"items_purged":["stsjorbsmod:Strike_Wanderer","stsjorbsmod:Strike_Wanderer"],"score":218,"play_id":"537a23e9-5392-4b91-adab-c6fbf10aa335","local_time":"20210226163129","is_ascension_mode":true,"campfire_choices":[{"floor":6.0,"key":"RECALL"},{"data":"stsjorbsmod:Prestidigitation","floor":15.0,"key":"SMITH"}],"circlet_count":0,"master_deck":["stsjorbsmod:ForbiddenGrimoire+1","stsjorbsmod:Strike_Wanderer","stsjorbsmod:Strike_Wanderer","stsjorbsmod:Defend_Wanderer","stsjorbsmod:Defend_Wanderer","stsjorbsmod:Defend_Wanderer","stsjorbsmod:Defend_Wanderer","stsjorbsmod:FreshAdventure","stsjorbsmod:EyeOfTheStorm","Mayhem+1","stsjorbsmod:Mania","stsjorbsmod:Counterspell","stsjorbsmod:ParryingBlow+1","stsjorbsmod:Feast","stsjorbsmod:Entangle","stsjorbsmod:Mending","stsjorbsmod:Prestidigitation+1","stsjorbsmod:ColorSpray+1","stsjorbsmod:Fear","stsjorbsmod:FranticSearch","stsjorbsmod:Will","stsjorbsmod:Thorns"],"relics":["stsjorbsmod:GrimoireRelic","Golden Idol","Molten Egg 2","The Courier","Pen Nib","Lee\u0027s Waffle","Sozu"],"acts_visited":["Exordium","TheCity"],"potions_floor_usage":[],"damage_taken":[{"damage":5.0,"enemies":"Small Slimes","floor":1.0,"turns":3.0},{"damage":0.0,"enemies":"Jaw Worm","floor":4.0,"turns":3.0},{"damage":17.0,"enemies":"Lagavulin","floor":7.0,"turns":7.0},{"damage":0.0,"enemies":"Cultist","floor":8.0,"turns":4.0},{"damage":11.0,"enemies":"Gremlin Nob","floor":10.0,"turns":4.0},{"damage":0.0,"enemies":"3 Louse","floor":11.0,"turns":2.0},{"damage":6.0,"enemies":"Red Slaver","floor":13.0,"turns":4.0},{"damage":25.0,"enemies":"Hexaghost","floor":16.0,"turns":7.0},{"damage":3,"enemies":"Chosen","floor":18,"turns":4},{"damage":9,"enemies":"Spheric Guardian","floor":19,"turns":6}],"seed_played":"9160493841028078348","potions_obtained":[{"floor":1.0,"key":"Weak Potion"},{"floor":4.0,"key":"SteroidPotion"},{"floor":16.0,"key":"Swift Potion"}],"is_trial":false,"path_per_floor":["M","?","?","M","?","R","E","M","T","E","M","$","M","?","R","B",null,"M","M","$"],"character_chosen":"WANDERER","items_purchased":["stsjorbsmod:Prestidigitation","Lee\u0027s Waffle","stsjorbsmod:Thorns"],"campfire_rested":0,"item_purchase_floors":[12,12,20],"current_hp_per_floor":[65,48,48,49,38,38,23,25,25,16,18,77,75,68,68,48,81,81,75,75,75],"gold":147,"neow_bonus":"RANDOM_COLORLESS_2","is_daily":false,"chose_seed":false,"campfire_upgraded":1,"win_rate":0.0,"timestamp":1614328289,"path_taken":["M","?","?","?","?","R","E","M","T","E","M","$","M","?","R","BOSS","M","M","$"],"items_purchased_type":["Card","Relic","Card"],"build_version":"2020-12-22","purchased_purges":2,"victory":false,"max_hp_per_floor":[68,68,68,68,68,68,68,68,68,68,70,77,79,79,79,81,81,83,83,83,83],"card_choices":[{"not_picked":["Magnetism","Master of Strategy"],"picked":"Mayhem","floor":0.0},{"not_picked":["stsjorbsmod:BlackTentacles","stsjorbsmod:Inferno"],"picked":"stsjorbsmod:Mania","floor":1.0},{"not_picked":["stsjorbsmod:LoseGrip","stsjorbsmod:WanderingMind"],"picked":"stsjorbsmod:Counterspell","floor":4.0},{"not_picked":["stsjorbsmod:Mindworm+1","stsjorbsmod:LocateObject"],"picked":"stsjorbsmod:ParryingBlow+1","floor":7.0},{"not_picked":["stsjorbsmod:SmithingStrike+1","stsjorbsmod:Mania+1"],"picked":"stsjorbsmod:Feast","floor":8.0},{"not_picked":["stsjorbsmod:Firebolt+1","stsjorbsmod:ArcaneWeapon"],"picked":"stsjorbsmod:Entangle","floor":10.0},{"not_picked":["stsjorbsmod:Mania+1","stsjorbsmod:BurningFlask"],"picked":"stsjorbsmod:Mending","floor":11.0},{"not_picked":["stsjorbsmod:Patron+1","stsjorbsmod:Mindworm+1"],"picked":"stsjorbsmod:ColorSpray+1","floor":13.0},{"not_picked":["stsjorbsmod:ThirstingSword+1","stsjorbsmod:DeathThroes+1"],"picked":"stsjorbsmod:Fear","floor":16.0},{"not_picked":["stsjorbsmod:BurningFlask+1","stsjorbsmod:Rest"],"picked":"stsjorbsmod:FranticSearch","floor":18},{"not_picked":["stsjorbsmod:Counterspell","stsjorbsmod:Materialize"],"picked":"stsjorbsmod:Will","floor":19}],"player_experience":286878,"relics_obtained":[{"floor":7.0,"key":"Molten Egg 2"},{"floor":9.0,"key":"The Courier"},{"floor":10.0,"key":"Pen Nib"}],"event_choices":[{"damage_healed":0.0,"max_hp_gain":0.0,"max_hp_loss":0.0,"gold_gain":0.0,"event_name":"Golden Idol","player_choice":"Take Damage","floor":2.0,"gold_loss":0.0,"damage_taken":17.0,"relics_obtained":["Golden Idol"]},{"damage_healed":0.0,"max_hp_gain":0.0,"max_hp_loss":0.0,"gold_gain":0.0,"event_name":"Upgrade Shrine","player_choice":"Upgraded","floor":3.0,"gold_loss":0.0,"damage_taken":0.0,"cards_upgraded":["Mayhem"]},{"damage_healed":0.0,"max_hp_gain":0.0,"max_hp_loss":0.0,"gold_gain":75.0,"event_name":"World of Goop","player_choice":"Gather Gold","floor":5.0,"gold_loss":0.0,"damage_taken":11.0},{"damage_healed":0.0,"max_hp_gain":0.0,"max_hp_loss":0.0,"gold_gain":75.0,"event_name":"FaceTrader","player_choice":"Touch","floor":14.0,"gold_loss":0.0,"damage_taken":7.0}],"is_beta":false,"boss_relics":[{"not_picked":["Snecko Eye","SacredBark"],"picked":"Sozu"}],"items_purged_floors":[12,20],"is_endless":false,"potions_floor_spawned":[1,4,16,18],"ascension_level":1}}