{"host":"vk2xyavtylxbvrfq","time":1614312834,"event":{"mods":["Bard","BaseMod","Bestiary","Better Altar","Better Match","Better Note","Better Sensory Stone","Better Skull","Better Vampires","Block Reminder","Bossed Relics","Colored Map","Curses Come First","Displayed Cursed Tome","Downfall","Extra Virgin Snecko Oil","Fox Events","Hermit","Ironclad Rager","Marked Mod","Minty Spire (QoL Compilation)","Quick Restart","Rare Cards Sparkle","Relic Sorter","Reliquary","Robot Space Explorer","StSLib","The Hayseed","The Runesmith","Unceasing Turn Reminder"],"gold_per_floor":[118,6,106,122,45,74,74,108,177,189,205,205,216,243,243,344,344,360,360,24,24,24,24,49,67,119,44,44,62,62,72,72,177,177,189,189,43,43,0,0,27,27,74,74,94,112,132,12,12,12,12],"floor_reached":50,"language":"ENG","playtime":2037,"items_purged":[],"score":908,"play_id":"12e0e244-2fae-41c9-97c3-e90b42c0a25a","local_time":"20210225231354","is_ascension_mode":true,"campfire_choices":[{"data":"hermit:OverwhelmingPower","floor":7.0,"key":"SMITH"},{"floor":12.0,"key":"REST"},{"floor":15.0,"key":"REST"},{"floor":23.0,"key":"REST"},{"floor":28.0,"key":"RECALL"},{"floor":32.0,"key":"REST"},{"floor":40.0,"key":"REST"},{"floor":42.0,"key":"REST"},{"floor":44.0,"key":"REST"},{"floor":49.0,"key":"REST"}],"circlet_count":0,"master_deck":["hermit:Strike_Hermit","hermit:Strike_Hermit","hermit:Strike_Hermit","hermit:Strike_Hermit","hermit:Defend_Hermit","hermit:Defend_Hermit","hermit:Defend_Hermit","hermit:Defend_Hermit","hermit:Snapshot","hermit:Covet","hermit:Snipe","hermit:BigShot","hermit:Gestalt","hermit:GoldenBullet","hermit:EyeOfTheStorm","hermit:OverwhelmingPower+1","hermit:GhostlyPresence","hermit:Combo","hermit:Coalescence","hermit:CalledShot","hermit:CalledShot","hermit:Adapt","hermit:TrackingShot+1","Necronomicurse","Bandage Up","Shame","hermit:CalledShot","hermit:Determination","hermit:Shortfuse","downfall:Bewildered","hermit:FromBeyond","hermit:Dive+1","Madness+1","hermit:Ricochet+1","hermit:Snipe","hermit:Determination+1","hermit:Determination"],"relics":["hermit:Momento","sneckomod:BabySnecko","NeowsBlessing","Regal Pillow","Pocketwatch","Blue Candle","Runesmith:AutoHammer","Busted Crown","Necronomicon","Gremlin Horn","reliquary:PrincelyHelmet","Smiling Mask","reliquary:RoseTintedGlasses","Fusion Hammer","Lantern","Red Mask","MealTicket","Juzu Bracelet"],"acts_visited":["Exordium","TheCity","TheBeyond"],"potions_floor_usage":[50,50],"damage_taken":[{"damage":0.0,"enemies":"Jaw Worm","floor":1.0,"turns":1.0},{"damage":0.0,"enemies":"Cultist","floor":4.0,"turns":1.0},{"damage":0.0,"enemies":"3 Sentries","floor":6.0,"turns":2.0},{"damage":53.0,"enemies":"Gremlin Nob","floor":8.0,"turns":6.0},{"damage":0.0,"enemies":"2 Louse","floor":10.0,"turns":2.0},{"damage":3.0,"enemies":"2 Fungi Beasts","floor":11.0,"turns":4.0},{"damage":2.0,"enemies":"Looter","floor":13.0,"turns":4.0},{"damage":15.0,"enemies":"Lagavulin","floor":14.0,"turns":6.0},{"damage":34.0,"enemies":"Hexaghost","floor":16.0,"turns":5.0},{"damage":12.0,"enemies":"Shell Parasite","floor":18.0,"turns":4.0},{"damage":20.0,"enemies":"Slavers","floor":24.0,"turns":3.0},{"damage":2.0,"enemies":"Spheric Guardian","floor":25.0,"turns":3.0},{"damage":6.0,"enemies":"Shelled Parasite and Fungi","floor":29.0,"turns":3.0},{"damage":38.0,"enemies":"Centurion and Healer","floor":31.0,"turns":6.0},{"damage":44.0,"enemies":"Automaton","floor":33.0,"turns":4.0},{"damage":13.0,"enemies":"Orb Walker","floor":35.0,"turns":4.0},{"damage":15.0,"enemies":"Giant Head","floor":41.0,"turns":6.0},{"damage":18.0,"enemies":"3 Darklings","floor":45.0,"turns":3.0},{"damage":32.0,"enemies":"Transient","floor":46.0,"turns":5.0},{"damage":16.0,"enemies":"Sphere and 2 Shapes","floor":47.0,"turns":3.0},{"damage":90,"enemies":"Donu and Deca","floor":50,"turns":5}],"seed_played":"6159782921462354424","potions_obtained":[{"floor":1.0,"key":"Fruit Juice"},{"floor":6.0,"key":"ColorlessPotion"},{"floor":8.0,"key":"LiquidBronze"},{"floor":11.0,"key":"hermit:BlackBile"},{"floor":13.0,"key":"Explosive Potion"},{"floor":16.0,"key":"champ:CounterPotion"},{"floor":18.0,"key":"DuplicationPotion"},{"floor":24.0,"key":"PowerPotion"},{"floor":31.0,"key":"LiquidMemories"},{"floor":41.0,"key":"SteroidPotion"},{"floor":46.0,"key":"SteroidPotion"}],"is_trial":false,"path_per_floor":["M","$","?","M","$","E","R","E","T","M","M","R","M","E","R","B",null,"M","?","$","?","?","R","E","M","T","$","R","M","?","M","R","B",null,"M","?","$","?","?","R","E","R","T","R","M","M","M","$","R","B"],"character_chosen":"HERMIT","items_purchased":["hermit:BigShot","hermit:Gestalt","hermit:EyeOfTheStorm","Gremlin Horn","Bandage Up","hermit:Determination","Lantern","hermit:Determination","AttackPotion"],"campfire_rested":8,"item_purchase_floors":[2,2,5,20,20,27,37,48,48],"current_hp_per_floor":[68,68,68,68,68,68,68,20,20,20,17,56,54,39,78,44,71,59,43,43,43,43,80,63,65,65,65,65,63,63,29,68,28,67,58,58,58,42,42,80,69,80,80,80,66,38,26,41,80,0,0],"gold":12,"neow_bonus":"THREE_ENEMY_KILL","is_daily":false,"chose_seed":false,"campfire_upgraded":1,"win_rate":0.0,"timestamp":1614312834,"path_taken":["M","$","?","M","$","E","R","E","T","M","?","R","M","E","R","BOSS","M","?","$","?","?","R","E","M","T","?","R","?","?","M","R","BOSS","M","?","$","?","?","R","E","R","T","R","M","M","M","$","R","BOSS"],"items_purchased_type":["Card","Card","Card","Relic","Card","Card","Relic","Card","Potion"],"build_version":"2020-12-22","purchased_purges":0,"victory":false,"max_hp_per_floor":[75,75,75,75,75,75,75,80,80,80,80,80,80,80,80,80,80,80,80,80,80,80,80,80,80,80,80,80,80,80,80,80,80,80,80,80,80,80,80,80,80,80,80,80,80,80,80,80,80,80,80],"card_choices":[{"not_picked":["hermit:Virtue","hermit:Ricochet"],"picked":"hermit:Snipe","floor":1.0},{"not_picked":["hermit:ItchyTrigger","hermit:WideOpen"],"picked":"hermit:GoldenBullet","floor":4.0},{"not_picked":["hermit:Glare","hermit:DeadMansHand"],"picked":"hermit:OverwhelmingPower","floor":6.0},{"not_picked":["hermit:Snipe","hermit:LoneWolf"],"picked":"hermit:GhostlyPresence","floor":8.0},{"not_picked":["hermit:Vantage","hermit:Roulette"],"picked":"hermit:Combo","floor":10.0},{"not_picked":["hermit:Showdown","hermit:Midnight"],"picked":"hermit:Coalescence","floor":11.0},{"not_picked":["hermit:Roulette","hermit:LoneWolf"],"picked":"hermit:CalledShot","floor":13.0},{"not_picked":["hermit:Feint","hermit:Showdown"],"picked":"hermit:CalledShot","floor":14.0},{"not_picked":["hermit:DeadOrAlive","hermit:Purgatory"],"picked":"hermit:Adapt","floor":16.0},{"not_picked":[],"picked":"hermit:TrackingShot+1","floor":18.0},{"not_picked":[],"picked":"hermit:CalledShot","floor":24.0},{"not_picked":["hermit:Manifest"],"picked":"SKIP","floor":25.0},{"not_picked":[],"picked":"hermit:Shortfuse","floor":29.0},{"not_picked":["hermit:HoleUp"],"picked":"SKIP","floor":31.0},{"not_picked":[],"picked":"hermit:FromBeyond","floor":33.0},{"not_picked":[],"picked":"hermit:Dive+1","floor":35.0},{"not_picked":[],"picked":"hermit:Ricochet+1","floor":41.0},{"not_picked":["hermit:Midnight+1"],"picked":"SKIP","floor":45.0},{"not_picked":[],"picked":"hermit:Snipe","floor":46.0},{"not_picked":[],"picked":"hermit:Determination+1","floor":47.0}],"player_experience":1488026,"relics_obtained":[{"floor":6.0,"key":"Regal Pillow"},{"floor":8.0,"key":"Pocketwatch"},{"floor":9.0,"key":"Blue Candle"},{"floor":14.0,"key":"Runesmith:AutoHammer"},{"floor":24.0,"key":"Smiling Mask"},{"floor":26.0,"key":"reliquary:RoseTintedGlasses"},{"floor":41.0,"key":"MealTicket"},{"floor":43.0,"key":"Juzu Bracelet"}],"event_choices":[{"damage_healed":0.0,"max_hp_gain":0.0,"max_hp_loss":0.0,"gold_gain":100.0,"event_name":"Wheel of Change","player_choice":"Gold","floor":3.0,"gold_loss":0.0,"damage_taken":0.0},{"damage_healed":0.0,"max_hp_gain":0.0,"max_hp_loss":0.0,"gold_gain":0.0,"event_name":"Cursed Tome","player_choice":"Obtained Book","floor":19.0,"gold_loss":0.0,"damage_taken":16.0},{"damage_healed":0.0,"max_hp_gain":0.0,"max_hp_loss":0.0,"gold_gain":0.0,"event_name":"Addict","player_choice":"Stole Relic","floor":22.0,"gold_loss":0.0,"damage_taken":0.0,"relics_obtained":["reliquary:PrincelyHelmet"],"cards_obtained":["Shame"]},{"damage_healed":0.0,"max_hp_gain":0.0,"max_hp_loss":16.0,"gold_gain":3.0,"event_name":"betterStone:BetterStone","player_choice":"2","floor":38.0,"gold_loss":0.0,"damage_taken":0.0},{"damage_healed":0.0,"max_hp_gain":0.0,"max_hp_loss":0.0,"gold_gain":0.0,"event_name":"Tomb of Lord Red Mask","player_choice":"Paid","floor":39.0,"gold_loss":43.0,"damage_taken":0.0,"relics_obtained":["Red Mask"]}],"is_beta":false,"boss_relics":[{"not_picked":["Coffee Dripper","reliquary:Ember"],"picked":"Busted Crown"},{"not_picked":["reliquary:RedPaperclip","Velvet Choker"],"picked":"Fusion Hammer"}],"items_purged_floors":[],"is_endless":false,"potions_floor_spawned":[1,6,8,11,13,16,18,24,31,41,46],"killed_by":"Donu and Deca","ascension_level":8}}