{"host":"8k64rvi83ijr822k","time":1614375430,"event":{"mods":["Bard","BaseMod","Better Third Choice","BetterRewards","Dio Mod","Downfall","Googly Eyes","Gremlin Mod","GungeonMod","Hermit","Hubris","Infinite Spire","Magitek Elite","Minty Spire (QoL Compilation)","Quick Restart","Railgun Mod","Replay The Spire","Shop Mod","Small Relic Pack","StSLib","Td1madao Mod","The Administrix","The Animator","The Bladedancer","The Bug Knight","The Construct","The Cursed","The Disciple","The Gatherer","The Judge","The Jungle","The Mystic","The Necromancer","The Poker Player","The Problem Sleuth","The Runesmith","The Saiyan","The Senshi","The Wild Card","TheHero"],"gold_per_floor":[118,133,133,153,28,44,44,44,67,112,171,151,170,198,198,313,313,334,334,334,347,388,402,402,442,492,492,492,492,492],"floor_reached":29,"language":"ENG","playtime":2176,"items_purged":[],"score":250,"play_id":"b8822a66-dc04-4c3a-92b0-c45f6a6a5818","local_time":"20210226163710","is_ascension_mode":false,"campfire_choices":[{"floor":7,"key":"REST"},{"floor":15,"key":"REST"},{"floor":24,"key":"REST"}],"circlet_count":0,"master_deck":["DemoMod:Strike_Huntress","DemoMod:Strike_Huntress","DemoMod:Strike_Huntress","DemoMod:Defend_Huntress","DemoMod:Defend_Huntress","DemoMod:Defend_Huntress","DemoMod:Defend_Huntress","DemoMod:Roll","DemoMod:ManualReload","DemoMod:CrossBow","DemoMod:GunslingerForm","DemoMod:SAA","DemoMod:BattleInHaste","DemoMod:SniperShot","DemoMod:LifeOrb","Discovery","DemoMod:ZorGun","DemoMod:ChanceBullets","DemoMod:DirectionalPad","DemoMod:FastSwitch","DemoMod:TableSutra","DemoMod:TeaPot","DemoMod:HuntsMan","DemoMod:MegaHand","DemoMod:ConditionalReflex","DemoMod:Camera","DemoMod:AWP","DemoMod:TripleGun","DemoMod:Elimentaler","DemoMod:CombinedRifle","DemoMod:CombinedRifle","DemoMod:RadGun","DemoMod:Elimentaler","DemoMod:AbyssalTentacle","DemoMod:CursedBullets+1","Pot Of Greed","Pot Of Greed","Pot Of Greed"],"relics":["DemoMod:Dog","BargainBundle","hubris:TenFootPole","NlothsMask","Replay:Baseball","hubris:VirtuousBlindfold","hubris:Towel","Golden Egg","infinitespire:WardingShard","infinitespire:EmpoweringShard","Matryoshka","Potion Belt","Grinning Jar","Nilry\u0027s Codex"],"acts_visited":["Exordium","TheCity"],"potions_floor_usage":[14,21,21,23,29,29],"damage_taken":[{"damage":9,"enemies":"Cultist","floor":1,"turns":4},{"damage":12,"enemies":"2 Louse","floor":2,"turns":4},{"damage":5,"enemies":"Jaw Worm","floor":4,"turns":4},{"damage":14,"enemies":"Red Slaver","floor":6,"turns":5},{"damage":32,"enemies":"3 Sentries","floor":10,"turns":8},{"damage":0,"enemies":"Looter","floor":11,"turns":3},{"damage":2,"enemies":"3 Louse","floor":13,"turns":4},{"damage":0,"enemies":"Large Slime","floor":14,"turns":5},{"damage":40,"enemies":"Fading Forest","floor":16,"turns":11},{"damage":10,"enemies":"Spheric Guardian","floor":18,"turns":3},{"damage":8,"enemies":"2 Thieves","floor":21,"turns":3},{"damage":7,"enemies":"Centurion and Healer","floor":22,"turns":6},{"damage":33,"enemies":"Centurion and Healer","floor":23,"turns":6},{"damage":11,"enemies":"Chosen and Byrds","floor":25,"turns":6},{"damage":17,"enemies":"Chosen and Byrds","floor":29,"turns":1}],"seed_played":"5431922962035802560","potions_obtained":[{"floor":4,"key":"Elixir"},{"floor":11,"key":"Milkshake"},{"floor":12,"key":"BlessingOfTheForge"},{"floor":13,"key":"champ:CounterPotion"},{"floor":16,"key":"Venom Potion"},{"floor":18,"key":"sneckomod:MuddlingPotion"},{"floor":21,"key":"DemoMod:LeadSkinPotion"},{"floor":28,"key":"Fire Potion"},{"floor":28,"key":"infinitespire:BlackPotion"},{"floor":28,"key":"Death Potion"}],"is_trial":false,"path_per_floor":["M","M","?","M","$","M","R","?","T","E","M","?","M","M","R","B",null,"M","?","?","M","?","M","R","?","T","?","?","M"],"character_chosen":"HUNTRESS","items_purchased":["DemoMod:GunslingerForm","DemoMod:SAA","BargainBundle","Explosive Potion","LiquidBronze","Guardian:BlockOnCardUsePotion","DemoMod:BattleInHaste","DemoMod:SniperShot","DemoMod:LifeOrb","Discovery","hubris:TenFootPole","DemoMod:TableSutra","DemoMod:TeaPot"],"campfire_rested":3,"item_purchase_floors":[0,0,0,0,0,0,0,0,0,0,0,5,5],"current_hp_per_floor":[61,49,49,44,44,30,51,51,51,19,19,19,17,17,38,14,70,60,60,60,52,45,12,33,22,22,15,15,0,0],"gold":492,"neow_bonus":"","is_daily":false,"chose_seed":false,"campfire_upgraded":0,"win_rate":0.0,"timestamp":1614375430,"path_taken":["M","M","?","?","$","M","R","?","T","E","?","?","M","?","R","BOSS","M","?","?","M","?","M","R","?","T","?","?","M"],"items_purchased_type":["Card","Card","Relic","Potion","Potion","Potion","Card","Card","Card","Card","Relic","Card","Card"],"build_version":"2020-12-22","purchased_purges":0,"victory":false,"max_hp_per_floor":[70,70,70,70,70,70,70,70,70,70,70,70,70,70,70,70,70,70,70,70,70,70,70,70,70,70,70,70,70,70],"card_choices":[{"not_picked":["DemoMod:Camera","DemoMod:FastSwitch"],"picked":"DemoMod:ZorGun","floor":1},{"not_picked":["DemoMod:EasyReloadBullets","DemoMod:PotionOfGunFriendShip"],"picked":"DemoMod:ChanceBullets","floor":1},{"not_picked":["DemoMod:BoxingGlove","DemoMod:ConditionalReflex"],"picked":"DemoMod:DirectionalPad","floor":2},{"not_picked":["DemoMod:StickyCrossBow","DemoMod:SniperShot"],"picked":"DemoMod:FastSwitch","floor":4},{"not_picked":["DemoMod:TeaPot","DemoMod:SniperShot"],"picked":"DemoMod:HuntsMan","floor":6},{"not_picked":["DemoMod:GunstockTap","DemoMod:SAA"],"picked":"DemoMod:MegaHand","floor":10},{"not_picked":["DemoMod:FortunesFavor","DemoMod:SAA"],"picked":"DemoMod:ConditionalReflex","floor":11},{"not_picked":["DemoMod:BoxingGlove","DemoMod:Unmoved"],"picked":"DemoMod:Camera","floor":13},{"not_picked":["DemoMod:FortunesFavor","DemoMod:Unmoved"],"picked":"DemoMod:AWP","floor":13},{"not_picked":["DemoMod:BattleInHaste","DemoMod:FortunesFavor"],"picked":"DemoMod:TripleGun","floor":14},{"not_picked":["DemoMod:FightSabre","DemoMod:FinishedGun"],"picked":"DemoMod:Elimentaler","floor":16},{"not_picked":["DemoMod:StickyCrossBow","DemoMod:DoubleSwitch"],"picked":"DemoMod:CombinedRifle","floor":18},{"not_picked":["DemoMod:ChanceBullets","DemoMod:BoxingGlove+1"],"picked":"DemoMod:RadGun","floor":21},{"not_picked":["DemoMod:ConditionalReflex","DemoMod:BoxingGlove"],"picked":"DemoMod:Elimentaler","floor":22},{"not_picked":["DemoMod:BattleInHaste","DemoMod:TeaPot"],"picked":"DemoMod:AbyssalTentacle","floor":23},{"not_picked":["DemoMod:DirectionalPad","DemoMod:Unmoved"],"picked":"DemoMod:CursedBullets+1","floor":25}],"player_experience":139369,"relics_obtained":[{"floor":10,"key":"Replay:Baseball"},{"floor":22,"key":"Golden Egg"},{"floor":22,"key":"infinitespire:WardingShard"},{"floor":25,"key":"infinitespire:EmpoweringShard"},{"floor":25,"key":"Matryoshka"},{"floor":26,"key":"Potion Belt"},{"floor":26,"key":"Grinning Jar"},{"floor":27,"key":"Nilry\u0027s Codex"}],"event_choices":[{"damage_healed":0,"gold_gain":0,"player_choice":"Ignored","damage_taken":0,"max_hp_gain":0,"max_hp_loss":0,"event_name":"Purifier","floor":3,"gold_loss":0},{"damage_healed":0,"gold_gain":0,"player_choice":"Trade","damage_taken":0,"relics_obtained":["NlothsMask"],"max_hp_gain":0,"max_hp_loss":0,"event_name":"FaceTrader","floor":8,"gold_loss":0},{"damage_healed":0,"gold_gain":0,"player_choice":"Bought 1 Potion","damage_taken":0,"max_hp_gain":0,"max_hp_loss":0,"event_name":"The Woman in Blue","floor":12,"gold_loss":0},{"damage_healed":0,"gold_gain":0,"cards_transformed":["DemoMod:RustySidearm"],"player_choice":"Transformed","damage_taken":0,"max_hp_gain":0,"max_hp_loss":0,"event_name":"Transmorgrifier","floor":20,"gold_loss":0,"cards_obtained":["DemoMod:CombinedRifle"]},{"damage_healed":0,"gold_gain":0,"player_choice":"Obtained Book","damage_taken":16,"max_hp_gain":0,"max_hp_loss":0,"event_name":"Cursed Tome","floor":27,"gold_loss":0},{"damage_healed":0,"gold_gain":0,"player_choice":"Got Potions","damage_taken":0,"max_hp_gain":0,"max_hp_loss":0,"event_name":"Lab","floor":28,"gold_loss":0}],"is_beta":false,"boss_relics":[{"not_picked":["Busted Crown","Kintsugi"],"picked":"hubris:VirtuousBlindfold"}],"items_purged_floors":[],"is_endless":false,"potions_floor_spawned":[4,11,13,16,18,21],"killed_by":"Chosen and Byrds","ascension_level":0}}