{"host":"p0hktren06injwdf","time":1614340566,"event":{"mods":["AchievementEnabler","BaseMod","Colored Map","DeckTracker","Minty Spire (QoL Compilation)","Permanent Neow","StSLib","SuperFastMode"],"gold_per_floor":[109,125,125,143,190,190,218,218,242,262,262,280,280,44,44,117,117,137,148,148,165,165,165,200,200,200,157,170,170,189,209,209,209,209],"floor_reached":33,"language":"KOR","playtime":896,"items_purged":["Strike_B"],"score":538,"play_id":"d561ce4d-d6da-49aa-9130-aa554514ae4c","local_time":"20210226205606","is_ascension_mode":true,"campfire_choices":[{"data":"Apotheosis","floor":6.0,"key":"SMITH"},{"data":"Capacitor","floor":8.0,"key":"SMITH"},{"floor":15.0,"key":"REST"},{"floor":23,"key":"REST"},{"floor":25,"key":"REST"},{"floor":32,"key":"REST"}],"circlet_count":0,"master_deck":["AscendersBane","Defend_B","Defend_B","Zap","Dualcast","Apotheosis+1","Coolheaded","Reinforced Body","Capacitor+1","Ball Lightning","White Noise+1","Core Surge","Loop+1","Chill+1","Heatsinks+1","Stack","Hologram+1","Storm","BootSequence+1","Stack+1","Aggregate+1"],"relics":["Cracked Core","Ancient Tea Set","Pen Nib","Oddly Smooth Stone","DataDisk","Astrolabe","Toxic Egg 2","Blue Candle"],"acts_visited":["Exordium","TheCity"],"potions_floor_usage":[16,24,29],"damage_taken":[{"damage":4.0,"enemies":"Small Slimes","floor":1.0,"turns":3.0},{"damage":4.0,"enemies":"Jaw Worm","floor":2.0,"turns":3.0},{"damage":0.0,"enemies":"Cultist","floor":4.0,"turns":3.0},{"damage":16.0,"enemies":"3 Sentries","floor":7.0,"turns":10.0},{"damage":1.0,"enemies":"Looter","floor":10.0,"turns":3.0},{"damage":20.0,"enemies":"Exordium Thugs","floor":12.0,"turns":4.0},{"damage":14,"enemies":"The Guardian","floor":16,"turns":9},{"damage":13,"enemies":"3 Byrds","floor":18,"turns":4},{"damage":3,"enemies":"Spheric Guardian","floor":19,"turns":6},{"damage":3,"enemies":"Snake Plant","floor":21,"turns":4},{"damage":38,"enemies":"Gremlin Leader","floor":24,"turns":6},{"damage":4,"enemies":"Snecko","floor":28,"turns":7},{"damage":0,"enemies":"Chosen and Byrds","floor":29,"turns":2},{"damage":7,"enemies":"Centurion and Healer","floor":30,"turns":10},{"damage":5,"enemies":"Snecko","floor":31,"turns":7},{"damage":33,"enemies":"Champ","floor":33,"turns":4}],"seed_played":"-3365625775330736011","potions_obtained":[{"floor":2.0,"key":"Ancient Potion"},{"floor":4.0,"key":"PowerPotion"},{"floor":16,"key":"FocusPotion"},{"floor":19,"key":"SmokeBomb"},{"floor":30,"key":"SteroidPotion"}],"is_trial":false,"path_per_floor":["M","M","?","M","T","R","E","R","T","M","?","M","?","$","R","B",null,"M","M","?","M","?","R","E","R","T","$","M","M","M","M","R","B"],"character_chosen":"DEFECT","items_purchased":["DataDisk","Storm"],"campfire_rested":4,"item_purchase_floors":[14,27],"current_hp_per_floor":[42,38,61,61,61,61,45,45,45,44,44,24,24,24,45,31,61,48,45,25,22,22,44,6,28,28,28,24,24,17,12,34,1,1],"gold":209,"neow_bonus":"RANDOM_COLORLESS_2","is_daily":false,"chose_seed":false,"campfire_upgraded":2,"win_rate":0.0,"timestamp":1614340566,"path_taken":["M","M","?","M","?","R","E","R","T","M","?","?","?","$","R","BOSS","M","M","?","M","?","R","E","R","T","$","M","M","?","M","R","BOSS"],"items_purchased_type":["Relic","Card"],"build_version":"2020-12-22","purchased_purges":1,"victory":false,"max_hp_per_floor":[71,71,71,71,71,71,71,71,71,71,71,71,71,71,71,71,71,71,71,76,76,76,76,76,76,76,76,76,76,76,76,76,76,76],"card_choices":[{"not_picked":["Secret Technique","Magnetism"],"picked":"Apotheosis","floor":0.0},{"not_picked":["Streamline","Steam"],"picked":"Coolheaded","floor":1.0},{"not_picked":["Beam Cell","Storm"],"picked":"Reinforced Body","floor":2.0},{"not_picked":["Barrage","Leap"],"picked":"Capacitor","floor":4.0},{"not_picked":["Scrape","Static Discharge"],"picked":"Ball Lightning","floor":7.0},{"not_picked":["Turbo","Sunder","Sweeping Beam"],"picked":"SKIP","floor":10.0},{"not_picked":["Consume","Go for the Eyes"],"picked":"White Noise","floor":12.0},{"not_picked":["Buffer","Fission"],"picked":"Core Surge","floor":16},{"not_picked":["Hello World","Reprogram","Darkness"],"picked":"SKIP","floor":18},{"not_picked":["Compile Driver","Scrape","Sweeping Beam"],"picked":"SKIP","floor":19},{"not_picked":["Redo","Storm"],"picked":"Stack","floor":21},{"not_picked":["Lockon","Turbo+1"],"picked":"Hologram+1","floor":24},{"not_picked":["Turbo+1","Aggregate+1"],"picked":"BootSequence+1","floor":28},{"not_picked":["Conserve Battery+1","Chaos+1"],"picked":"Stack+1","floor":30},{"not_picked":["Turbo+1","Heatsinks"],"picked":"Aggregate+1","floor":31}],"player_experience":1115384,"relics_obtained":[{"floor":5.0,"key":"Ancient Tea Set"},{"floor":7.0,"key":"Pen Nib"},{"floor":9.0,"key":"Oddly Smooth Stone"},{"floor":24,"key":"Toxic Egg 2"},{"floor":26,"key":"Blue Candle"}],"event_choices":[{"damage_healed":23.0,"max_hp_gain":0.0,"max_hp_loss":0.0,"gold_gain":0.0,"event_name":"Big Fish","player_choice":"Banana","floor":3.0,"gold_loss":0.0,"damage_taken":0.0},{"cards_removed":["Strike_B"],"damage_healed":0.0,"max_hp_gain":0.0,"max_hp_loss":0.0,"gold_gain":0.0,"event_name":"Purifier","player_choice":"Purged","floor":11.0,"gold_loss":0.0,"damage_taken":0.0},{"damage_healed":0.0,"max_hp_gain":0.0,"max_hp_loss":0.0,"gold_gain":0.0,"event_name":"Upgrade Shrine","player_choice":"Upgraded","floor":13.0,"gold_loss":0.0,"damage_taken":0.0,"cards_upgraded":["White Noise"]},{"damage_healed":0,"gold_gain":0,"player_choice":"Shed Blood","damage_taken":25,"max_hp_gain":5,"max_hp_loss":0,"event_name":"Forgotten Altar","floor":20,"gold_loss":0},{"cards_removed":["Defend_B"],"damage_healed":0,"gold_gain":0,"player_choice":"Purged","damage_taken":0,"max_hp_gain":0,"max_hp_loss":0,"event_name":"Purifier","floor":22,"gold_loss":0}],"is_beta":false,"boss_relics":[{"not_picked":["Runic Pyramid","Runic Dome"],"picked":"Astrolabe"}],"items_purged_floors":[14],"is_endless":false,"potions_floor_spawned":[2,4,16,18,19,21,30],"killed_by":"Champ","ascension_level":20}}