{"host":"92wx9z21c4p52du4","time":1614306048,"event":{"mods":["Act Like it!","BaseMod","ChefMod","Downfall","Evolution","GungeonMod","Infinite Spire","Minty Spire (QoL Compilation)","Relic Stats","Reliquary","Replay The Spire","StSLib","SuperFastMode","The Hierophant","The Runesmith"],"gold_per_floor":[116,15,15,90,103,103,131,131,131,131,148,142,175,214,214,214,214],"floor_reached":16,"language":"ENG","playtime":519,"items_purged":["hierophant:Strike_Hierophant"],"score":158,"play_id":"1d1b1eca-6d32-46b8-ac7b-b86cf7f4a293","local_time":"20210225202048","is_ascension_mode":false,"campfire_choices":[{"data":"hierophant:ChurchCoffers","floor":6,"key":"SMITH"},{"data":"hierophant:EyeForCoin","floor":8,"key":"SMITH"},{"data":"hierophant:Strike_Hierophant","floor":15,"key":"PURGE"}],"circlet_count":0,"master_deck":["hierophant:Strike_Hierophant","hierophant:Punish","hierophant:Defend_Hierophant","hierophant:Defend_Hierophant","hierophant:Defend_Hierophant","hierophant:Defend_Hierophant","hierophant:ChurchCoffers+1","hierophant:Zeal","hierophant:Zeal+1","hierophant:Patience","hierophant:EyeForCoin+1","hierophant:Doubloon+1","hierophant:Doubloon+1","hierophant:Smite","hierophant:Doubloon+1","hierophant:RepressedViolence","hierophant:Doubloon+1","hierophant:Flagellation","hierophant:Doubloon+1"],"relics":["hierophant:PropheticMaskRelic","EVO:Axolotl","NeowsBlessing","Replay:Bottled Flurry","Calipers","DemoMod:Antibody","Odd Mushroom"],"acts_visited":["Exordium"],"potions_floor_usage":[11,13,16],"damage_taken":[{"damage":0,"enemies":"Cultist","floor":1,"turns":1},{"damage":0,"enemies":"Small Slimes","floor":5,"turns":1},{"damage":0,"enemies":"Gremlin Nob","floor":7,"turns":1},{"damage":1,"enemies":"Jaw Worm","floor":11,"turns":4},{"damage":1,"enemies":"3 Louse","floor":12,"turns":2},{"damage":26,"enemies":"3 Sentries","floor":13,"turns":7},{"damage":17,"enemies":"The Mushroom Lair","floor":14,"turns":4},{"damage":20,"enemies":"Hexaghost","floor":16,"turns":9}],"seed_played":"1466446804113551934","potions_obtained":[{"floor":5,"key":"SkillPotion"},{"floor":12,"key":"Block Potion"},{"floor":14,"key":"hexamod:SoulburnPotion"}],"is_trial":false,"path_per_floor":["M","$","?","?","M","R","E","R","T","?","M","M","E","?","R","B"],"character_chosen":"HIEROPHANT","items_purchased":["hierophant:Zeal"],"campfire_rested":0,"item_purchase_floors":[2],"current_hp_per_floor":[75,75,75,64,64,64,64,64,64,64,63,62,36,19,19,0,0],"gold":214,"neow_bonus":"THREE_ENEMY_KILL","is_daily":false,"chose_seed":false,"campfire_upgraded":2,"win_rate":0.0,"timestamp":1614306048,"path_taken":["M","$","?","?","M","R","E","R","T","?","?","M","E","?","R","BOSS"],"items_purchased_type":["Card"],"build_version":"2020-12-22","purchased_purges":1,"victory":false,"max_hp_per_floor":[75,75,75,75,75,75,75,75,75,75,75,75,75,75,75,75,75],"relic_stats":{"counters":[8,29],"obtain_stats":[{"Calipers":9,"NeowsBlessing":0,"hierophant:PropheticMaskRelic":0,"DemoMod:Antibody":13,"DemoMod:GlassGuonStoneRelic":11,"Replay:Bottled Flurry":7,"EVO:Axolotl":0,"Odd Mushroom":14},{"Calipers":3,"NeowsBlessing":0,"hierophant:PropheticMaskRelic":0,"DemoMod:Antibody":6,"DemoMod:GlassGuonStoneRelic":4,"Replay:Bottled Flurry":3,"EVO:Axolotl":0,"Odd Mushroom":7},{"Calipers":3,"NeowsBlessing":0,"hierophant:PropheticMaskRelic":0,"DemoMod:Antibody":16,"DemoMod:GlassGuonStoneRelic":7,"Replay:Bottled Flurry":3,"EVO:Axolotl":0,"Odd Mushroom":20}]},"card_choices":[{"not_picked":["hierophant:MorningPrayer","hierophant:Purify"],"picked":"hierophant:Zeal","floor":1},{"not_picked":["hierophant:Prophecy","hierophant:ThreeLashes"],"picked":"hierophant:Patience","floor":5},{"not_picked":["hierophant:Smite","hierophant:AuricBeam"],"picked":"hierophant:EyeForCoin","floor":7},{"not_picked":["hierophant:Exaltation","hierophant:Blessing","hierophant:AuricShield"],"picked":"SKIP","floor":11},{"not_picked":["hierophant:AuricBeam","hierophant:Shelter"],"picked":"hierophant:Smite","floor":12},{"not_picked":["hierophant:Doubloon","hierophant:WrathOfGod"],"picked":"hierophant:RepressedViolence","floor":13},{"not_picked":["hierophant:Racketeering","hierophant:RepressedViolence"],"picked":"hierophant:Flagellation","floor":14}],"player_experience":376503,"relics_obtained":[{"floor":7,"key":"Replay:Bottled Flurry"},{"floor":9,"key":"Calipers"},{"floor":13,"key":"DemoMod:Antibody"},{"floor":14,"key":"Odd Mushroom"}],"event_choices":[{"damage_healed":0,"gold_gain":75,"player_choice":"Gather Gold","damage_taken":11,"max_hp_gain":0,"max_hp_loss":0,"event_name":"World of Goop","floor":4,"gold_loss":0},{"cards_removed":["hierophant:Strike_Hierophant"],"damage_healed":0,"gold_gain":0,"player_choice":"Card Removal","damage_taken":0,"max_hp_gain":0,"max_hp_loss":0,"event_name":"Wheel of Change","floor":10,"gold_loss":0},{"damage_healed":0,"gold_gain":0,"player_choice":"Fought Mushrooms","damage_taken":0,"max_hp_gain":0,"max_hp_loss":0,"event_name":"Mushrooms","floor":14,"gold_loss":0}],"is_beta":false,"boss_relics":[],"items_purged_floors":[2],"is_endless":false,"potions_floor_spawned":[5,12,14],"killed_by":"Hexaghost","ascension_level":0}}