{"host":"i9wanet4r0ff4t9y","time":1614350752,"event":{"mods":["2.2 Compatiblity","Act Like it!","BaseMod","Bestiary","Better Altar","Better Match","Better Note","Better Sensory Stone","Better Skull","Better Third Choice","Better Vampires","BetterRewards","CapriCore","Colored Map","Conspire","Curses Come First","Downfall","Energized Spire","Hubris","Minty Spire (QoL Compilation)","Quick Restart","READ ME - Guardian Mod","READ ME - Snecko Mod","Relic Stats","Reliquary","Ruina","Say the Spire","Spicy Shops","StSLib","The Gatherer","Transform Curses","Waifu the Spire"],"gold_per_floor":[117,128,128,142,142,142,42,42,42,74,74,74,74,92,92,194,194,209,209,44,44,113,144,163,163,163,198,210,244,259,271,271,373,373,392,410,410,410,81,81,93,93,118,135,135,166,39,39,39,39],"floor_reached":51,"language":"POL","playtime":7832,"items_purged":[],"score":1149,"play_id":"9b19dc40-4760-4cfd-9137-c7a27037b291","local_time":"20210226154552","is_ascension_mode":true,"campfire_choices":[{"data":"hubris:PowerSurge","floor":6.0,"key":"SMITH"},{"data":"hubris:Ukulele","floor":13.0,"key":"SMITH"},{"data":"Ghostly","floor":15.0,"key":"SMITH"},{"floor":25.0,"key":"REST"},{"data":"Buffer","floor":32.0,"key":"SMITH"},{"floor":40,"key":"REST"},{"floor":42,"key":"REST"},{"data":"Echo Form","floor":49,"key":"SMITH"}],"circlet_count":0,"master_deck":["Strike_B","Strike_B","Strike_B","Defend_B","Defend_B","Defend_B","Defend_B","Zap","Dualcast","Regret","Go for the Eyes","Lockon","Hologram","Steam","Conserve Battery","Beam Cell","Hello World","Ball Lightning","hubris:PowerSurge+1","Rip and Tear","Ghostly+1","hubris:Ukulele+1","Storm","Buffer+1","Gash","Thunder Strike","Hello World","Cold Snap+1","Fusion","Cold Snap+1","Hyperbeam","Conserve Battery+1","hubris:PowerSurge","Core Surge","White Noise+1","Loop+1","Meteor Strike","Ball Lightning+1","Self Repair","conspire:SharedLibrary","Magnetism","Echo Form+1"],"relics":["Cracked Core","Membership Card","reliquary:FingerTrap","Letter Opener","Bird Faced Urn","Toolbox","Lee\u0027s Waffle","hubris:Icosahedron","Bag of Marbles","reliquary:Aerogel","hubris:Towel","conspire:SlowCooker","Ancient Tea Set","DollysMirror","hubris:Metronome","Strawberry","Pantograph","reliquary:Vitrine","hubris:SphereOfDissonance","energizedSpire:UnstableMolecules","Bag of Preparation","Cables","Bronze Scales","reliquary:Stiletto","PreservedInsect"],"acts_visited":["Exordium","TheCity","TheBeyond"],"potions_floor_usage":[41,46,50],"damage_taken":[{"damage":0.0,"enemies":"Small Slimes","floor":1.0,"turns":3.0},{"damage":0.0,"enemies":"2 Louse","floor":2.0,"turns":2.0},{"damage":9.0,"enemies":"Jaw Worm","floor":4.0,"turns":2.0},{"damage":6.0,"enemies":"Lagavulin","floor":10.0,"turns":5.0},{"damage":0.0,"enemies":"3 Louse","floor":14.0,"turns":2.0},{"damage":1.0,"enemies":"Hexaghost","floor":16.0,"turns":5.0},{"damage":3.0,"enemies":"conspire:FuzzyDice","floor":18.0,"turns":4.0},{"damage":46.0,"enemies":"Book of Stabbing","floor":23.0,"turns":5.0},{"damage":11.0,"enemies":"3 Byrds","floor":24.0,"turns":4.0},{"damage":0.0,"enemies":"conspire:Head Lice","floor":27.0,"turns":6.0},{"damage":6.0,"enemies":"Snake Plant","floor":28.0,"turns":5.0},{"damage":25.0,"enemies":"conspire:SneckoGhost","floor":29.0,"turns":7.0},{"damage":0.0,"enemies":"Centurion and Healer","floor":30.0,"turns":5.0},{"damage":1.0,"enemies":"Sentry and Sphere","floor":31.0,"turns":3.0},{"damage":9.0,"enemies":"Automaton","floor":33.0,"turns":9.0},{"damage":25.0,"enemies":"3 Darklings","floor":35.0,"turns":2.0},{"damage":18.0,"enemies":"3 Shapes","floor":36.0,"turns":4.0},{"damage":26,"enemies":"Writhing Mass","floor":41,"turns":3},{"damage":35,"enemies":"3 Darklings","floor":44,"turns":3},{"damage":28,"enemies":"Reptomancer","floor":46,"turns":6},{"damage":22,"enemies":"hubris:GrandSnecko","floor":50,"turns":7}],"seed_played":"-1868010054372725686","potions_obtained":[{"floor":1.0,"key":"LiquidMemories"},{"floor":10.0,"key":"Explosive Potion"},{"floor":14.0,"key":"Swift Potion"},{"floor":16.0,"key":"FocusPotion"},{"floor":29.0,"key":"SkillPotion"},{"floor":33.0,"key":"Strength Potion"},{"floor":35.0,"key":"SkillPotion"},{"floor":44,"key":"Block Potion"}],"is_trial":false,"path_per_floor":["M","M","?","M","?","R","?","?","T","E","$","?","R","M","R","B",null,"M","?","$","?","T","E","M","R","T","E","M","E","M","M","R","B",null,"M","M","?","?","$","R","M","R","T","M","?","E","$","?","R","B",null],"character_chosen":"DEFECT","items_purchased":["Membership Card","reliquary:FingerTrap","Letter Opener","Go for the Eyes","Lockon","Hologram","Steam","Toolbox","Lee\u0027s Waffle","Conserve Battery","Beam Cell","Thunder Strike","Ancient Tea Set","DollysMirror","Meteor Strike","Bag of Preparation","Transmutation","Cables","PreservedInsect","Magnetism"],"campfire_rested":3,"item_purchase_floors":[0,0,0,0,0,0,0,0,0,0,0,20,20,20,39,39,39,39,47,47],"current_hp_per_floor":[82,82,82,73,73,73,73,73,73,67,67,67,67,67,67,70,79,80,80,80,80,80,45,36,62,62,68,70,51,57,56,56,82,87,64,46,46,46,46,72,52,78,78,51,99,77,77,58,58,86],"gold":39,"neow_bonus":"","is_daily":false,"chose_seed":false,"campfire_upgraded":5,"win_rate":0.0,"timestamp":1614350752,"path_taken":["M","M","?","M","?","R","?","?","T","E","?","?","R","M","R","BOSS","M","?","$","?","?","E","?","R","T","E","M","E","M","M","R","BOSS","M","?","?","?","?","R","?","R","T","M","?","E","?","?","R","BOSS"],"items_purchased_type":["Relic","Relic","Relic","Card","Card","Card","Card","Relic","Relic","Card","Card","Card","Relic","Relic","Card","Relic","Card","Relic","Relic","Card"],"build_version":"2020-12-22","purchased_purges":0,"victory":true,"max_hp_per_floor":[82,82,82,82,82,82,82,82,82,82,82,82,82,82,82,82,82,82,82,82,82,82,89,89,89,89,89,89,89,89,89,89,89,89,89,89,89,89,89,89,89,89,89,89,99,99,99,99,99,99],"relic_stats":{"Lee\u0027s Waffle":49,"counters":[72,280],"Bird Faced Urn":[90],"Pantograph":50,"Bronze Scales":[33],"PreservedInsect":0,"Bag of Preparation":[8],"Letter Opener":[141],"obtain_stats":[{"reliquary:Conveyor":2,"Calipers":0,"energizedSpire:UnstableMolecules":34,"reliquary:PartyBalloon":7,"CeramicFish":2,"Vajra":40,"hubris:VirtuousBlindfold":17,"reliquary:FerryPass":13,"Centennial Puzzle":46,"DollysMirror":20,"Strawberry":23,"Prayer Wheel":0,"HandDrill":0,"reliquary:FingerTrap":0,"reliquary:Vitrine":27,"Girya":11,"Dead Branch":22,"Oddly Smooth Stone":0,"hubris:SphereOfDissonance":0,"hubris:HollowSoul":17,"conspire:SlowCooker":17,"Letter Opener":0,"Cables":39,"reliquary:PorcupineQuills":0,"Bird Faced Urn":0,"Bronze Scales":43,"Unceasing Top":24,"hubris:Metronome":22,"reliquary:Aerogel":13,"StoneCalendar":0,"hubris:SlimyHat":0,"Bag of Preparation":9,"Empty Cage":34,"Ancient Tea Set":43,"Smiling Mask":3,"ClockworkSouvenir":0,"reliquary:TridentHead":26,"Dream Catcher":0,"hubris:Icosahedron":3,"Mummified Hand":9,"Pantograph":26,"Toolbox":0,"Red Mask":31,"Chemical X":0,"Cracked Core":0,"Potion Belt":0,"Lee\u0027s Waffle":0,"Golden Idol":3,"PreservedInsect":47,"Orichalcum":39,"hubris:Towel":12,"reliquary:RosewoodLute":13,"MawBank":48,"reliquary:ExpiredCoupon":9,"reliquary:RustamsPendant":17,"reliquary:Stiletto":0,"Bag of Marbles":31,"reliquary:TuningFork":0,"Membership Card":0,"hubris:OldNail":14,"hubris:Potato":16},{"reliquary:Conveyor":1,"Calipers":29,"energizedSpire:UnstableMolecules":66,"reliquary:PartyBalloon":33,"CeramicFish":9,"Vajra":25,"hubris:VirtuousBlindfold":37,"reliquary:FerryPass":14,"Centennial Puzzle":27,"DollysMirror":58,"Strawberry":59,"Prayer Wheel":8,"HandDrill":8,"reliquary:FingerTrap":51,"reliquary:Vitrine":61,"Girya":13,"Dead Branch":45,"Oddly Smooth Stone":0,"hubris:SphereOfDissonance":29,"hubris:HollowSoul":43,"conspire:SlowCooker":57,"Letter Opener":51,"Cables":68,"reliquary:PorcupineQuills":8,"Bird Faced Urn":51,"Bronze Scales":69,"Unceasing Top":46,"hubris:Metronome":58,"reliquary:Aerogel":41,"StoneCalendar":37,"hubris:SlimyHat":8,"Bag of Preparation":40,"Empty Cage":22,"Ancient Tea Set":25,"Smiling Mask":38,"ClockworkSouvenir":0,"reliquary:TridentHead":19,"Dream Catcher":29,"hubris:Icosahedron":9,"Mummified Hand":11,"Pantograph":60,"Toolbox":51,"Red Mask":50,"Chemical X":37,"Cracked Core":0,"Potion Belt":0,"Lee\u0027s Waffle":51,"Golden Idol":1,"PreservedInsect":71,"Orichalcum":24,"hubris:Towel":34,"reliquary:RosewoodLute":35,"MawBank":28,"reliquary:ExpiredCoupon":4,"reliquary:RustamsPendant":15,"reliquary:Stiletto":0,"Bag of Marbles":21,"reliquary:TuningFork":29,"Membership Card":51,"hubris:OldNail":14,"hubris:Potato":15},{"reliquary:Conveyor":4,"Calipers":95,"energizedSpire:UnstableMolecules":255,"reliquary:PartyBalloon":106,"CeramicFish":31,"Vajra":88,"hubris:VirtuousBlindfold":125,"reliquary:FerryPass":46,"Centennial Puzzle":90,"DollysMirror":211,"Strawberry":216,"Prayer Wheel":29,"HandDrill":29,"reliquary:FingerTrap":188,"reliquary:Vitrine":226,"Girya":42,"Dead Branch":154,"Oddly Smooth Stone":0,"hubris:SphereOfDissonance":95,"hubris:HollowSoul":145,"conspire:SlowCooker":207,"Letter Opener":188,"Cables":261,"reliquary:PorcupineQuills":29,"Bird Faced Urn":188,"Bronze Scales":264,"Unceasing Top":159,"hubris:Metronome":211,"reliquary:Aerogel":135,"StoneCalendar":125,"hubris:SlimyHat":29,"Bag of Preparation":132,"Empty Cage":83,"Ancient Tea Set":88,"Smiling Mask":127,"ClockworkSouvenir":0,"reliquary:TridentHead":71,"Dream Catcher":95,"hubris:Icosahedron":31,"Mummified Hand":36,"Pantograph":220,"Toolbox":188,"Red Mask":178,"Chemical X":125,"Cracked Core":0,"Potion Belt":0,"Lee\u0027s Waffle":188,"Golden Idol":4,"PreservedInsect":273,"Orichalcum":86,"hubris:Towel":109,"reliquary:RosewoodLute":113,"MawBank":91,"reliquary:ExpiredCoupon":12,"reliquary:RustamsPendant":54,"reliquary:Stiletto":0,"Bag of Marbles":76,"reliquary:TuningFork":95,"Membership Card":188,"hubris:OldNail":46,"hubris:Potato":54}],"Cables":[16,10,1,0,5]},"card_choices":[{"not_picked":["Streamline","Leap"],"picked":"Hello World","floor":1.0},{"not_picked":["Coolheaded","Barrage"],"picked":"Ball Lightning","floor":2.0},{"not_picked":["Leap","conspire:Rain"],"picked":"Rip and Tear","floor":4.0},{"not_picked":["Sweeping Beam","Genetic Algorithm"],"picked":"hubris:Ukulele","floor":10.0},{"not_picked":["Cold Snap","conspire:Rain"],"picked":"Storm","floor":14.0},{"not_picked":["Machine Learning","Biased Cognition"],"picked":"Buffer","floor":16.0},{"not_picked":["Darkness","Hologram"],"picked":"Gash","floor":18.0},{"not_picked":["Scrape","Conserve Battery"],"picked":"Hello World","floor":23.0},{"not_picked":["Turbo","Genetic Algorithm"],"picked":"Cold Snap+1","floor":24.0},{"not_picked":["Leap","Barrage+1"],"picked":"Fusion","floor":27.0},{"not_picked":["Rebound","Compile Driver"],"picked":"Cold Snap+1","floor":28.0},{"not_picked":["Hello World","Conserve Battery"],"picked":"Hyperbeam","floor":29.0},{"not_picked":["Go for the Eyes","Rebound"],"picked":"Conserve Battery+1","floor":30.0},{"not_picked":["Redo","Coolheaded"],"picked":"hubris:PowerSurge","floor":31.0},{"not_picked":["hubris:SpecializedCircuitry","Seek"],"picked":"Core Surge","floor":33.0},{"not_picked":["Hologram","Gash+1"],"picked":"White Noise+1","floor":35.0},{"not_picked":["Leap+1","Ball Lightning+1"],"picked":"Loop+1","floor":36.0},{"not_picked":["Hologram","Rip and Tear+1"],"picked":"Ball Lightning+1","floor":41},{"not_picked":["Coolheaded","Ball Lightning+1"],"picked":"Self Repair","floor":44},{"not_picked":["Streamline","Steam"],"picked":"conspire:SharedLibrary","floor":46}],"player_experience":494856,"relics_obtained":[{"floor":9.0,"key":"Bag of Marbles"},{"floor":10.0,"key":"reliquary:Aerogel"},{"floor":22.0,"key":"hubris:Metronome"},{"floor":23.0,"key":"Strawberry"},{"floor":26.0,"key":"Pantograph"},{"floor":27.0,"key":"reliquary:Vitrine"},{"floor":29.0,"key":"hubris:SphereOfDissonance"},{"floor":43,"key":"Bronze Scales"},{"floor":46,"key":"reliquary:Stiletto"}],"event_choices":[{"damage_healed":0.0,"max_hp_gain":0.0,"max_hp_loss":0.0,"gold_gain":0.0,"event_name":"conspire:LoneGhost","player_choice":"Argue","floor":7.0,"gold_loss":0.0,"damage_taken":0.0},{"damage_healed":0.0,"max_hp_gain":0.0,"max_hp_loss":0.0,"gold_gain":0.0,"event_name":"The Cleric","player_choice":"Leave","floor":8.0,"gold_loss":0.0,"damage_taken":0.0},{"damage_healed":0.0,"max_hp_gain":0.0,"max_hp_loss":0.0,"gold_gain":0.0,"event_name":"Vampires","player_choice":"Ignored","floor":19.0,"gold_loss":0.0,"damage_taken":0.0},{"damage_healed":0.0,"max_hp_gain":0.0,"max_hp_loss":0.0,"gold_gain":0.0,"event_name":"conspire:Investor","player_choice":"Leave","floor":21.0,"gold_loss":0.0,"damage_taken":0.0},{"cards_removed":["Strike_B"],"damage_healed":0,"gold_gain":0,"player_choice":"Removed Attack","damage_taken":0,"max_hp_gain":0,"max_hp_loss":0,"event_name":"Falling","floor":38,"gold_loss":0},{"cards_removed":["Transmutation"],"damage_healed":38,"gold_gain":0,"player_choice":"Offered Rare","damage_taken":0,"max_hp_gain":10,"max_hp_loss":0,"event_name":"Bonfire Elementals","floor":45,"gold_loss":0},{"damage_healed":0,"gold_gain":3,"player_choice":"2","damage_taken":0,"max_hp_gain":0,"max_hp_loss":19,"event_name":"betterStone:BetterStone","floor":48,"gold_loss":0}],"is_beta":false,"boss_relics":[{"not_picked":["conspire:RunicOctahedron","Snecko Eye"],"picked":"conspire:SlowCooker"},{"not_picked":["energizedSpire:HugeHouse","Velvet Choker"],"picked":"energizedSpire:UnstableMolecules"}],"items_purged_floors":[],"is_endless":false,"potions_floor_spawned":[1,10,14,16,24,28,29,33,35,44],"ascension_level":9}}