{"host":"ese2ark2t4rtyu62","time":1614347575,"event":{"mods":["BaseMod","Downfall","Hermit","Lobotomy","Minty Spire (QoL Compilation)","Replay The Spire","StSLib","The Construct"],"gold_per_floor":[118,118,132,151,171,206,225,257,257,292,39,70,101,141,141,141,141],"floor_reached":16,"language":"ZHS","playtime":2868,"items_purged":["hermit:TakeCover"],"score":167,"play_id":"d67014e1-cba7-444a-a136-c025da6feb7c","local_time":"20210226215255","daily_mods":["Draft","Vintage","Heirloom","Time Dilation","Flight","Elite Swarm"],"is_ascension_mode":false,"campfire_choices":[{"floor":15,"key":"DIG"}],"circlet_count":0,"master_deck":["hermit:CursedWeapon","hermit:NoHoldsBarred","hermit:Vantage","hermit:ItchyTrigger","hermit:Malice","hermit:LuckOfTheDraw","hermit:SprayPray","hermit:Enervate","hermit:Virtue","hermit:Headshot","hermit:HighCaliber","hermit:FlashPowder","hermit:Ricochet","hermit:Reprieve+1","hermit:Dissolve+1","hermit:OverwhelmingPower+1","hermit:DeadMansHand+1","hermit:DeadOrAlive+1","hermit:Roughhouse+1"],"relics":["hermit:Momento","Replay:Multitool","Singing Bowl","ReplayTheSpireMod:Shallot","Golden Egg","ReplayTheSpireMod:Ninjato","Sundial","Divine Protection","Incense Burner","Pantograph","Dream Catcher","Slimebound:StickyStick","CeramicFish","construct:BoolHorns","Happy Flower"],"acts_visited":["Exordium"],"potions_floor_usage":[10,16],"damage_taken":[{"damage":0,"enemies":"Small Slimes","floor":1,"turns":2},{"damage":0,"enemies":"Cultist","floor":3,"turns":2},{"damage":0,"enemies":"2 Louse","floor":4,"turns":2},{"damage":2,"enemies":"Red Slaver","floor":5,"turns":2},{"damage":18,"enemies":"3 Sentries","floor":6,"turns":5},{"damage":0,"enemies":"Lots of Slimes","floor":7,"turns":2},{"damage":0,"enemies":"Gremlin Nob","floor":8,"turns":3},{"damage":2,"enemies":"Lagavulin","floor":10,"turns":6},{"damage":10,"enemies":"3 Sentries","floor":12,"turns":4},{"damage":0,"enemies":"2 Fungi Beasts","floor":13,"turns":2},{"damage":13,"enemies":"Lagavulin","floor":14,"turns":5},{"damage":20,"enemies":"The Guardian","floor":16,"turns":4}],"seed_played":"8913268107332737058","potions_obtained":[{"floor":4,"key":"Milkshake"},{"floor":7,"key":"Milkshake"},{"floor":13,"key":"SkillPotion"}],"is_trial":true,"path_per_floor":["M","?","M","M","M","E","M","E","T","E","$","E","M","E","R","B"],"character_chosen":"HERMIT","items_purchased":["hermit:DeadMansHand","BlessingOfTheForge","BlessingOfTheForge"],"campfire_rested":0,"item_purchase_floors":[11,11,11],"current_hp_per_floor":[75,75,75,75,73,55,55,55,55,53,53,43,47,38,38,47,47],"gold":141,"neow_bonus":"","is_daily":false,"chose_seed":false,"campfire_upgraded":0,"win_rate":0.0,"timestamp":1614347575,"path_taken":["M","?","M","M","M","E","M","E","T","E","$","E","M","E","R","BOSS"],"items_purchased_type":["Card","Potion","Potion"],"build_version":"2020-12-22","purchased_purges":1,"victory":false,"max_hp_per_floor":[75,75,75,75,75,75,75,75,75,75,75,75,75,75,75,75,75],"card_choices":[{"not_picked":["hermit:LowProfile","hermit:TrackingShot"],"picked":"hermit:CursedWeapon","floor":0},{"not_picked":["hermit:Manifest","hermit:LowProfile"],"picked":"hermit:NoHoldsBarred","floor":0},{"not_picked":["hermit:HoleUp","hermit:Feint"],"picked":"hermit:Vantage","floor":0},{"not_picked":["hermit:CalledShot","hermit:LoneWolf"],"picked":"hermit:ItchyTrigger","floor":0},{"not_picked":["hermit:Showdown","hermit:Roulette"],"picked":"hermit:Malice","floor":0},{"not_picked":["hermit:FlashPowder","hermit:SprayPray"],"picked":"hermit:LuckOfTheDraw","floor":0},{"not_picked":["hermit:Manifest","hermit:Coalescence"],"picked":"hermit:SprayPray","floor":0},{"not_picked":["hermit:BodyArmor","hermit:Ricochet"],"picked":"hermit:Enervate","floor":0},{"not_picked":["hermit:Misfire","hermit:Quickdraw"],"picked":"hermit:Virtue","floor":0},{"not_picked":["hermit:TakeAim","hermit:ItchyTrigger"],"picked":"hermit:Headshot","floor":0},{"not_picked":["hermit:Manifest","hermit:HoleUp"],"picked":"hermit:HighCaliber","floor":0},{"not_picked":["hermit:WideOpen","hermit:TrackingShot"],"picked":"hermit:FlashPowder","floor":0},{"not_picked":["hermit:HighCaliber","hermit:TrackingShot"],"picked":"hermit:Ricochet","floor":0},{"not_picked":["hermit:Manifest","hermit:WideOpen"],"picked":"hermit:TakeCover","floor":0},{"not_picked":["hermit:LowProfile","hermit:TrackingShot"],"picked":"hermit:HighCaliber","floor":0},{"not_picked":["hermit:EternalForm","hermit:Purgatory"],"picked":"hermit:Reprieve","floor":6},{"not_picked":["hermit:FinalCanter","hermit:RoundhouseKick"],"picked":"hermit:Dissolve","floor":8},{"not_picked":["hermit:Purgatory","hermit:FatalDesire"],"picked":"hermit:OverwhelmingPower","floor":10},{"not_picked":["hermit:OverwhelmingPower","hermit:Dissolve"],"picked":"hermit:DeadOrAlive","floor":12},{"not_picked":["hermit:OverwhelmingPower","hermit:Gambit"],"picked":"hermit:Roughhouse","floor":14}],"player_experience":271303,"relics_obtained":[{"floor":1,"key":"Singing Bowl"},{"floor":3,"key":"ReplayTheSpireMod:Shallot"},{"floor":4,"key":"Golden Egg"},{"floor":5,"key":"ReplayTheSpireMod:Ninjato"},{"floor":6,"key":"Sundial"},{"floor":7,"key":"Divine Protection"},{"floor":8,"key":"Incense Burner"},{"floor":9,"key":"Pantograph"},{"floor":10,"key":"Dream Catcher"},{"floor":12,"key":"Slimebound:StickyStick"},{"floor":13,"key":"CeramicFish"},{"floor":14,"key":"construct:BoolHorns"},{"floor":15,"key":"Happy Flower"}],"event_choices":[{"cards_removed":["hermit:HighCaliber"],"damage_healed":5,"gold_gain":0,"player_choice":"Offered Common","damage_taken":0,"max_hp_gain":0,"max_hp_loss":0,"event_name":"Bonfire Elementals","floor":2,"gold_loss":0},{"cards_removed":["hermit:HighCaliber"],"damage_healed":5,"gold_gain":0,"player_choice":"Offered Special","damage_taken":0,"max_hp_gain":0,"max_hp_loss":0,"event_name":"Bonfire Elementals","floor":2,"gold_loss":0}],"is_beta":false,"boss_relics":[],"items_purged_floors":[11],"is_endless":true,"potions_floor_spawned":[4,7,13],"killed_by":"The Guardian","ascension_level":0}}