{"host":"dapjhzz8gxmkyyt6","time":1614317031,"event":{"mods":["BaseMod","BetterRewards","Hubris","Infinite Spire","Minty Spire (QoL Compilation)","Replay The Spire","Somnambulant","StSLib","The Blackbeard","The Jungle","The Necromancer"],"gold_per_floor":[109,129,129,80,80,105,115,115,115,135,135,165,165,181,181,181,181,181],"floor_reached":16,"language":"ENG","playtime":508,"items_purged":[],"score":100,"play_id":"261b4a9d-2a58-4b8d-95a1-1de033adc241","local_time":"20210226002351","is_ascension_mode":false,"campfire_choices":[{"floor":8,"key":"RECALL"},{"floor":11,"key":"REST"},{"floor":15,"key":"DIG"}],"circlet_count":0,"master_deck":["blackbeard:BlackbeardStrike","blackbeard:BlackbeardStrike","blackbeard:BlackbeardStrike","blackbeard:BlackbeardStrike","blackbeard:IntimidatingStrike","blackbeard:BlackbeardDefend","blackbeard:BlackbeardDefend","blackbeard:BlackbeardDefend","blackbeard:BlackbeardDefend","blackbeard:Cutlass+1","blackbeard:RearmingStrike","blackbeard:PowderKeg","blackbeard:GoldenStrike","blackbeard:CatONineTails","blackbeard:ChaoticDefense","blackbeard:DoubleCannonball","blackbeard:SwordDance","blackbeard:RemoveScurvy"],"relics":["blackbeard:LoadTheCannons","Ornamental Fan","hubris:OldNail","infinitespire:BottledMercury","Odd Mushroom","Bird Faced Urn"],"acts_visited":["Exordium"],"potions_floor_usage":[16,16],"damage_taken":[{"damage":4,"enemies":"Cultist","floor":1,"turns":3},{"damage":8,"enemies":"Jaw Worm","floor":2,"turns":2},{"damage":22,"enemies":"Lagavulin","floor":6,"turns":6},{"damage":0,"enemies":"Small Slimes","floor":7,"turns":3},{"damage":5,"enemies":"3 Louse","floor":10,"turns":3},{"damage":10,"enemies":"The Mushroom Lair","floor":12,"turns":4},{"damage":0,"enemies":"Lots of Slimes","floor":14,"turns":1},{"damage":48,"enemies":"Hexaghost","floor":16,"turns":10}],"seed_played":"155780555571080310","potions_obtained":[{"floor":2,"key":"Swift Potion"},{"floor":10,"key":"GamblersBrew"},{"floor":12,"key":"Doom Potion"}],"is_trial":false,"path_per_floor":["M","M","?","$","?","E","M","R","T","M","R","?","?","M","R","B"],"character_chosen":"BLACKBEARD_CLASS","items_purchased":["blackbeard:GoldenStrike"],"campfire_rested":1,"item_purchase_floors":[4],"current_hp_per_floor":[74,66,66,66,66,44,44,44,44,39,62,52,45,45,45,0,0,0],"gold":181,"neow_bonus":"RANDOM_EVENT","is_daily":false,"chose_seed":false,"campfire_upgraded":0,"win_rate":0.0,"timestamp":1614317031,"path_taken":["M","?","?","?","?","E","M","R","T","?","R","?","?","M","R","BOSS"],"items_purchased_type":["Card"],"build_version":"2020-12-22","purchased_purges":0,"victory":false,"max_hp_per_floor":[78,78,78,78,78,78,78,78,78,78,78,78,78,78,78,78,78,78],"card_choices":[{"not_picked":["blackbeard:Sword","blackbeard:FieryDefense"],"picked":"blackbeard:RearmingStrike","floor":1},{"not_picked":["blackbeard:Scrap","blackbeard:VengefulSpirit"],"picked":"blackbeard:PowderKeg","floor":2},{"not_picked":["blackbeard:GoldenDefense","blackbeard:DangerousBlow"],"picked":"blackbeard:CatONineTails","floor":6},{"not_picked":["blackbeard:PirateHook","blackbeard:Shrapnel"],"picked":"blackbeard:ChaoticDefense","floor":7},{"not_picked":["blackbeard:DeadlyArsenal","blackbeard:GoldenStrike"],"picked":"blackbeard:DoubleCannonball","floor":10},{"not_picked":["blackbeard:TacticalRetreat","blackbeard:DeadlyArsenal"],"picked":"blackbeard:SwordDance","floor":12},{"not_picked":["blackbeard:Dagger","blackbeard:TacticalRetreat"],"picked":"blackbeard:RemoveScurvy","floor":14}],"player_experience":7353372,"relics_obtained":[{"floor":6,"key":"hubris:OldNail"},{"floor":9,"key":"infinitespire:BottledMercury"},{"floor":12,"key":"Odd Mushroom"},{"floor":15,"key":"Bird Faced Urn"}],"event_choices":[{"damage_healed":0,"gold_gain":0,"player_choice":"Forge","damage_taken":0,"max_hp_gain":0,"max_hp_loss":0,"event_name":"Accursed Blacksmith","floor":3,"gold_loss":0,"cards_upgraded":["blackbeard:Cutlass"]},{"damage_healed":0,"gold_gain":0,"player_choice":"Gave Potion","damage_taken":0,"relics_obtained":["Ornamental Fan"],"max_hp_gain":0,"max_hp_loss":0,"event_name":"WeMeetAgain","floor":5,"gold_loss":0},{"damage_healed":0,"gold_gain":0,"player_choice":"Fought Mushrooms","damage_taken":0,"max_hp_gain":0,"max_hp_loss":0,"event_name":"Mushrooms","floor":12,"gold_loss":0},{"damage_healed":0,"gold_gain":0,"player_choice":"Damaged","damage_taken":7,"max_hp_gain":0,"max_hp_loss":0,"event_name":"Wheel of Change","floor":13,"gold_loss":0}],"is_beta":false,"boss_relics":[],"items_purged_floors":[],"is_endless":false,"potions_floor_spawned":[2,10,12],"killed_by":"Hexaghost","ascension_level":0}}