{"host":"s41rn2jhghpwfrvz","time":1614378545,"event":{"mods":["BaseMod","Minty Spire (QoL Compilation)","Quick Restart","Relic Stats","SuperFastMode"],"gold_per_floor":[117,130,146,164,164,195,195,222,222,236,264,264,137,164,164,240,240,256,256,271,271,9,9,19,47,74,105,105,124,152,152,152,225,225,241,241,261,276,295,328,328,353,426,426,444,479,479,506,506,506,506,506,506,46,79,79],"floor_reached":57,"language":"ENG","playtime":1061,"items_purged":["Sweeping Beam","Blade Dance"],"score":3941,"play_id":"5b10c604-af7b-4785-9326-d271b545e74a","local_time":"20210227002905","daily_mods":["SealedDeck","Diverse","Elite Swarm"],"is_ascension_mode":true,"campfire_choices":[{"data":"Pommel Strike","floor":12,"key":"SMITH"},{"data":"Backflip","floor":15,"key":"SMITH"},{"data":"Grand Finale","floor":23,"key":"SMITH"},{"floor":28,"key":"RECALL"},{"data":"Offering","floor":32,"key":"SMITH"},{"data":"Shrug It Off","floor":41,"key":"SMITH"},{"data":"PiercingWail","floor":44,"key":"SMITH"},{"data":"Gash","floor":49,"key":"SMITH"},{"floor":53,"key":"REST"}],"circlet_count":0,"master_deck":["AscendersBane","Pommel Strike+1","Shrug It Off+1","PiercingWail+1","Gash+1","Backflip+1","Grand Finale+1","Prepared","Wraith Form v2+1","Offering+1"],"relics":["Burning Blood","Sundial","Frozen Egg 2","Gremlin Horn","White Beast Statue","Black Star","Question Card","ClockworkSouvenir","Mummified Hand","Bottled Lightning","Calipers","Red Skull","Pear","Smiling Mask","SacredBark","Ancient Tea Set","Nunchaku","Mango","Vajra","InkBottle","Unceasing Top","Darkstone Periapt","Strawberry","PreservedInsect","HornCleat","Bronze Scales","Kunai","Ice Cream"],"acts_visited":["Exordium","TheCity","TheBeyond","TheEnding"],"potions_floor_usage":[56,56],"damage_taken":[{"damage":0.0,"enemies":"Cultist","floor":1.0,"turns":2.0},{"damage":0.0,"enemies":"Jaw Worm","floor":2.0,"turns":2.0},{"damage":2.0,"enemies":"Small Slimes","floor":3.0,"turns":2.0},{"damage":5.0,"enemies":"Exordium Thugs","floor":4.0,"turns":3.0},{"damage":31.0,"enemies":"Gremlin Nob","floor":6.0,"turns":4.0},{"damage":25.0,"enemies":"3 Sentries","floor":8.0,"turns":5.0},{"damage":0.0,"enemies":"Gremlin Gang","floor":10.0,"turns":3.0},{"damage":0,"enemies":"Gremlin Nob","floor":11,"turns":2},{"damage":0,"enemies":"Lagavulin","floor":14,"turns":2},{"damage":0,"enemies":"Slime Boss","floor":16,"turns":2},{"damage":0,"enemies":"Chosen","floor":18,"turns":2},{"damage":0,"enemies":"2 Thieves","floor":20,"turns":1},{"damage":0,"enemies":"Chosen and Byrds","floor":24,"turns":1},{"damage":0,"enemies":"Gremlin Leader","floor":25,"turns":1},{"damage":15,"enemies":"Book of Stabbing","floor":27,"turns":4},{"damage":0,"enemies":"Centurion and Healer","floor":29,"turns":2},{"damage":0,"enemies":"Gremlin Leader","floor":30,"turns":2},{"damage":6,"enemies":"Collector","floor":33,"turns":1},{"damage":6,"enemies":"3 Shapes","floor":35,"turns":1},{"damage":6,"enemies":"3 Darklings","floor":37,"turns":1},{"damage":12,"enemies":"4 Shapes","floor":38,"turns":1},{"damage":6,"enemies":"Maw","floor":39,"turns":1},{"damage":6,"enemies":"Giant Head","floor":40,"turns":1},{"damage":6,"enemies":"Nemesis","floor":42,"turns":1},{"damage":6,"enemies":"Spire Growth","floor":45,"turns":1},{"damage":6,"enemies":"Giant Head","floor":46,"turns":1},{"damage":6,"enemies":"Reptomancer","floor":48,"turns":1},{"damage":6,"enemies":"Time Eater","floor":50,"turns":2},{"damage":6,"enemies":"Awakened One","floor":51,"turns":2},{"damage":6,"enemies":"Shield and Spear","floor":55,"turns":1},{"damage":6,"enemies":"The Heart","floor":56,"turns":4}],"seed_played":"6057003051119854326","potions_obtained":[{"floor":3.0,"key":"HeartOfIron"},{"floor":8.0,"key":"EssenceOfSteel"},{"floor":16,"key":"SpeedPotion"},{"floor":20,"key":"Strength Potion"},{"floor":25,"key":"Swift Potion"}],"is_trial":true,"path_per_floor":["M","M","M","M","?","E","?","E","T","M","E","R","$","E","R","B",null,"M","?","M","?","$","R","M","E","T","E","R","M","E","?","R","B",null,"M","?","M","M","M","E","R","E","T","R","M","E","?","E","R","B","B",null,"R","$","E","B",null],"character_chosen":"IRONCLAD","items_purchased":["Prepared","ClockworkSouvenir","HornCleat","Bronze Scales"],"campfire_rested":1,"item_purchase_floors":[13,22,54,54],"current_hp_per_floor":[74,75,75,75,68,43,43,24,24,30,36,36,36,42,42,48,68,74,74,75,75,75,75,75,75,75,66,66,72,85,85,85,85,85,85,85,85,79,79,79,79,93,93,93,93,93,93,100,100,100,100,105,106,106,106,106],"gold":79,"neow_bonus":"","is_daily":false,"chose_seed":false,"campfire_upgraded":7,"win_rate":0.0,"timestamp":1614378545,"path_taken":["M","?","M","M","?","E","?","E","T","M","E","R","$","E","R","BOSS","M","?","?","?","?","R","?","E","T","E","R","M","E","?","R","BOSS","M","?","M","M","M","E","R","E","T","R","M","E","?","E","R","BOSS","BOSS","R","$","E","BOSS"],"items_purchased_type":["Card","Relic","Relic","Relic"],"build_version":"2020-12-22","purchased_purges":2,"victory":true,"max_hp_per_floor":[75,75,75,75,75,75,75,75,75,75,75,75,75,75,75,75,75,75,75,75,75,75,75,75,75,75,75,75,75,85,85,85,85,85,85,85,85,85,85,85,85,99,99,99,99,99,99,106,106,106,106,106,106,106,106,106],"relic_stats":{"Darkstone Periapt":0,"Gremlin Horn":[8,10],"counters":[31,59],"PreservedInsect":77,"Question Card":17,"Smiling Mask":0,"Burning Blood":156,"Nunchaku":[8],"Sundial":[78],"Mummified Hand":[5],"Bronze Scales":[48],"Black Star":8,"Kunai":[8],"obtain_stats":[{"Darkstone Periapt":46,"Ice Cream":55,"Calipers":27,"Gremlin Horn":11,"SacredBark":34,"Vajra":42,"Mango":42,"Smiling Mask":30,"Ancient Tea Set":40,"Burning Blood":0,"ClockworkSouvenir":22,"Nunchaku":40,"HornCleat":54,"Sundial":8,"Mummified Hand":25,"Strawberry":48,"Kunai":55,"Red Skull":27,"InkBottle":43,"Pear":30,"PreservedInsect":48,"Frozen Egg 2":9,"Question Card":19,"White Beast Statue":14,"Bronze Scales":54,"Black Star":17,"Bottled Lightning":25,"Unceasing Top":46},{"Darkstone Periapt":26,"Ice Cream":30,"Calipers":15,"Gremlin Horn":8,"SacredBark":18,"Vajra":24,"Mango":24,"Smiling Mask":17,"Ancient Tea Set":23,"Burning Blood":0,"ClockworkSouvenir":12,"Nunchaku":23,"HornCleat":29,"Sundial":6,"Mummified Hand":14,"Strawberry":27,"Kunai":30,"Red Skull":15,"InkBottle":24,"Pear":17,"PreservedInsect":27,"Frozen Egg 2":6,"Question Card":11,"White Beast Statue":9,"Bronze Scales":29,"Black Star":10,"Bottled Lightning":14,"Unceasing Top":26},{"Darkstone Periapt":49,"Ice Cream":55,"Calipers":36,"Gremlin Horn":23,"SacredBark":41,"Vajra":47,"Mango":47,"Smiling Mask":40,"Ancient Tea Set":46,"Burning Blood":0,"ClockworkSouvenir":30,"Nunchaku":46,"HornCleat":54,"Sundial":18,"Mummified Hand":32,"Strawberry":50,"Kunai":55,"Red Skull":36,"InkBottle":47,"Pear":40,"PreservedInsect":50,"Frozen Egg 2":18,"Question Card":29,"White Beast Statue":25,"Bronze Scales":54,"Black Star":27,"Bottled Lightning":32,"Unceasing Top":49}],"InkBottle":[8],"Unceasing Top":[0]},"card_choices":[{"not_picked":["Sword Boomerang","Streamline","Crescendo"],"picked":"SKIP","floor":1.0},{"not_picked":["Sentinel","FollowUp","Pray"],"picked":"SKIP","floor":2.0},{"not_picked":["Entrench","FollowUp","Sucker Punch"],"picked":"SKIP","floor":3.0},{"not_picked":["Headbutt","Heavy Blade","Dagger Spray"],"picked":"SKIP","floor":4.0},{"not_picked":["Blasphemy","Devotion","Impervious"],"picked":"SKIP","floor":6.0},{"not_picked":["Burst","Immolate","Multi-Cast"],"picked":"SKIP","floor":8.0},{"not_picked":["Dodge and Roll","Cold Snap","Chill"],"picked":"SKIP","floor":10.0},{"not_picked":["Amplify","Fission","Buffer+1"],"picked":"SKIP","floor":11},{"not_picked":["Fission","Brilliance","Envenom+1"],"picked":"SKIP","floor":14},{"not_picked":["Inflame+1","Armaments","Distraction"],"picked":"SKIP","floor":18},{"not_picked":["Cloak And Dagger","PiercingWail","Slice","CutThroughFate"],"picked":"SKIP","floor":20},{"not_picked":["After Image+1","Streamline+1","SandsOfTime","BootSequence+1"],"picked":"SKIP","floor":24},{"not_picked":["Corruption+1","Storm of Steel","DevaForm+1"],"picked":"Wraith Form v2+1","floor":25},{"not_picked":["Impervious","Seek","SpiritShield","Tools of the Trade+1"],"picked":"SKIP","floor":27},{"not_picked":["Go for the Eyes","Steam","Consecrate","Finisher"],"picked":"SKIP","floor":29},{"not_picked":["Omniscience","Envenom+1","LessonLearned"],"picked":"Offering","floor":30},{"not_picked":["Cleave","Blade Dance","Self Repair+1","Warcry+1"],"picked":"SKIP","floor":35},{"not_picked":["Evaluate","Hello World+1","Heatsinks+1","Cloak And Dagger"],"picked":"SKIP","floor":37},{"not_picked":["Dash+1","Quick Slash","Pray+1","Stack"],"picked":"SKIP","floor":38},{"not_picked":["Pommel Strike","Endless Agony","Scrape","Gash"],"picked":"SKIP","floor":39},{"not_picked":["DevaForm+1","Fiend Fire","Bullet Time","Scrawl"],"picked":"SKIP","floor":40},{"not_picked":["Multi-Cast","Night Terror","Establishment+1","Vault"],"picked":"SKIP","floor":42},{"not_picked":["FlyingSleeves","Sunder","Redo+1","Pommel Strike"],"picked":"SKIP","floor":45},{"not_picked":["After Image+1","Fission","Tools of the Trade+1","Limit Break"],"picked":"SKIP","floor":46},{"not_picked":["Corruption+1","Immolate","Tools of the Trade+1","Bludgeon"],"picked":"SKIP","floor":48},{"not_picked":["Barricade+1","Fission","Bludgeon","Bullet Time"],"picked":"SKIP","floor":55}],"player_experience":2033792,"relics_obtained":[{"floor":8.0,"key":"Sundial"},{"floor":9.0,"key":"Frozen Egg 2"},{"floor":11,"key":"Gremlin Horn"},{"floor":14,"key":"White Beast Statue"},{"floor":25,"key":"Mummified Hand"},{"floor":25,"key":"Bottled Lightning"},{"floor":27,"key":"Calipers"},{"floor":27,"key":"Red Skull"},{"floor":30,"key":"Pear"},{"floor":30,"key":"Smiling Mask"},{"floor":40,"key":"Ancient Tea Set"},{"floor":40,"key":"Nunchaku"},{"floor":42,"key":"Mango"},{"floor":42,"key":"Vajra"},{"floor":43,"key":"InkBottle"},{"floor":46,"key":"Unceasing Top"},{"floor":46,"key":"Darkstone Periapt"},{"floor":48,"key":"Strawberry"},{"floor":48,"key":"PreservedInsect"},{"floor":55,"key":"Kunai"},{"floor":55,"key":"Ice Cream"}],"event_choices":[{"cards_removed":["Hologram"],"damage_healed":0.0,"max_hp_gain":0.0,"max_hp_loss":0.0,"gold_gain":0.0,"event_name":"Golden Wing","player_choice":"Card Removal","floor":5.0,"gold_loss":0.0,"damage_taken":7.0},{"damage_healed":0.0,"max_hp_gain":0.0,"max_hp_loss":0.0,"gold_gain":0.0,"cards_transformed":["Dagger Spray"],"event_name":"Transmorgrifier","player_choice":"Transformed","floor":7.0,"gold_loss":0.0,"damage_taken":0.0,"cards_obtained":["Grand Finale"]},{"damage_healed":0,"gold_gain":0,"player_choice":"Gave Potion","damage_taken":0,"relics_obtained":["Question Card"],"max_hp_gain":0,"max_hp_loss":0,"event_name":"WeMeetAgain","floor":19,"gold_loss":0},{"damage_healed":15,"gold_gain":0,"player_choice":"Heal","damage_taken":0,"max_hp_gain":0,"max_hp_loss":0,"event_name":"The Library","floor":21,"gold_loss":0},{"damage_healed":0,"gold_gain":0,"player_choice":"Ignored","damage_taken":0,"max_hp_gain":0,"max_hp_loss":0,"event_name":"Vampires","floor":31,"gold_loss":0},{"cards_removed":["Beam Cell"],"damage_healed":0,"gold_gain":0,"player_choice":"Removed Attack","damage_taken":0,"max_hp_gain":0,"max_hp_loss":0,"event_name":"Falling","floor":36,"gold_loss":0},{"damage_healed":0,"gold_gain":0,"player_choice":"Ignored","damage_taken":0,"max_hp_gain":0,"max_hp_loss":0,"event_name":"Tomb of Lord Red Mask","floor":47,"gold_loss":0}],"is_beta":false,"boss_relics":[{"not_picked":["Coffee Dripper","Tiny House"],"picked":"Black Star"},{"not_picked":["Mark of Pain","Sozu"],"picked":"SacredBark"}],"items_purged_floors":[13,22],"is_endless":false,"potions_floor_spawned":[3,8,10,11,14,16,18,20,24,25,27,29,30,33,35,37,38,39,40,42,45,46,48,55],"ascension_level":20}}