{"host":"zxxo33bmnyuz0c2o","time":1614336454,"event":{"mods":["2.2 Compatiblity","AlwaysNeverKeys","BaseMod","Bestiary","Block Reminder","Card Forge","Colored Map","Colored Powertips","DeckTracker","GifTheSpireLib","Highlight Path","Minty Spire (QoL Compilation)","Permanent Neow","Quick Restart","Random Character Button","Rare Cards Sparkle","Relic Sorter","Relic Stats","StSLib","SuperFastMode"],"gold_per_floor":[111,111,111,111,111,111,127,157,157,157,173,190,206,225,225,324,324,344,364,364,136,136,161,172,182,263,263,263,274,274,70,70,174,174,192,208,208,221,221,246,246,281,358,374,374,401,401,421,421,421],"floor_reached":51,"language":"ZHT","playtime":2967,"items_purged":["Defend_P"],"score":754,"play_id":"8a97717a-82f5-42d4-b7ee-1d8858c28f51","local_time":"20210226184734","is_ascension_mode":false,"campfire_choices":[{"data":"Vigilance","floor":6.0,"key":"SMITH"},{"data":"DevaForm","floor":10.0,"key":"SMITH"},{"data":"DeusExMachina","floor":15.0,"key":"SMITH"},{"data":"Adaptation","floor":27.0,"key":"SMITH"},{"data":"Scrawl","floor":30.0,"key":"SMITH"},{"data":"DeusExMachina","floor":32.0,"key":"SMITH"},{"data":"SashWhip","floor":41.0,"key":"SMITH"},{"data":"Prostrate","floor":45.0,"key":"SMITH"},{"data":"Consecrate","floor":47.0,"key":"SMITH"},{"data":"Ragnarok","floor":49.0,"key":"SMITH"}],"circlet_count":0,"master_deck":["Eruption+1","Vigilance+1","EmptyFist","Evaluate","DevaForm+1","SashWhip+1","Evaluate","DeusExMachina+1","EmptyBody+1","DeusExMachina+1","Adaptation+1","SandsOfTime","Consecrate+1","ReachHeaven","Scrawl+1","SashWhip+1","Pray","Bite","Bite","Bite","Bite","Bite","Prostrate+1","Ragnarok+1","Halt","SashWhip+1","Halt+1","Meditate+1","Prostrate+1","Consecrate+1","Crescendo+1"],"relics":["PureWater","Hammer of Thor","Seething Fire","Anvil of the Gods","Du-Vu Doll","Smiling Mask","Eternal Feather","Runic Pyramid","War Paint","Omamori","Sundial","Mercury Hourglass","Lee\u0027s Waffle","Pandora\u0027s Box","Pantograph","CeramicFish","TeardropLocket"],"acts_visited":["Exordium","TheCity","TheBeyond"],"potions_floor_usage":[],"damage_taken":[{"damage":0.0,"enemies":"2 Louse","floor":1.0,"turns":2.0},{"damage":0.0,"enemies":"Jaw Worm","floor":7.0,"turns":2.0},{"damage":0.0,"enemies":"Lagavulin","floor":8.0,"turns":4.0},{"damage":0.0,"enemies":"Small Slimes","floor":11.0,"turns":2.0},{"damage":5.0,"enemies":"Gremlin Gang","floor":12.0,"turns":5.0},{"damage":0.0,"enemies":"Exordium Thugs","floor":13.0,"turns":4.0},{"damage":0.0,"enemies":"Looter","floor":14.0,"turns":1.0},{"damage":48.0,"enemies":"Hexaghost","floor":16.0,"turns":13.0},{"damage":1.0,"enemies":"Shell Parasite","floor":18.0,"turns":8.0},{"damage":7.0,"enemies":"2 Thieves","floor":19.0,"turns":4.0},{"damage":28.0,"enemies":"Slavers","floor":23.0,"turns":4.0},{"damage":3.0,"enemies":"Snake Plant","floor":24.0,"turns":4.0},{"damage":0.0,"enemies":"Cultist and Chosen","floor":25.0,"turns":5.0},{"damage":10.0,"enemies":"Sentry and Sphere","floor":29.0,"turns":3.0},{"damage":16.0,"enemies":"Collector","floor":33.0,"turns":8.0},{"damage":24.0,"enemies":"3 Darklings","floor":35.0,"turns":3.0},{"damage":17.0,"enemies":"3 Shapes","floor":36.0,"turns":5.0},{"damage":18.0,"enemies":"Writhing Mass","floor":38.0,"turns":6.0},{"damage":5.0,"enemies":"Giant Head","floor":40.0,"turns":6.0},{"damage":26.0,"enemies":"Nemesis","floor":42.0,"turns":5.0},{"damage":15.0,"enemies":"Spire Growth","floor":44.0,"turns":3.0},{"damage":20.0,"enemies":"Maw","floor":46.0,"turns":6.0},{"damage":15.0,"enemies":"3 Darklings","floor":48.0,"turns":4.0},{"damage":68,"enemies":"Awakened One","floor":50,"turns":10}],"seed_played":"-6340942150072783722","potions_obtained":[{"floor":1.0,"key":"FearPotion"},{"floor":8.0,"key":"Swift Potion"},{"floor":14.0,"key":"EssenceOfSteel"},{"floor":16.0,"key":"BottledMiracle"},{"floor":18.0,"key":"Fruit Juice"},{"floor":19.0,"key":"GamblersBrew"},{"floor":24.0,"key":"GamblersBrew"},{"floor":33.0,"key":"Swift Potion"},{"floor":36.0,"key":"Strength Potion"},{"floor":40.0,"key":"AttackPotion"},{"floor":42.0,"key":"Regen Potion"},{"floor":46.0,"key":"Regen Potion"}],"is_trial":false,"path_per_floor":["M","?","?","?","?","R","M","E","T","R","M","M","M","M","R","B",null,"M","M","?","$","?","E","M","M","T","R","?","M","R","$","R","B",null,"M","M","?","M","?","E","R","E","T","M","R","M","R","M","R","B",null],"character_chosen":"WATCHER","items_purchased":["ReachHeaven","War Paint","Lee\u0027s Waffle"],"campfire_rested":0,"item_purchase_floors":[21,21,31],"current_hp_per_floor":[72,65,58,44,44,44,44,44,44,50,50,45,45,45,54,6,72,76,69,69,69,69,41,38,38,38,50,50,43,53,60,60,60,60,44,37,52,46,46,51,60,36,36,36,51,41,59,55,60,12],"gold":421,"neow_bonus":"UPGRADE_CARD","is_daily":false,"chose_seed":false,"campfire_upgraded":10,"win_rate":0.0,"timestamp":1614336454,"path_taken":["M","?","?","?","?","R","M","E","T","R","M","M","M","M","R","BOSS","M","?","?","$","?","E","M","M","T","R","?","M","R","$","R","BOSS","M","M","?","M","?","E","R","E","T","M","R","M","R","M","R","BOSS"],"items_purchased_type":["Card","Relic","Relic"],"build_version":"2020-12-22","purchased_purges":1,"victory":true,"max_hp_per_floor":[72,72,72,72,72,72,72,72,72,72,72,72,72,72,72,72,72,77,77,77,77,77,77,77,77,77,77,53,53,53,60,60,60,60,60,60,60,60,60,60,60,60,60,60,60,60,60,60,60,60],"relic_stats":{"Lee\u0027s Waffle":7,"counters":[24,117],"Sundial":[8],"Pantograph":0,"CeramicFish":18,"Eternal Feather":84,"Pandora\u0027s Box":["Halt","WreathOfFlame"],"War Paint":["EmptyBody","Defend_P"],"Smiling Mask":25,"obtain_stats":[{"Lee\u0027s Waffle":31,"CeramicFish":42,"Eternal Feather":9,"Hammer of Thor":0,"Omamori":22,"Seething Fire":0,"TeardropLocket":43,"War Paint":21,"Smiling Mask":8,"Mercury Hourglass":26,"Du-Vu Doll":3,"Anvil of the Gods":0,"Sundial":23,"Pantograph":40,"Pandora\u0027s Box":34,"PureWater":0,"Runic Pyramid":17},{"Lee\u0027s Waffle":14,"CeramicFish":20,"Eternal Feather":3,"Hammer of Thor":0,"Omamori":10,"Seething Fire":0,"TeardropLocket":20,"War Paint":10,"Smiling Mask":3,"Mercury Hourglass":13,"Du-Vu Doll":1,"Anvil of the Gods":0,"Sundial":11,"Pantograph":19,"Pandora\u0027s Box":15,"PureWater":0,"Runic Pyramid":8},{"Lee\u0027s Waffle":61,"CeramicFish":94,"Eternal Feather":8,"Hammer of Thor":0,"Omamori":45,"Seething Fire":0,"TeardropLocket":94,"War Paint":45,"Smiling Mask":8,"Mercury Hourglass":58,"Du-Vu Doll":2,"Anvil of the Gods":0,"Sundial":49,"Pantograph":89,"Pandora\u0027s Box":69,"PureWater":0,"Runic Pyramid":33}],"Mercury Hourglass":[225]},"card_choices":[{"not_picked":["Tantrum","FlurryOfBlows"],"picked":"EmptyFist","floor":1.0},{"not_picked":["BowlingBash","Crescendo"],"picked":"Evaluate","floor":7.0},{"not_picked":["Pray","Study"],"picked":"DevaForm","floor":8.0},{"not_picked":["Evaluate","EmptyFist"],"picked":"SashWhip","floor":11.0},{"not_picked":["Indignation","Wallop"],"picked":"Evaluate","floor":12.0},{"not_picked":["Adaptation","InnerPeace"],"picked":"DeusExMachina","floor":13.0},{"not_picked":["FlurryOfBlows","ThirdEye"],"picked":"EmptyBody","floor":14.0},{"not_picked":["Wish","Brilliance"],"picked":"DeusExMachina","floor":16.0},{"not_picked":["EmptyBody","EmptyFist"],"picked":"Adaptation","floor":18.0},{"not_picked":["Protect","BowlingBash"],"picked":"SandsOfTime","floor":19.0},{"not_picked":["WaveOfTheHand+1","EmptyMind"],"picked":"Scrawl","floor":23.0},{"not_picked":["ThirdEye","Meditate"],"picked":"SashWhip+1","floor":24.0},{"not_picked":["WindmillStrike","SignatureMove"],"picked":"Pray","floor":25.0},{"not_picked":["InnerPeace","PathToVictory"],"picked":"Prostrate+1","floor":29.0},{"not_picked":["Brilliance","Scrawl"],"picked":"Ragnarok","floor":33.0},{"not_picked":["BowlingBash+1","ClearTheMind+1"],"picked":"SashWhip+1","floor":35.0},{"not_picked":["FlurryOfBlows+1","Weave"],"picked":"Halt+1","floor":36.0},{"not_picked":["Nirvana+1","WreathOfFlame+1"],"picked":"Meditate+1","floor":38.0},{"not_picked":["ClearTheMind+1","BowlingBash+1"],"picked":"Prostrate","floor":40.0},{"not_picked":["Adaptation+1","Weave","Nirvana"],"picked":"SKIP","floor":42.0},{"not_picked":["PathToVictory","Sanctity","ThirdEye+1"],"picked":"SKIP","floor":44.0},{"not_picked":["SpiritShield","SashWhip+1"],"picked":"Consecrate+1","floor":46.0},{"not_picked":["JustLucky","ThirdEye+1"],"picked":"Crescendo+1","floor":48.0}],"player_experience":30671,"relics_obtained":[{"floor":8.0,"key":"Smiling Mask"},{"floor":9.0,"key":"Eternal Feather"},{"floor":23.0,"key":"Sundial"},{"floor":26.0,"key":"Mercury Hourglass"},{"floor":40.0,"key":"Pantograph"},{"floor":42.0,"key":"CeramicFish"},{"floor":43.0,"key":"TeardropLocket"}],"event_choices":[{"cards_removed":["Defend_P"],"damage_healed":0.0,"max_hp_gain":0.0,"max_hp_loss":0.0,"gold_gain":0.0,"event_name":"Golden Wing","player_choice":"Card Removal","floor":2.0,"gold_loss":0.0,"damage_taken":7.0},{"damage_healed":0.0,"max_hp_gain":0.0,"max_hp_loss":0.0,"gold_gain":0.0,"event_name":"Scrap Ooze","player_choice":"Success","floor":3.0,"gold_loss":0.0,"damage_taken":7.0,"relics_obtained":["Du-Vu Doll"]},{"damage_healed":0.0,"max_hp_gain":0.0,"max_hp_loss":0.0,"gold_gain":0.0,"event_name":"Shining Light","player_choice":"Entered Light","floor":4.0,"gold_loss":0.0,"damage_taken":14.0,"cards_upgraded":["Strike_P","Defend_P"]},{"cards_removed":["Strike_P"],"damage_healed":0.0,"max_hp_gain":0.0,"max_hp_loss":0.0,"gold_gain":0.0,"event_name":"Purifier","player_choice":"Purged","floor":5.0,"gold_loss":0.0,"damage_taken":0.0},{"damage_healed":0.0,"max_hp_gain":0.0,"max_hp_loss":0.0,"gold_gain":0.0,"event_name":"The Library","player_choice":"Read","floor":20.0,"gold_loss":0.0,"damage_taken":0.0,"cards_obtained":["Consecrate"]},{"damage_healed":0.0,"max_hp_gain":0.0,"max_hp_loss":0.0,"gold_gain":0.0,"event_name":"The Mausoleum","player_choice":"Opened","floor":22.0,"gold_loss":0.0,"damage_taken":0.0,"relics_obtained":["Omamori"]},{"damage_healed":0.0,"max_hp_gain":0.0,"max_hp_loss":24.0,"gold_gain":0.0,"event_name":"Vampires","player_choice":"Became a vampire","floor":28.0,"gold_loss":0.0,"damage_taken":0.0,"cards_obtained":["Bite","Bite","Bite","Bite","Bite"]},{"damage_healed":15.0,"max_hp_gain":0.0,"max_hp_loss":0.0,"gold_gain":0.0,"event_name":"Winding Halls","player_choice":"Writhe","floor":37.0,"gold_loss":0.0,"damage_taken":0.0,"cards_obtained":["Writhe"]},{"cards_removed":["WreathOfFlame"],"damage_healed":0.0,"max_hp_gain":0.0,"max_hp_loss":0.0,"gold_gain":0.0,"event_name":"Falling","player_choice":"Removed Skill","floor":39.0,"gold_loss":0.0,"damage_taken":0.0}],"is_beta":false,"boss_relics":[{"not_picked":["Coffee Dripper","SlaversCollar"],"picked":"Runic Pyramid"},{"not_picked":["Fusion Hammer","Velvet Choker"],"picked":"Pandora\u0027s Box"}],"items_purged_floors":[31],"is_endless":false,"potions_floor_spawned":[1,8,14,16,18,19,24,33,36,40,42,46],"ascension_level":0}}