{"host":"b3fp0sgzld04crtx","time":1614308778,"event":{"mods":["AchievementEnabler","BaseMod","Colored Map","Colored Powertips","Highlight Path","Minty Spire (QoL Compilation)","Quick Restart","StSLib"],"gold_per_floor":[116,39,39,39,56,56,89,89,89,89,107,142,317,317,317,443,443,459,254,270,270,286,286,319,319,319,319,319,335,64,189,189,319,319,332,332,347,347,406,406,449,472,472,257,620,654,654,693,693,693],"floor_reached":51,"language":"ENG","playtime":3708,"items_purged":["Doubt","Strike_G+1","Strike_G+1"],"score":1181,"play_id":"efc1eca7-6813-42f6-9a85-20937ba6ee52","local_time":"20210225210618","is_ascension_mode":true,"campfire_choices":[{"data":"Accuracy","floor":6.0,"key":"SMITH"},{"data":"Neutralize","floor":8.0,"key":"SMITH"},{"data":"Finisher","floor":15.0,"key":"SMITH"},{"data":"After Image","floor":23.0,"key":"SMITH"},{"data":"Adrenaline","floor":25.0,"key":"SMITH"},{"data":"Accuracy","floor":27.0,"key":"SMITH"},{"data":"Footwork","floor":32.0,"key":"SMITH"},{"data":"Blade Dance","floor":40.0,"key":"SMITH"},{"data":"After Image","floor":47,"key":"SMITH"},{"data":"Mayhem","floor":49,"key":"SMITH"}],"circlet_count":0,"master_deck":["Strike_G+1","Strike_G+1","Strike_G+1","Defend_G+1","Defend_G+1","Defend_G+1","Defend_G+1","Defend_G+1","Survivor","Neutralize+1","Blade Dance+1","Accuracy+1","Dagger Throw+1","After Image+1","Finisher+1","Adrenaline+1","Prepared+1","Accuracy+1","Endless Agony+1","Slice+1","PiercingWail+1","Adrenaline","Footwork+1","Adrenaline","After Image+1","Mayhem+1","Sadistic Nature","Dark Shackles","Blade Dance+1","Tools of the Trade","Terror+1","Caltrops+1"],"relics":["Ring of the Snake","NeowsBlessing","Bottled Lightning","Darkstone Periapt","Golden Idol","Matryoshka","Blood Vial","WristBlade","Vajra","Question Card","The Courier","Incense Burner","Mummified Hand","Sozu","Mango","FossilizedHelix","Toy Ornithopter","Frozen Eye","Old Coin","Paper Crane","Regal Pillow"],"acts_visited":["Exordium","TheCity","TheBeyond"],"potions_floor_usage":[],"damage_taken":[{"damage":0.0,"enemies":"2 Louse","floor":1.0,"turns":1.0},{"damage":0.0,"enemies":"Jaw Worm","floor":5.0,"turns":1.0},{"damage":0.0,"enemies":"Gremlin Nob","floor":7.0,"turns":1.0},{"damage":1.0,"enemies":"Small Slimes","floor":11.0,"turns":4.0},{"damage":0.0,"enemies":"Lagavulin","floor":12.0,"turns":6.0},{"damage":37.0,"enemies":"Hexaghost","floor":16.0,"turns":12.0},{"damage":0.0,"enemies":"Spheric Guardian","floor":18.0,"turns":1.0},{"damage":5.0,"enemies":"3 Byrds","floor":20.0,"turns":5.0},{"damage":20.0,"enemies":"Shelled Parasite and Fungi","floor":22.0,"turns":2.0},{"damage":2.0,"enemies":"Slavers","floor":24.0,"turns":3.0},{"damage":0.0,"enemies":"Snecko","floor":29.0,"turns":3.0},{"damage":7.0,"enemies":"Colosseum Slavers","floor":31.0,"turns":2.0},{"damage":1.0,"enemies":"Colosseum Nobs","floor":31.0,"turns":3.0},{"damage":0.0,"enemies":"Collector","floor":33.0,"turns":4.0},{"damage":0.0,"enemies":"Orb Walker","floor":35.0,"turns":3.0},{"damage":0.0,"enemies":"3 Shapes","floor":37.0,"turns":3.0},{"damage":3.0,"enemies":"2 Orb Walkers","floor":39.0,"turns":5.0},{"damage":6.0,"enemies":"Reptomancer","floor":41.0,"turns":7.0},{"damage":0.0,"enemies":"Spire Growth","floor":42.0,"turns":4.0},{"damage":0,"enemies":"Mind Bloom Boss Battle","floor":45,"turns":6},{"damage":0,"enemies":"Nemesis","floor":46,"turns":5},{"damage":0,"enemies":"Reptomancer","floor":48,"turns":2},{"damage":0,"enemies":"Awakened One","floor":50,"turns":7}],"seed_played":"5753963693467830136","potions_obtained":[{"floor":1.0,"key":"AttackPotion"},{"floor":7.0,"key":"SpeedPotion"},{"floor":12.0,"key":"SpeedPotion"},{"floor":22.0,"key":"DistilledChaos"},{"floor":24.0,"key":"Poison Potion"},{"floor":29.0,"key":"CunningPotion"}],"is_trial":false,"path_per_floor":["M","$","?","$","M","R","E","R","T","?","M","E","?","?","R","B",null,"M","$","M","?","M","R","E","R","T","R","?","M","$","?","R","B",null,"M","?","M","?","?","R","E","M","T","$","?","E","R","E","R","B",null],"character_chosen":"THE_SILENT","items_purchased":["Accuracy","Accuracy","Strength Potion","Adrenaline","Footwork","Frozen Eye"],"campfire_rested":0,"item_purchase_floors":[2,19,19,30,30,44],"current_hp_per_floor":[70,70,70,70,70,70,70,70,70,53,52,52,58,51,51,16,61,63,63,60,60,42,42,42,42,42,42,42,44,44,40,40,42,68,70,70,72,62,75,75,71,73,73,73,75,77,77,79,79,81],"gold":693,"neow_bonus":"THREE_ENEMY_KILL","is_daily":false,"chose_seed":false,"campfire_upgraded":10,"win_rate":0.0,"timestamp":1614308778,"path_taken":["M","$","?","$","M","R","E","R","T","?","M","E","?","?","R","BOSS","M","$","M","?","M","R","E","R","T","R","?","?","?","?","R","BOSS","M","?","M","?","?","R","E","M","T","$","?","E","R","E","R","BOSS"],"items_purchased_type":["Card","Card","Potion","Card","Card","Relic"],"build_version":"2020-12-22","purchased_purges":3,"victory":true,"max_hp_per_floor":[70,70,70,70,70,70,70,70,70,70,70,70,76,76,76,76,76,76,76,76,76,76,76,76,76,76,76,76,76,76,76,76,76,76,76,72,72,72,86,86,86,86,86,86,86,86,86,86,86,86],"card_choices":[{"not_picked":["Blur","Underhanded Strike"],"picked":"Blade Dance","floor":1.0},{"not_picked":["Slice","Deadly Poison"],"picked":"Dagger Throw","floor":5.0},{"not_picked":["Bane","Deadly Poison","Choke"],"picked":"SKIP","floor":7.0},{"not_picked":["PiercingWail","Well Laid Plans"],"picked":"After Image","floor":11.0},{"not_picked":["Flying Knee","Sucker Punch"],"picked":"Finisher","floor":12.0},{"not_picked":["Corpse Explosion","Phantasmal Killer"],"picked":"Adrenaline","floor":16.0},{"not_picked":["Reflex","Dagger Throw"],"picked":"Prepared+1","floor":18.0},{"not_picked":["Acrobatics","Poisoned Stab+1"],"picked":"Endless Agony+1","floor":20.0},{"not_picked":["Outmaneuver+1","Expertise","Dagger Throw"],"picked":"SKIP","floor":22.0},{"not_picked":["Noxious Fumes","Expertise+1"],"picked":"Slice+1","floor":24.0},{"not_picked":["Prepared+1","Sucker Punch+1","Riddle With Holes"],"picked":"PiercingWail+1","floor":29.0},{"not_picked":["Quick Slash+1","Flying Knee+1","Choke"],"picked":"Adrenaline","floor":31.0},{"not_picked":["Bullet Time","Glass Knife","Wraith Form v2"],"picked":"After Image","floor":33.0},{"not_picked":["Underhanded Strike","Deflect+1","Poisoned Stab","Deadly Poison+1"],"picked":"SKIP","floor":35.0},{"not_picked":["Catalyst","Bouncing Flask","Underhanded Strike","PiercingWail"],"picked":"SKIP","floor":37.0},{"not_picked":["Finesse","Purity","Forethought"],"picked":"Mayhem","floor":38.0},{"not_picked":["Forethought","Panacea","Finesse"],"picked":"Sadistic Nature","floor":38.0},{"not_picked":["HandOfGreed","Swift Strike","Blind"],"picked":"Dark Shackles","floor":38.0},{"not_picked":["Underhanded Strike+1","Deadly Poison+1","Dodge and Roll+1"],"picked":"Blade Dance","floor":39.0},{"not_picked":["Eviscerate","Tactician+1","Flying Knee+1","Escape Plan+1"],"picked":"SKIP","floor":41.0},{"not_picked":["Sucker Punch+1","Blur+1","Leg Sweep","Predator"],"picked":"SKIP","floor":42.0},{"not_picked":["Crippling Poison+1","Flechettes","Slice"],"picked":"Tools of the Trade","floor":45},{"not_picked":["Prepared","Backflip","Quick Slash"],"picked":"Terror+1","floor":46},{"not_picked":["Dagger Throw","Choke+1","Crippling Poison"],"picked":"Caltrops+1","floor":48}],"player_experience":374655,"relics_obtained":[{"floor":7.0,"key":"Bottled Lightning"},{"floor":9.0,"key":"Darkstone Periapt"},{"floor":12.0,"key":"Matryoshka"},{"floor":24.0,"key":"Vajra"},{"floor":26.0,"key":"Question Card"},{"floor":26.0,"key":"The Courier"},{"floor":31.0,"key":"Incense Burner"},{"floor":31.0,"key":"Mummified Hand"},{"floor":39.0,"key":"Mango"},{"floor":41.0,"key":"FossilizedHelix"},{"floor":43.0,"key":"Toy Ornithopter"},{"floor":45,"key":"Old Coin"},{"floor":46,"key":"Paper Crane"},{"floor":48,"key":"Regal Pillow"}],"event_choices":[{"damage_healed":0.0,"max_hp_gain":0.0,"max_hp_loss":0.0,"gold_gain":0.0,"event_name":"Living Wall","player_choice":"Grow","floor":3.0,"gold_loss":0.0,"damage_taken":0.0,"cards_upgraded":["Blade Dance"]},{"damage_healed":0.0,"max_hp_gain":0.0,"max_hp_loss":0.0,"gold_gain":0.0,"event_name":"Golden Idol","player_choice":"Take Damage","floor":10.0,"gold_loss":0.0,"damage_taken":17.0,"relics_obtained":["Golden Idol"]},{"damage_healed":0.0,"max_hp_gain":0.0,"max_hp_loss":0.0,"gold_gain":175.0,"event_name":"Liars Game","player_choice":"AGREE","floor":13.0,"gold_loss":0.0,"damage_taken":0.0,"cards_obtained":["Doubt"]},{"damage_healed":0.0,"max_hp_gain":0.0,"max_hp_loss":0.0,"gold_gain":0.0,"event_name":"Scrap Ooze","player_choice":"Success","floor":14.0,"gold_loss":0.0,"damage_taken":7.0,"relics_obtained":["Blood Vial"]},{"damage_healed":0.0,"max_hp_gain":0.0,"max_hp_loss":0.0,"gold_gain":0.0,"event_name":"Back to Basics","player_choice":"Simplicity","floor":21.0,"gold_loss":0.0,"damage_taken":0.0,"cards_upgraded":["Strike_G","Strike_G","Strike_G","Strike_G","Strike_G","Defend_G","Defend_G","Defend_G","Defend_G","Defend_G"]},{"damage_healed":0.0,"max_hp_gain":0.0,"max_hp_loss":0.0,"gold_gain":0.0,"event_name":"Upgrade Shrine","player_choice":"Upgraded","floor":28.0,"gold_loss":0.0,"damage_taken":0.0,"cards_upgraded":["Dagger Throw"]},{"damage_healed":0.0,"max_hp_gain":0.0,"max_hp_loss":0.0,"gold_gain":0.0,"event_name":"Colosseum","player_choice":"Fight","floor":31.0,"gold_loss":0.0,"damage_taken":0.0},{"damage_healed":0.0,"max_hp_gain":0.0,"max_hp_loss":0.0,"gold_gain":0.0,"event_name":"Colosseum","player_choice":"Fought Nobs","floor":31.0,"gold_loss":0.0,"damage_taken":0.0},{"damage_healed":0.0,"max_hp_gain":0.0,"max_hp_loss":4.0,"gold_gain":0.0,"event_name":"Winding Halls","player_choice":"Max HP","floor":36.0,"gold_loss":0.0,"damage_taken":0.0},{"damage_healed":0.0,"max_hp_gain":0.0,"max_hp_loss":0.0,"gold_gain":0.0,"event_name":"SensoryStone","player_choice":"Memory 3","floor":38.0,"gold_loss":0.0,"damage_taken":10.0},{"damage_healed":0.0,"max_hp_gain":0.0,"max_hp_loss":0.0,"gold_gain":0.0,"event_name":"Mysterious Sphere","player_choice":"Fight","floor":39.0,"gold_loss":0.0,"damage_taken":0.0},{"damage_healed":0,"gold_gain":0,"player_choice":"Fight","damage_taken":0,"max_hp_gain":0,"max_hp_loss":0,"event_name":"MindBloom","floor":45,"gold_loss":0}],"is_beta":false,"boss_relics":[{"not_picked":["SacredBark","Velvet Choker"],"picked":"WristBlade"},{"not_picked":["Runic Dome","Philosopher\u0027s Stone"],"picked":"Sozu"}],"items_purged_floors":[19,30,44],"is_endless":false,"potions_floor_spawned":[1,7,12,20,22,24,29,31,39,45,46,48],"ascension_level":5}}