{"host":"g792ep1fbt4i7bvb","time":1614325313,"event":{"mods":["BaseMod","Beaked The Cultist","Colored Map","Colored Powertips","DeckTracker","Highlight Path","Minty Spire (QoL Compilation)","Relic Stats","StSLib","SuperFastMode"],"gold_per_floor":[110,110,130,141,156,156,183,183,206,381,381,381,381,397,397,501,501,520,301,301,328,328,328,328,328],"floor_reached":24,"language":"JPN","playtime":856,"items_purged":["beaked:Strike_Y"],"score":221,"play_id":"38442e1c-daed-4c19-82dd-cebaa70d444d","local_time":"20210226164153","is_ascension_mode":true,"campfire_choices":[{"data":"beaked:HuntressSpirit","floor":6,"key":"SMITH"},{"data":"beaked:KnowThyFoe","floor":13,"key":"SMITH"},{"data":"beaked:Resilience","floor":15,"key":"SMITH"},{"data":"beaked:AwakenedForm","floor":23,"key":"SMITH"}],"circlet_count":0,"master_deck":["beaked:Strike_Y","beaked:Strike_Y","beaked:Strike_Y","beaked:Strike_Y","beaked:Strike_Y","beaked:Defend_Y","beaked:Defend_Y","beaked:Defend_Y","beaked:Defend_Y","beaked:Ceremony","beaked:Ceremony","beaked:Ceremony","beaked:Cower+1","beaked:WarriorSpirit","beaked:HuntressSpirit+1","beaked:Resilience+1","beaked:KnowThyFoe+1","beaked:HuntressSpirit","beaked:AwakenedForm+1","beaked:Evade","Impatience","Bandage Up"],"relics":["beaked:MendingPlumage","Lantern","Anchor","Ornamental Fan","Snecko Eye","Ancient Tea Set"],"acts_visited":["Exordium","TheCity"],"potions_floor_usage":[7,7],"damage_taken":[{"damage":2,"enemies":"2 Louse","floor":1,"turns":3},{"damage":11,"enemies":"Cultist","floor":3,"turns":4},{"damage":10,"enemies":"Small Slimes","floor":4,"turns":5},{"damage":13,"enemies":"Exordium Thugs","floor":5,"turns":5},{"damage":51,"enemies":"Gremlin Nob","floor":7,"turns":5},{"damage":3,"enemies":"3 Louse","floor":14,"turns":7},{"damage":40,"enemies":"Hexaghost","floor":16,"turns":11},{"damage":9,"enemies":"Shell Parasite","floor":18,"turns":4},{"damage":84,"enemies":"Book of Stabbing","floor":24,"turns":7}],"seed_played":"-4499902210444839826","potions_obtained":[{"floor":4,"key":"Fire Potion"},{"floor":5,"key":"FearPotion"},{"floor":16,"key":"BlessingOfTheForge"}],"is_trial":false,"path_per_floor":["M","?","M","M","M","R","E","?","T","?","?","T","R","M","R","B",null,"M","$","?","T","?","R","E"],"character_chosen":"BEAKED_THE_CULTIST","items_purchased":["Impatience","SpeedPotion"],"campfire_rested":0,"item_purchase_floors":[19,19],"current_hp_per_floor":[55,55,47,51,54,54,13,13,13,13,6,6,6,26,26,21,55,55,55,55,55,55,55,0,0],"gold":328,"neow_bonus":"TEN_PERCENT_HP_BONUS","is_daily":false,"chose_seed":false,"campfire_upgraded":4,"win_rate":0.0,"timestamp":1614325313,"path_taken":["M","?","?","M","M","R","E","?","T","?","?","?","R","?","R","BOSS","M","$","?","?","?","R","E"],"items_purchased_type":["Card","Potion"],"build_version":"2020-12-22","purchased_purges":1,"victory":false,"max_hp_per_floor":[55,55,55,55,55,55,55,55,55,55,55,55,55,55,55,55,55,55,55,55,55,55,55,55,55],"relic_stats":{"counters":[9,51],"Ornamental Fan":[16],"Snecko Eye":[20,19,12,19],"obtain_stats":[{"Lantern":7,"Anchor":9,"Ornamental Fan":12,"Snecko Eye":17,"beaked:MendingPlumage":0,"Ancient Tea Set":21},{"Lantern":5,"Anchor":5,"Ornamental Fan":5,"Snecko Eye":7,"beaked:MendingPlumage":0,"Ancient Tea Set":8},{"Lantern":22,"Anchor":22,"Ornamental Fan":22,"Snecko Eye":40,"beaked:MendingPlumage":0,"Ancient Tea Set":44}]},"card_choices":[{"not_picked":["beaked:FeelMyPain","beaked:Devastation"],"picked":"beaked:Cower","floor":1},{"not_picked":["beaked:Tradeoff","beaked:Tweet"],"picked":"beaked:WarriorSpirit","floor":3},{"not_picked":["beaked:Flinch","beaked:Daydream"],"picked":"beaked:HuntressSpirit","floor":4},{"not_picked":["beaked:Pecker","beaked:StunningBlow"],"picked":"beaked:Resilience","floor":5},{"not_picked":["beaked:Recite","beaked:Insight"],"picked":"beaked:KnowThyFoe","floor":7},{"not_picked":["beaked:WarriorEssence","beaked:DigDeep"],"picked":"beaked:HuntressSpirit","floor":14},{"not_picked":["beaked:WildInstinct","beaked:CheekyTricks"],"picked":"beaked:AwakenedForm","floor":16},{"not_picked":["beaked:Resilience","beaked:Daydream"],"picked":"beaked:Evade","floor":18}],"player_experience":780892,"relics_obtained":[{"floor":7,"key":"Lantern"},{"floor":9,"key":"Anchor"},{"floor":12,"key":"Ornamental Fan"},{"floor":21,"key":"Ancient Tea Set"}],"event_choices":[{"damage_healed":0,"gold_gain":0,"player_choice":"Upgraded","damage_taken":0,"max_hp_gain":0,"max_hp_loss":0,"event_name":"Upgrade Shrine","floor":2,"gold_loss":0,"cards_upgraded":["beaked:Cower"]},{"damage_healed":0,"gold_gain":0,"player_choice":"Searched \u00270\u0027 times","damage_taken":0,"max_hp_gain":0,"max_hp_loss":0,"event_name":"Dead Adventurer","floor":8,"gold_loss":0},{"damage_healed":0,"gold_gain":175,"player_choice":"AGREE","damage_taken":0,"max_hp_gain":0,"max_hp_loss":0,"event_name":"Liars Game","floor":10,"gold_loss":0,"cards_obtained":["Doubt"]},{"cards_removed":["Doubt"],"damage_healed":0,"gold_gain":0,"player_choice":"Card Removal","damage_taken":7,"max_hp_gain":0,"max_hp_loss":0,"event_name":"Golden Wing","floor":11,"gold_loss":0},{"damage_healed":0,"gold_gain":0,"player_choice":"Ignored","damage_taken":0,"max_hp_gain":0,"max_hp_loss":0,"event_name":"Vampires","floor":20,"gold_loss":0},{"damage_healed":0,"gold_gain":0,"player_choice":"1 cards matched","damage_taken":0,"max_hp_gain":0,"max_hp_loss":0,"event_name":"Match and Keep!","floor":22,"gold_loss":0,"cards_obtained":["Bandage Up"]}],"is_beta":false,"boss_relics":[{"not_picked":["Pandora\u0027s Box","beaked:FlawlessSticks"],"picked":"Snecko Eye"}],"items_purged_floors":[19],"is_endless":false,"potions_floor_spawned":[4,5,16],"killed_by":"Book of Stabbing","ascension_level":3}}