{"host":"zdx3mk58qfaqn5dx","time":1614311574,"event":{"mods":["BaseMod","Bestiary","Better Third Choice","Colored Map","Colored Powertips","Dark Map","Downfall","Hermit","Highlight Path","Minty Spire (QoL Compilation)","Quick Restart","Relic Stats","StSLib","SuperFastMode"],"gold_per_floor":[112,129,145,160,335,335,335,373,373,386,15,84,84,84,84,205,205,219,219,232,232,232,232],"floor_reached":22,"language":"ENG","playtime":782,"items_purged":["Normality"],"score":212,"play_id":"9a680a64-9aab-4eff-b01a-851d2aa0f4aa","local_time":"20210226045254","is_ascension_mode":true,"campfire_choices":[{"floor":7,"key":"REST"},{"data":"Apotheosis","floor":13,"key":"SMITH"},{"floor":15,"key":"REST"}],"circlet_count":0,"master_deck":["Strike_B","Strike_B","Strike_B","Strike_B","Defend_B","Defend_B","Defend_B","Defend_B","Zap","Dualcast","Thunder Strike","Heatsinks","Static Discharge","Tempest","Turbo","Go for the Eyes","Apotheosis+1","Defragment","Go for the Eyes","Hologram","Buffer","Recycle","Melter"],"relics":["Cracked Core","Golden Idol","Bottled Lightning","HornCleat","Ancient Tea Set","Inserter","Enchiridion"],"acts_visited":["Exordium","TheCity"],"potions_floor_usage":[8,16],"damage_taken":[{"damage":2,"enemies":"2 Louse","floor":1,"turns":3},{"damage":0,"enemies":"Small Slimes","floor":2,"turns":2},{"damage":9,"enemies":"Jaw Worm","floor":3,"turns":3},{"damage":13,"enemies":"Exordium Thugs","floor":4,"turns":5},{"damage":39,"enemies":"Gremlin Nob","floor":8,"turns":4},{"damage":18,"enemies":"Large Slime","floor":10,"turns":5},{"damage":1,"enemies":"Lagavulin Event","floor":12,"turns":3},{"damage":4,"enemies":"Hexaghost","floor":16,"turns":7},{"damage":22,"enemies":"2 Thieves","floor":18,"turns":3},{"damage":21,"enemies":"3 Byrds","floor":20,"turns":4},{"damage":17,"enemies":"Cultist and Chosen","floor":22,"turns":3}],"seed_played":"-3473067207208249916","potions_obtained":[{"floor":2,"key":"PotionOfCapacity"},{"floor":3,"key":"FearPotion"},{"floor":20,"key":"Strength Potion"}],"is_trial":false,"path_per_floor":["M","M","M","M","?","?","R","E","T","M","$","?","R","?","R","B",null,"M","?","M","?","M"],"character_chosen":"DEFECT","items_purchased":["Apotheosis","Defragment","Go for the Eyes"],"campfire_rested":2,"item_purchase_floors":[11,11,11],"current_hp_per_floor":[73,73,64,51,51,51,73,34,34,16,16,15,15,8,30,26,75,53,37,16,16,0,0],"gold":232,"neow_bonus":"THREE_RARE_CARDS","is_daily":false,"chose_seed":false,"campfire_upgraded":1,"win_rate":0.0,"timestamp":1614311574,"path_taken":["M","M","M","M","?","?","R","E","T","M","$","?","R","?","R","BOSS","M","?","M","?","M"],"items_purchased_type":["Card","Card","Card"],"build_version":"2020-12-22","purchased_purges":1,"victory":false,"max_hp_per_floor":[75,75,75,75,75,75,75,75,75,75,75,75,75,75,75,75,75,75,75,75,75,75,75],"relic_stats":{"Inserter":[5],"counters":[11,42],"Golden Idol":61,"obtain_stats":[{"HornCleat":9,"Inserter":17,"Golden Idol":6,"Enchiridion":19,"Bottled Lightning":8,"Cracked Core":0,"Ancient Tea Set":12},{"HornCleat":5,"Inserter":8,"Golden Idol":4,"Enchiridion":9,"Bottled Lightning":5,"Cracked Core":0,"Ancient Tea Set":7},{"HornCleat":17,"Inserter":32,"Golden Idol":13,"Enchiridion":35,"Bottled Lightning":17,"Cracked Core":0,"Ancient Tea Set":25}]},"card_choices":[{"not_picked":["Rainbow","Seek"],"picked":"Thunder Strike","floor":0},{"not_picked":["Chill","Leap"],"picked":"Heatsinks","floor":1},{"not_picked":["Ball Lightning","Redo"],"picked":"Static Discharge","floor":2},{"not_picked":["Coolheaded","Steam"],"picked":"Tempest","floor":3},{"not_picked":["Scrape","Barrage"],"picked":"Turbo","floor":4},{"not_picked":["Thunder Strike","Turbo","Undo"],"picked":"SKIP","floor":8},{"not_picked":["Ball Lightning","Beam Cell"],"picked":"Go for the Eyes","floor":10},{"not_picked":["Barrage","Coolheaded"],"picked":"Hologram","floor":12},{"not_picked":["Rainbow","Meteor Strike"],"picked":"Buffer","floor":16},{"not_picked":["Coolheaded","Sweeping Beam"],"picked":"Recycle","floor":18},{"not_picked":["Sunder","Gash+1"],"picked":"Melter","floor":20}],"player_experience":221122,"relics_obtained":[{"floor":8,"key":"Bottled Lightning"},{"floor":9,"key":"HornCleat"},{"floor":12,"key":"Ancient Tea Set"},{"floor":19,"key":"Enchiridion"}],"event_choices":[{"damage_healed":0,"gold_gain":175,"player_choice":"AGREE","damage_taken":160,"max_hp_gain":0,"max_hp_loss":0,"event_name":"betterThird:BetterSerpent","floor":5,"gold_loss":0},{"damage_healed":0,"gold_gain":0,"player_choice":"Take Wound","damage_taken":0,"relics_obtained":["Golden Idol"],"max_hp_gain":0,"max_hp_loss":0,"event_name":"Golden Idol","floor":6,"gold_loss":0,"cards_obtained":["Injury"]},{"damage_healed":0,"gold_gain":0,"player_choice":"Searched \u00271\u0027 times","damage_taken":0,"max_hp_gain":0,"max_hp_loss":0,"event_name":"Dead Adventurer","floor":12,"gold_loss":0},{"cards_removed":["Doubt"],"damage_healed":0,"gold_gain":0,"player_choice":"Card Removal","damage_taken":7,"max_hp_gain":0,"max_hp_loss":0,"event_name":"Golden Wing","floor":14,"gold_loss":0},{"damage_healed":0,"gold_gain":0,"player_choice":"Obtained Book","damage_taken":16,"max_hp_gain":0,"max_hp_loss":0,"event_name":"Cursed Tome","floor":19,"gold_loss":0},{"cards_removed":["Injury"],"damage_healed":0,"gold_gain":0,"player_choice":"Removed Curses","damage_taken":0,"max_hp_gain":0,"max_hp_loss":0,"event_name":"Fountain of Cleansing","floor":21,"gold_loss":0}],"is_beta":false,"boss_relics":[{"not_picked":["Ectoplasm","Tiny House"],"picked":"Inserter"}],"items_purged_floors":[11],"is_endless":false,"potions_floor_spawned":[2,3,20],"killed_by":"Cultist and Chosen","ascension_level":3}}