{"host":"rmu5lyz1fk95wg3z","time":1614298374,"event":{"mods":["BaseMod","Bestiary","Clockwork Mod","Curses Come First","Minty Spire (QoL Compilation)","Relic Stats","StSLib"],"gold_per_floor":[118,133,146,71,91,123,45,70,70,100,119,130,130,144,144,247,247,266,278,25,25,36,36,68,80,161,184,215,301,327,366,378,493,505,530,553,578,607,638,678,700,712,770,799,838,861,898,928,940,952,964,976,184,217,217],"floor_reached":56,"language":"ENG","playtime":7993,"items_purged":["Clockwork:Strike","Clockwork:Shield","Clockwork:ReserveSystems+1"],"score":1823,"play_id":"be278d7b-f98a-4b62-84b8-b784f0510153","local_time":"20210225191254","is_ascension_mode":true,"campfire_choices":[{"floor":13.0,"key":"REST"},{"data":"Clockwork:SearingStrike","floor":15.0,"key":"SMITH"},{"data":"Clockwork:SiegeStrike","floor":23.0,"key":"SMITH"},{"data":"Clockwork:SiegeStrike","floor":25.0,"key":"SMITH"},{"data":"Clockwork:Roundhouse","floor":32.0,"key":"SMITH"},{"floor":49.0,"key":"RECALL"},{"floor":52.0,"key":"REST"}],"circlet_count":0,"master_deck":["Clockwork:Tinker+1","Clockwork:WarmUp+1","Clockwork:TimeOut+1","Clockwork:SiegeStrike+1","Clockwork:SiegeStrike+1","Clockwork:Clone+1","Clockwork:OccamsRazor+1","Clockwork:Improve+1","Clockwork:ZeroPointEnergy+1","Clockwork:Tinker+1"],"relics":["Clockwork:MomentumEngine","Toxic Egg 2","StoneCalendar","Gambling Chip","Thread and Needle","Clockwork:CopperScales","Black Star","Strange Spoon","MealTicket","MawBank","White Beast Statue","Potion Belt","Strawberry","Akabeko","Letter Opener","Runic Pyramid","Pen Nib","InkBottle","Mango","Oddly Smooth Stone","Turnip","Du-Vu Doll","Torii","Blue Candle","Sundial","Bottled Lightning"],"acts_visited":["Exordium","TheCity","TheBeyond","TheEnding"],"potions_floor_usage":[55,55,55,55],"damage_taken":[{"damage":8.0,"enemies":"Cultist","floor":1.0,"turns":7.0},{"damage":0.0,"enemies":"Jaw Worm","floor":2.0,"turns":6.0},{"damage":0.0,"enemies":"2 Louse","floor":3.0,"turns":5.0},{"damage":0.0,"enemies":"Large Slime","floor":5.0,"turns":5.0},{"damage":36.0,"enemies":"Gremlin Nob","floor":6.0,"turns":6.0},{"damage":30.0,"enemies":"3 Sentries","floor":8.0,"turns":10.0},{"damage":0.0,"enemies":"Lagavulin","floor":10.0,"turns":7.0},{"damage":0.0,"enemies":"Red Slaver","floor":11.0,"turns":6.0},{"damage":0.0,"enemies":"Exordium Wildlife","floor":12.0,"turns":4.0},{"damage":0.0,"enemies":"Looter","floor":14.0,"turns":4.0},{"damage":0.0,"enemies":"Hexaghost","floor":16.0,"turns":9.0},{"damage":0.0,"enemies":"Chosen","floor":18.0,"turns":6.0},{"damage":0.0,"enemies":"Spheric Guardian","floor":19.0,"turns":6.0},{"damage":0.0,"enemies":"Snake Plant","floor":22.0,"turns":4.0},{"damage":14.0,"enemies":"Book of Stabbing","floor":24.0,"turns":7.0},{"damage":0.0,"enemies":"Centurion and Healer","floor":27.0,"turns":3.0},{"damage":0.0,"enemies":"Snecko","floor":28.0,"turns":5.0},{"damage":9.0,"enemies":"Slavers","floor":29.0,"turns":5.0},{"damage":0.0,"enemies":"Sentry and Sphere","floor":30.0,"turns":7.0},{"damage":0.0,"enemies":"Book of Stabbing","floor":31.0,"turns":4.0},{"damage":0.0,"enemies":"Champ","floor":33.0,"turns":13.0},{"damage":0.0,"enemies":"3 Shapes","floor":35.0,"turns":7.0},{"damage":0.0,"enemies":"Orb Walker","floor":36.0,"turns":7.0},{"damage":0.0,"enemies":"Jaw Worm Horde","floor":37.0,"turns":4.0},{"damage":2.0,"enemies":"Transient","floor":38.0,"turns":5.0},{"damage":0.0,"enemies":"4 Shapes","floor":39.0,"turns":7.0},{"damage":0.0,"enemies":"Nemesis","floor":40.0,"turns":5.0},{"damage":0.0,"enemies":"Spire Growth","floor":41.0,"turns":6.0},{"damage":0.0,"enemies":"Maw","floor":44.0,"turns":8.0},{"damage":0.0,"enemies":"Giant Head","floor":45.0,"turns":7.0},{"damage":0.0,"enemies":"4 Shapes","floor":46.0,"turns":7.0},{"damage":0.0,"enemies":"Nemesis","floor":47.0,"turns":11.0},{"damage":1.0,"enemies":"3 Darklings","floor":48.0,"turns":7.0},{"damage":0.0,"enemies":"Donu and Deca","floor":50.0,"turns":7.0},{"damage":0.0,"enemies":"Shield and Spear","floor":54.0,"turns":8.0},{"damage":9,"enemies":"The Heart","floor":55,"turns":6}],"seed_played":"-9220853829809668504","potions_obtained":[{"floor":2.0,"key":"Dexterity Potion"},{"floor":6.0,"key":"DistilledChaos"},{"floor":8.0,"key":"LiquidMemories"},{"floor":12.0,"key":"Block Potion"},{"floor":18.0,"key":"DistilledChaos"},{"floor":24.0,"key":"SmokeBomb"},{"floor":27.0,"key":"Fire Potion"},{"floor":28.0,"key":"ColorlessPotion"},{"floor":29.0,"key":"SteroidPotion"},{"floor":30.0,"key":"SkillPotion"},{"floor":31.0,"key":"Energy Potion"},{"floor":33.0,"key":"LiquidBronze"},{"floor":35.0,"key":"Weak Potion"},{"floor":38.0,"key":"ColorlessPotion"},{"floor":39.0,"key":"Fruit Juice"},{"floor":40.0,"key":"Energy Potion"},{"floor":41.0,"key":"Fruit Juice"},{"floor":48.0,"key":"DistilledChaos"}],"is_trial":false,"path_per_floor":["M","M","M","$","M","E","$","E","T","E","M","M","R","M","R","B",null,"M","M","$","?","M","R","E","R","T","M","M","E","M","E","R","B",null,"M","M","M","M","M","E","M","?","T","M","E","M","E","M","R","B",null,"R","$","E","B",null],"character_chosen":"CLOCKWORK","items_purchased":["Clockwork:TimeOut+1","Strange Spoon","Torii","GamblersBrew","Blue Candle","SkillPotion"],"campfire_rested":2,"item_purchase_floors":[7,20,53,53,53,53],"current_hp_per_floor":[77,77,77,77,77,41,41,11,11,11,11,11,36,36,36,36,85,85,85,85,85,85,85,71,71,71,71,71,69,69,69,69,69,92,92,92,92,90,90,95,95,95,95,95,109,109,109,113,113,113,116,116,116,116,107],"gold":217,"neow_bonus":"REMOVE_CARD","is_daily":false,"chose_seed":false,"campfire_upgraded":4,"win_rate":0.0,"timestamp":1614298374,"path_taken":["M","M","M","$","?","E","?","E","T","E","M","M","R","?","R","BOSS","M","M","$","?","M","R","E","R","T","M","M","E","M","E","R","BOSS","M","M","M","M","M","E","M","?","T","M","E","M","E","M","R","BOSS","R","$","E","BOSS"],"items_purchased_type":["Card","Relic","Relic","Potion","Relic","Potion"],"build_version":"2020-12-22","purchased_purges":3,"victory":true,"max_hp_per_floor":[85,85,85,85,85,85,85,85,85,85,85,85,85,85,85,85,85,85,85,85,85,85,85,85,85,85,85,85,92,92,92,92,92,92,92,92,92,92,92,97,97,97,97,97,111,111,111,116,116,116,116,116,116,116,116],"relic_stats":{"Torii":0,"counters":[36,231],"Blue Candle":[0],"StoneCalendar":[400],"Pen Nib":[3],"Letter Opener":[501],"MawBank":348,"Strange Spoon":[113],"Sundial":[2],"Gambling Chip":[66],"MealTicket":0,"Turnip":[2],"Black Star":7,"obtain_stats":[{"Torii":53,"StoneCalendar":8,"Mango":45,"Sundial":54,"Gambling Chip":9,"Strawberry":29,"MealTicket":24,"Toxic Egg 2":6,"InkBottle":40,"Runic Pyramid":34,"Potion Belt":29,"Clockwork:CopperScales":11,"Blue Candle":53,"Oddly Smooth Stone":45,"Thread and Needle":10,"Pen Nib":40,"Letter Opener":31,"MawBank":24,"White Beast Statue":26,"Akabeko":31,"Clockwork:MomentumEngine":0,"Du-Vu Doll":47,"Strange Spoon":20,"Turnip":47,"Black Star":17,"Bottled Lightning":54},{"Torii":34,"StoneCalendar":6,"Mango":30,"Sundial":35,"Gambling Chip":6,"Strawberry":18,"MealTicket":15,"Toxic Egg 2":5,"InkBottle":27,"Runic Pyramid":21,"Potion Belt":18,"Clockwork:CopperScales":8,"Blue Candle":34,"Oddly Smooth Stone":30,"Thread and Needle":7,"Pen Nib":27,"Letter Opener":20,"MawBank":15,"White Beast Statue":15,"Akabeko":20,"Clockwork:MomentumEngine":0,"Du-Vu Doll":32,"Strange Spoon":13,"Turnip":32,"Black Star":11,"Bottled Lightning":35},{"Torii":217,"StoneCalendar":39,"Mango":185,"Sundial":225,"Gambling Chip":39,"Strawberry":105,"MealTicket":92,"Toxic Egg 2":29,"InkBottle":164,"Runic Pyramid":129,"Potion Belt":105,"Clockwork:CopperScales":51,"Blue Candle":217,"Oddly Smooth Stone":185,"Thread and Needle":46,"Pen Nib":164,"Letter Opener":116,"MawBank":92,"White Beast Statue":92,"Akabeko":116,"Clockwork:MomentumEngine":0,"Du-Vu Doll":203,"Strange Spoon":81,"Turnip":203,"Black Star":69,"Bottled Lightning":225}],"InkBottle":[27]},"card_choices":[{"not_picked":["Clockwork:SystemScan","Clockwork:SearchingStrike","Clockwork:AdaptiveCannon"],"picked":"SKIP","floor":1.0},{"not_picked":["Clockwork:PerfectedStrike","Clockwork:CogShield","Clockwork:Enhance"],"picked":"SKIP","floor":2.0},{"not_picked":["Clockwork:ChargingShield","Clockwork:Friction","Clockwork:Enhance"],"picked":"SKIP","floor":3.0},{"not_picked":["Clockwork:ChargingBlade","Clockwork:AdaptiveCannon"],"picked":"Clockwork:Roundhouse","floor":5.0},{"not_picked":["Clockwork:AssemblyLine","Clockwork:LiteraryArmor"],"picked":"Clockwork:TestingEnvironment+1","floor":6.0},{"not_picked":["Clockwork:MechanicalMass","Clockwork:TimeWalk+1"],"picked":"Clockwork:SiegeStrike","floor":8.0},{"not_picked":["Clockwork:TestingEnvironment+1","Clockwork:HoardingStrike"],"picked":"Clockwork:CraftCopperScales+1","floor":10.0},{"not_picked":["Clockwork:SystemHardening+1","Clockwork:SpurOn","Clockwork:Pluck"],"picked":"SKIP","floor":11.0},{"not_picked":["Clockwork:Improve+1","Clockwork:AdaptiveShield+1"],"picked":"Clockwork:SearingStrike","floor":12.0},{"not_picked":["Clockwork:AdaptiveShield+1","Clockwork:Enhance+1","Clockwork:SnapKeep"],"picked":"SKIP","floor":14.0},{"not_picked":["Clockwork:ReactiveNanites","Clockwork:Strangle"],"picked":"Clockwork:SiegeStrike","floor":16.0},{"not_picked":["Clockwork:Roundhouse","Clockwork:TiltAWhirl+1","Clockwork:Pluck"],"picked":"SKIP","floor":18.0},{"not_picked":["Clockwork:Redundancy+1","Clockwork:CogToss","Clockwork:Randomization"],"picked":"SKIP","floor":19.0},{"not_picked":["Clockwork:SystemHardening+1","Clockwork:Enhance+1"],"picked":"Clockwork:Downsize+1","floor":22.0},{"not_picked":["Clockwork:KaliMa","Clockwork:SystemScan+1"],"picked":"Clockwork:Clone+1","floor":24.0},{"not_picked":["Clockwork:HoardingStrike","Clockwork:SnapKeep","Clockwork:MechanicalBulk+1"],"picked":"SKIP","floor":27.0},{"not_picked":["Clockwork:ChargingBlade","Clockwork:AeonShield+1"],"picked":"Clockwork:ChargingShield+1","floor":28.0},{"not_picked":["Clockwork:ReserveSystems+1","Clockwork:InertialShield+1"],"picked":"Clockwork:OccamsRazor+1","floor":29.0},{"not_picked":["Clockwork:HeadStart","Clockwork:SnapKeep"],"picked":"Clockwork:ReserveSystems+1","floor":30.0},{"not_picked":["Clockwork:Roundhouse+1","Clockwork:SmithsMallet"],"picked":"Clockwork:Improve+1","floor":31.0},{"not_picked":["Clockwork:SystemScan+1","Clockwork:LogisticRegression","Clockwork:Pluck+1"],"picked":"SKIP","floor":35.0},{"not_picked":["Clockwork:SnapKeep+1","Clockwork:AdaptiveCannon","Clockwork:Pluck"],"picked":"SKIP","floor":36.0},{"not_picked":["Clockwork:RitualDaggerMk0","Clockwork:AdaptiveShield+1"],"picked":"Clockwork:ZeroPointEnergy","floor":37.0},{"not_picked":["Clockwork:Pluck+1","Clockwork:ForgeStrike+1","Clockwork:RampUp+1"],"picked":"SKIP","floor":38.0},{"not_picked":["Clockwork:StasisBreak","Clockwork:SearchingStrike+1","Clockwork:SnapKeep"],"picked":"SKIP","floor":39.0},{"not_picked":["Clockwork:ReserveSystems+1","Clockwork:CogToss+1","Clockwork:RitualDaggerMk0+1"],"picked":"SKIP","floor":40.0},{"not_picked":["Clockwork:DefectiveParts","Clockwork:CraftVarja+1"],"picked":"Clockwork:Downsize+1","floor":41.0},{"not_picked":["Clockwork:OccamsRazor","Clockwork:EnthusiasticStrike","Clockwork:AdaptiveCannon"],"picked":"SKIP","floor":44.0},{"not_picked":["Clockwork:ReactiveNanites","Clockwork:RevUp","Clockwork:PerfectedShield+1"],"picked":"SKIP","floor":45.0},{"not_picked":["Clockwork:CogBarrier+1","Clockwork:Enhance+1","Clockwork:SystemScan+1"],"picked":"SKIP","floor":46.0},{"not_picked":["Clockwork:CraftQuicksilverHourglass","Clockwork:ReserveSystems+1"],"picked":"Clockwork:SmithsMallet+1","floor":47.0},{"not_picked":["Clockwork:Scour+1","Clockwork:TestingEnvironment+1","Clockwork:LiteraryArmor+1"],"picked":"SKIP","floor":48.0},{"not_picked":["Clockwork:CogBarrier+1","Clockwork:AdaptiveCannon","Clockwork:HeadStart+1"],"picked":"SKIP","floor":54.0}],"player_experience":1367510,"relics_obtained":[{"floor":6.0,"key":"Toxic Egg 2"},{"floor":8.0,"key":"StoneCalendar"},{"floor":9.0,"key":"Gambling Chip"},{"floor":10.0,"key":"Thread and Needle"},{"floor":24.0,"key":"MealTicket"},{"floor":24.0,"key":"MawBank"},{"floor":26.0,"key":"White Beast Statue"},{"floor":29.0,"key":"Potion Belt"},{"floor":29.0,"key":"Strawberry"},{"floor":31.0,"key":"Akabeko"},{"floor":31.0,"key":"Letter Opener"},{"floor":40.0,"key":"Pen Nib"},{"floor":40.0,"key":"InkBottle"},{"floor":45.0,"key":"Mango"},{"floor":45.0,"key":"Oddly Smooth Stone"},{"floor":47.0,"key":"Turnip"},{"floor":47.0,"key":"Du-Vu Doll"},{"floor":54.0,"key":"Sundial"},{"floor":54.0,"key":"Bottled Lightning"}],"event_choices":[{"damage_healed":0.0,"max_hp_gain":0.0,"max_hp_loss":0.0,"gold_gain":0.0,"event_name":"Match and Keep!","player_choice":"1 cards matched","floor":42.0,"gold_loss":0.0,"damage_taken":0.0,"cards_obtained":["Clockwork:Tinker"]}],"is_beta":false,"boss_relics":[{"not_picked":["Coffee Dripper","SlaversCollar"],"picked":"Black Star"},{"not_picked":["Astrolabe","Tiny House"],"picked":"Runic Pyramid"}],"items_purged_floors":[4,20,53],"is_endless":false,"potions_floor_spawned":[2,6,8,12,14,18,22,24,27,28,29,30,31,33,35,36,37,38,39,40,41,44,45,46,47,48,54],"ascension_level":1}}