{"host":"bg8va46pgqgvtzim","time":1614304378,"event":{"mods":["BaseMod","Minty Spire (QoL Compilation)","Quick Restart","StSLib","SuperFastMode"],"gold_per_floor":[113,41,41,57,57,57,75,94,128,128,156,156,181,216,231,249,261,261,279,279,279,377,377,397,397,397,412,511,535,535,564,564,596,596,650,431,445,476,486,504,504,521,539,539,641,641,641],"floor_reached":46,"language":"ZHS","playtime":8165,"items_purged":["Twin Strike"],"score":575,"play_id":"a1c864e4-4d70-4fb0-969f-b056c720b5f2","local_time":"20210226095258","is_ascension_mode":true,"campfire_choices":[{"data":"Feed","floor":10.0,"key":"SMITH"},{"data":"Body Slam","floor":12.0,"key":"SMITH"},{"data":"Armaments","floor":18.0,"key":"SMITH"},{"data":"True Grit","floor":20.0,"key":"SMITH"},{"data":"Disarm","floor":21.0,"key":"SMITH"},{"data":"Shrug It Off","floor":30.0,"key":"SMITH"},{"data":"Shockwave","floor":44.0,"key":"SMITH"}],"circlet_count":0,"master_deck":["Bash","Feed+1","Disarm+1","Evolve","Reckless Charge","Body Slam+1","Wild Strike","Carnage","Shrug It Off+1","Armaments+1","True Grit+1","Exhume","Havoc","Double Tap","Warcry","Feed","Spot Weakness","Shrug It Off","Metallicize+1","Fire Breathing","Dark Embrace+1","Shockwave+1","Second Wind+1","Corruption"],"relics":["Burning Blood","Bag of Preparation","War Paint","Mercury Hourglass","Kunai","Pandora\u0027s Box","Nilry\u0027s Codex","Vajra","Red Skull","Boot","Lantern","ClockworkSouvenir","Regal Pillow","Nloth\u0027s Gift"],"acts_visited":["Exordium","TheCity"],"potions_floor_usage":[],"damage_taken":[{"damage":3.0,"enemies":"Jaw Worm","floor":1.0,"turns":5.0},{"damage":10.0,"enemies":"Small Slimes","floor":4.0,"turns":3.0},{"damage":4.0,"enemies":"Cultist","floor":7.0,"turns":3.0},{"damage":21.0,"enemies":"Large Slime","floor":8.0,"turns":10.0},{"damage":26.0,"enemies":"3 Sentries","floor":9.0,"turns":9.0},{"damage":36.0,"enemies":"Lagavulin","floor":11.0,"turns":12.0},{"damage":9.0,"enemies":"3 Sentries","floor":14.0,"turns":8.0},{"damage":6.0,"enemies":"Exordium Wildlife","floor":15.0,"turns":4.0},{"damage":2.0,"enemies":"Looter","floor":16.0,"turns":3.0},{"damage":5.0,"enemies":"3 Louse","floor":17.0,"turns":3.0},{"damage":0.0,"enemies":"Lots of Slimes","floor":19.0,"turns":2.0},{"damage":14.0,"enemies":"The Guardian","floor":22.0,"turns":14.0},{"damage":0.0,"enemies":"Chosen","floor":24.0,"turns":4.0},{"damage":26.0,"enemies":"Spheric Guardian","floor":27.0,"turns":8.0},{"damage":14.0,"enemies":"Gremlin Leader","floor":31.0,"turns":9.0},{"damage":22.0,"enemies":"Slavers","floor":33.0,"turns":6.0},{"damage":0.0,"enemies":"Centurion and Healer","floor":37.0,"turns":6.0},{"damage":1.0,"enemies":"Gremlin Leader","floor":38.0,"turns":7.0},{"damage":16.0,"enemies":"Sentry and Sphere","floor":39.0,"turns":6.0},{"damage":0.0,"enemies":"Snake Plant","floor":40.0,"turns":6.0},{"damage":7.0,"enemies":"3 Cultists","floor":42.0,"turns":6.0},{"damage":11.0,"enemies":"Centurion and Healer","floor":43.0,"turns":12.0},{"damage":24.0,"enemies":"Champ","floor":45.0,"turns":14.0}],"seed_played":"-610909929874358245","potions_obtained":[{"floor":1.0,"key":"Regen Potion"},{"floor":4.0,"key":"Regen Potion"},{"floor":8.0,"key":"SpeedPotion"},{"floor":14.0,"key":"DuplicationPotion"},{"floor":22.0,"key":"AttackPotion"},{"floor":27.0,"key":"BlessingOfTheForge"},{"floor":33.0,"key":"PowerPotion"},{"floor":40.0,"key":"Explosive Potion"},{"floor":42.0,"key":"ColorlessPotion"},{"floor":45.0,"key":"Block Potion"}],"is_trial":false,"path_per_floor":["M","$","?","M","T","?","M","M","E","R","E","R","T","E","M","M","M","R","M","R","R","B",null,"M","?","?","M","?","T","R","E","?","E","T","T","$","M","E","M","M","?","M","M","R","B",null],"character_chosen":"IRONCLAD","items_purchased":["Reckless Charge","ClockworkSouvenir"],"campfire_rested":0,"item_purchase_floors":[2,36],"current_hp_per_floor":[75,75,75,74,74,74,79,67,50,50,24,24,24,74,78,86,91,91,101,101,101,97,115,119,119,103,87,87,87,87,83,83,74,74,74,74,88,97,94,104,104,115,118,118,104,104,104],"gold":641,"neow_bonus":"TRANSFORM_TWO_CARDS","is_daily":false,"chose_seed":false,"campfire_upgraded":7,"win_rate":0.0,"timestamp":1614304378,"path_taken":["M","$","?","M","?","?","M","?","E","R","E","R","T","E","M","M","M","R","M","R","R","BOSS","M","?","?","M","?","?","R","E","?","E","T","T","$","?","E","M","M","?","M","?","R","BOSS"],"items_purchased_type":["Card","Relic"],"build_version":"2020-12-22","purchased_purges":1,"victory":false,"max_hp_per_floor":[75,75,75,78,78,78,81,84,87,87,91,91,91,95,99,103,107,107,111,111,111,115,115,119,119,119,123,123,123,123,127,127,134,134,134,134,142,146,153,157,157,169,177,177,181,181,181],"card_choices":[{"not_picked":["Bloodletting","Entrench"],"picked":"Evolve","floor":1.0},{"not_picked":["Wild Strike","Pummel","Sword Boomerang"],"picked":"SKIP","floor":4.0},{"not_picked":["Dropkick","Flame Barrier"],"picked":"Body Slam","floor":7.0},{"not_picked":["Sever Soul","Pommel Strike"],"picked":"Wild Strike","floor":8.0},{"not_picked":["Cleave","Pommel Strike"],"picked":"Carnage","floor":9.0},{"not_picked":["Cleave","Rage","Iron Wave"],"picked":"SKIP","floor":11.0},{"not_picked":["Bloodletting","Wild Strike"],"picked":"Shrug It Off","floor":14.0},{"not_picked":["Headbutt","Iron Wave"],"picked":"Armaments","floor":15.0},{"not_picked":["Headbutt","Body Slam"],"picked":"True Grit","floor":16.0},{"not_picked":["Seeing Red","Heavy Blade","Limit Break"],"picked":"SKIP","floor":17.0},{"not_picked":["Reckless Charge","Twin Strike","Searing Blow"],"picked":"SKIP","floor":19.0},{"not_picked":["Fiend Fire","Double Tap"],"picked":"Exhume","floor":22.0},{"not_picked":["Iron Wave","Sword Boomerang"],"picked":"Shrug It Off","floor":24.0},{"not_picked":["Twin Strike","Anger"],"picked":"Metallicize+1","floor":27.0},{"not_picked":["Iron Wave","Seeing Red+1"],"picked":"Fire Breathing","floor":31.0},{"not_picked":["Combust","Shrug It Off"],"picked":"Dark Embrace+1","floor":33.0},{"not_picked":["True Grit","Headbutt","Havoc"],"picked":"SKIP","floor":37.0},{"not_picked":["Iron Wave","Bloodletting"],"picked":"Shockwave","floor":38.0},{"not_picked":["Warcry","Sword Boomerang"],"picked":"Second Wind+1","floor":39.0},{"not_picked":["Havoc","Anger","Cleave"],"picked":"SKIP","floor":40.0},{"not_picked":["Armaments","Double Tap","Clothesline"],"picked":"SKIP","floor":42.0},{"not_picked":["Hemokinesis+1","Wild Strike","Pommel Strike"],"picked":"SKIP","floor":43.0},{"not_picked":["Fiend Fire","Impervious"],"picked":"Corruption","floor":45.0}],"player_experience":2556658,"relics_obtained":[{"floor":5.0,"key":"Bag of Preparation"},{"floor":9.0,"key":"War Paint"},{"floor":11.0,"key":"Mercury Hourglass"},{"floor":13.0,"key":"Potion Belt"},{"floor":14.0,"key":"Kunai"},{"floor":26.0,"key":"Nilry\u0027s Codex"},{"floor":29.0,"key":"Vajra"},{"floor":31.0,"key":"Red Skull"},{"floor":33.0,"key":"Boot"},{"floor":35.0,"key":"Lantern"},{"floor":38.0,"key":"Regal Pillow"}],"event_choices":[{"damage_healed":0.0,"max_hp_gain":0.0,"max_hp_loss":0.0,"gold_gain":0.0,"event_name":"The Cleric","player_choice":"Leave","floor":3.0,"gold_loss":0.0,"damage_taken":0.0},{"cards_removed":["Strike_R"],"damage_healed":0.0,"max_hp_gain":0.0,"max_hp_loss":0.0,"gold_gain":0.0,"event_name":"Purifier","player_choice":"Purged","floor":6.0,"gold_loss":0.0,"damage_taken":0.0},{"damage_healed":0.0,"max_hp_gain":0.0,"max_hp_loss":0.0,"gold_gain":0.0,"event_name":"Vampires","player_choice":"Ignored","floor":25.0,"gold_loss":0.0,"damage_taken":0.0},{"damage_healed":0.0,"max_hp_gain":0.0,"max_hp_loss":0.0,"gold_gain":0.0,"event_name":"Cursed Tome","player_choice":"Obtained Book","floor":26.0,"gold_loss":0.0,"damage_taken":16.0},{"damage_healed":0.0,"max_hp_gain":0.0,"max_hp_loss":0.0,"gold_gain":99.0,"event_name":"Nest","player_choice":"Stole From Cult","floor":28.0,"gold_loss":0.0,"damage_taken":0.0},{"damage_healed":0.0,"max_hp_gain":0.0,"max_hp_loss":0.0,"gold_gain":0.0,"event_name":"The Mausoleum","player_choice":"Ignored","floor":32.0,"gold_loss":0.0,"damage_taken":0.0},{"damage_healed":0.0,"max_hp_gain":0.0,"max_hp_loss":0.0,"gold_gain":0.0,"event_name":"N\u0027loth","player_choice":"Traded Relic","floor":41.0,"relics_lost":["Potion Belt"],"gold_loss":0.0,"damage_taken":0.0,"relics_obtained":["Nloth\u0027s Gift"]}],"is_beta":false,"boss_relics":[{"not_picked":["Empty Cage","Cursed Key"],"picked":"Pandora\u0027s Box"}],"items_purged_floors":[36],"is_endless":false,"potions_floor_spawned":[1,4,8,11,14,22,27,33,40,42,45],"ascension_level":1}}