{"host":"lehbxtjrpalkmwwj","time":1614332342,"event":{"mods":["ATMod(°¢èªMod)","Aspiration","BaseMod","Challenge The Spire","Colored Map","Colored Powertips","Conspire","Dota2Spire","Energized Spire","Hunter ÁÔÈË","Minty Spire (QoL Compilation)","Quick Restart","Relic Stats","Reliquary","Replay The Spire","Spicy Shops","StSLib","TestMod","The Cursed","The IronCluck","The Poker Player","Waifu the Spire","Wide Potions","[IsaacMod]ÒÔÈö¼âËþ","¡¾ÒÅÎï¿¨ÅÆ¡¿REMEMod","É³µñ²ÄÖÊ°ümod","óô»ðÖ¸ÄÏ"],"gold_per_floor":[114,131,131,145,162,197,197,229,268,297,309,309],"floor_reached":11,"language":"ZHS","playtime":294,"items_purged":[],"score":203,"play_id":"4d2aa0b5-e466-4897-b734-9218ac57668c","local_time":"20210226173902","is_ascension_mode":true,"campfire_choices":[{"floor":7.0,"key":"RECALL"}],"circlet_count":0,"master_deck":["AscendersBane","Strike_G+1","Strike_G+1","Strike_G","Strike_G","Strike_G","Defend_G","Defend_G","Defend_G","Defend_G","Defend_G","Survivor","Neutralize","EpicFetus","AT_FamilyPortrait","Immolate","Cloak And Dagger","Bouncing Flask","REME_LeechingPoison","Envenom","All Out Attack","Footwork"],"relics":["Ring of the Snake","HushsDoor","AT_ATBox","testmod-TestBox","REME_ComplimentaryCards","Damocles","testmod-IndustrialRevolution","NeowsBlessing","AT_BellowingDragoncrestRing","conspire:BottledYoYo","reliquary:SharkskinSheath","AT_BellDemon","Dota2Spire:EtherealBlade","Toxic Egg 2","Regal Pillow","Dota2Spire:MagicBottle","Whetstone","MawBank","Bronze Scales","Calipers","DeathBook"],"acts_visited":["Exordium"],"potions_floor_usage":[],"damage_taken":[{"damage":0.0,"enemies":"2 Louse","floor":1.0,"turns":1.0},{"damage":0.0,"enemies":"Cultist","floor":2.0,"turns":1.0},{"damage":0.0,"enemies":"Small Slimes","floor":4.0,"turns":1.0},{"damage":0.0,"enemies":"Blue Slaver","floor":5.0,"turns":5.0},{"damage":0.0,"enemies":"Gremlin Nob","floor":6.0,"turns":2.0},{"damage":0.0,"enemies":"3 Sentries","floor":8.0,"turns":2.0},{"damage":13,"enemies":"Exordium Thugs","floor":10,"turns":4},{"damage":40,"enemies":"Lagavulin","floor":11,"turns":5}],"seed_played":"6430336179896275615","potions_obtained":[{"floor":4.0,"key":"LiquidBronze"},{"floor":5.0,"key":"CunningPotion"},{"floor":8.0,"key":"Elixir"}],"is_trial":false,"path_per_floor":["M","M","?","M","M","E","R","E","T","M","E"],"character_chosen":"THE_SILENT","items_purchased":[],"campfire_rested":0,"item_purchase_floors":[],"current_hp_per_floor":[63,63,63,63,63,70,70,70,70,57,0,0],"gold":309,"neow_bonus":"THREE_ENEMY_KILL","is_daily":false,"chose_seed":false,"campfire_upgraded":0,"win_rate":0.0,"timestamp":1614332342,"path_taken":["M","M","?","M","M","E","R","E","T","M","E"],"items_purchased_type":[],"build_version":"2020-12-22","purchased_purges":0,"victory":false,"max_hp_per_floor":[70,70,70,70,70,70,70,70,70,70,70,70],"relic_stats":{"Regal Pillow":0,"counters":[8,21],"Bronze Scales":[9],"Whetstone":["Strike_G","Strike_G"],"MawBank":36,"obtain_stats":[{"KeepersGift":0,"AT_BellDemon":5,"Damocles":0,"Regal Pillow":6,"AT_ATBox":0,"testmod-TestBox":0,"Calipers":10,"NeowsBlessing":0,"Whetstone":8,"Dota2Spire:EtherealBlade":6,"testmod-IndustrialRevolution":0,"MawBank":8,"Dota2Spire:MagicBottle":8,"DeathBook":10,"AT_BellowingDragoncrestRing":1,"Bronze Scales":9,"conspire:BottledYoYo":2,"Toxic Egg 2":6,"HushsDoor":0,"Ring of the Snake":0,"REME_ComplimentaryCards":0,"reliquary:SharkskinSheath":4},{"KeepersGift":0,"AT_BellDemon":4,"Damocles":0,"Regal Pillow":5,"AT_ATBox":0,"testmod-TestBox":0,"Calipers":7,"NeowsBlessing":0,"Whetstone":6,"Dota2Spire:EtherealBlade":5,"testmod-IndustrialRevolution":0,"MawBank":6,"Dota2Spire:MagicBottle":6,"DeathBook":7,"AT_BellowingDragoncrestRing":1,"Bronze Scales":6,"conspire:BottledYoYo":2,"Toxic Egg 2":5,"HushsDoor":0,"Ring of the Snake":0,"REME_ComplimentaryCards":0,"reliquary:SharkskinSheath":3},{"KeepersGift":0,"AT_BellDemon":8,"Damocles":0,"Regal Pillow":10,"AT_ATBox":0,"testmod-TestBox":0,"Calipers":16,"NeowsBlessing":0,"Whetstone":12,"Dota2Spire:EtherealBlade":10,"testmod-IndustrialRevolution":0,"MawBank":12,"Dota2Spire:MagicBottle":12,"DeathBook":16,"AT_BellowingDragoncrestRing":1,"Bronze Scales":12,"conspire:BottledYoYo":2,"Toxic Egg 2":10,"HushsDoor":0,"Ring of the Snake":0,"REME_ComplimentaryCards":0,"reliquary:SharkskinSheath":3}],"Ring of the Snake":[16]},"card_choices":[{"not_picked":[],"picked":"EpicFetus","floor":0.0},{"not_picked":["Underhanded Strike","Poisoned Stab"],"picked":"Cloak And Dagger","floor":1.0},{"not_picked":["Prepared","conspire:PoisonWeapons"],"picked":"Bomb","floor":2.0},{"not_picked":["Masterful Stab","Sucker Punch"],"picked":"Bouncing Flask","floor":4.0},{"not_picked":["Prepared","Acrobatics"],"picked":"REME_LeechingPoison","floor":5.0},{"not_picked":["Dodge and Roll+1","Acrobatics+1"],"picked":"Envenom","floor":6.0},{"not_picked":["AT_WindFlip","Quick Slash"],"picked":"All Out Attack","floor":8.0},{"not_picked":["Dagger Spray","Slice"],"picked":"Footwork","floor":10}],"player_experience":237600,"relics_obtained":[{"floor":1.0,"key":"AT_BellowingDragoncrestRing"},{"floor":2.0,"key":"conspire:BottledYoYo"},{"floor":4.0,"key":"reliquary:SharkskinSheath"},{"floor":5.0,"key":"AT_BellDemon"},{"floor":6.0,"key":"Dota2Spire:EtherealBlade"},{"floor":6.0,"key":"Toxic Egg 2"},{"floor":6.0,"key":"Regal Pillow"},{"floor":8.0,"key":"Dota2Spire:MagicBottle"},{"floor":8.0,"key":"Whetstone"},{"floor":8.0,"key":"MawBank"},{"floor":9.0,"key":"Bronze Scales"},{"floor":10,"key":"Calipers"},{"floor":10,"key":"DeathBook"}],"event_choices":[],"is_beta":false,"boss_relics":[],"items_purged_floors":[],"is_endless":false,"potions_floor_spawned":[4,5,8],"killed_by":"Lagavulin","ascension_level":10}}