{"host":"i58uscbei3sy5089","time":1614354532,"event":{"mods":["ATMod(°¢èªMod)","Act Like it!","BaseMod","Challenge The Spire","Colored Powertips","Conspire","Gensokyo","Infinite Spire","Lobotomy","LobotomyExtend","Minty Spire (QoL Compilation)","MostiFishMod","Quick Restart","Reliquary","Replay The Spire","Shop Mod","Spicy Shops","StSLib","TestMod","UnlockEverythingMod","[IsaacMod]ÒÔÈö¼âËþ","¡¾¹¦ÄÜMod¡¿»ìãçÖ®»·ÐÞ¸´²¹¶¡","¡¾ÒÅÎï¿¨ÅÆ¡¿REMEMod","óô»ðÖ¸ÄÏ"],"gold_per_floor":[280,280,0,0,15,15,44,61,84,84,103,123,123,134,134,134,134],"floor_reached":16,"language":"ZHS","playtime":899,"items_purged":[],"score":228,"play_id":"03138c50-9fc9-4fd5-9bdc-e503996e64ee","local_time":"20210226234852","is_ascension_mode":true,"campfire_choices":[],"circlet_count":0,"master_deck":["AscendersBane","SpecialBullet","SpecialBullet","SpecialBullet","SpecialBullet","SpecialBullet","SpecialBullet","SpecialBullet","SpecialBullet","AT_FamilyPortrait+1","REME_CopyPotion+1","Voices","WallGazer","Gensokyo:BlemishedSteel","SecurityCode","InformationCode","Ecstasy","Murderer","DaCapo+1","Regret_ego"],"relics":["CogitoBucket","testmod-TestBox","HushsDoor","DaveBox","AT_ATBox","REME_ComplimentaryCards","testmod-CardMagician","BrkXgEgg","MaYiHuaBei","SynthV:TestCard","LetterFromLob","ChiLing","Chi","Ling","reliquary:RoseTintedGlasses","Boot","War Paint","SkinProphecy","reliquary:SilkGlove"],"acts_visited":["Exordium"],"potions_floor_usage":[],"damage_taken":[{"damage":8.0,"enemies":"Gensokyo:Gryphon","floor":1.0,"turns":2.0},{"damage":0.0,"enemies":"Gensokyo:2_Kodama","floor":5.0,"turns":1.0},{"damage":2,"enemies":"Gensokyo:Cirno","floor":7,"turns":4},{"damage":0,"enemies":"Gensokyo:3_Fairies","floor":8,"turns":2},{"damage":15,"enemies":"Gensokyo:3_Kodama","floor":11,"turns":2},{"damage":42,"enemies":"Gensokyo:2_Rabbits","floor":12,"turns":6},{"damage":1,"enemies":"Gensokyo:Python_and_Kodama","floor":14,"turns":2},{"damage":38,"enemies":"Gensokyo:Yukari","floor":16,"turns":6}],"seed_played":"5619028439452487592","potions_obtained":[{"floor":11,"key":"Energy Potion"}],"is_trial":false,"path_per_floor":["M","$","COS","?","M","R","E","M","T","R","M","M","R","M","R","B"],"character_chosen":"Angela","items_purchased":[],"campfire_rested":0,"item_purchase_floors":[],"current_hp_per_floor":[69,69,69,77,77,77,83,84,84,84,77,35,35,38,38,0,0],"gold":134,"neow_bonus":"TWENTY_PERCENT_HP_BONUS","is_daily":false,"chose_seed":false,"campfire_upgraded":0,"win_rate":0.0,"timestamp":1614354532,"path_taken":["M","?","COS","?","M","R","E","M","T","R","M","M","R","?","R","BOSS"],"items_purchased_type":[],"build_version":"2020-12-22","purchased_purges":0,"victory":false,"max_hp_per_floor":[84,84,84,84,84,84,84,84,84,84,84,84,84,86,86,88,88],"card_choices":[{"not_picked":[],"picked":"ChaosCard","floor":0.0},{"not_picked":["Rudolta","UniverseFragment"],"picked":"WallGazer","floor":1.0},{"not_picked":["Moonlight","MagicBullet"],"picked":"SKIP","floor":1.0},{"not_picked":["Soda","CUTE","Noise","CherryBlossom"],"picked":"SKIP","floor":5},{"not_picked":["Diffraction","WristCuter","Reverberation"],"picked":"Ecstasy","floor":7},{"not_picked":["BlackSwan_ego+1","Harmony+1","Penitence+1","SomewhereSpear+1"],"picked":"SKIP","floor":7},{"not_picked":["BearPaw","GrinderMk4","Wingbeat","Christmas"],"picked":"SKIP","floor":8},{"not_picked":["BodiesMountain","CrumblingArmor"],"picked":"Murderer","floor":11},{"not_picked":["Regret_ego","RedEyes","FourthMatchFlame","Reverberation"],"picked":"SKIP","floor":11},{"not_picked":["MagicBullet","Amita","Hornet"],"picked":"DaCapo+1","floor":12},{"not_picked":["Harmony","Horn","Beak"],"picked":"Regret_ego","floor":14}],"player_experience":645041,"relics_obtained":[{"floor":1.0,"key":"SynthV:TestCard"},{"floor":1.0,"key":"LetterFromLob"},{"floor":7,"key":"reliquary:RoseTintedGlasses"},{"floor":9,"key":"Boot"}],"event_choices":[],"is_beta":false,"boss_relics":[],"items_purged_floors":[],"is_endless":false,"potions_floor_spawned":[11,14],"killed_by":"Gensokyo:Yukari","ascension_level":13}}