{"host":"yv9bat22duk2ekoy","time":1614351544,"event":{"mods":["BaseMod","Card Forge","Downfall","Minty Spire (QoL Compilation)","StSLib","Uncapped"],"gold_per_floor":[111,111,131,155,175,218,218,257,283,318,184,184,203,236,236,355,355,369,369,345,358,373,407,407,144,144,159,200,300,48,69,69,194,194,213,213,57,57,57,77,101,144,144,477,477,5,25,58,58,58],"floor_reached":51,"language":"ENG","playtime":5156,"items_purged":[],"score":940,"play_id":"2053bcf4-3a47-41af-81fa-aa36472bc9fc","local_time":"20210226155904","is_ascension_mode":false,"campfire_choices":[{"data":"Entrench","floor":7,"key":"SMITH"},{"floor":15,"key":"REST"},{"floor":24,"key":"REST"},{"floor":32,"key":"REST"},{"floor":45,"key":"REST"},{"floor":49,"key":"REST"}],"circlet_count":0,"master_deck":["Defend_R+1","Defend_R+1","Defend_R+1","Defend_R+1","Bash+1","Impervious+1","Ghostly Armor+1","Flame Barrier+1","Entrench+1","Demon Form+1","Barricade+1","Body Slam+1","Inflame+1","Apotheosis+1","Inflame+1","Limit Break+1","Metallicize+1","Iron Wave+1","Entrench+1","Iron Wave+1","Feel No Pain+1","Demon Form+1","Demon Form+1","Limit Break+1","Fire Breathing+1","Magnetism+1","Feed+1","Feed+1","Shrug It Off+1","Searing Blow+22"],"relics":["Burning Blood","Hammer of Thor","Seething Fire","Anvil of the Gods","Centennial Puzzle","Magic Flower","Pen Nib","MealTicket","MawBank","Bag of Preparation","Peace Pipe","Odd Mushroom","Lantern","Nunchaku","Juzu Bracelet","Molten Egg 2","Sozu","Bronze Scales","PreservedInsect","Ornamental Fan","Medical Kit","Pantograph","Sundial"],"acts_visited":["Exordium","TheCity","TheBeyond"],"potions_floor_usage":[],"damage_taken":[{"damage":0,"enemies":"Small Slimes","floor":1,"turns":13},{"damage":10,"enemies":"2 Louse","floor":3,"turns":5},{"damage":0,"enemies":"Cultist","floor":4,"turns":3},{"damage":0,"enemies":"Blue Slaver","floor":5,"turns":4},{"damage":0,"enemies":"Gremlin Nob","floor":6,"turns":3},{"damage":14,"enemies":"Lagavulin","floor":8,"turns":7},{"damage":25,"enemies":"3 Sentries","floor":10,"turns":22},{"damage":4,"enemies":"Large Slime","floor":13,"turns":16},{"damage":13,"enemies":"The Mushroom Lair","floor":14,"turns":25},{"damage":0,"enemies":"Hexaghost","floor":16,"turns":9},{"damage":0,"enemies":"Spheric Guardian","floor":18,"turns":18},{"damage":15,"enemies":"2 Thieves","floor":20,"turns":5},{"damage":33,"enemies":"Centurion and Healer","floor":21,"turns":13},{"damage":0,"enemies":"Snake Plant","floor":22,"turns":17},{"damage":42,"enemies":"Book of Stabbing","floor":23,"turns":9},{"damage":11,"enemies":"Snecko","floor":27,"turns":6},{"damage":17,"enemies":"Slavers","floor":28,"turns":11},{"damage":2,"enemies":"Cultist and Chosen","floor":31,"turns":11},{"damage":0,"enemies":"Champ","floor":33,"turns":12},{"damage":0,"enemies":"3 Shapes","floor":35,"turns":10},{"damage":6,"enemies":"Orb Walker","floor":40,"turns":10},{"damage":16,"enemies":"Spire Growth","floor":41,"turns":12},{"damage":35,"enemies":"Giant Head","floor":42,"turns":12},{"damage":30,"enemies":"Jaw Worm Horde","floor":47,"turns":10},{"damage":0,"enemies":"Nemesis","floor":48,"turns":5},{"damage":9,"enemies":"Donu and Deca","floor":50,"turns":6}],"seed_played":"5688130662533459079","potions_obtained":[{"floor":5,"key":"GamblersBrew"},{"floor":8,"key":"Ancient Potion"},{"floor":13,"key":"BlessingOfTheForge"},{"floor":21,"key":"AttackPotion"},{"floor":33,"key":"Energy Potion"}],"is_trial":false,"path_per_floor":["M","?","M","M","M","E","R","E","T","E","$","?","M","?","R","B",null,"M","?","M","M","M","E","R","$","T","M","E","?","$","M","R","B",null,"M","?","$","?","?","M","M","E","T","?","R","$","M","E","R","B",null],"character_chosen":"IRONCLAD","items_purchased":["Bag of Preparation","Fire Breathing","Magnetism","Molten Egg 2","Bronze Scales","Medical Kit","Pantograph","Searing Blow+1"],"campfire_rested":5,"item_purchase_floors":[11,25,25,30,37,46,46,46],"current_hp_per_floor":[80,60,56,62,68,74,74,69,69,53,68,68,73,69,80,80,80,80,80,74,50,59,26,50,65,65,63,55,55,70,77,80,80,80,84,84,84,84,73,82,81,55,55,55,82,92,81,90,100,100],"gold":58,"neow_bonus":"RANDOM_COMMON_RELIC","is_daily":false,"chose_seed":false,"campfire_upgraded":1,"win_rate":0.0,"timestamp":1614351544,"path_taken":["M","?","M","M","M","E","R","E","T","E","$","?","?","?","R","BOSS","M","?","M","?","M","E","R","$","T","M","E","?","?","M","R","BOSS","M","?","?","?","?","M","M","E","T","?","R","$","M","E","R","BOSS"],"items_purchased_type":["Relic","Card","Card","Relic","Relic","Relic","Relic","Card"],"build_version":"2020-12-22","purchased_purges":0,"victory":true,"max_hp_per_floor":[80,80,80,80,80,80,80,80,80,80,80,80,80,80,80,80,80,80,80,80,80,80,80,80,80,80,80,80,80,80,80,80,80,80,84,84,84,84,84,88,92,92,92,92,92,92,100,100,100,100],"card_choices":[{"not_picked":["Warcry","Wild Strike","Perfected Strike"],"picked":"SKIP","floor":1},{"not_picked":["Rupture","Pommel Strike"],"picked":"Entrench","floor":3},{"not_picked":["Havoc","Sword Boomerang"],"picked":"Iron Wave","floor":4},{"not_picked":["Sword Boomerang","Reckless Charge","Armaments"],"picked":"SKIP","floor":5},{"not_picked":["Shrug It Off","Twin Strike"],"picked":"Feel No Pain","floor":6},{"not_picked":["Warcry","Combust"],"picked":"Demon Form","floor":8},{"not_picked":["Perfected Strike","Clothesline","Bloodletting"],"picked":"SKIP","floor":10},{"not_picked":["Havoc","Uppercut","Sword Boomerang"],"picked":"SKIP","floor":13},{"not_picked":["Fiend Fire","Bludgeon"],"picked":"Demon Form","floor":16},{"not_picked":["Headbutt","Havoc","Hemokinesis"],"picked":"SKIP","floor":18},{"not_picked":["Iron Wave","Havoc+1","Cleave"],"picked":"SKIP","floor":20},{"not_picked":["Havoc","Carnage","Whirlwind"],"picked":"SKIP","floor":21},{"not_picked":["Blood for Blood+1","Headbutt","Power Through+1"],"picked":"SKIP","floor":22},{"not_picked":["Body Slam","Headbutt"],"picked":"Limit Break","floor":23},{"not_picked":["Body Slam","Second Wind","Cleave"],"picked":"SKIP","floor":27},{"not_picked":["Iron Wave","Shrug It Off","Second Wind+1"],"picked":"SKIP","floor":28},{"not_picked":["Thunderclap+1","Twin Strike+1","Combust+1"],"picked":"SKIP","floor":31},{"not_picked":["Corruption","Reaper+1"],"picked":"Feed+1","floor":33},{"not_picked":["Pommel Strike+1","Clash+1","Carnage+1"],"picked":"SKIP","floor":35},{"not_picked":["Hemokinesis+1","Second Wind","Ghostly Armor"],"picked":"SKIP","floor":40},{"not_picked":["Reckless Charge+1","True Grit","Iron Wave+1"],"picked":"SKIP","floor":41},{"not_picked":["Whirlwind+1","Anger+1"],"picked":"Shrug It Off+1","floor":42},{"not_picked":["Iron Wave+1","Juggernaut","Sword Boomerang+1"],"picked":"SKIP","floor":47},{"not_picked":["Shockwave+1","Thunderclap+1","Anger+1"],"picked":"SKIP","floor":48}],"player_experience":38966,"relics_obtained":[{"floor":6,"key":"Magic Flower"},{"floor":8,"key":"Pen Nib"},{"floor":9,"key":"MealTicket"},{"floor":10,"key":"MawBank"},{"floor":14,"key":"Odd Mushroom"},{"floor":23,"key":"Lantern"},{"floor":26,"key":"Nunchaku"},{"floor":28,"key":"Juzu Bracelet"},{"floor":42,"key":"PreservedInsect"},{"floor":43,"key":"Ornamental Fan"},{"floor":48,"key":"Sundial"}],"event_choices":[{"damage_healed":0,"gold_gain":0,"player_choice":"Take Damage","damage_taken":20,"relics_obtained":["Golden Idol"],"max_hp_gain":0,"max_hp_loss":0,"event_name":"Golden Idol","floor":2,"gold_loss":0},{"damage_healed":0,"gold_gain":0,"player_choice":"Gave Potion","damage_taken":0,"relics_obtained":["Peace Pipe"],"max_hp_gain":0,"max_hp_loss":0,"event_name":"WeMeetAgain","floor":12,"gold_loss":0},{"damage_healed":0,"gold_gain":0,"player_choice":"Fought Mushrooms","damage_taken":0,"max_hp_gain":0,"max_hp_loss":0,"event_name":"Mushrooms","floor":14,"gold_loss":0},{"damage_healed":0,"gold_gain":0,"player_choice":"Ignored","damage_taken":0,"max_hp_gain":0,"max_hp_loss":0,"event_name":"Transmorgrifier","floor":19,"gold_loss":0},{"damage_healed":0,"gold_gain":100,"player_choice":"Pray","damage_taken":0,"max_hp_gain":0,"max_hp_loss":0,"event_name":"Golden Shrine","floor":29,"gold_loss":0},{"damage_healed":0,"gold_gain":0,"player_choice":"Copied","damage_taken":0,"max_hp_gain":0,"max_hp_loss":0,"event_name":"Duplicator","floor":36,"gold_loss":0,"cards_obtained":["Feed"]},{"damage_healed":0,"gold_gain":0,"player_choice":"Upgraded","damage_taken":0,"max_hp_gain":0,"max_hp_loss":0,"event_name":"Upgrade Shrine","floor":38,"gold_loss":0,"cards_upgraded":["Magnetism"]},{"damage_healed":0,"gold_gain":0,"player_choice":"Embrace Madness","damage_taken":11,"max_hp_gain":0,"max_hp_loss":0,"event_name":"Winding Halls","floor":39,"gold_loss":0,"cards_obtained":["Madness","Madness"]},{"damage_healed":0,"gold_gain":333,"player_choice":"Gave Idol","damage_taken":0,"max_hp_gain":0,"max_hp_loss":0,"event_name":"The Moai Head","floor":44,"relics_lost":["Golden Idol"],"gold_loss":0}],"is_beta":false,"boss_relics":[{"not_picked":["Velvet Choker","Runic Cube","Empty Cage"]},{"not_picked":["Calling Bell","Fusion Hammer"],"picked":"Sozu"}],"items_purged_floors":[],"is_endless":false,"potions_floor_spawned":[5,8,13,16,18,21,22,28,33,42,47,48],"ascension_level":0}}