{"host":"ztme5fio60r7om62","time":1614331446,"event":{"mods":["BaseMod","Highlight Path","Minty Spire (QoL Compilation)","Permanent Neow","everything is the same but u backflip on backflip"],"gold_per_floor":[112,122,72,89,89,117,134,134,212,223,241,256,256,269,269,368,368,378,181,281,281,281],"floor_reached":21,"language":"KOR","playtime":919,"items_purged":["Riddle With Holes"],"score":183,"play_id":"50f76cd0-c137-4fd8-94c9-bb8d1f8255df","local_time":"20210226182406","is_ascension_mode":false,"campfire_choices":[{"data":"Tools of the Trade","floor":8,"key":"SMITH"},{"data":"Outmaneuver","floor":13,"key":"SMITH"},{"floor":15,"key":"RECALL"}],"circlet_count":0,"master_deck":["Strike_G","Strike_G","Strike_G","Strike_G","Defend_G","Defend_G","Defend_G","Defend_G","Survivor","Neutralize","Deadly Poison","Dodge and Roll","Bane","Tools of the Trade+1","Heel Hook","Discovery","Outmaneuver+1","Dagger Spray","Dagger Throw","Bouncing Flask","PiercingWail","Reflex","Poisoned Stab","Burst","Concentrate","Setup","Deflect"],"relics":["Ring of the Snake","Tough Bandages","Shuriken","Black Star"],"acts_visited":["Exordium","TheCity"],"potions_floor_usage":[11,14,21],"damage_taken":[{"damage":2.0,"enemies":"2 Louse","floor":1.0,"turns":3.0},{"damage":0.0,"enemies":"Cultist","floor":2.0,"turns":3.0},{"damage":0.0,"enemies":"Jaw Worm","floor":4.0,"turns":3.0},{"damage":20,"enemies":"Gremlin Nob","floor":6,"turns":4},{"damage":2,"enemies":"3 Louse","floor":7,"turns":4},{"damage":0,"enemies":"Large Slime","floor":10,"turns":6},{"damage":0,"enemies":"Gremlin Gang","floor":11,"turns":4},{"damage":2,"enemies":"3 Louse","floor":12,"turns":2},{"damage":5,"enemies":"2 Fungi Beasts","floor":14,"turns":3},{"damage":21,"enemies":"The Guardian","floor":16,"turns":8},{"damage":20,"enemies":"2 Thieves","floor":18,"turns":2},{"damage":0,"enemies":"3 Byrds","floor":21,"turns":2}],"seed_played":"-6398633686920442421","potions_obtained":[{"floor":1.0,"key":"Fire Potion"},{"floor":4.0,"key":"LiquidBronze"},{"floor":6,"key":"PowerPotion"},{"floor":10,"key":"DistilledChaos"},{"floor":14,"key":"SpeedPotion"},{"floor":16,"key":"SpeedPotion"}],"is_trial":false,"path_per_floor":["M","M","?","M","?","E","M","R","T","M","M","M","R","M","R","B",null,"M","$","?","M"],"character_chosen":"THE_SILENT","items_purchased":["Setup","Deflect"],"campfire_rested":0,"item_purchase_floors":[19,19],"current_hp_per_floor":[68,68,68,68,68,48,46,46,46,46,46,44,44,39,39,18,70,50,50,50,50,50],"gold":281,"neow_bonus":"TRANSFORM_CARD","is_daily":false,"chose_seed":false,"campfire_upgraded":2,"win_rate":0.0,"timestamp":1614331446,"path_taken":["M","M","?","M","?","E","M","R","T","M","?","M","R","M","R","BOSS","M","$","?","M"],"items_purchased_type":["Card","Card"],"build_version":"2020-12-22","purchased_purges":1,"victory":false,"max_hp_per_floor":[70,70,70,70,70,70,70,70,70,70,70,70,70,70,70,70,70,70,70,70,70,70],"card_choices":[{"not_picked":["Dash","Flechettes"],"picked":"Deadly Poison","floor":1.0},{"not_picked":["Skewer","Distraction"],"picked":"Dodge and Roll","floor":2.0},{"not_picked":["Calculated Gamble","Accuracy"],"picked":"Bane","floor":4.0},{"not_picked":["Flechettes","Grand Finale"],"picked":"Dagger Spray","floor":6},{"not_picked":["Cloak And Dagger","Underhanded Strike"],"picked":"Dagger Throw","floor":7},{"not_picked":["Dagger Throw","Flying Knee"],"picked":"Bouncing Flask","floor":10},{"not_picked":["Unload","Poisoned Stab"],"picked":"PiercingWail","floor":11},{"not_picked":["Slice","Bouncing Flask"],"picked":"Reflex","floor":12},{"not_picked":["Infinite Blades","Quick Slash"],"picked":"Poisoned Stab","floor":14},{"not_picked":["Die Die Die","A Thousand Cuts"],"picked":"Burst","floor":16},{"not_picked":["Predator","Backflip"],"picked":"Concentrate","floor":18}],"player_experience":626055,"relics_obtained":[{"floor":6,"key":"Tough Bandages"},{"floor":9,"key":"Shuriken"}],"event_choices":[{"cards_removed":["Strike_G"],"damage_healed":0.0,"max_hp_gain":0.0,"max_hp_loss":0.0,"gold_gain":0.0,"event_name":"The Cleric","player_choice":"Card Removal","floor":3.0,"gold_loss":50.0,"damage_taken":0.0},{"damage_healed":0,"gold_gain":0,"player_choice":"4 cards matched","damage_taken":0,"max_hp_gain":0,"max_hp_loss":0,"event_name":"Match and Keep!","floor":5,"gold_loss":0,"cards_obtained":["Tools of the Trade","Heel Hook","Discovery","Outmaneuver"]},{"damage_healed":0,"gold_gain":100,"player_choice":"Pray","damage_taken":0,"max_hp_gain":0,"max_hp_loss":0,"event_name":"Golden Shrine","floor":20,"gold_loss":0}],"is_beta":false,"boss_relics":[{"not_picked":["SlaversCollar","Velvet Choker"],"picked":"Black Star"}],"items_purged_floors":[19],"is_endless":false,"potions_floor_spawned":[1,4,6,10,14,16],"killed_by":"3 Byrds","ascension_level":0}}