{"host":"0ueeacaatm8t6jyh","time":1614319758,"event":{"mods":["AchievementEnabler","BaseMod","Colored Powertips","Minty Spire (QoL Compilation)","Quick Restart","Rare Cards Sparkle","Shop Mod","StSLib"],"gold_per_floor":[114,114,39,55,16,50,50,63,63,63,79,79,154,183,183,183,183],"floor_reached":16,"language":"ZHS","playtime":2899,"items_purged":["Strike_G"],"score":259,"play_id":"f153bd9b-1ffb-424d-8ade-477032657fe7","local_time":"20210226140918","is_ascension_mode":true,"campfire_choices":[{"data":"Acrobatics","floor":7,"key":"SMITH"},{"data":"Neutralize","floor":12,"key":"SMITH"},{"floor":15,"key":"REST"}],"circlet_count":0,"master_deck":["AscendersBane","Strike_G","Strike_G","Strike_G","Defend_G","Defend_G","Defend_G","Defend_G","Defend_G","Survivor","Neutralize+1","Acrobatics+1","Tools of the Trade","PiercingWail","Escape Plan","Backflip","Prepared+1"],"relics":["Ring of the Snake","NeowsBlessing","StoneCalendar","Blue Candle","Toxic Egg 2"],"acts_visited":["Exordium"],"potions_floor_usage":[11],"damage_taken":[{"damage":0,"enemies":"Jaw Worm","floor":1,"turns":1},{"damage":0,"enemies":"Cultist","floor":4,"turns":1},{"damage":0,"enemies":"Gremlin Nob","floor":6,"turns":1},{"damage":8,"enemies":"2 Louse","floor":8,"turns":4},{"damage":0,"enemies":"2 Fungi Beasts","floor":11,"turns":5},{"damage":24,"enemies":"Lagavulin","floor":14,"turns":10},{"damage":58,"enemies":"The Guardian","floor":16,"turns":10}],"seed_played":"-3181369454008049597","potions_obtained":[{"floor":1,"key":"Block Potion"},{"floor":6,"key":"Swift Potion"},{"floor":11,"key":"Ancient Potion"}],"is_trial":false,"path_per_floor":["M","?","$","M","$","E","R","M","T","?","M","R","?","E","R","B"],"character_chosen":"THE_SILENT","items_purchased":["Escape Plan"],"campfire_rested":1,"item_purchase_floors":[5],"current_hp_per_floor":[59,59,59,59,59,59,59,51,51,51,51,51,40,16,35,0,0],"gold":183,"neow_bonus":"THREE_ENEMY_KILL","is_daily":false,"chose_seed":false,"campfire_upgraded":2,"win_rate":0.0,"timestamp":1614319758,"path_taken":["M","?","$","?","?","E","R","?","T","?","M","R","?","E","R","BOSS"],"items_purchased_type":["Card"],"build_version":"2020-12-22","purchased_purges":1,"victory":false,"max_hp_per_floor":[66,66,66,66,66,66,66,66,66,66,66,66,66,66,66,66,66],"card_choices":[{"not_picked":["Heel Hook","Leg Sweep"],"picked":"Acrobatics","floor":1},{"not_picked":["Dodge and Roll","Poisoned Stab"],"picked":"PiercingWail","floor":4},{"not_picked":["Dagger Throw","Blade Dance","Skewer"],"picked":"SKIP","floor":6},{"not_picked":["Deadly Poison","Dagger Throw"],"picked":"Backflip","floor":8},{"not_picked":["Cloak And Dagger","Deflect","Quick Slash"],"picked":"SKIP","floor":11},{"not_picked":["Cloak And Dagger+1","Outmaneuver+1"],"picked":"Prepared+1","floor":14}],"player_experience":587745,"relics_obtained":[{"floor":6,"key":"StoneCalendar"},{"floor":9,"key":"Blue Candle"},{"floor":14,"key":"Toxic Egg 2"}],"event_choices":[{"damage_healed":0,"gold_gain":0,"cards_transformed":["Strike_G"],"player_choice":"Transformed","damage_taken":0,"max_hp_gain":0,"max_hp_loss":0,"event_name":"Transmorgrifier","floor":2,"gold_loss":0,"cards_obtained":["Tools of the Trade"]},{"damage_healed":0,"gold_gain":0,"player_choice":"Ignored","damage_taken":0,"max_hp_gain":0,"max_hp_loss":0,"event_name":"Liars Game","floor":10,"gold_loss":0},{"damage_healed":0,"gold_gain":75,"player_choice":"Gather Gold","damage_taken":11,"max_hp_gain":0,"max_hp_loss":0,"event_name":"World of Goop","floor":13,"gold_loss":0}],"is_beta":false,"boss_relics":[],"items_purged_floors":[3],"is_endless":false,"potions_floor_spawned":[1,6,11],"killed_by":"The Guardian","ascension_level":19}}