{"host":"vxpz5y1vf9l3es5y","time":1614372269,"event":{"mods":["BaseMod","Colored Map","Hubris","Minty Spire (QoL Compilation)","Replay The Spire","StSLib","The Necromancer"],"gold_per_floor":[116,116,140,158,171,171,188,188,212,212,232,252,252,300,300,397,397,415,431,431,275,298,298,308,318,341,341,410,428,209,226,226,321,321,334,344,344,344,344,344,372,372,372],"floor_reached":42,"language":"ENG","playtime":2168,"items_purged":["Strike_R"],"score":443,"play_id":"c757d784-da55-4c9d-a0a0-ddb42b0264e9","local_time":"20210226154429","is_ascension_mode":false,"campfire_choices":[{"data":"Heavy Blade","floor":6,"key":"SMITH"},{"floor":8,"key":"REST"},{"floor":15,"key":"DIG"},{"floor":23,"key":"REST"},{"data":"Cleave","floor":27,"key":"SMITH"},{"floor":32,"key":"REST"},{"data":"Immolate","floor":40,"key":"SMITH"}],"circlet_count":0,"master_deck":["Strike_R","Strike_R","Strike_R","Strike_R","Defend_R","Defend_R","Defend_R","Defend_R","Bash","Ghostly Armor","Heavy Blade+1","Immolate+1","Spot Weakness","Spot Weakness+1","Juggernaut","Shrug It Off+1","Sword Boomerang+1","Heavy Blade+1","Cleave+1","Pummel","Heavy Blade+1","Disarm+1","Writhe"],"relics":["Sozu","Tiny Chest","Ancient Tea Set","ReplayTheSpireMod:TigerMarble","Pantograph","Velvet Choker","HandDrill","Pen Nib","War Paint","hubris:BottledRain","Bag of Preparation","hubris:MedicalManual","Calipers"],"acts_visited":["Exordium","TheCity","TheBeyond"],"potions_floor_usage":[],"damage_taken":[{"damage":11,"enemies":"Jaw Worm","floor":1,"turns":3},{"damage":2,"enemies":"2 Louse","floor":4,"turns":3},{"damage":0,"enemies":"Small Slimes","floor":5,"turns":4},{"damage":0,"enemies":"Exordium Thugs","floor":7,"turns":4},{"damage":4,"enemies":"2 Fungi Beasts","floor":11,"turns":2},{"damage":10,"enemies":"Looter","floor":12,"turns":2},{"damage":47,"enemies":"The Guardian","floor":16,"turns":8},{"damage":20,"enemies":"2 Thieves","floor":18,"turns":3},{"damage":10,"enemies":"Spheric Guardian","floor":19,"turns":3},{"damage":0,"enemies":"3 Cultists","floor":24,"turns":3},{"damage":21,"enemies":"Snecko","floor":25,"turns":6},{"damage":0,"enemies":"Shelled Parasite and Fungi","floor":29,"turns":3},{"damage":0,"enemies":"Centurion and Healer","floor":31,"turns":2},{"damage":26,"enemies":"hubris:MusketHawk","floor":33,"turns":4},{"damage":14,"enemies":"3 Darklings","floor":35,"turns":5},{"damage":15,"enemies":"Orb Walker","floor":36,"turns":3},{"damage":35,"enemies":"Reptomancer","floor":41,"turns":4},{"damage":37,"enemies":"Sphere and 2 Shapes","floor":42,"turns":3}],"seed_played":"3926313196342232519","potions_obtained":[],"is_trial":false,"path_per_floor":["M","?","T","M","M","R","M","R","T","?","M","M","?","T","R_BF","B",null,"M","M","?","$","T","R","M","M","T","R","T","M","$","M","R","B",null,"M","M","?","?","T","R","E","M"],"character_chosen":"IRONCLAD","items_purchased":["HandDrill","Bag of Preparation"],"campfire_rested":3,"item_purchase_floors":[21,30],"current_hp_per_floor":[69,69,69,67,67,67,67,80,80,80,76,66,66,66,66,33,80,60,50,50,50,50,74,74,53,53,53,53,53,53,53,77,54,80,66,51,71,71,71,71,36,0,0],"gold":372,"neow_bonus":"BOSS_RELIC","is_daily":false,"chose_seed":false,"campfire_upgraded":3,"win_rate":0.0,"timestamp":1614372269,"path_taken":["M","?","?","M","M","R","M","R","T","?","M","?","?","?","R_BF","BOSS","M","M","?","?","?","R","M","M","T","R","?","M","$","?","R","BOSS","M","M","?","?","?","R","E","M"],"items_purchased_type":["Relic","Relic"],"build_version":"2020-12-22","purchased_purges":1,"victory":false,"max_hp_per_floor":[80,80,80,80,80,80,80,80,80,80,80,80,80,80,80,80,80,80,80,80,80,80,80,80,80,80,80,80,80,80,80,80,80,80,80,80,80,80,80,80,80,80,80],"card_choices":[{"not_picked":["True Grit","Combust"],"picked":"Ghostly Armor","floor":1},{"not_picked":["Sword Boomerang","hubris:SharpeningStone"],"picked":"Heavy Blade","floor":4},{"not_picked":["Seeing Red","Evolve"],"picked":"Immolate","floor":5},{"not_picked":["Replay:Undeath\u0027s Touch","Perfected Strike"],"picked":"Spot Weakness","floor":7},{"not_picked":["Perfected Strike","Combust","ReplayTheSpireMod:Strike From Hell"],"picked":"SKIP","floor":11},{"not_picked":["Heavy Blade","Combust"],"picked":"Spot Weakness","floor":12},{"not_picked":["Offering","Brutality"],"picked":"Juggernaut","floor":16},{"not_picked":["True Grit","Entrench+1"],"picked":"Shrug It Off","floor":18},{"not_picked":["Pommel Strike","Anger+1"],"picked":"Sword Boomerang+1","floor":19},{"not_picked":["Clothesline","Body Slam+1"],"picked":"Cleave","floor":24},{"not_picked":["hubris:ReadiedAction+1","Perfected Strike"],"picked":"Pummel","floor":25},{"not_picked":["Rupture+1","Flex","Offering"],"picked":"SKIP","floor":29},{"not_picked":["Infernal Blade","hubris:ReadiedAction"],"picked":"Heavy Blade+1","floor":31},{"not_picked":["Havoc","Warcry","Wild Strike"],"picked":"SKIP","floor":35},{"not_picked":["Clash","Life Link"],"picked":"Disarm+1","floor":36},{"not_picked":["hubris:ReadiedAction+1","Fiend Fire","Reckless Charge"],"picked":"SKIP","floor":41}],"player_experience":162381,"relics_obtained":[{"floor":3,"key":"Tiny Chest"},{"floor":9,"key":"Ancient Tea Set"},{"floor":14,"key":"ReplayTheSpireMod:TigerMarble"},{"floor":15,"key":"Pantograph"},{"floor":22,"key":"Pen Nib"},{"floor":26,"key":"War Paint"},{"floor":28,"key":"hubris:BottledRain"},{"floor":39,"key":"hubris:MedicalManual"},{"floor":41,"key":"Calipers"}],"event_choices":[{"damage_healed":0,"gold_gain":0,"player_choice":"Leave","damage_taken":0,"max_hp_gain":0,"max_hp_loss":0,"event_name":"The Cleric","floor":2,"gold_loss":0},{"damage_healed":0,"gold_gain":0,"player_choice":"Ignored","damage_taken":0,"max_hp_gain":0,"max_hp_loss":0,"event_name":"Liars Game","floor":10,"gold_loss":0},{"damage_healed":0,"gold_gain":0,"player_choice":"Got Potions","damage_taken":0,"max_hp_gain":0,"max_hp_loss":0,"event_name":"Lab","floor":13,"gold_loss":0},{"damage_healed":0,"gold_gain":0,"player_choice":"Copied","damage_taken":0,"max_hp_gain":0,"max_hp_loss":0,"event_name":"Duplicator","floor":20,"gold_loss":0,"cards_obtained":["Heavy Blade"]},{"damage_healed":20,"gold_gain":0,"player_choice":"Writhe","damage_taken":0,"max_hp_gain":0,"max_hp_loss":0,"event_name":"Winding Halls","floor":37,"gold_loss":0,"cards_obtained":["Writhe"]}],"is_beta":false,"boss_relics":[{"not_picked":["ChewingGum","hubris:BlackHole"],"picked":"Velvet Choker"},{"not_picked":["Ooze Armor","Cursed Key","ReplayTheSpireMod:DimensionalGlitch"]}],"items_purged_floors":[30],"is_endless":false,"potions_floor_spawned":[4,5,11,12,18,24,35],"killed_by":"Sphere and 2 Shapes","ascension_level":0}}