{"host":"caz9phlr9zt22rnt","time":1614369653,"event":{"mods":["AchievementEnabler","BaseMod","Colored Map","Custom Start","Downfall","Minty Spire (QoL Compilation)","Rare Cards Sparkle","Relic Stats","StSLib"],"gold_per_floor":[117,117,130,130,140,140,106,106,157,190,201,201,278,289,289,384,384,395,395,29,43,61,93,108,119,119,139,153,153,153,173,173,173,173],"floor_reached":33,"language":"ENG","playtime":2373,"items_purged":["Strike_P"],"score":285,"play_id":"aed6e86e-2a1b-488d-9013-af4cd6d2e302","local_time":"20210226140053","is_ascension_mode":true,"campfire_choices":[{"data":"Eruption","floor":6,"key":"SMITH"},{"data":"Adaptation","floor":8,"key":"SMITH"},{"floor":12,"key":"REST"},{"data":"Crescendo","floor":15,"key":"SMITH"},{"floor":30,"key":"REST"},{"floor":32,"key":"REST"}],"circlet_count":0,"master_deck":["Strike_P","Strike_P","Strike_P","Defend_P","Defend_P","Defend_P","Defend_P","Eruption+1","Vigilance","Halt","Indignation","Crescendo+1","Adaptation+1","SpiritShield","Vengeance","Ragnarok+1","CurseOfTheBell","CarveReality+1","CarveReality","LikeWater","ClearTheMind","FearNoEvil+1","EmptyBody","RitualDagger","Consecrate"],"relics":["PureWater","Lantern","InkBottle","White Beast Statue","Calling Bell","Centennial Puzzle","The Courier","Pocketwatch","Matryoshka","Tiny Chest","Bag of Marbles","Bronze Scales"],"acts_visited":["Exordium","TheCity"],"potions_floor_usage":[10,10,11,18,18,21,22,23,24,25,27,28,31,33],"damage_taken":[{"damage":1,"enemies":"Jaw Worm","floor":1,"turns":5},{"damage":2,"enemies":"Small Slimes","floor":3,"turns":4},{"damage":0,"enemies":"Cultist","floor":5,"turns":2},{"damage":23,"enemies":"3 Sentries","floor":10,"turns":9},{"damage":3,"enemies":"Looter","floor":11,"turns":2},{"damage":0,"enemies":"Blue Slaver","floor":14,"turns":2},{"damage":58,"enemies":"Slime Boss","floor":16,"turns":10},{"damage":2,"enemies":"2 Thieves","floor":18,"turns":3},{"damage":0,"enemies":"Chosen","floor":21,"turns":2},{"damage":0,"enemies":"Sentry and Sphere","floor":22,"turns":1},{"damage":22,"enemies":"Gremlin Leader","floor":23,"turns":3},{"damage":7,"enemies":"Centurion and Healer","floor":24,"turns":3},{"damage":5,"enemies":"Shelled Parasite and Fungi","floor":25,"turns":3},{"damage":10,"enemies":"Snecko","floor":27,"turns":2},{"damage":0,"enemies":"Snake Plant","floor":28,"turns":2},{"damage":2,"enemies":"Chosen and Byrds","floor":31,"turns":3},{"damage":92,"enemies":"Automaton","floor":33,"turns":8}],"seed_played":"7943211089065564299","potions_obtained":[{"floor":1,"key":"hexamod:SoulburnPotion"},{"floor":5,"key":"GamblersBrew"},{"floor":10,"key":"Swift Potion"},{"floor":14,"key":"champ:CounterPotion"},{"floor":16,"key":"DuplicationPotion"},{"floor":18,"key":"ColorlessPotion"},{"floor":21,"key":"Explosive Potion"},{"floor":22,"key":"AttackPotion"},{"floor":23,"key":"Slimebound:ThreeZeroPotion"},{"floor":24,"key":"Swift Potion"},{"floor":25,"key":"SteroidPotion"},{"floor":27,"key":"Fruit Juice"},{"floor":28,"key":"BottledMiracle"},{"floor":31,"key":"Guardian:BlockOnCardUsePotion"}],"is_trial":false,"path_per_floor":["M","?","M","?","M","R","$","R","T","E","M","R","T","M","R","B",null,"M","?","$","M","M","E","M","M","T","M","M","?","R","M","R","B"],"character_chosen":"WATCHER","items_purchased":["Adaptation","CarveReality","LikeWater","Matryoshka"],"campfire_rested":3,"item_purchase_floors":[7,20,20,20],"current_hp_per_floor":[78,66,64,79,79,79,79,79,79,56,53,76,76,76,76,18,79,77,77,77,77,77,55,48,43,43,38,38,32,57,55,80,0,0],"gold":173,"neow_bonus":"TEN_PERCENT_HP_BONUS","is_daily":false,"chose_seed":false,"campfire_upgraded":3,"win_rate":0.0,"timestamp":1614369653,"path_taken":["M","?","M","?","M","R","$","R","T","E","M","R","?","M","R","BOSS","M","?","$","M","M","E","M","?","T","M","M","?","R","M","R","BOSS"],"items_purchased_type":["Card","Card","Card","Relic"],"build_version":"2020-12-22","purchased_purges":1,"victory":false,"max_hp_per_floor":[79,79,79,79,79,79,79,79,79,79,79,79,79,79,79,79,79,79,79,79,79,79,79,79,79,79,84,84,84,84,84,84,84,84],"relic_stats":{"Centennial Puzzle":[21],"counters":[17,64],"Bronze Scales":[58],"Tiny Chest":0,"obtain_stats":[{"Calling Bell":17,"Lantern":2,"Centennial Puzzle":17,"Matryoshka":20,"Bronze Scales":26,"Tiny Chest":23,"The Courier":17,"Bag of Marbles":26,"PureWater":0,"InkBottle":10,"White Beast Statue":13,"Pocketwatch":17},{"Calling Bell":7,"Lantern":1,"Centennial Puzzle":7,"Matryoshka":8,"Bronze Scales":13,"Tiny Chest":11,"The Courier":7,"Bag of Marbles":13,"PureWater":0,"InkBottle":4,"White Beast Statue":5,"Pocketwatch":7},{"Calling Bell":34,"Lantern":5,"Centennial Puzzle":34,"Matryoshka":37,"Bronze Scales":49,"Tiny Chest":43,"The Courier":34,"Bag of Marbles":49,"PureWater":0,"InkBottle":20,"White Beast Statue":22,"Pocketwatch":34}],"InkBottle":[18],"Pocketwatch":[13]},"card_choices":[{"not_picked":["ThirdEye","Weave"],"picked":"Halt","floor":1},{"not_picked":["Meditate","FlurryOfBlows"],"picked":"Indignation","floor":3},{"not_picked":["Protect","PathToVictory"],"picked":"Crescendo","floor":5},{"not_picked":["Crescendo","Evaluate"],"picked":"SpiritShield","floor":10},{"not_picked":["CutThroughFate","PathToVictory","WaveOfTheHand"],"picked":"SKIP","floor":11},{"not_picked":["Weave","SashWhip"],"picked":"Vengeance","floor":14},{"not_picked":["Wish","ConjureBlade"],"picked":"Ragnarok","floor":16},{"not_picked":["BowlingBash","ThirdEye"],"picked":"CarveReality+1","floor":18},{"not_picked":["Vengeance","WaveOfTheHand","BowlingBash"],"picked":"SKIP","floor":21},{"not_picked":["Perseverance","Study+1"],"picked":"ClearTheMind","floor":22},{"not_picked":["ReachHeaven","Ragnarok"],"picked":"FearNoEvil+1","floor":23},{"not_picked":["FearNoEvil+1","WindmillStrike","CarveReality"],"picked":"SKIP","floor":24},{"not_picked":["Perseverance","Protect","ThirdEye"],"picked":"SKIP","floor":25},{"not_picked":["Protect+1","FlyingSleeves","BowlingBash"],"picked":"SKIP","floor":27},{"not_picked":["SandsOfTime+1","FollowUp"],"picked":"EmptyBody","floor":28},{"not_picked":["ThirdEye+1","BowlingBash"],"picked":"Consecrate","floor":31}],"player_experience":479559,"relics_obtained":[{"floor":10,"key":"InkBottle"},{"floor":13,"key":"White Beast Statue"},{"floor":17,"key":"Centennial Puzzle"},{"floor":17,"key":"The Courier"},{"floor":17,"key":"Pocketwatch"},{"floor":23,"key":"Tiny Chest"},{"floor":26,"key":"Bag of Marbles"},{"floor":26,"key":"Bronze Scales"}],"event_choices":[{"damage_healed":0,"gold_gain":0,"player_choice":"Success","damage_taken":12,"relics_obtained":["Lantern"],"max_hp_gain":0,"max_hp_loss":0,"event_name":"Scrap Ooze","floor":2,"gold_loss":0},{"damage_healed":26,"gold_gain":0,"player_choice":"Banana","damage_taken":0,"max_hp_gain":0,"max_hp_loss":0,"event_name":"Big Fish","floor":4,"gold_loss":0},{"damage_healed":0,"gold_gain":0,"player_choice":"Forge","damage_taken":0,"max_hp_gain":0,"max_hp_loss":0,"event_name":"Accursed Blacksmith","floor":19,"gold_loss":0,"cards_upgraded":["Ragnarok"]},{"damage_healed":0,"gold_gain":0,"player_choice":"Joined the Cult","damage_taken":6,"max_hp_gain":0,"max_hp_loss":0,"event_name":"Nest","floor":29,"gold_loss":0,"cards_obtained":["RitualDagger"]}],"is_beta":false,"boss_relics":[{"not_picked":["SlaversCollar","Sozu"],"picked":"Calling Bell"}],"items_purged_floors":[20],"is_endless":false,"potions_floor_spawned":[1,5,10,14,16,18,21,22,23,24,25,27,28,31],"killed_by":"Automaton","ascension_level":1}}