{"host":"5vxoi0a3x57fg5l4","time":1614341108,"event":{"mods":["Act Like it!","BaseMod","Better Third Choice","Colored Map","Downfall","GifTheSpireLib","Hallownest","Highlight Path","Minty Spire (QoL Compilation)","Permanent Neow","Quick Restart","Relic Sorter","Relic Stats","StSLib","The Bug Knight","The Wild Card","UnlockEverythingMod"],"gold_per_floor":[113,113,113,133,61,61,93,104,127,138,88,88,18,48,48,152,152,166,38,38,54,104,132,132,150,173,184,202,202,4,16,16,16,16],"floor_reached":33,"language":"ENG","playtime":2767,"items_purged":[],"score":275,"play_id":"9d7ab26c-e915-4fab-9248-da6d641447ea","local_time":"20210226090508","is_ascension_mode":false,"campfire_choices":[{"data":"Apotheosis","floor":6.0,"key":"SMITH"},{"floor":12.0,"key":"REST"},{"floor":15.0,"key":"REST"},{"floor":24.0,"key":"REST"},{"floor":29.0,"key":"REST"},{"floor":32.0,"key":"REST"}],"circlet_count":1,"master_deck":["theWildCard:BasicStrike","theWildCard:BasicStrike","theWildCard:BasicStrike","theWildCard:BasicStrike","theWildCard:BasicDefend","theWildCard:BasicDefend","theWildCard:BasicDefend","theWildCard:BasicDefend","theWildCard:CallToAdventure","theWildCard:Arsene","Apotheosis+1","theWildCard:ArchaicAssault","theWildCard:ManOfManyFaces","theWildCard:Metatron","theWildCard:MasterPlan","theWildCard:ArcaneArts","theWildCard:Alice","theWildCard:Michael","theWildCard:SacrificialStroke","theWildCard:Odin","theWildCard:Thanatos","theWildCard:SeveringSlash","theWildCard:PowerOfTheArcana","theWildCard:StingingStrike","theWildCard:PaleRider","theWildCard:Amaterasu","theWildCard:Salvation","theWildCard:EnergizedStroke","theWildCard:MagicalMight+1","theWildCard:PowerOfTheArcana","theWildCard:Polydeuces","theWildCard:Sakuya+1"],"relics":["theWildCard:VelvetContract","Circlet","Potion Belt","Oddly Smooth Stone","PreservedInsect","Calipers","White Beast Statue","Membership Card"],"acts_visited":["Exordium","TheCity"],"potions_floor_usage":[],"damage_taken":[{"damage":4.0,"enemies":"Small Slimes","floor":1.0,"turns":4.0},{"damage":11.0,"enemies":"Jaw Worm","floor":4.0,"turns":3.0},{"damage":15.0,"enemies":"Lagavulin","floor":7.0,"turns":7.0},{"damage":0.0,"enemies":"Cultist","floor":8.0,"turns":2.0},{"damage":3.0,"enemies":"Looter","floor":10.0,"turns":2.0},{"damage":9.0,"enemies":"3 Sentries","floor":14.0,"turns":2.0},{"damage":22.0,"enemies":"The Guardian","floor":16.0,"turns":8.0},{"damage":28.0,"enemies":"2 Thieves","floor":18.0,"turns":3.0},{"damage":10.0,"enemies":"Chosen","floor":21.0,"turns":3.0},{"damage":16.0,"enemies":"Gremlin Leader","floor":23.0,"turns":4.0},{"damage":28.0,"enemies":"Shelled Parasite and Fungi","floor":25.0,"turns":4.0},{"damage":0.0,"enemies":"3 Cultists","floor":27.0,"turns":2.0},{"damage":12.0,"enemies":"Centurion and Healer","floor":28.0,"turns":3.0},{"damage":19.0,"enemies":"Snecko","floor":31.0,"turns":3.0},{"damage":0,"enemies":"Automaton","floor":33,"turns":1}],"seed_played":"299467240072004314","potions_obtained":[{"floor":1.0,"key":"LiquidBronze"},{"floor":4.0,"key":"Weak Potion"},{"floor":14.0,"key":"LiquidMemories"},{"floor":18.0,"key":"EssenceOfSteel"},{"floor":23.0,"key":"LiquidMemories"},{"floor":25.0,"key":"Explosive Potion"},{"floor":27.0,"key":"Regen Potion"},{"floor":28.0,"key":"GamblersBrew"},{"floor":31.0,"key":"AttackPotion"}],"is_trial":false,"path_per_floor":["M","?","?","M","$","R","E","M","T","M","?","R","$","E","R","B",null,"M","$","?","M","?","E","R","M","T","M","M","R","$","M","R","B"],"character_chosen":"THE_WILD_CARD","items_purchased":["theWildCard:Metatron","theWildCard:Michael","theWildCard:SacrificialStroke","theWildCard:PowerOfTheArcana","theWildCard:StingingStrike","Membership Card","theWildCard:PowerOfTheArcana","theWildCard:Polydeuces"],"campfire_rested":5,"item_purchase_floors":[5,13,13,19,19,30,30,30],"current_hp_per_floor":[56,31,52,42,43,44,30,31,32,30,31,50,51,43,60,38,60,32,33,34,25,26,11,30,3,4,5,3,22,23,5,24,24,24],"gold":16,"neow_bonus":"RANDOM_COLORLESS_2","is_daily":false,"chose_seed":false,"campfire_upgraded":1,"win_rate":0.0,"timestamp":1614341108,"path_taken":["M","?","?","M","$","R","E","M","T","M","?","R","$","E","R","BOSS","M","$","?","?","?","E","R","M","T","M","?","R","?","M","R","BOSS"],"items_purchased_type":["Card","Card","Card","Card","Card","Relic","Card","Card"],"build_version":"2020-12-22","purchased_purges":0,"victory":false,"max_hp_per_floor":[60,60,60,60,60,60,60,60,60,60,60,60,60,60,60,60,60,60,60,60,60,60,60,60,60,60,60,60,60,60,60,60,60,60],"relic_stats":{"counters":[15,51],"PreservedInsect":47,"obtain_stats":[{"Potion Belt":7,"theWildCard:VelvetContract":0,"Calipers":20,"Tintinnabulum":2,"Oddly Smooth Stone":9,"Circlet":0,"PreservedInsect":14,"Gem_Box":17,"Membership Card":30,"White Beast Statue":23},{"Potion Belt":3,"theWildCard:VelvetContract":0,"Calipers":8,"Tintinnabulum":1,"Oddly Smooth Stone":4,"Circlet":0,"PreservedInsect":6,"Gem_Box":7,"Membership Card":13,"White Beast Statue":10},{"Potion Belt":14,"theWildCard:VelvetContract":0,"Calipers":31,"Tintinnabulum":4,"Oddly Smooth Stone":16,"Circlet":0,"PreservedInsect":20,"Gem_Box":28,"Membership Card":47,"White Beast Statue":38}]},"card_choices":[{"not_picked":["Magnetism","Thinking Ahead"],"picked":"Apotheosis","floor":0.0},{"not_picked":["theWildCard:Alice","theWildCard:EnergizedStroke"],"picked":"theWildCard:ArchaicAssault","floor":1.0},{"not_picked":["theWildCard:MasterPlan","theWildCard:Proficiency"],"picked":"theWildCard:ManOfManyFaces","floor":4.0},{"not_picked":["theWildCard:Impatience","theWildCard:Polydeuces"],"picked":"theWildCard:MasterPlan","floor":7.0},{"not_picked":["theWildCard:LadyLuck","theWildCard:Unburden"],"picked":"theWildCard:ArcaneArts","floor":8.0},{"not_picked":["theWildCard:ArchaicAssault","theWildCard:Deicide"],"picked":"theWildCard:Alice","floor":10.0},{"not_picked":["theWildCard:Proficiency","theWildCard:ArcaneArts"],"picked":"theWildCard:Odin","floor":14.0},{"not_picked":["theWildCard:Ruination","theWildCard:TheArcanaUnleashed"],"picked":"theWildCard:Thanatos","floor":16.0},{"not_picked":["theWildCard:MaskChange","theWildCard:SacrificialStroke+1"],"picked":"theWildCard:SeveringSlash","floor":18.0},{"not_picked":["theWildCard:BladeOfGenerations","theWildCard:ArcaneArts"],"picked":"theWildCard:PaleRider","floor":21.0},{"not_picked":["theWildCard:MaskChange","theWildCard:EnergizedStroke"],"picked":"theWildCard:Amaterasu","floor":23.0},{"not_picked":["theWildCard:Polydeuces","theWildCard:SacrificialStroke"],"picked":"theWildCard:Salvation","floor":25.0},{"not_picked":["theWildCard:Impatience","theWildCard:StalwartBlade"],"picked":"theWildCard:EnergizedStroke","floor":27.0},{"not_picked":["theWildCard:ArchaicAssault+1","theWildCard:ArcaneArts"],"picked":"theWildCard:MagicalMight+1","floor":28.0},{"not_picked":["theWildCard:BladeOfGenerations+1","theWildCard:Michael"],"picked":"theWildCard:Sakuya+1","floor":31.0}],"player_experience":33851,"relics_obtained":[{"floor":7.0,"key":"Potion Belt"},{"floor":9.0,"key":"Oddly Smooth Stone"},{"floor":14.0,"key":"PreservedInsect"},{"floor":23.0,"key":"White Beast Statue"}],"event_choices":[{"damage_healed":0.0,"max_hp_gain":0.0,"max_hp_loss":0.0,"gold_gain":0.0,"event_name":"Scrap Ooze","player_choice":"Success","floor":2.0,"gold_loss":0.0,"damage_taken":25.0,"relics_obtained":["Tintinnabulum"]},{"damage_healed":20.0,"max_hp_gain":0.0,"max_hp_loss":0.0,"gold_gain":0.0,"event_name":"Big Fish","player_choice":"Banana","floor":3.0,"gold_loss":0.0,"damage_taken":0.0},{"cards_removed":["Regret"],"damage_healed":0.0,"max_hp_gain":0.0,"max_hp_loss":0.0,"gold_gain":0.0,"event_name":"The Cleric","player_choice":"Card Removal","floor":11.0,"gold_loss":50.0,"damage_taken":0.0},{"damage_healed":0.0,"max_hp_gain":0.0,"max_hp_loss":0.0,"gold_gain":0.0,"event_name":"WeMeetAgain","player_choice":"Gave Potion","floor":20.0,"gold_loss":0.0,"damage_taken":0.0,"relics_obtained":["Calipers"]},{"damage_healed":0.0,"max_hp_gain":0.0,"max_hp_loss":0.0,"gold_gain":100.0,"event_name":"The Joust","player_choice":"Bet on Murderer","floor":22.0,"gold_loss":50.0,"damage_taken":0.0}],"is_beta":false,"boss_relics":[{"not_picked":["Snecko Eye","Velvet Choker"],"picked":"Gem_Box"}],"items_purged_floors":[],"is_endless":false,"potions_floor_spawned":[1,4,14,18,23,25,27,28,31],"killed_by":"Automaton","ascension_level":0}}