{"host":"ul3z8ex5o8l5j7mh","time":1614345693,"event":{"mods":["2.2 Compatiblity","AchievementEnabler","BaseMod","Bestiary","Colored Map","Colored Powertips","Curses Come First","DeckTracker","Highlight Path","Keyboard Shortcuts","Minty Spire (QoL Compilation)","Relic Sorter","Relic Stats","StSLib","SuperFastMode"],"gold_per_floor":[110,124,137,157,157,182,182,182,182],"floor_reached":8,"language":"ENG","playtime":292,"items_purged":[],"score":75,"play_id":"9b16c87f-22bd-4913-adee-decdab0b0267","local_time":"20210226142133","is_ascension_mode":true,"campfire_choices":[],"circlet_count":0,"master_deck":["Strike_R","Strike_R","Strike_R","Strike_R","Strike_R","Defend_R","Defend_R","Defend_R","Bash","Shrug It Off","Headbutt","Uppercut","Rampage","Parasite"],"relics":["Burning Blood","Question Card"],"acts_visited":["Exordium"],"potions_floor_usage":[6],"damage_taken":[{"damage":9.0,"enemies":"2 Louse","floor":1.0,"turns":3.0},{"damage":7,"enemies":"Small Slimes","floor":2,"turns":4},{"damage":7,"enemies":"Jaw Worm","floor":3,"turns":3},{"damage":25,"enemies":"Large Slime","floor":4,"turns":8},{"damage":48,"enemies":"Lagavulin","floor":6,"turns":8},{"damage":34,"enemies":"3 Sentries","floor":8,"turns":4}],"seed_played":"3446080757197529607","potions_obtained":[{"floor":1.0,"key":"GamblersBrew"},{"floor":3,"key":"AttackPotion"}],"is_trial":false,"path_per_floor":["M","M","M","M","?","E","?","E"],"character_chosen":"IRONCLAD","items_purchased":[],"campfire_rested":0,"item_purchase_floors":[],"current_hp_per_floor":[77,76,75,56,49,7,29,0,0],"gold":182,"neow_bonus":"TEN_PERCENT_HP_BONUS","is_daily":false,"chose_seed":false,"campfire_upgraded":0,"win_rate":0.0,"timestamp":1614345693,"path_taken":["M","M","M","M","?","E","?","E"],"items_purchased_type":[],"build_version":"2020-12-22","purchased_purges":0,"victory":false,"max_hp_per_floor":[88,88,88,88,88,88,88,88,88],"relic_stats":{"counters":[6,30],"Question Card":0,"obtain_stats":[{"Question Card":6,"Burning Blood":0},{"Question Card":5,"Burning Blood":0},{"Question Card":26,"Burning Blood":0}],"Burning Blood":30},"card_choices":[{"not_picked":["Sever Soul","Twin Strike"],"picked":"Shrug It Off","floor":1.0},{"not_picked":["True Grit","Perfected Strike"],"picked":"Headbutt","floor":2},{"not_picked":["Sword Boomerang","Armaments"],"picked":"Uppercut","floor":3},{"not_picked":["Twin Strike","Sword Boomerang"],"picked":"Rampage","floor":4},{"not_picked":["Metallicize","Ghostly Armor","Dark Embrace"],"picked":"SKIP","floor":6}],"player_experience":440659,"relics_obtained":[{"floor":6,"key":"Question Card"}],"event_choices":[{"cards_removed":["Defend_R"],"damage_healed":0,"gold_gain":0,"player_choice":"Card Removal","damage_taken":7,"max_hp_gain":0,"max_hp_loss":0,"event_name":"Golden Wing","floor":5,"gold_loss":0},{"damage_healed":22,"gold_gain":0,"player_choice":"Healed and dodged fight","damage_taken":0,"max_hp_gain":0,"max_hp_loss":0,"event_name":"Mushrooms","floor":7,"gold_loss":0,"cards_obtained":["Parasite"]}],"is_beta":false,"boss_relics":[],"items_purged_floors":[],"is_endless":false,"potions_floor_spawned":[1,3],"killed_by":"3 Sentries","ascension_level":6}}