{"host":"6wux4armhsntp4yb","time":1614352847,"event":{"mods":["BaseMod","Colored Map","DeckTracker","Minty Spire (QoL Compilation)","Relic Stats"],"gold_per_floor":[113,130,55,55,68,68,101,111,111,111,24,53,53,73,73,152,152,172,172,62,73,73,73,90,90,90,100,130,164,199,217,217,295,295,305,32,254,308,319,319,350,350,375,391,391,50,66,98,98,98,98,98,98,43,76,76,76],"floor_reached":56,"language":"JPN","playtime":7567,"items_purged":["Strike_G","Defend_G"],"score":2056,"play_id":"e3fe5ae8-8dd8-4a6f-aebe-82425b3a692c","local_time":"20210227002047","is_ascension_mode":true,"campfire_choices":[{"data":"Glass Knife","floor":6.0,"key":"SMITH"},{"data":"Envenom","floor":10.0,"key":"SMITH"},{"data":"Noxious Fumes","floor":13.0,"key":"SMITH"},{"data":"Wraith Form v2","floor":15.0,"key":"SMITH"},{"data":"Well Laid Plans","floor":23.0,"key":"SMITH"},{"data":"Bullet Time","floor":25.0,"key":"SMITH"},{"data":"Night Terror","floor":32.0,"key":"SMITH"},{"data":"Night Terror","floor":40.0,"key":"SMITH"},{"data":"Terror","floor":42.0,"key":"SMITH"},{"floor":49.0,"key":"RECALL"},{"data":"Calculated Gamble","floor":53.0,"key":"SMITH"}],"circlet_count":0,"master_deck":["AscendersBane","Strike_G","Defend_G","Defend_G","Defend_G","Defend_G","Survivor","Neutralize","Glass Knife+1","Poisoned Stab","Deadly Poison","Well Laid Plans+1","Terror+1","Envenom+1","Noxious Fumes+1","Wraith Form v2+1","Backflip+1","Night Terror+1","Finisher+1","Bullet Time+1","Acrobatics","Predator+1","Night Terror+1","Calculated Gamble+1","Burst+1","Prepared+1"],"relics":["Ring of the Snake","HornCleat","Mummified Hand","Orichalcum","HoveringKite","Sundial","Potion Belt","Red Mask","Happy Flower","Philosopher\u0027s Stone","War Paint","Pocketwatch","Juzu Bracelet","MealTicket","Incense Burner","Darkstone Periapt","Du-Vu Doll"],"acts_visited":["Exordium","TheCity","TheBeyond","TheEnding"],"potions_floor_usage":[56,56],"damage_taken":[{"damage":0.0,"enemies":"Small Slimes","floor":1.0,"turns":3.0},{"damage":0.0,"enemies":"Cultist","floor":2.0,"turns":3.0},{"damage":0.0,"enemies":"Jaw Worm","floor":5.0,"turns":3.0},{"damage":9.0,"enemies":"Lagavulin","floor":7.0,"turns":8.0},{"damage":5.0,"enemies":"3 Louse","floor":8.0,"turns":3.0},{"damage":25.0,"enemies":"3 Sentries","floor":12.0,"turns":8.0},{"damage":2.0,"enemies":"Lots of Slimes","floor":14.0,"turns":4.0},{"damage":7.0,"enemies":"The Guardian","floor":16.0,"turns":9.0},{"damage":0.0,"enemies":"Shell Parasite","floor":18.0,"turns":5.0},{"damage":0.0,"enemies":"Spheric Guardian","floor":21.0,"turns":5.0},{"damage":0.0,"enemies":"3 Cultists","floor":24.0,"turns":5.0},{"damage":6.0,"enemies":"Snake Plant","floor":27.0,"turns":3.0},{"damage":4.0,"enemies":"Book of Stabbing","floor":28.0,"turns":5.0},{"damage":0.0,"enemies":"Masked Bandits","floor":29.0,"turns":4.0},{"damage":16.0,"enemies":"Slavers","floor":30.0,"turns":11.0},{"damage":0.0,"enemies":"Cultist and Chosen","floor":31.0,"turns":8.0},{"damage":12.0,"enemies":"Automaton","floor":33.0,"turns":8.0},{"damage":0.0,"enemies":"Orb Walker","floor":35.0,"turns":5.0},{"damage":1.0,"enemies":"2 Orb Walkers","floor":38.0,"turns":7.0},{"damage":2.0,"enemies":"3 Darklings","floor":39.0,"turns":5.0},{"damage":0.0,"enemies":"Reptomancer","floor":41.0,"turns":5.0},{"damage":0.0,"enemies":"Jaw Worm Horde","floor":44.0,"turns":6.0},{"damage":1.0,"enemies":"4 Shapes","floor":47.0,"turns":6.0},{"damage":0.0,"enemies":"Nemesis","floor":48.0,"turns":9.0},{"damage":49.0,"enemies":"Donu and Deca","floor":50.0,"turns":9.0},{"damage":0.0,"enemies":"Awakened One","floor":51.0,"turns":7.0},{"damage":5.0,"enemies":"Shield and Spear","floor":55.0,"turns":9.0},{"damage":55,"enemies":"The Heart","floor":56,"turns":11}],"seed_played":"-416689175531643992","potions_obtained":[{"floor":2.0,"key":"Weak Potion"},{"floor":5.0,"key":"LiquidBronze"},{"floor":16.0,"key":"Dexterity Potion"},{"floor":18.0,"key":"Swift Potion"},{"floor":30.0,"key":"Strength Potion"},{"floor":31.0,"key":"DistilledChaos"},{"floor":38.0,"key":"DistilledChaos"},{"floor":41.0,"key":"ColorlessPotion"},{"floor":47.0,"key":"Weak Potion"}],"is_trial":false,"path_per_floor":["M","M","$","?","M","R","E","M","T","R","$","E","R","M","R","B",null,"M","?","?","M","$","R","M","R","T","M","E","?","E","M","R","B",null,"M","$","?","?","M","R","E","R","T","M","?","$","M","E","R","B","B",null,"R","$","E","B"],"character_chosen":"THE_SILENT","items_purchased":["Noxious Fumes","War Paint","Incense Burner","FearPotion"],"campfire_rested":0,"item_purchase_floors":[11,36,46,54],"current_hp_per_floor":[59,59,59,59,59,59,50,45,45,45,45,20,20,18,18,11,48,48,48,48,48,48,48,48,48,48,42,38,38,22,22,22,10,48,48,48,48,47,45,45,45,45,45,45,45,60,59,59,59,10,10,48,48,60,55,0,0],"gold":76,"neow_bonus":"THREE_RARE_CARDS","is_daily":false,"chose_seed":false,"campfire_upgraded":10,"win_rate":0.0,"timestamp":1614352847,"path_taken":["M","M","$","?","M","R","E","?","T","R","$","E","R","M","R","BOSS","M","?","?","?","?","R","?","R","T","M","E","?","E","M","R","BOSS","M","$","?","?","M","R","E","R","T","M","?","$","M","E","R","BOSS","BOSS","R","$","E","BOSS"],"items_purchased_type":["Card","Relic","Relic","Potion"],"build_version":"2020-12-22","purchased_purges":2,"victory":false,"max_hp_per_floor":[60,60,60,60,60,60,60,60,60,60,60,60,60,60,60,60,60,60,60,60,60,60,60,60,60,60,60,60,60,60,60,60,60,60,60,60,60,60,60,60,60,60,60,60,60,60,60,60,60,60,60,60,60,60,60,60,60],"relic_stats":{"Darkstone Periapt":0,"Happy Flower":[31],"counters":[28,174],"HoveringKite":[58],"Juzu Bracelet":0,"Orichalcum":[462],"War Paint":["Burst","Backflip"],"Mummified Hand":[183],"Sundial":[30],"MealTicket":27,"obtain_stats":[{"Potion Belt":28,"Darkstone Periapt":48,"Happy Flower":30,"HoveringKite":17,"Juzu Bracelet":41,"Incense Burner":46,"Orichalcum":12,"War Paint":36,"Du-Vu Doll":55,"HornCleat":7,"Mummified Hand":9,"Sundial":26,"Philosopher\u0027s Stone":34,"MealTicket":45,"Red Mask":29,"Ring of the Snake":0,"Pocketwatch":38},{"Potion Belt":13,"Darkstone Periapt":24,"Happy Flower":15,"HoveringKite":8,"Juzu Bracelet":21,"Incense Burner":22,"Orichalcum":6,"War Paint":18,"Du-Vu Doll":27,"HornCleat":4,"Mummified Hand":5,"Sundial":11,"Philosopher\u0027s Stone":17,"MealTicket":22,"Red Mask":14,"Ring of the Snake":0,"Pocketwatch":19},{"Potion Belt":64,"Darkstone Periapt":138,"Happy Flower":79,"HoveringKite":41,"Juzu Bracelet":117,"Incense Burner":123,"Orichalcum":28,"War Paint":100,"Du-Vu Doll":163,"HornCleat":17,"Mummified Hand":20,"Sundial":56,"Philosopher\u0027s Stone":95,"MealTicket":123,"Red Mask":68,"Ring of the Snake":0,"Pocketwatch":107}],"Ring of the Snake":[56],"Pocketwatch":[30]},"card_choices":[{"not_picked":["Unload","Adrenaline"],"picked":"Glass Knife","floor":0.0},{"not_picked":["Distraction","Underhanded Strike"],"picked":"Poisoned Stab","floor":1.0},{"not_picked":["Flying Knee","Underhanded Strike"],"picked":"Deadly Poison","floor":2.0},{"not_picked":["Cloak And Dagger","Poisoned Stab"],"picked":"Well Laid Plans","floor":5.0},{"not_picked":["Flying Knee","Deflect"],"picked":"Terror","floor":7.0},{"not_picked":["Dagger Throw","Endless Agony"],"picked":"Envenom","floor":8.0},{"not_picked":["Choke","Acrobatics"],"picked":"Wraith Form v2","floor":12.0},{"not_picked":["Dash","Poisoned Stab"],"picked":"Backflip","floor":14.0},{"not_picked":["Doppelganger","Storm of Steel"],"picked":"Night Terror","floor":16.0},{"not_picked":["Flying Knee","Blade Dance","Cloak And Dagger"],"picked":"SKIP","floor":18.0},{"not_picked":["Dodge and Roll+1","Underhanded Strike"],"picked":"Acrobatics","floor":21.0},{"not_picked":["PiercingWail","Dodge and Roll"],"picked":"Predator+1","floor":24.0},{"not_picked":["Blade Dance","Expertise","Cloak And Dagger"],"picked":"SKIP","floor":27.0},{"not_picked":["Terror","Deadly Poison","Choke"],"picked":"SKIP","floor":28.0},{"not_picked":["Terror","Dagger Spray"],"picked":"Night Terror","floor":29.0},{"not_picked":["Skewer","Sucker Punch","Cloak And Dagger"],"picked":"SKIP","floor":30.0},{"not_picked":["Noxious Fumes","Choke"],"picked":"Calculated Gamble","floor":31.0},{"not_picked":["Die Die Die","Corpse Explosion"],"picked":"Burst","floor":33.0},{"not_picked":["Prepared","Flying Knee","Dagger Spray"],"picked":"SKIP","floor":35.0},{"not_picked":["Sucker Punch","PiercingWail"],"picked":"Prepared+1","floor":38.0},{"not_picked":["Tactician","Prepared","Quick Slash+1"],"picked":"SKIP","floor":39.0},{"not_picked":["Footwork","Phantasmal Killer","Predator+1"],"picked":"SKIP","floor":41.0},{"not_picked":["Dagger Throw","Deflect","Predator"],"picked":"SKIP","floor":44.0},{"not_picked":["Dagger Spray","Quick Slash","Skewer"],"picked":"SKIP","floor":47.0},{"not_picked":["Underhanded Strike","Envenom","Prepared"],"picked":"SKIP","floor":48.0},{"not_picked":["Backstab","Bullet Time","Dodge and Roll"],"picked":"SKIP","floor":55.0}],"player_experience":5938227,"relics_obtained":[{"floor":7.0,"key":"HornCleat"},{"floor":9.0,"key":"Mummified Hand"},{"floor":12.0,"key":"Orichalcum"},{"floor":26.0,"key":"Sundial"},{"floor":28.0,"key":"Potion Belt"},{"floor":29.0,"key":"Red Mask"},{"floor":30.0,"key":"Happy Flower"},{"floor":38.0,"key":"Pocketwatch"},{"floor":41.0,"key":"Juzu Bracelet"},{"floor":48.0,"key":"Darkstone Periapt"},{"floor":55.0,"key":"Du-Vu Doll"}],"event_choices":[{"damage_healed":0.0,"max_hp_gain":0.0,"max_hp_loss":0.0,"gold_gain":0.0,"event_name":"Match and Keep!","player_choice":"0 cards matched","floor":4.0,"gold_loss":0.0,"damage_taken":0.0,"cards_obtained":[]},{"damage_healed":0.0,"max_hp_gain":0.0,"max_hp_loss":0.0,"gold_gain":0.0,"cards_transformed":["Strike_G","Strike_G"],"event_name":"Drug Dealer","player_choice":"Became Test Subject","floor":19.0,"gold_loss":0.0,"damage_taken":0.0,"cards_obtained":["Finisher","Bullet Time"]},{"cards_removed":["Strike_G"],"damage_healed":0.0,"max_hp_gain":0.0,"max_hp_loss":0.0,"gold_gain":0.0,"event_name":"Designer","player_choice":"Upgrade and Remove","floor":20.0,"gold_loss":110.0,"damage_taken":0.0,"cards_upgraded":["Finisher"]},{"damage_healed":0.0,"max_hp_gain":0.0,"max_hp_loss":0.0,"gold_gain":0.0,"event_name":"Masked Bandits","player_choice":"Fought Bandits","floor":29.0,"gold_loss":0.0,"damage_taken":0.0},{"damage_healed":0.0,"max_hp_gain":0.0,"max_hp_loss":0.0,"gold_gain":222.0,"event_name":"Tomb of Lord Red Mask","player_choice":"Wore Mask","floor":37.0,"gold_loss":0.0,"damage_taken":0.0},{"damage_healed":0.0,"max_hp_gain":0.0,"max_hp_loss":0.0,"gold_gain":0.0,"event_name":"Mysterious Sphere","player_choice":"Fight","floor":38.0,"gold_loss":0.0,"damage_taken":0.0},{"damage_healed":0.0,"max_hp_gain":0.0,"max_hp_loss":0.0,"gold_gain":0.0,"event_name":"WeMeetAgain","player_choice":"Gave Potion","floor":45.0,"gold_loss":0.0,"damage_taken":0.0,"relics_obtained":["MealTicket"]}],"is_beta":false,"boss_relics":[{"not_picked":["Runic Dome","Tiny House"],"picked":"HoveringKite"},{"not_picked":["Snecko Eye","Pandora\u0027s Box"],"picked":"Philosopher\u0027s Stone"}],"items_purged_floors":[3,36],"is_endless":false,"potions_floor_spawned":[2,5,16,18,24,30,31,38,41,47],"killed_by":"The Heart","ascension_level":20}}