{"host":"8is2j71l4wmybkoi","time":1614342032,"event":{"mods":["AchievementEnabler","BaseMod","Colored Map","DeckTracker","Minty Spire (QoL Compilation)","Rare Cards Sparkle","Relic Stats","StSLib","SuperFastMode"],"gold_per_floor":[110,110,185,196,250,250,250,277,277,202,218,249,267,280,280,356,356,368,388,403,403,403],"floor_reached":21,"language":"KOR","playtime":846,"items_purged":[],"score":378,"play_id":"ab69cbff-dbdf-4268-8678-8fb003d5a97b","local_time":"20210226212032","is_ascension_mode":true,"campfire_choices":[{"data":"Zap","floor":6,"key":"SMITH"},{"data":"Static Discharge","floor":15,"key":"SMITH"}],"circlet_count":0,"master_deck":["AscendersBane","Strike_B+1","Strike_B","Strike_B","Strike_B","Defend_B+1","Defend_B","Defend_B","Defend_B","Zap+1","Dualcast","Hologram","Self Repair","Recycle","Capacitor","Undo","Static Discharge+1","Ball Lightning","Rainbow","Barrage","Recycle+1"],"relics":["Cracked Core","NeowsBlessing","PreservedInsect","Bottled Lightning","Ornamental Fan","The Courier","Fusion Hammer"],"acts_visited":["Exordium","TheCity"],"potions_floor_usage":[13,16,20,21,21],"damage_taken":[{"damage":0,"enemies":"Cultist","floor":1,"turns":1},{"damage":0,"enemies":"2 Louse","floor":4,"turns":1},{"damage":0,"enemies":"3 Sentries","floor":8,"turns":1},{"damage":5,"enemies":"Jaw Worm","floor":11,"turns":4},{"damage":35,"enemies":"Gremlin Nob","floor":12,"turns":4},{"damage":13,"enemies":"3 Louse","floor":13,"turns":3},{"damage":0,"enemies":"2 Fungi Beasts","floor":14,"turns":5},{"damage":27,"enemies":"The Guardian","floor":16,"turns":10},{"damage":6,"enemies":"Spheric Guardian","floor":18,"turns":4},{"damage":23,"enemies":"2 Thieves","floor":19,"turns":3},{"damage":16,"enemies":"3 Cultists","floor":20,"turns":5},{"damage":31,"enemies":"Masked Bandits","floor":21,"turns":3}],"seed_played":"-2702035195382474914","potions_obtained":[{"floor":4,"key":"EssenceOfSteel"},{"floor":13,"key":"PowerPotion"},{"floor":16,"key":"FearPotion"},{"floor":19,"key":"ColorlessPotion"},{"floor":20,"key":"SteroidPotion"}],"is_trial":false,"path_per_floor":["M","?","?","M","T","R","?","E","T","?","M","E","M","M","R","B",null,"M","M","M","?"],"character_chosen":"DEFECT","items_purchased":[],"campfire_rested":0,"item_purchase_floors":[],"current_hp_per_floor":[64,43,32,32,32,32,49,56,56,56,58,30,24,31,31,11,54,55,39,30,0,0],"gold":403,"neow_bonus":"THREE_ENEMY_KILL","is_daily":false,"chose_seed":false,"campfire_upgraded":2,"win_rate":0.0,"timestamp":1614342032,"path_taken":["M","?","?","M","?","R","?","E","T","?","?","E","M","M","R","BOSS","M","M","?","?"],"items_purchased_type":[],"build_version":"2020-12-22","purchased_purges":0,"victory":false,"max_hp_per_floor":[71,71,71,71,71,71,71,71,71,68,68,68,68,68,68,68,68,68,68,68,68,68],"relic_stats":{"counters":[12,44],"Ornamental Fan":[8],"PreservedInsect":22,"obtain_stats":[{"NeowsBlessing":0,"Ornamental Fan":9,"PreservedInsect":5,"The Courier":12,"Fusion Hammer":17,"Bottled Lightning":8,"Cracked Core":0},{"NeowsBlessing":0,"Ornamental Fan":3,"PreservedInsect":2,"The Courier":5,"Fusion Hammer":8,"Bottled Lightning":3,"Cracked Core":0},{"NeowsBlessing":0,"Ornamental Fan":3,"PreservedInsect":2,"The Courier":11,"Fusion Hammer":29,"Bottled Lightning":3,"Cracked Core":0}]},"card_choices":[{"not_picked":["Stack","Cold Snap"],"picked":"Hologram","floor":1},{"not_picked":["Blizzard","Leap"],"picked":"Self Repair","floor":4},{"not_picked":["Rip and Tear","Meteor Strike"],"picked":"Recycle","floor":8},{"not_picked":["Tempest","Compile Driver"],"picked":"Capacitor","floor":11},{"not_picked":["Force Field","Rip and Tear"],"picked":"Undo","floor":12},{"not_picked":["Stack","Barrage"],"picked":"Static Discharge","floor":13},{"not_picked":["Beam Cell","Go for the Eyes"],"picked":"Ball Lightning","floor":14},{"not_picked":["Hyperbeam","Reboot"],"picked":"Rainbow","floor":16},{"not_picked":["Scrape","Rebound"],"picked":"Barrage","floor":18},{"not_picked":["Hologram","Go for the Eyes","Beam Cell"],"picked":"SKIP","floor":19},{"not_picked":["Hello World","Skim"],"picked":"Recycle+1","floor":20}],"player_experience":1349794,"relics_obtained":[{"floor":5,"key":"PreservedInsect"},{"floor":8,"key":"Bottled Lightning"},{"floor":9,"key":"Ornamental Fan"},{"floor":12,"key":"The Courier"}],"event_choices":[{"damage_healed":0,"gold_gain":0,"player_choice":"Entered Light","damage_taken":21,"max_hp_gain":0,"max_hp_loss":0,"event_name":"Shining Light","floor":2,"gold_loss":0,"cards_upgraded":["Defend_B","Strike_B"]},{"damage_healed":0,"gold_gain":75,"player_choice":"Gather Gold","damage_taken":11,"max_hp_gain":0,"max_hp_loss":0,"event_name":"World of Goop","floor":3,"gold_loss":0},{"damage_healed":17,"gold_gain":0,"player_choice":"Healed and dodged fight","damage_taken":0,"max_hp_gain":0,"max_hp_loss":0,"event_name":"Mushrooms","floor":7,"gold_loss":0,"cards_obtained":["Parasite"]},{"cards_removed":["Parasite"],"damage_healed":0,"gold_gain":0,"player_choice":"Card Removal","damage_taken":0,"max_hp_gain":0,"max_hp_loss":0,"event_name":"The Cleric","floor":10,"gold_loss":75},{"damage_healed":0,"gold_gain":0,"player_choice":"Fought Bandits","damage_taken":0,"max_hp_gain":0,"max_hp_loss":0,"event_name":"Masked Bandits","floor":21,"gold_loss":0}],"is_beta":false,"boss_relics":[{"not_picked":["Snecko Eye","Busted Crown"],"picked":"Fusion Hammer"}],"items_purged_floors":[],"is_endless":false,"potions_floor_spawned":[4,13,16,19,20],"killed_by":"Masked Bandits","ascension_level":15}}