{"host":"xb2tau8pgi8aflss","time":1614346961,"event":{"mods":["AchievementEnabler","BaseMod","Hermit","Minty Spire (QoL Compilation)","StSLib","SuperFastMode"],"gold_per_floor":[119,294,344,27,44,44,55,55,105,105,132,207,286,302,302,404,404,421,421,434,445,456,456,456],"floor_reached":23,"language":"KOR","playtime":566,"items_purged":["Doubt"],"score":267,"play_id":"c4f7a53d-57d4-42c7-83a7-ec0c59239f95","local_time":"20210226224241","is_ascension_mode":true,"campfire_choices":[{"data":"Dualcast","floor":6,"key":"SMITH"},{"data":"Undo","floor":8,"key":"SMITH"},{"data":"Compile Driver","floor":10,"key":"SMITH"},{"floor":15,"key":"REST"}],"circlet_count":0,"master_deck":["Strike_B","Strike_B","Strike_B","Defend_B","Defend_B","Defend_B","Zap","Dualcast+1","Go for the Eyes","Double Energy","Undo+1","Turbo","Compile Driver+1","Chill","Hologram","Core Surge","Hyperbeam"],"relics":["Cracked Core","Lantern","HornCleat","Bronze Scales","Strawberry","Black Star"],"acts_visited":["Exordium","TheCity"],"potions_floor_usage":[11,20,22],"damage_taken":[{"damage":0,"enemies":"2 Louse","floor":1,"turns":2},{"damage":4,"enemies":"Jaw Worm","floor":5,"turns":3},{"damage":10,"enemies":"Cultist","floor":7,"turns":4},{"damage":14,"enemies":"3 Sentries","floor":11,"turns":6},{"damage":3,"enemies":"Blue Slaver","floor":14,"turns":2},{"damage":1,"enemies":"The Guardian","floor":16,"turns":12},{"damage":19,"enemies":"Shell Parasite","floor":18,"turns":7},{"damage":6,"enemies":"3 Byrds","floor":20,"turns":2},{"damage":13,"enemies":"3 Cultists","floor":21,"turns":4},{"damage":22,"enemies":"Snake Plant","floor":22,"turns":3},{"damage":12,"enemies":"Gremlin Leader","floor":23,"turns":1}],"seed_played":"3224668989476098539","potions_obtained":[{"floor":1,"key":"AttackPotion"},{"floor":14,"key":"Ancient Potion"},{"floor":20,"key":"Block Potion"},{"floor":21,"key":"DuplicationPotion"}],"is_trial":false,"path_per_floor":["M","?","T","$","M","R","M","R","T","R","E","?","?","M","R","B",null,"M","?","M","M","M","E"],"character_chosen":"DEFECT","items_purchased":["HornCleat"],"campfire_rested":1,"item_purchase_floors":[4],"current_hp_per_floor":[50,50,50,50,46,46,36,36,36,36,29,18,18,15,39,38,71,52,52,46,33,11,0,0],"gold":456,"neow_bonus":"TRANSFORM_TWO_CARDS","is_daily":false,"chose_seed":false,"campfire_upgraded":3,"win_rate":0.0,"timestamp":1614346961,"path_taken":["M","?","?","$","M","R","?","R","T","R","E","?","?","M","R","BOSS","M","?","M","M","M","E"],"items_purchased_type":["Relic"],"build_version":"2020-12-22","purchased_purges":1,"victory":false,"max_hp_per_floor":[75,75,75,75,75,75,75,75,75,75,82,82,82,82,82,82,82,82,82,82,82,82,82,82],"card_choices":[{"not_picked":["Scrape","Tempest"],"picked":"Undo","floor":1},{"not_picked":["Barrage","Beam Cell"],"picked":"Turbo","floor":5},{"not_picked":["Static Discharge","Barrage"],"picked":"Compile Driver","floor":7},{"not_picked":["Streamline","Genetic Algorithm"],"picked":"Chill","floor":11},{"not_picked":["Redo","Darkness"],"picked":"Hologram","floor":14},{"not_picked":["Thunder Strike","Machine Learning"],"picked":"Core Surge","floor":16},{"not_picked":["Heatsinks","Turbo","Compile Driver+1"],"picked":"SKIP","floor":18},{"not_picked":["Barrage","Force Field","Reinforced Body"],"picked":"SKIP","floor":20},{"not_picked":["Ball Lightning","Hologram","Machine Learning"],"picked":"SKIP","floor":21},{"not_picked":["Genetic Algorithm","Heatsinks","Doom and Gloom+1"],"picked":"SKIP","floor":22}],"player_experience":864324,"relics_obtained":[{"floor":3,"key":"Lantern"},{"floor":9,"key":"Bronze Scales"},{"floor":11,"key":"Strawberry"}],"event_choices":[{"damage_healed":0,"gold_gain":175,"player_choice":"AGREE","damage_taken":0,"max_hp_gain":0,"max_hp_loss":0,"event_name":"Liars Game","floor":2,"gold_loss":0,"cards_obtained":["Doubt"]},{"damage_healed":0,"gold_gain":75,"player_choice":"Gather Gold","damage_taken":11,"max_hp_gain":0,"max_hp_loss":0,"event_name":"World of Goop","floor":12,"gold_loss":0},{"damage_healed":0,"gold_gain":79,"player_choice":"Gained Gold","damage_taken":0,"max_hp_gain":0,"max_hp_loss":0,"event_name":"Golden Wing","floor":13,"gold_loss":0},{"damage_healed":0,"gold_gain":0,"player_choice":"1 cards matched","damage_taken":0,"max_hp_gain":0,"max_hp_loss":0,"event_name":"Match and Keep!","floor":19,"gold_loss":0,"cards_obtained":["Hyperbeam"]}],"is_beta":false,"boss_relics":[{"not_picked":["Fusion Hammer","Runic Pyramid"],"picked":"Black Star"}],"items_purged_floors":[4],"is_endless":false,"potions_floor_spawned":[1,14,20,21],"killed_by":"Gremlin Leader","ascension_level":8}}