{"host":"aaqofma31c3gm2hj","time":1614310681,"event":{"mods":["BaseMod","GungeonMod","Minty Spire (QoL Compilation)","Replay The Spire","Spicy Shops","StSLib"],"gold_per_floor":[116,128,128,51,51,51,106,106,132,177,177,127,138,138,167,25,25,25,100,100,116,132,132,132,132,132],"floor_reached":25,"language":"ZHS","playtime":544,"items_purged":["Strike_R","Strike_R","Strike_R"],"score":390,"play_id":"44ef23ed-1e01-44fa-8e9d-cb431ea66deb","local_time":"20210226113801","is_ascension_mode":true,"campfire_choices":[{"data":"Rupture","floor":6.0,"key":"SMITH"},{"data":"Armaments","floor":8.0,"key":"SMITH"},{"floor":11.0,"key":"RECALL"},{"data":"Second Wind","floor":17.0,"key":"SMITH"}],"circlet_count":0,"master_deck":["AscendersBane","Strike_R","Defend_R","Defend_R","Defend_R","Bash","Armaments+1","Rupture+1","Second Wind+1","Blood for Blood","Eclipse","Pummel"],"relics":["Electric Blood","Replay:Wax Seal","Smiling Mask","DemoMod:MemoryAlloy","DemoMod:WeirdEgg","Mark of Pain","Ring of Searing"],"acts_visited":["TheCity"],"potions_floor_usage":[21],"damage_taken":[{"damage":6.0,"enemies":"Small Slimes","floor":1.0,"turns":4.0},{"damage":5.0,"enemies":"Cultist","floor":2.0,"turns":3.0},{"damage":4.0,"enemies":"2 Louse","floor":13.0,"turns":2.0},{"damage":6.0,"enemies":"Gremlin Nob","floor":15.0,"turns":3.0},{"damage":32,"enemies":"Fading Forest","floor":19,"turns":13},{"damage":25,"enemies":"3 Byrds","floor":21,"turns":6},{"damage":32,"enemies":"Shell Parasite","floor":22,"turns":5},{"damage":0,"enemies":"Centurion and Healer","floor":25,"turns":1}],"seed_played":"4312058976050102822","potions_obtained":[{"floor":2.0,"key":"Weak Potion"},{"floor":3.0,"key":"LiquidMemories"},{"floor":3.0,"key":"DemoMod:LeadSkinPotion"},{"floor":21,"key":"Milkshake"}],"is_trial":false,"path_per_floor":["M","M","?","$","?","R","T","R","T","T","R","$","M","T","E","$","R","R","B",null,"M","M","?","?","M"],"character_chosen":"IRONCLAD","items_purchased":["Rupture","Second Wind"],"campfire_rested":0,"item_purchase_floors":[4,16],"current_hp_per_floor":[62,57,57,57,57,57,57,57,57,57,57,57,53,53,47,47,47,47,55,70,45,21,21,21,21,21],"gold":132,"neow_bonus":"BOSS_RELIC","is_daily":false,"chose_seed":false,"campfire_upgraded":3,"win_rate":0.0,"timestamp":1614310681,"path_taken":["M","M","?","?","?","R","?","R","T","T","R","$","?","?","E","$","R","R","BOSS","M","M","?","?","?"],"items_purchased_type":["Card","Card"],"build_version":"2020-12-22","purchased_purges":3,"victory":false,"max_hp_per_floor":[75,75,75,75,75,75,75,75,75,75,75,75,75,75,75,75,75,75,75,75,75,75,75,75,75,75],"card_choices":[{"not_picked":["Clothesline","Anger"],"picked":"Armaments","floor":1.0},{"not_picked":["Heavy Blade","Combust","Run Through"],"picked":"SKIP","floor":2.0},{"not_picked":["Headbutt","Combust","Flex"],"picked":"SKIP","floor":13.0},{"not_picked":["Clothesline","Run Through","Bludgeon"],"picked":"SKIP","floor":15.0},{"not_picked":["Bludgeon","Double Tap"],"picked":"Eclipse","floor":19},{"not_picked":["Thunderclap","Clash"],"picked":"Pummel","floor":21},{"not_picked":["Thunderclap","Perfected Strike","Life Link+1"],"picked":"SKIP","floor":22}],"player_experience":704190,"relics_obtained":[{"floor":7.0,"key":"Replay:Wax Seal"},{"floor":10.0,"key":"Smiling Mask"},{"floor":14.0,"key":"DemoMod:MemoryAlloy"},{"floor":15.0,"key":"DemoMod:WeirdEgg"},{"floor":23,"key":"Ring of Searing"}],"event_choices":[{"damage_healed":0.0,"max_hp_gain":0.0,"max_hp_loss":0.0,"gold_gain":0.0,"event_name":"Lab","player_choice":"Got Potions","floor":3.0,"gold_loss":0.0,"damage_taken":0.0},{"damage_healed":0,"gold_gain":0,"player_choice":"Ignored","damage_taken":0,"max_hp_gain":0,"max_hp_loss":0,"event_name":"Vampires","floor":24,"gold_loss":0}],"is_beta":false,"boss_relics":[{"not_picked":["Tiny House","Painkiller Herb"],"picked":"Mark of Pain"}],"items_purged_floors":[12,16,16],"is_endless":false,"potions_floor_spawned":[2,13,21],"killed_by":"Centurion and Healer","ascension_level":20}}