{"host":"c5j8t0wyh2hvx9ju","time":1614343203,"event":{"mods":["Act Like it!","Astrologer","BaseMod","BetterRewards","Gensokyo","Lobotomy","LobotomyExtend","Minty Spire (QoL Compilation)","Prisma Mod","StSLib"],"gold_per_floor":[119,133,133,145,162,162,174,174,174,174,188,205,219,230,230,325,325,338,371,371,219,233,258,258,268,268,284,298,327,327,344,344,449,449,466,466,476,476,516,516,12,59,59,75,75,115,164,189,189,189],"floor_reached":51,"language":"JPN","playtime":12521,"items_purged":["Consecrate","SignatureMove+1"],"score":1074,"play_id":"3bc88f9f-f93c-4e9a-b05c-e2ae832e87b3","local_time":"20210226214003","is_ascension_mode":true,"campfire_choices":[{"floor":6.0,"key":"REST"},{"data":"Eruption","floor":15,"key":"SMITH"},{"floor":24,"key":"REST"},{"floor":32,"key":"REST"},{"floor":40,"key":"REST"},{"floor":45,"key":"REST"},{"floor":49,"key":"REST"}],"circlet_count":0,"master_deck":["Strike_P+1","Defend_P+1","Defend_P+1","Defend_P+1","Eruption+1","Vigilance","Tantrum+1","Halt+1","CarveReality+1","Tantrum+1","SandsOfTime+1","Halt+1","LessonLearned+1","EmptyFist+1","Protect+1","EmptyBody+1","MentalFortress+1","CutThroughFate+1","ThirdEye+1","WaveOfTheHand+1","EmptyMind+1","Wish+1","Ragnarok+1","Evaluate+1","Establishment+1","Protect+1","Parasite","BowlingBash+1"],"relics":["PureWater","LetterFromLob","Pocketwatch","Frozen Egg 2","Blue Candle","Astrolabe","Red Mask","Unceasing Top","Toxic Egg 2","Toy Ornithopter","Snecko Eye","Yang","Lee\u0027s Waffle","Dead Branch","Whetstone"],"acts_visited":["Exordium","TheCity","TheBeyond"],"potions_floor_usage":[16,19,29,29,29,33,50],"damage_taken":[{"damage":1.0,"enemies":"Small Slimes","floor":1.0,"turns":2.0},{"damage":0.0,"enemies":"Cultist","floor":2.0,"turns":2.0},{"damage":0.0,"enemies":"2 Louse","floor":4.0,"turns":3.0},{"damage":40.0,"enemies":"Gremlin Gang","floor":5.0,"turns":5.0},{"damage":15.0,"enemies":"Exordium Thugs","floor":7.0,"turns":7.0},{"damage":0.0,"enemies":"2 Fungi Beasts","floor":11.0,"turns":2.0},{"damage":8.0,"enemies":"3 Louse","floor":12.0,"turns":3.0},{"damage":0,"enemies":"Exordium Wildlife","floor":13,"turns":2},{"damage":0,"enemies":"2 Fungi Beasts","floor":14,"turns":2},{"damage":14,"enemies":"Hexaghost","floor":16,"turns":6},{"damage":1,"enemies":"2 Thieves","floor":18,"turns":4},{"damage":9,"enemies":"Masked Bandits","floor":19,"turns":3},{"damage":6,"enemies":"Shell Parasite","floor":22,"turns":4},{"damage":11,"enemies":"Book of Stabbing","floor":23,"turns":5},{"damage":0,"enemies":"Snecko","floor":25,"turns":3},{"damage":6,"enemies":"Shelled Parasite and Fungi","floor":27,"turns":6},{"damage":2,"enemies":"Centurion and Healer","floor":28,"turns":5},{"damage":16,"enemies":"Slavers","floor":29,"turns":8},{"damage":3,"enemies":"Snecko","floor":31,"turns":5},{"damage":47,"enemies":"Collector","floor":33,"turns":10},{"damage":21,"enemies":"3 Shapes","floor":35,"turns":4},{"damage":0,"enemies":"Orb Walker","floor":37,"turns":2},{"damage":58,"enemies":"Maw","floor":39,"turns":6},{"damage":11,"enemies":"4 Shapes","floor":42,"turns":6},{"damage":1,"enemies":"3 Darklings","floor":44,"turns":3},{"damage":24,"enemies":"Writhing Mass","floor":46,"turns":6},{"damage":0,"enemies":"Jaw Worm Horde","floor":47,"turns":4},{"damage":86,"enemies":"Donu and Deca","floor":50,"turns":8}],"seed_played":"8032948020979156622","potions_obtained":[{"floor":5.0,"key":"LiquidBronze"},{"floor":7.0,"key":"Swift Potion"},{"floor":23,"key":"Strength Potion"},{"floor":25,"key":"ColorlessPotion"},{"floor":29,"key":"Block Potion"},{"floor":33,"key":"FairyPotion"},{"floor":37,"key":"BottledMiracle"},{"floor":38,"key":"CultistPotion"},{"floor":38,"key":"StancePotion"}],"is_trial":false,"path_per_floor":["M","M","?","M","M","R","M","T","T","?","M","M","M","M","R","B",null,"M","?","?","$","M","E","R","M","T","M","M","E","?","M","R","B",null,"M","?","M","?","M","R","$","M","T","M","R","M","M","T","R","B",null],"character_chosen":"WATCHER","items_purchased":["Tantrum","ColorlessPotion","MentalFortress+1","Yang","Lee\u0027s Waffle"],"campfire_rested":6,"item_purchase_floors":[0,0,21,41,41],"current_hp_per_floor":[60,60,60,60,20,41,26,26,26,26,26,18,18,18,18,4,55,54,45,45,45,39,28,49,49,49,43,41,25,25,22,43,1,54,33,63,63,63,5,23,70,59,59,58,70,46,46,46,67,21],"gold":189,"neow_bonus":"","is_daily":false,"chose_seed":false,"campfire_upgraded":1,"win_rate":0.0,"timestamp":1614343203,"path_taken":["M","M","?","M","?","R","M","?","T","?","?","M","?","M","R","BOSS","M","?","?","$","M","E","R","M","T","M","M","E","?","M","R","BOSS","M","?","M","?","?","R","?","?","T","M","R","M","M","?","R","BOSS"],"items_purchased_type":["Card","Potion","Card","Relic","Relic"],"build_version":"2020-12-22","purchased_purges":2,"victory":true,"max_hp_per_floor":[72,72,72,72,72,72,72,72,72,72,72,72,72,72,72,72,72,72,72,72,72,72,72,72,72,72,72,72,72,72,72,72,72,72,72,63,63,63,63,63,70,70,70,70,70,70,70,70,70,70],"card_choices":[{"not_picked":["Nirvana","FlyingSleeves","ClearTheMind"],"picked":"SKIP","floor":1.0},{"not_picked":["EmptyFist","Prostrate"],"picked":"Halt","floor":2.0},{"not_picked":["Vengeance","WreathOfFlame"],"picked":"Consecrate","floor":4.0},{"not_picked":["ClearTheMind","Protect","PathToVictory"],"picked":"SKIP","floor":5.0},{"not_picked":["Consecrate","Nirvana","Protect"],"picked":"SKIP","floor":7.0},{"not_picked":["Indignation","JustLucky"],"picked":"CarveReality","floor":11.0},{"not_picked":["Weave","DevaForm+1"],"picked":"Tantrum","floor":12},{"not_picked":["BowlingBash","WreathOfFlame"],"picked":"SandsOfTime","floor":13},{"not_picked":["Protect","JustLucky"],"picked":"Halt","floor":14},{"not_picked":["Establishment+1","Scrawl"],"picked":"LessonLearned","floor":16},{"not_picked":["Prostrate+1","ClearTheMind","Tantrum"],"picked":"SKIP","floor":18},{"not_picked":["FlyingSleeves","Weave"],"picked":"EmptyBody","floor":19},{"not_picked":["Pray+1","CarveReality"],"picked":"CutThroughFate","floor":22},{"not_picked":["Weave","SashWhip"],"picked":"ThirdEye+1","floor":23},{"not_picked":["Fasting2+1","Protect","CrushJoints"],"picked":"SKIP","floor":25},{"not_picked":["Worship+1","Tantrum+1"],"picked":"WaveOfTheHand+1","floor":27},{"not_picked":["Collect+1","WindmillStrike"],"picked":"EmptyMind+1","floor":28},{"not_picked":["Meditate+1","Prostrate+1"],"picked":"Wish+1","floor":29},{"not_picked":["Nirvana+1","Vengeance+1","Wireheading+1"],"picked":"SKIP","floor":31},{"not_picked":["Blasphemy+1","Omniscience+1"],"picked":"Ragnarok","floor":33},{"not_picked":["CutThroughFate","Indignation+1","FollowUp"],"picked":"SKIP","floor":35},{"not_picked":["EmptyBody+1","Halt+1","FlyingSleeves+1"],"picked":"SKIP","floor":37},{"not_picked":["FlyingSleeves","Protect+1"],"picked":"Evaluate+1","floor":39},{"not_picked":["Tantrum","EmptyBody+1"],"picked":"Establishment+1","floor":42},{"not_picked":["ThirdEye+1","Nirvana+1"],"picked":"Protect+1","floor":44},{"not_picked":["CrushJoints+1","Protect+1"],"picked":"BowlingBash+1","floor":46},{"not_picked":["CrushJoints+1","BowlingBash+1","ClearTheMind+1"],"picked":"SKIP","floor":47}],"player_experience":903227,"relics_obtained":[{"floor":1.0,"key":"LetterFromLob"},{"floor":8.0,"key":"Pocketwatch"},{"floor":9.0,"key":"Frozen Egg 2"},{"floor":19,"key":"Red Mask"},{"floor":23,"key":"Unceasing Top"},{"floor":26,"key":"Toxic Egg 2"},{"floor":29,"key":"Toy Ornithopter"},{"floor":43,"key":"Dead Branch"},{"floor":48,"key":"Whetstone"}],"event_choices":[{"damage_healed":0.0,"max_hp_gain":0.0,"max_hp_loss":0.0,"gold_gain":0.0,"cards_transformed":["Strike_P"],"event_name":"Transmorgrifier","player_choice":"Transformed","floor":3.0,"gold_loss":0.0,"damage_taken":0.0,"cards_obtained":["Halt"]},{"cards_removed":["Halt"],"damage_healed":0.0,"max_hp_gain":0.0,"max_hp_loss":0.0,"gold_gain":0.0,"event_name":"WeMeetAgain","player_choice":"Gave Card","floor":10.0,"gold_loss":0.0,"damage_taken":0.0,"relics_obtained":["Blue Candle"]},{"damage_healed":0,"gold_gain":0,"player_choice":"Fought Bandits","damage_taken":0,"max_hp_gain":0,"max_hp_loss":0,"event_name":"Masked Bandits","floor":19,"gold_loss":0},{"damage_healed":0,"gold_gain":0,"player_choice":"Simplicity","damage_taken":0,"max_hp_gain":0,"max_hp_loss":0,"event_name":"Back to Basics","floor":20,"gold_loss":0,"cards_upgraded":["Strike_P","Defend_P","Defend_P","Defend_P"]},{"damage_healed":0,"gold_gain":0,"player_choice":"Ignored","damage_taken":0,"max_hp_gain":0,"max_hp_loss":0,"event_name":"Vampires","floor":30,"gold_loss":0},{"damage_healed":63,"gold_gain":0,"player_choice":"Heal","damage_taken":0,"max_hp_gain":0,"max_hp_loss":9,"event_name":"The Moai Head","floor":36,"gold_loss":0},{"damage_healed":0,"gold_gain":0,"player_choice":"Got Potions","damage_taken":0,"max_hp_gain":0,"max_hp_loss":0,"event_name":"Lab","floor":38,"gold_loss":0}],"is_beta":false,"boss_relics":[{"not_picked":["SlaversCollar","SacredBark"],"picked":"Astrolabe"},{"not_picked":["Philosopher\u0027s Stone","VioletLotus"],"picked":"Snecko Eye"}],"items_purged_floors":[21,41],"is_endless":false,"potions_floor_spawned":[5,7,11,12,13,23,25,29,33,37,44,47],"ascension_level":5}}