{"host":"wqwfknj40rilnol1","time":1614343735,"event":{"mods":["AchievementEnabler","Aspiration","BaseMod","BetterRewards","Block Reminder","Colored Map","Conspire","Highlight Path","Hubris","Minty Spire (QoL Compilation)","Permanent Neow","Quick Restart","Relic Stats","Replay The Spire","Shop Mod","StSLib","The Cursed"],"gold_per_floor":[110,121,131,131,142,167,186,186,186,186,215,215,248,259,259,332,332,347,302,313,329,329,329,355,355,355,355,133,96,111,127,127,127,127],"floor_reached":33,"language":"ENG","playtime":1269,"items_purged":["Strike_R"],"score":837,"play_id":"0deb52c6-24ec-4034-b854-1399ee9c7bed","local_time":"20210226134855","is_ascension_mode":true,"campfire_choices":[{"data":"Mayhem","floor":8,"key":"SMITH"},{"floor":12,"key":"REST"},{"data":"Uppercut","floor":15,"key":"SMITH"},{"floor":23,"key":"REST"},{"floor":25,"key":"REST"},{"floor":32,"key":"REST"}],"circlet_count":0,"master_deck":["AscendersBane","Strike_R","Strike_R","Strike_R","Defend_R","Defend_R","Defend_R","Defend_R","Bash","Hemokinesis","Pommel Strike","Ghostly Armor","Flame Barrier","Warcry","Uppercut+1","Flame Barrier","Shrug It Off","ReplayTheSpireMod:Stacked","Run Through","Feed","CurseOfTheBell","Massacre+1","Carnage","hubris:DuctTapeCard","ReplayTheSpireMod:Stacked"],"relics":["Burning Blood","Membership Card","Chameleon Ring","Ornamental Fan","Red Skull","Centennial Puzzle","Lantern","Calling Bell","Blue Doll","Iron Hammer","Ginger","MutagenicStrength","aspiration:SeaSaltIceCream","hubris:Icosahedron","hubris:DuctTape","Molten Egg 2","DollysMirror"],"acts_visited":["Exordium","TheCity"],"potions_floor_usage":[11,16,16,20,33,33],"damage_taken":[{"damage":8,"enemies":"Cultist","floor":1,"turns":4},{"damage":7,"enemies":"2 Louse","floor":2,"turns":4},{"damage":4,"enemies":"Jaw Worm","floor":3,"turns":3},{"damage":18,"enemies":"Exordium Wildlife","floor":5,"turns":5},{"damage":49,"enemies":"3 Sentries","floor":6,"turns":10},{"damage":5,"enemies":"2 Fungi Beasts","floor":7,"turns":4},{"damage":12,"enemies":"Gremlin Nob","floor":11,"turns":4},{"damage":22,"enemies":"Lagavulin","floor":13,"turns":6},{"damage":0,"enemies":"Blue Slaver","floor":14,"turns":3},{"damage":2,"enemies":"Slime Boss","floor":16,"turns":6},{"damage":19,"enemies":"Spheric Guardian","floor":18,"turns":5},{"damage":22,"enemies":"2 Thieves","floor":20,"turns":4},{"damage":29,"enemies":"3 Cultists","floor":21,"turns":5},{"damage":48,"enemies":"Book of Stabbing","floor":24,"turns":6},{"damage":17,"enemies":"Centurion and Healer","floor":29,"turns":5},{"damage":2,"enemies":"Snake Plant","floor":30,"turns":3},{"damage":0,"enemies":"Sentry and Sphere","floor":31,"turns":1},{"damage":89,"enemies":"Champ","floor":33,"turns":11}],"seed_played":"-1718925063879473824","potions_obtained":[{"floor":6,"key":"Fire Potion"},{"floor":7,"key":"Block Potion"},{"floor":11,"key":"SpeedPotion"},{"floor":13,"key":"Explosive Potion"},{"floor":18,"key":"SteroidPotion"},{"floor":24,"key":"Reflective Coating"},{"floor":27,"key":"Block Potion"}],"is_trial":false,"path_per_floor":["M","M","M","?","M","E","M","R","T","?","E","R","E","M","R","B",null,"M","$","M","M","?","R","E","R","T","R","$","M","M","M","R","B"],"character_chosen":"IRONCLAD","items_purchased":["Hemokinesis","Membership Card","Chameleon Ring","Mayhem","Inflame","ReplayUltimateDefense","Pommel Strike","Carnage","Molten Egg 2","DollysMirror"],"campfire_rested":4,"item_purchase_floors":[0,0,0,0,0,0,0,19,28,28],"current_hp_per_floor":[66,65,67,85,73,30,31,31,31,31,25,50,34,40,40,44,75,62,62,49,30,30,57,15,42,42,42,42,31,35,45,73,0,0],"gold":127,"neow_bonus":"","is_daily":false,"chose_seed":false,"campfire_upgraded":2,"win_rate":0.0,"timestamp":1614343735,"path_taken":["M","?","M","?","M","E","?","R","T","?","E","R","E","M","R","BOSS","M","?","M","M","?","R","E","R","T","R","$","M","M","M","R","BOSS"],"items_purchased_type":["Card","Relic","Relic","Card","Card","Card","Card","Card","Relic","Relic"],"build_version":"2020-12-22","purchased_purges":1,"victory":false,"max_hp_per_floor":[75,75,75,85,85,85,85,85,85,85,85,85,85,85,85,85,85,85,85,88,92,92,92,92,92,92,92,92,92,92,96,96,96,96],"relic_stats":{"Centennial Puzzle":[27],"counters":[43,207],"Ornamental Fan":[36],"Ginger":[6],"obtain_stats":[{"Replay:Accelerometer":6,"Lantern":13,"Replay:PocketPolymizer":19,"Blue Doll":17,"Ginger":17,"hubris:RunicObelisk":17,"Burning Blood":0,"Centennial Puzzle":11,"Chameleon Ring":0,"hubris:Icosahedron":24,"DollysMirror":28,"Pantograph":9,"Iron Hammer":17,"Cracked Core":0,"Red Skull":9,"hubris:DuctTape":26,"aspiration:Nostalgia":0,"Replay:WaspNest":13,"aspiration:SeaSaltIceCream":24,"Calling Bell":17,"Shuriken":8,"Ornamental Fan":6,"MutagenicStrength":22,"aspiration:KaomsHeart":20,"Molten Egg 2":28,"hubris:ToyBattleship":11,"Membership Card":0},{"Replay:Accelerometer":5,"Lantern":33,"Replay:PocketPolymizer":12,"Blue Doll":35,"Ginger":35,"hubris:RunicObelisk":11,"Burning Blood":0,"Centennial Puzzle":32,"Chameleon Ring":25,"hubris:Icosahedron":39,"DollysMirror":39,"Pantograph":6,"Iron Hammer":35,"Cracked Core":0,"Red Skull":31,"hubris:DuctTape":39,"aspiration:Nostalgia":0,"Replay:WaspNest":9,"aspiration:SeaSaltIceCream":39,"Calling Bell":35,"Shuriken":6,"Ornamental Fan":30,"MutagenicStrength":38,"aspiration:KaomsHeart":12,"Molten Egg 2":39,"hubris:ToyBattleship":8,"Membership Card":25},{"Replay:Accelerometer":15,"Lantern":158,"Replay:PocketPolymizer":48,"Blue Doll":167,"Ginger":167,"hubris:RunicObelisk":44,"Burning Blood":0,"Centennial Puzzle":152,"Chameleon Ring":118,"hubris:Icosahedron":187,"DollysMirror":187,"Pantograph":20,"Iron Hammer":167,"Cracked Core":0,"Red Skull":148,"hubris:DuctTape":187,"aspiration:Nostalgia":0,"Replay:WaspNest":34,"aspiration:SeaSaltIceCream":187,"Calling Bell":167,"Shuriken":20,"Ornamental Fan":144,"MutagenicStrength":181,"aspiration:KaomsHeart":48,"Molten Egg 2":187,"hubris:ToyBattleship":31,"Membership Card":118}],"Burning Blood":246},"card_choices":[{"not_picked":["conspire:Charge","Warcry"],"picked":"Ghostly Armor","floor":1},{"not_picked":["Infernal Blade","Metallicize"],"picked":"Flame Barrier","floor":2},{"not_picked":["Anger","Twin Strike"],"picked":"Warcry","floor":3},{"not_picked":["Cleave","Replay:Undeath\u0027s Touch"],"picked":"Uppercut","floor":5},{"not_picked":["ReplayTheSpireMod:Corrosion Curse","ReplayTheSpireMod:Strike From Hell","Headbutt"],"picked":"SKIP","floor":6},{"not_picked":["Thunderclap","Life Link"],"picked":"Flame Barrier","floor":7},{"not_picked":["Replay:Undeath\u0027s Touch","Second Wind"],"picked":"Shrug It Off","floor":11},{"not_picked":["Clash","Armaments"],"picked":"ReplayTheSpireMod:Stacked","floor":13},{"not_picked":["Feel No Pain","Twin Strike"],"picked":"Run Through","floor":14},{"not_picked":["Reaper","conspire:HitWhereItHurts"],"picked":"Feed","floor":16},{"not_picked":["Cleave","Ghostly Armor"],"picked":"Massacre+1","floor":18},{"not_picked":["Clothesline","Perfected Strike+1","ReplayTheSpireMod:Stacked"],"picked":"SKIP","floor":20},{"not_picked":["Fire Breathing+1","Pommel Strike","Wild Strike"],"picked":"SKIP","floor":21},{"not_picked":["Flex","Replay:Many Hands","Sentinel"],"picked":"SKIP","floor":24},{"not_picked":["Perfected Strike+1","Sword Boomerang+1","hubris:ReadiedAction"],"picked":"SKIP","floor":29},{"not_picked":["ReplayTheSpireMod:Strike From Hell+1","Anger+1","Infernal Blade"],"picked":"SKIP","floor":30},{"not_picked":["conspire:ExplosiveBarrier","Anger+1","ReplayTheSpireMod:Strike From Hell+1"],"picked":"SKIP","floor":31}],"player_experience":329491,"relics_obtained":[{"floor":6,"key":"Ornamental Fan"},{"floor":9,"key":"Red Skull"},{"floor":11,"key":"Centennial Puzzle"},{"floor":13,"key":"Lantern"},{"floor":17,"key":"Blue Doll"},{"floor":17,"key":"Iron Hammer"},{"floor":17,"key":"Ginger"},{"floor":24,"key":"aspiration:SeaSaltIceCream"},{"floor":26,"key":"hubris:DuctTape"}],"event_choices":[{"cards_removed":["ReplayUltimateDefense"],"damage_healed":8,"gold_gain":0,"player_choice":"Offered Rare","damage_taken":0,"max_hp_gain":10,"max_hp_loss":0,"event_name":"Bonfire Elementals","floor":4,"gold_loss":0},{"cards_removed":["Strike_R"],"damage_healed":0,"gold_gain":0,"player_choice":"Purged","damage_taken":0,"max_hp_gain":0,"max_hp_loss":0,"event_name":"Purifier","floor":10,"gold_loss":0},{"damage_healed":0,"gold_gain":0,"player_choice":"Inject Mutagens","damage_taken":0,"relics_obtained":["MutagenicStrength"],"max_hp_gain":0,"max_hp_loss":0,"event_name":"Drug Dealer","floor":22,"gold_loss":0}],"is_beta":false,"boss_relics":[{"not_picked":["Runic Dome","Fusion Hammer"],"picked":"Calling Bell"}],"items_purged_floors":[0],"is_endless":false,"potions_floor_spawned":[6,7,11,13,14,18,24,29],"killed_by":"Champ","ascension_level":17}}