{"host":"iudiqz5bwex5meyb","time":1614359829,"event":{"mods":["AchievementEnabler","BaseMod","Block Reminder","Colored Map","Minty Spire (QoL Compilation)","StSLib","ojb\u0027s Better Paths Mod","ojb\u0027s Info Mod"],"gold_per_floor":[16,30,48,61,61,93,107,107,107,107,107,125,157,174,174,279,279,296,310,11,23,23,23,35,48,48,48,64,64,79,96,96,195,195,212,212,223,20,35,35,45,45,45,45,45,75,175,208,208,208,208],"floor_reached":50,"language":"ENG","playtime":5141,"items_purged":[],"score":597,"play_id":"599bab6a-568c-4aef-a0a7-5f7ae550ab6b","local_time":"20210226111709","is_ascension_mode":true,"campfire_choices":[{"floor":10,"key":"REST"},{"floor":15,"key":"REST"},{"data":"Eruption","floor":23,"key":"SMITH"},{"floor":27,"key":"REST"},{"data":"JustLucky","floor":32,"key":"SMITH"},{"data":"MentalFortress","floor":40,"key":"SMITH"},{"floor":42,"key":"REST"},{"data":"Protect","floor":44,"key":"SMITH"},{"floor":49,"key":"RECALL"}],"circlet_count":0,"master_deck":["Eruption+1","Vigilance+1","Consecrate+1","ThirdEye+1","Protect+1","JustLucky+1","SashWhip","Halt","Evaluate+1","Perseverance+1","Vault+1","Meditate+1","Weave","Conclude","SignatureMove+1","WaveOfTheHand+1","BowlingBash+1","ClearTheMind+1","DevaForm","Indignation+1","DeceiveReality+1","JustLucky+1","CrushJoints","DeusExMachina+1","Vengeance+1","Vault+1","BattleHymn+1"],"relics":["PureWater","Sundial","Toxic Egg 2","Pandora\u0027s Box","War Paint","Whetstone","Du-Vu Doll","SlaversCollar","Strange Spoon","Gremlin Horn","Letter Opener","Blood Vial"],"acts_visited":["Exordium","TheCity","TheBeyond"],"potions_floor_usage":[4,6,13,16,31,33,33,50],"damage_taken":[{"damage":11,"enemies":"Small Slimes","floor":1,"turns":2},{"damage":0,"enemies":"Cultist","floor":2,"turns":2},{"damage":0,"enemies":"Jaw Worm","floor":3,"turns":2},{"damage":0,"enemies":"3 Louse","floor":4,"turns":3},{"damage":19,"enemies":"3 Sentries","floor":6,"turns":9},{"damage":5,"enemies":"Red Slaver","floor":7,"turns":3},{"damage":4,"enemies":"Looter","floor":12,"turns":3},{"damage":24,"enemies":"Gremlin Nob","floor":13,"turns":4},{"damage":0,"enemies":"3 Louse","floor":14,"turns":3},{"damage":57,"enemies":"The Guardian","floor":16,"turns":18},{"damage":9,"enemies":"2 Thieves","floor":18,"turns":4},{"damage":0,"enemies":"Chosen","floor":19,"turns":4},{"damage":2,"enemies":"Snake Plant","floor":21,"turns":5},{"damage":42,"enemies":"Cultist and Chosen","floor":24,"turns":8},{"damage":0,"enemies":"Centurion and Healer","floor":25,"turns":2},{"damage":18,"enemies":"Snake Plant","floor":28,"turns":6},{"damage":1,"enemies":"3 Cultists","floor":30,"turns":5},{"damage":1,"enemies":"Shelled Parasite and Fungi","floor":31,"turns":5},{"damage":13,"enemies":"Automaton","floor":33,"turns":7},{"damage":29,"enemies":"3 Shapes","floor":35,"turns":8},{"damage":0,"enemies":"3 Darklings","floor":37,"turns":3},{"damage":27,"enemies":"Maw","floor":39,"turns":10},{"damage":12,"enemies":"Sphere and 2 Shapes","floor":41,"turns":6},{"damage":15,"enemies":"Nemesis","floor":46,"turns":9},{"damage":4,"enemies":"Giant Head","floor":48,"turns":8},{"damage":23,"enemies":"Time Eater","floor":50,"turns":2}],"seed_played":"-4793432160837674155","potions_obtained":[{"floor":2,"key":"DistilledChaos"},{"floor":3,"key":"StancePotion"},{"floor":7,"key":"FairyPotion"},{"floor":12,"key":"Energy Potion"},{"floor":13,"key":"Energy Potion"},{"floor":21,"key":"Fire Potion"},{"floor":28,"key":"GamblersBrew"},{"floor":30,"key":"Block Potion"},{"floor":35,"key":"SteroidPotion"},{"floor":39,"key":"EssenceOfSteel"}],"is_trial":false,"path_per_floor":["M","M","M","M","?","E","M","?","T","R","?","M","E","M","R","B",null,"M","M","$","M","?","R","M","M","T","R","M","$","M","M","R","B",null,"M","?","M","$","M","R","M","R","T","R","?","E","?","E","R","B"],"character_chosen":"WATCHER","items_purchased":["War Paint","Whetstone","Strange Spoon","Explosive Potion"],"campfire_rested":4,"item_purchase_floors":[20,20,38,38],"current_hp_per_floor":[61,61,61,61,66,47,42,27,27,50,50,46,22,22,45,23,77,68,68,68,66,66,66,24,24,24,47,29,29,28,27,27,14,77,48,48,48,48,21,21,9,32,32,32,32,17,17,13,13,0,0],"gold":208,"neow_bonus":"REMOVE_TWO","is_daily":false,"chose_seed":false,"campfire_upgraded":4,"win_rate":0.0,"timestamp":1614359829,"path_taken":["M","M","M","M","?","E","M","?","T","R","?","?","E","?","R","BOSS","M","?","$","M","?","R","M","M","T","R","M","?","M","M","R","BOSS","M","?","?","$","M","R","M","R","T","R","?","E","?","E","R","BOSS"],"items_purchased_type":["Relic","Relic","Relic","Potion"],"build_version":"2020-12-22","purchased_purges":0,"victory":false,"max_hp_per_floor":[72,72,72,72,77,77,77,77,77,77,77,77,77,77,77,77,77,77,77,77,77,77,77,77,77,77,77,77,77,77,77,77,77,77,77,77,77,77,77,77,77,77,77,77,77,77,77,77,77,77,77],"card_choices":[{"not_picked":["FlyingSleeves","ForeignInfluence"],"picked":"Consecrate","floor":1},{"not_picked":["FollowUp","CrushJoints"],"picked":"ThirdEye","floor":2},{"not_picked":["Judgement","Crescendo"],"picked":"Protect","floor":3},{"not_picked":["Protect","FlurryOfBlows"],"picked":"JustLucky","floor":4},{"not_picked":["Crescendo","Prostrate"],"picked":"SashWhip","floor":6},{"not_picked":["CrushJoints","Brilliance"],"picked":"MentalFortress","floor":7},{"not_picked":["ClearTheMind","Pray"],"picked":"Halt","floor":12},{"not_picked":["Prostrate+1","Brilliance"],"picked":"Evaluate+1","floor":13},{"not_picked":["CrushJoints","Consecrate"],"picked":"Perseverance+1","floor":14},{"not_picked":["LessonLearned","Devotion"],"picked":"Vault+1","floor":16},{"not_picked":["Crescendo+1","EmptyFist"],"picked":"BowlingBash+1","floor":18},{"not_picked":["WindmillStrike","Halt+1"],"picked":"ClearTheMind+1","floor":19},{"not_picked":["EmptyBody+1","BowlingBash","Conclude"],"picked":"SKIP","floor":21},{"not_picked":["Swivel+1","FlyingSleeves"],"picked":"Indignation+1","floor":24},{"not_picked":["Meditate+1","Study+1"],"picked":"DeceiveReality+1","floor":25},{"not_picked":["Halt+1","BattleHymn","Perseverance+1"],"picked":"SKIP","floor":28},{"not_picked":["Prostrate+1","ConjureBlade+1"],"picked":"JustLucky","floor":30},{"not_picked":["SashWhip","Crescendo+1"],"picked":"CrushJoints","floor":31},{"not_picked":["Scrawl+1","Ragnarok"],"picked":"DeusExMachina+1","floor":33},{"not_picked":["ThirdEye+1","EmptyFist+1"],"picked":"Vengeance+1","floor":35},{"not_picked":["Conclude+1","Meditate+1","ReachHeaven+1"],"picked":"SKIP","floor":37},{"not_picked":["WaveOfTheHand+1","InnerPeace+1","Halt+1"],"picked":"SKIP","floor":39},{"not_picked":["Prostrate+1","CarveReality","Vengeance+1"],"picked":"SKIP","floor":41},{"not_picked":["Protect+1","Indignation+1","LessonLearned"],"picked":"SKIP","floor":46},{"not_picked":["JustLucky+1","WheelKick"],"picked":"BattleHymn+1","floor":48}],"player_experience":377539,"relics_obtained":[{"floor":6,"key":"Sundial"},{"floor":13,"key":"Toxic Egg 2"},{"floor":26,"key":"Du-Vu Doll"},{"floor":43,"key":"Gremlin Horn"},{"floor":46,"key":"Letter Opener"},{"floor":48,"key":"Blood Vial"}],"event_choices":[{"damage_healed":0,"gold_gain":0,"player_choice":"Donut","damage_taken":0,"max_hp_gain":5,"max_hp_loss":0,"event_name":"Big Fish","floor":5,"gold_loss":0},{"damage_healed":0,"gold_gain":0,"player_choice":"Entered Light","damage_taken":15,"max_hp_gain":0,"max_hp_loss":0,"event_name":"Shining Light","floor":8,"gold_loss":0,"cards_upgraded":["JustLucky","Defend_P"]},{"cards_removed":["Strike_P"],"damage_healed":0,"gold_gain":0,"player_choice":"Offered Basic","damage_taken":0,"max_hp_gain":0,"max_hp_loss":0,"event_name":"Bonfire Elementals","floor":11,"gold_loss":0},{"damage_healed":0,"gold_gain":0,"player_choice":"Read","damage_taken":0,"max_hp_gain":0,"max_hp_loss":0,"event_name":"The Library","floor":22,"gold_loss":0,"cards_obtained":["DevaForm"]},{"damage_healed":0,"gold_gain":0,"player_choice":"Copied","damage_taken":0,"max_hp_gain":0,"max_hp_loss":0,"event_name":"Duplicator","floor":36,"gold_loss":0,"cards_obtained":["Vault"]},{"cards_removed":["MentalFortress"],"damage_healed":0,"gold_gain":0,"player_choice":"Removed Power","damage_taken":0,"max_hp_gain":0,"max_hp_loss":0,"event_name":"Falling","floor":45,"gold_loss":0},{"damage_healed":0,"gold_gain":100,"player_choice":"Pray","damage_taken":0,"max_hp_gain":0,"max_hp_loss":0,"event_name":"Golden Shrine","floor":47,"gold_loss":0}],"is_beta":false,"boss_relics":[{"not_picked":["Black Star","Sozu"],"picked":"Pandora\u0027s Box"},{"not_picked":["Runic Dome","Astrolabe"],"picked":"SlaversCollar"}],"items_purged_floors":[],"is_endless":false,"potions_floor_spawned":[2,3,7,12,13,21,28,30,35,39,46],"killed_by":"Time Eater","ascension_level":2}}