{"host":"gzsdmyo07u314vug","time":1614342357,"event":{"mods":["2.2 Compatiblity","Astrologer","BaseMod","Colored Powertips","GifTheSpireLib","Gremlin Mod","Hermit","Jorbs\u0027s Wanderer Trilogy","Minty Spire (QoL Compilation)","Quick Restart","Rare Cards Sparkle","Relic Stats","Replay The Spire","Robot Space Explorer","Shop Mod","StSLib","The Bladedancer","The Bug Knight","The Construct","The Cursed","The Elementalist","The Hierophant","The IronCluck","The Marked","The Necromancer","The Runesmith","The Servant 0.9.4","Unceasing Turn Reminder","everything is the same but u backflip on backflip","slay the spire mod where everything is the same but ironclad has a cowboy hat"],"gold_per_floor":[117,134,59,59,8,33,33,50,96,96,108,135,148,148,148,252,252,272,18,18,18,36,66,66,66,115,115,131,159,169,18,18,116,116,133,145,95,110,60,88,88,88,88,88,99,99,109,123,123,123],"floor_reached":51,"language":"ENG","playtime":2226,"items_purged":["RobotSpaceExplorer:Strike","RobotSpaceExplorer:Defend","RobotSpaceExplorer:Defend","RobotSpaceExplorer:Electroshield+1"],"score":1130,"play_id":"0bfabec6-50b8-4c67-8740-552da2b51106","local_time":"20210226092557","is_ascension_mode":true,"campfire_choices":[{"data":"RobotSpaceExplorer:Counterblock","floor":10,"key":"SMITH"},{"data":"RobotSpaceExplorer:SurgingStrike","floor":15,"key":"SMITH"},{"data":"RobotSpaceExplorer:MiniDrones","floor":25,"key":"SMITH"},{"data":"RobotSpaceExplorer:TrailblazerForm","floor":32,"key":"SMITH"},{"data":"RobotSpaceExplorer:Accelerator","floor":41,"key":"SMITH"},{"data":"RobotSpaceExplorer:MiniLasers","floor":44,"key":"SMITH"},{"data":"RobotSpaceExplorer:Scan","floor":46,"key":"SMITH"},{"data":"RobotSpaceExplorer:Probe","floor":49,"key":"SMITH"}],"circlet_count":0,"master_deck":["RobotSpaceExplorer:Scan+1","RobotSpaceExplorer:MiniLasers+1","RobotSpaceExplorer:SurgingStrike+1","RobotSpaceExplorer:Counterblock+1","RobotSpaceExplorer:StunGrenade+1","RobotSpaceExplorer:MiniDrones+1","RobotSpaceExplorer:Accelerator+1","RobotSpaceExplorer:Asteroid+1","RobotSpaceExplorer:Smokescreen+1","RobotSpaceExplorer:SurgingShield+1","RobotSpaceExplorer:Fix+1","RobotSpaceExplorer:Counterblock+1","RobotSpaceExplorer:Jetpack+1","RobotSpaceExplorer:PowerCollector+1","RobotSpaceExplorer:TrailblazerForm+1","RobotSpaceExplorer:Accelerator+1","RobotSpaceExplorer:FranticSearch+1","RobotSpaceExplorer:Probe+1"],"relics":["RobotSpaceExplorer:RoboCore","NeowsBlessing","Replay:Rubber Ducky","Lantern","Toy Ornithopter","Astrolabe","Guide Book","Letter Opener","Smiling Mask","ReplayFunnel","Runic Dome","Replay:Mystery Machine","The Courier"],"acts_visited":["Exordium","TheCity","TheBeyond"],"potions_floor_usage":[12,12,16,18,33,45],"damage_taken":[{"damage":0,"enemies":"Small Slimes","floor":1,"turns":1},{"damage":0,"enemies":"2 Louse","floor":2,"turns":1},{"damage":0,"enemies":"Lagavulin","floor":6,"turns":1},{"damage":0,"enemies":"Cultist","floor":8,"turns":4},{"damage":0,"enemies":"Exordium Wildlife","floor":11,"turns":2},{"damage":2,"enemies":"Replay:BlueRogue","floor":12,"turns":7},{"damage":0,"enemies":"2 Fungi Beasts","floor":13,"turns":3},{"damage":12,"enemies":"Slime Boss","floor":16,"turns":6},{"damage":0,"enemies":"3 Byrds","floor":18,"turns":5},{"damage":0,"enemies":"Spheric Guardian","floor":22,"turns":3},{"damage":18,"enemies":"Slavers","floor":23,"turns":10},{"damage":0,"enemies":"Snake Plant","floor":28,"turns":4},{"damage":0,"enemies":"Book of Stabbing","floor":29,"turns":6},{"damage":0,"enemies":"Centurion and Healer","floor":30,"turns":6},{"damage":9,"enemies":"Collector","floor":33,"turns":10},{"damage":0,"enemies":"Orb Walker","floor":35,"turns":4},{"damage":0,"enemies":"3 Shapes","floor":36,"turns":6},{"damage":0,"enemies":"Maw","floor":38,"turns":6},{"damage":0,"enemies":"Giant Head","floor":40,"turns":6},{"damage":0,"enemies":"Transient","floor":45,"turns":5},{"damage":0,"enemies":"3 Darklings","floor":47,"turns":3},{"damage":0,"enemies":"4 Shapes","floor":48,"turns":5},{"damage":3,"enemies":"Time Eater","floor":50,"turns":9}],"seed_played":"2942674368202041047","potions_obtained":[{"floor":1,"key":"Weak Potion"},{"floor":6,"key":"EssenceOfSteel"},{"floor":13,"key":"Death Potion"},{"floor":16,"key":"RobotSpaceExplorer:RecyclePotion"},{"floor":28,"key":"Milkshake"},{"floor":30,"key":"SkillPotion"},{"floor":33,"key":"FearPotion"},{"floor":35,"key":"Strength Potion"},{"floor":45,"key":"AttackPotion"}],"is_trial":false,"path_per_floor":["M","M","$","?","$","E","?","M","T","R","M","E","M","?","R","B",null,"M","$","?","?","M","E","?","R","T","?","M","E","M","$","R","B",null,"M","M","$","M","$","E","R","?","T","R","M","R","M","M","R","B",null],"character_chosen":"RobotSpaceExplorer","items_purchased":["RobotSpaceExplorer:Counterblock","Guide Book","RobotSpaceExplorer:TrailblazerForm"],"campfire_rested":0,"item_purchase_floors":[5,19,31],"current_hp_per_floor":[68,68,68,68,68,68,68,68,68,68,68,66,66,66,66,59,71,75,75,75,75,75,57,43,43,43,43,49,55,61,61,61,63,76,80,80,80,80,80,80,80,80,80,80,80,80,80,80,80,80],"gold":123,"neow_bonus":"THREE_ENEMY_KILL","is_daily":false,"chose_seed":false,"campfire_upgraded":8,"win_rate":0.0,"timestamp":1614342357,"path_taken":["M","M","$","?","$","E","?","?","T","R","M","E","M","?","R","BOSS","M","$","?","?","?","E","?","R","T","?","?","E","M","$","R","BOSS","M","M","$","M","$","E","R","?","T","R","M","R","?","M","R","BOSS"],"items_purchased_type":["Card","Relic","Card"],"build_version":"2020-12-22","purchased_purges":4,"victory":true,"max_hp_per_floor":[75,75,75,75,75,75,75,75,75,75,75,75,75,75,75,75,75,75,75,75,75,75,75,80,80,80,80,80,80,80,80,80,80,80,80,80,80,80,80,80,80,80,80,80,80,80,80,80,80,80],"relic_stats":{"counters":[23,113],"Astrolabe":["RobotSpaceExplorer:Asteroid","RobotSpaceExplorer:Electroshield","RobotSpaceExplorer:Smokescreen"],"Letter Opener":[231],"Smiling Mask":175,"obtain_stats":[{"ReplayFunnel":29,"Lantern":9,"NeowsBlessing":0,"Astrolabe":17,"Guide Book":19,"RobotSpaceExplorer:RoboCore":0,"The Courier":43,"Letter Opener":23,"Replay:Mystery Machine":40,"Smiling Mask":26,"Replay:Rubber Ducky":6,"Runic Dome":34,"Toy Ornithopter":12},{"ReplayFunnel":13,"Lantern":4,"NeowsBlessing":0,"Astrolabe":8,"Guide Book":9,"RobotSpaceExplorer:RoboCore":0,"The Courier":19,"Letter Opener":11,"Replay:Mystery Machine":19,"Smiling Mask":11,"Replay:Rubber Ducky":3,"Runic Dome":15,"Toy Ornithopter":6},{"ReplayFunnel":53,"Lantern":7,"NeowsBlessing":0,"Astrolabe":25,"Guide Book":30,"RobotSpaceExplorer:RoboCore":0,"The Courier":91,"Letter Opener":43,"Replay:Mystery Machine":91,"Smiling Mask":43,"Replay:Rubber Ducky":3,"Runic Dome":69,"Toy Ornithopter":16}],"Toy Ornithopter":14},"card_choices":[{"not_picked":["RobotSpaceExplorer:PowerGlove","RobotSpaceExplorer:SwiftStep"],"picked":"RobotSpaceExplorer:SurgingStrike","floor":1},{"not_picked":["RobotSpaceExplorer:SurgingStrike","RobotSpaceExplorer:GlueShot","RobotSpaceExplorer:ImprovisedAttack"],"picked":"SKIP","floor":2},{"not_picked":["RobotSpaceExplorer:SelfCleaning","RobotSpaceExplorer:SlimeMissile"],"picked":"RobotSpaceExplorer:StunGrenade","floor":6},{"not_picked":["RobotSpaceExplorer:BigMissile","RobotSpaceExplorer:SwiftStep","RobotSpaceExplorer:FranticSearch"],"picked":"SKIP","floor":8},{"not_picked":["RobotSpaceExplorer:FranticSearch","RobotSpaceExplorer:PlasmaMissile"],"picked":"RobotSpaceExplorer:MiniDrones","floor":11},{"not_picked":["RobotSpaceExplorer:BigMissile","RobotSpaceExplorer:SwiftStep","RobotSpaceExplorer:MakeshiftVolley"],"picked":"SKIP","floor":12},{"not_picked":["RobotSpaceExplorer:FranticSearch","RobotSpaceExplorer:StarLightning","RobotSpaceExplorer:Pulsar"],"picked":"SKIP","floor":13},{"not_picked":["RobotSpaceExplorer:HighVoltage","RobotSpaceExplorer:ShockMissile"],"picked":"RobotSpaceExplorer:Accelerator","floor":16},{"not_picked":["RobotSpaceExplorer:GlueShot","RobotSpaceExplorer:MakeshiftVolley+1"],"picked":"RobotSpaceExplorer:SurgingShield","floor":18},{"not_picked":["RobotSpaceExplorer:MetalStrike+1","RobotSpaceExplorer:Ammunition"],"picked":"RobotSpaceExplorer:Fix+1","floor":22},{"not_picked":["RobotSpaceExplorer:SurgingStrike","RobotSpaceExplorer:Counterblock","RobotSpaceExplorer:ToxicBomb"],"picked":"SKIP","floor":23},{"not_picked":["RobotSpaceExplorer:MetalStrike","RobotSpaceExplorer:FreezingShield","RobotSpaceExplorer:SwiftStep"],"picked":"SKIP","floor":28},{"not_picked":["RobotSpaceExplorer:ShovelStrike","RobotSpaceExplorer:Pulsar","RobotSpaceExplorer:Jetpack"],"picked":"SKIP","floor":29},{"not_picked":["RobotSpaceExplorer:ShovelStrike","RobotSpaceExplorer:Pulsar"],"picked":"RobotSpaceExplorer:Jetpack","floor":29},{"not_picked":["RobotSpaceExplorer:ShockKick","RobotSpaceExplorer:Counterblock+1"],"picked":"RobotSpaceExplorer:PowerCollector+1","floor":30},{"not_picked":["RobotSpaceExplorer:Multitool","RobotSpaceExplorer:HighVoltage"],"picked":"RobotSpaceExplorer:Accelerator","floor":33},{"not_picked":["RobotSpaceExplorer:ShovelStrike","RobotSpaceExplorer:TurboDodge+1","RobotSpaceExplorer:Fix"],"picked":"SKIP","floor":35},{"not_picked":["RobotSpaceExplorer:Fix","RobotSpaceExplorer:LuckyStrike+1","RobotSpaceExplorer:SelfCleaning"],"picked":"SKIP","floor":36},{"not_picked":["RobotSpaceExplorer:ShockKick","RobotSpaceExplorer:TurboDodge+1","RobotSpaceExplorer:Counterblock"],"picked":"SKIP","floor":38},{"not_picked":["RobotSpaceExplorer:Jetpack+1","RobotSpaceExplorer:ShockMissile","RobotSpaceExplorer:GlueShot"],"picked":"SKIP","floor":40},{"not_picked":["RobotSpaceExplorer:FranticSearch+1","RobotSpaceExplorer:MiniDrones+1","RobotSpaceExplorer:DoubleBlock+1"],"picked":"SKIP","floor":45},{"not_picked":["RobotSpaceExplorer:FranticSearch+1","RobotSpaceExplorer:MiniDrones+1","RobotSpaceExplorer:DoubleBlock+1"],"picked":"SKIP","floor":45},{"not_picked":["RobotSpaceExplorer:MiniDrones+1","RobotSpaceExplorer:DoubleBlock+1"],"picked":"RobotSpaceExplorer:FranticSearch+1","floor":45},{"not_picked":["RobotSpaceExplorer:MiniDrones+1","RobotSpaceExplorer:SwiftStep+1","RobotSpaceExplorer:Probe"],"picked":"SKIP","floor":47},{"not_picked":["RobotSpaceExplorer:MiniDrones+1","RobotSpaceExplorer:SwiftStep+1"],"picked":"RobotSpaceExplorer:Probe","floor":47},{"not_picked":["RobotSpaceExplorer:Jetpack+1","RobotSpaceExplorer:ScrapMissile+1","RobotSpaceExplorer:FranticSearch+1"],"picked":"SKIP","floor":48}],"player_experience":968352,"relics_obtained":[{"floor":6,"key":"Replay:Rubber Ducky"},{"floor":9,"key":"Lantern"},{"floor":12,"key":"Toy Ornithopter"},{"floor":23,"key":"Letter Opener"},{"floor":26,"key":"Smiling Mask"},{"floor":29,"key":"ReplayFunnel"},{"floor":40,"key":"Replay:Mystery Machine"},{"floor":43,"key":"The Courier"}],"event_choices":[{"cards_removed":["RobotSpaceExplorer:Strike"],"damage_healed":0,"gold_gain":0,"player_choice":"Offered Basic","damage_taken":0,"max_hp_gain":0,"max_hp_loss":0,"event_name":"Bonfire Elementals","floor":7,"gold_loss":0},{"cards_removed":["RobotSpaceExplorer:Defend"],"damage_healed":0,"gold_gain":0,"player_choice":"Forget","damage_taken":0,"max_hp_gain":0,"max_hp_loss":0,"event_name":"Living Wall","floor":14,"gold_loss":0},{"damage_healed":0,"gold_gain":0,"player_choice":"Forge","damage_taken":0,"max_hp_gain":0,"max_hp_loss":0,"event_name":"Accursed Blacksmith","floor":21,"gold_loss":0,"cards_upgraded":["RobotSpaceExplorer:SurgingShield"]},{"damage_healed":0,"gold_gain":0,"player_choice":"Shed Blood","damage_taken":19,"max_hp_gain":5,"max_hp_loss":0,"event_name":"Forgotten Altar","floor":24,"gold_loss":0},{"damage_healed":0,"gold_gain":0,"player_choice":"Copied","damage_taken":0,"max_hp_gain":0,"max_hp_loss":0,"event_name":"Duplicator","floor":27,"gold_loss":0,"cards_obtained":["RobotSpaceExplorer:Counterblock"]},{"damage_healed":0,"gold_gain":0,"player_choice":"Upgraded","damage_taken":0,"max_hp_gain":0,"max_hp_loss":0,"event_name":"Upgrade Shrine","floor":42,"gold_loss":0,"cards_upgraded":["RobotSpaceExplorer:Jetpack"]}],"is_beta":false,"boss_relics":[{"not_picked":["Runesmith:UraniumAnvil","ChewingGum"],"picked":"Astrolabe"},{"not_picked":["Honey Jar","Tiny House"],"picked":"Runic Dome"}],"items_purged_floors":[3,19,37,39],"is_endless":false,"potions_floor_spawned":[1,6,13,16,28,30,33,35,45],"ascension_level":7}}