{"host":"qwv9nni2x0umspiu","time":1614311256,"event":{"mods":["BaseMod","Downfall","Minty Spire (QoL Compilation)","Replay The Spire","StSLib","The Hierophant","Wandering Minibosses"],"gold_per_floor":[119,39,39,52,52,83,83,86,86,2,2,2,2],"floor_reached":12,"language":"ENG","playtime":279,"items_purged":[],"score":218,"play_id":"aca7cfbd-6163-4a03-a34b-cc15c8be22a6","local_time":"20210225194736","is_ascension_mode":true,"campfire_choices":[{"data":"hierophant:ChurchCoffers","floor":7,"key":"SMITH"}],"circlet_count":0,"master_deck":["AscendersBane","hierophant:Strike_Hierophant","hierophant:Strike_Hierophant+1","hierophant:Strike_Hierophant+1","hierophant:Strike_Hierophant","hierophant:Punish","hierophant:Defend_Hierophant","hierophant:Defend_Hierophant+1","hierophant:Defend_Hierophant","hierophant:Defend_Hierophant+1","hierophant:ChurchCoffers+1","hierophant:Exaltation","hierophant:Upheaval","hierophant:Shelter","hierophant:Community"],"relics":["hierophant:PropheticMaskRelic","NeowsBlessing","Onion Ring","War Paint","Omamori","Happy Flower"],"acts_visited":["Exordium"],"potions_floor_usage":[8],"damage_taken":[{"damage":0,"enemies":"Jaw Worm","floor":1,"turns":1},{"damage":0,"enemies":"Small Slimes","floor":4,"turns":1},{"damage":0,"enemies":"Gremlin Nob","floor":6,"turns":1},{"damage":33,"enemies":"Lagavulin","floor":8,"turns":6},{"damage":11,"enemies":"Gremlin Nob","floor":12,"turns":3}],"seed_played":"5399237300310637292","potions_obtained":[{"floor":1,"key":"Fire Potion"}],"is_trial":false,"path_per_floor":["M","$","?","M","?","E","R","E","T","$","?","E"],"character_chosen":"HIEROPHANT","items_purchased":["hierophant:Upheaval","hierophant:Community"],"campfire_rested":0,"item_purchase_floors":[2,10],"current_hp_per_floor":[68,68,45,45,34,34,34,1,1,1,26,15,15],"gold":2,"neow_bonus":"THREE_ENEMY_KILL","is_daily":false,"chose_seed":false,"campfire_upgraded":1,"win_rate":0.0,"timestamp":1614311256,"path_taken":["M","$","?","M","?","E","R","E","T","$","?","E"],"items_purchased_type":["Card","Card"],"build_version":"2020-12-22","purchased_purges":0,"victory":false,"max_hp_per_floor":[75,75,75,75,75,75,75,75,75,75,75,75,75],"card_choices":[{"not_picked":["hierophant:Embezzle","hierophant:Bribe"],"picked":"hierophant:Exaltation","floor":1},{"not_picked":["hierophant:Purify","hierophant:MorningPrayer"],"picked":"hierophant:Shelter","floor":4},{"not_picked":["hierophant:Flagellation","hierophant:HolyVerse","hierophant:Anathema"],"picked":"SKIP","floor":6},{"not_picked":["hierophant:Shelter","hierophant:ConvertCurrency","hierophant:ThreeLashes"],"picked":"SKIP","floor":8}],"player_experience":1382919,"relics_obtained":[{"floor":6,"key":"War Paint"},{"floor":8,"key":"Omamori"},{"floor":9,"key":"Happy Flower"}],"event_choices":[{"damage_healed":0,"gold_gain":0,"player_choice":"Entered Light","damage_taken":23,"max_hp_gain":0,"max_hp_loss":0,"event_name":"Shining Light","floor":3,"gold_loss":0,"cards_upgraded":["hierophant:Strike_Hierophant","hierophant:Strike_Hierophant"]},{"damage_healed":0,"gold_gain":0,"player_choice":"Success","damage_taken":11,"relics_obtained":["Onion Ring"],"max_hp_gain":0,"max_hp_loss":0,"event_name":"Scrap Ooze","floor":5,"gold_loss":0},{"damage_healed":25,"gold_gain":0,"player_choice":"Banana","damage_taken":0,"max_hp_gain":0,"max_hp_loss":0,"event_name":"Big Fish","floor":11,"gold_loss":0}],"is_beta":false,"boss_relics":[],"items_purged_floors":[],"is_endless":false,"potions_floor_spawned":[1],"killed_by":"Gremlin Nob","ascension_level":20}}