{"host":"ggy1mjjy92c62u6a","time":1614325659,"event":{"mods":["10 clothes from DAL","ATMod(阿瑾Mod)","Act Like it!","BaseMod","Colored Powertips","GifTheSpireLib","Infinite Spire","Library of Ruina","Library of Ruina Extra","Lobotomy","LobotomyExtend","Marisa（F雨　魔理沙）","Minty Spire (QoL Compilation)","Quick Restart","Relic Filter Mod","Relic Stats","Reliquary","Remilia（蕾米莉亚）","Replay The Spire","RumiaBox-露米娅的神秘盒子","Shop Mod","Spicy Shops","StSLib","SuperFastMode","Youmu（魂魄妖梦）","[功能]功能增强和修复MOD","【功能Mod】混沌之环修复补丁","【遗物Mod】死灵法师NEW","【遗物卡牌】REMEMod"],"gold_per_floor":[116,166,177,47,143,143,143],"floor_reached":6,"language":"ZHS","playtime":212,"items_purged":["Strike_G"],"score":126,"play_id":"ae8cf84f-7c75-4f6b-87c2-32b04435f0ae","local_time":"20210226154739","is_ascension_mode":true,"campfire_choices":[],"circlet_count":0,"master_deck":["Strike_G","Strike_G","Strike_G","Strike_G","Defend_G","Defend_G","Defend_G","Defend_G","Defend_G","Survivor","Neutralize","AT_RealColorLess","Strike_G","Well Laid Plans"],"relics":["REME_ComplimentaryCards","AT_ATBox","REME_DuelDisc","Baka","LetterFromLob","Mango"],"acts_visited":["Exordium"],"potions_floor_usage":[6],"damage_taken":[{"damage":3.0,"enemies":"Cultist","floor":1.0,"turns":3.0},{"damage":13.0,"enemies":"2 Louse","floor":2.0,"turns":4.0},{"damage":9.0,"enemies":"Jaw Worm","floor":3.0,"turns":3.0},{"damage":6,"enemies":"2 Fungi Beasts","floor":5,"turns":4},{"damage":67,"enemies":"3 Sentries","floor":6,"turns":5}],"seed_played":"5878485926258004208","potions_obtained":[{"floor":2.0,"key":"CultistPotion"},{"floor":5,"key":"Swift Potion"}],"is_trial":false,"path_per_floor":["M","M","M","$","M","E"],"character_chosen":"THE_SILENT","items_purchased":["Well Laid Plans"],"campfire_rested":0,"item_purchase_floors":[4],"current_hp_per_floor":[60,47,52,52,52,19,19],"gold":143,"neow_bonus":"BOSS_RELIC","is_daily":false,"chose_seed":false,"campfire_upgraded":0,"win_rate":0.0,"timestamp":1614325659,"path_taken":["M","M","M","$","M","E"],"items_purchased_type":["Card"],"build_version":"2020-12-22","purchased_purges":1,"victory":false,"max_hp_per_floor":[70,100,114,114,114,114,114],"relic_stats":{"counters":[5,19],"obtain_stats":[{"AT_ATBox":0,"Mango":3,"REME_DuelDisc":0,"Baka":1,"LetterFromLob":1,"Ring of the Snake":0,"REME_ComplimentaryCards":0},{"AT_ATBox":0,"Mango":3,"REME_DuelDisc":0,"Baka":1,"LetterFromLob":1,"Ring of the Snake":0,"REME_ComplimentaryCards":0},{"AT_ATBox":0,"Mango":10,"REME_DuelDisc":0,"Baka":3,"LetterFromLob":3,"Ring of the Snake":0,"REME_ComplimentaryCards":0}]},"card_choices":[{"not_picked":["Sucker Punch","Skewer","ReplayTheSpireMod:Shiv Toss"],"picked":"SKIP","floor":1.0},{"not_picked":["Deflect","PiercingWail","Skewer"],"picked":"SKIP","floor":2.0},{"not_picked":["Dash","Cloak And Dagger","Quick Slash"],"picked":"SKIP","floor":3.0},{"not_picked":["Reflex","Slice","Underhanded Strike"],"picked":"SKIP","floor":5}],"player_experience":170079,"relics_obtained":[{"floor":1.0,"key":"Baka"},{"floor":1.0,"key":"LetterFromLob"},{"floor":3.0,"key":"Mango"}],"event_choices":[],"is_beta":false,"boss_relics":[],"items_purged_floors":[4],"is_endless":false,"potions_floor_spawned":[2,5],"killed_by":"3 Sentries","ascension_level":7}}