{"host":"4gkev1dtxxhiue3x","time":1614355952,"event":{"mods":["AchievementEnabler","BaseMod","Better Altar","Better Match","Better Note","Better Sensory Stone","Better Skull","Better Third Choice","Colored Powertips","Friendly Minions","Hermit","Minty Spire (QoL Compilation)","Relic Stats","Robot Space Explorer","Shop Mod","StSLib","The Disciple","The Hierophant"],"gold_per_floor":[110,121,138,195,252,252,297,297,322,24,24,73,173,216,216,316,316,386,424,424,339,119,119,196,196,196,196,238,238,87,115,115,216,216,232,275,314,333,347,401,436,436,460,487,487,537,437,508,508,558,558,558,8,67,67,67],"floor_reached":55,"language":"ENG","playtime":4461,"items_purged":["Writhe","Bash"],"score":1117,"play_id":"ea627445-94f1-4135-aa99-d975bdf428c7","local_time":"20210226171232","is_ascension_mode":true,"campfire_choices":[{"data":"Uppercut","floor":6.0,"key":"SMITH"},{"data":"HandOfGreed","floor":8.0,"key":"SMITH"},{"data":"Searing Blow","floor":11.0,"key":"SMITH"},{"data":"Armaments","floor":15.0,"key":"SMITH"},{"data":"Shockwave","floor":23.0,"key":"SMITH"},{"data":"Searing Blow+1","floor":25.0,"key":"SMITH"},{"data":"Searing Blow+2","floor":27.0,"key":"SMITH"},{"data":"Searing Blow+3","floor":29.0,"key":"SMITH"},{"data":"Searing Blow+4","floor":32.0,"key":"SMITH"},{"floor":42,"key":"RECALL"},{"data":"Searing Blow+5","floor":45,"key":"SMITH"},{"data":"Searing Blow+6","floor":49,"key":"SMITH"},{"data":"Searing Blow+7","floor":52,"key":"SMITH"}],"circlet_count":0,"master_deck":["Defend_R","Defend_R","Defend_R+1","Defend_R","HandOfGreed+1","Dual Wield+1","Uppercut+1","Headbutt","Searing Blow+8","Warcry","Corruption","Feel No Pain","Shockwave+1","Armaments+1","Reaper","Armaments+1","Bite","Bite","Bite","Bite","Bite","Armaments+1","Searing Blow+8","Impervious"],"relics":["Burning Blood","Pantograph","Happy Flower","Anchor","Odd Mushroom","Snecko Eye","Tiny Chest","Strange Spoon","MealTicket","Pear","PreservedInsect","Art of War","SacredBark","Eternal Feather","War Paint","Dead Branch","Incense Burner","DollysMirror","Bottled Flame","Bag of Preparation","Blood Vial"],"acts_visited":["Exordium","TheCity","TheBeyond","TheEnding"],"potions_floor_usage":[40,55,55,55],"damage_taken":[{"damage":14.0,"enemies":"Jaw Worm","floor":1.0,"turns":3.0},{"damage":16.0,"enemies":"Small Slimes","floor":2.0,"turns":3.0},{"damage":6.0,"enemies":"Cultist","floor":3.0,"turns":4.0},{"damage":0.0,"enemies":"Large Slime","floor":4.0,"turns":5.0},{"damage":10.0,"enemies":"Exordium Wildlife","floor":5.0,"turns":3.0},{"damage":30.0,"enemies":"Gremlin Nob","floor":7.0,"turns":4.0},{"damage":14.0,"enemies":"The Mushroom Lair","floor":12.0,"turns":5.0},{"damage":0.0,"enemies":"2 Fungi Beasts","floor":14.0,"turns":3.0},{"damage":52.0,"enemies":"The Guardian","floor":16.0,"turns":10.0},{"damage":16.0,"enemies":"3 Byrds","floor":18.0,"turns":6.0},{"damage":12.0,"enemies":"2 Thieves","floor":19.0,"turns":4.0},{"damage":11.0,"enemies":"Slavers","floor":24.0,"turns":4.0},{"damage":18.0,"enemies":"Snake Plant","floor":28.0,"turns":4.0},{"damage":0.0,"enemies":"Book of Stabbing","floor":31.0,"turns":3.0},{"damage":17.0,"enemies":"Automaton","floor":33.0,"turns":6.0},{"damage":27.0,"enemies":"3 Darklings","floor":35.0,"turns":4.0},{"damage":10.0,"enemies":"3 Shapes","floor":36.0,"turns":4.0},{"damage":14,"enemies":"Maw","floor":37,"turns":7},{"damage":10,"enemies":"Writhing Mass","floor":38,"turns":5},{"damage":51,"enemies":"Spire Growth","floor":39,"turns":5},{"damage":20,"enemies":"Reptomancer","floor":40,"turns":3},{"damage":10,"enemies":"Sphere and 2 Shapes","floor":41,"turns":5},{"damage":4,"enemies":"Giant Head","floor":44,"turns":4},{"damage":25,"enemies":"Mind Bloom Boss Battle","floor":46,"turns":3},{"damage":20,"enemies":"2 Orb Walkers","floor":48,"turns":4},{"damage":23,"enemies":"Awakened One","floor":50,"turns":7},{"damage":0,"enemies":"Shield and Spear","floor":54,"turns":1},{"damage":85,"enemies":"The Heart","floor":55,"turns":6}],"seed_played":"6607695509035202211","potions_obtained":[{"floor":1.0,"key":"DuplicationPotion"},{"floor":4.0,"key":"Dexterity Potion"},{"floor":5.0,"key":"Regen Potion"},{"floor":7.0,"key":"Weak Potion"},{"floor":16.0,"key":"Fruit Juice"},{"floor":19.0,"key":"ColorlessPotion"},{"floor":31.0,"key":"GamblersBrew"},{"floor":33.0,"key":"Explosive Potion"},{"floor":36,"key":"GamblersBrew"},{"floor":39,"key":"PowerPotion"},{"floor":40,"key":"FearPotion"},{"floor":44,"key":"EssenceOfSteel"}],"is_trial":false,"path_per_floor":["M","M","M","M","M","R","E","R","T","$","R","?","?","M","R","B",null,"M","M","?","?","$","R","E","R","T","R","M","R","$","E","R","B",null,"M","M","M","M","M","E","M","R","T","E","R","?","$","?","R","B",null,"R","$","E","B"],"character_chosen":"IRONCLAD","items_purchased":["Feel No Pain","Anchor","Shockwave","Strange Spoon","PreservedInsect","DollysMirror","Bottled Flame","Bag of Preparation"],"campfire_rested":0,"item_purchase_floors":[10,10,10,22,30,53,53,53],"current_hp_per_floor":[64,54,54,60,56,56,32,32,32,32,32,24,24,30,30,9,62,71,66,56,56,56,56,56,56,66,66,62,62,66,66,66,66,66,76,74,73,76,51,65,67,76,76,76,76,63,76,69,76,67,74,76,76,76,0,0],"gold":67,"neow_bonus":"RANDOM_COLORLESS_2","is_daily":false,"chose_seed":false,"campfire_upgraded":12,"win_rate":0.0,"timestamp":1614355952,"path_taken":["M","M","M","M","M","R","E","R","T","$","R","?","?","?","R","BOSS","M","M","?","?","$","R","E","R","T","R","M","R","$","E","R","BOSS","M","M","M","M","M","E","M","R","T","E","R","?","$","?","R","BOSS","R","$","E","BOSS"],"items_purchased_type":["Card","Relic","Card","Relic","Relic","Relic","Relic","Relic"],"build_version":"2020-12-22","purchased_purges":2,"victory":false,"max_hp_per_floor":[80,80,80,80,80,80,80,80,80,80,80,80,80,80,80,80,80,80,80,56,56,56,56,56,56,66,66,66,66,66,66,66,66,66,76,76,76,76,76,76,76,76,76,76,76,76,76,76,76,76,76,76,76,76,76,76],"relic_stats":{"Happy Flower":[34],"counters":[28,125],"Dead Branch":[24],"Eternal Feather":18,"PreservedInsect":295,"Bag of Preparation":[4],"War Paint":["Defend_R","Dual Wield"],"Burning Blood":131,"Blood Vial":0,"Strange Spoon":[59],"Pantograph":25,"Snecko Eye":[155,138,157,161],"Tiny Chest":0,"MealTicket":17,"Art of War":[1],"obtain_stats":[{"Pear":26,"Happy Flower":9,"SacredBark":34,"Dead Branch":46,"Eternal Feather":40,"PreservedInsect":30,"Incense Burner":48,"Bag of Preparation":53,"Odd Mushroom":12,"War Paint":44,"Burning Blood":0,"Blood Vial":54,"Strange Spoon":22,"Anchor":10,"Bottled Flame":53,"DollysMirror":53,"Pantograph":7,"Snecko Eye":17,"Tiny Chest":21,"MealTicket":24,"Art of War":31},{"Pear":12,"Happy Flower":6,"SacredBark":15,"Dead Branch":24,"Eternal Feather":21,"PreservedInsect":13,"Incense Burner":25,"Bag of Preparation":26,"Odd Mushroom":7,"War Paint":23,"Burning Blood":0,"Blood Vial":27,"Strange Spoon":11,"Anchor":6,"Bottled Flame":26,"DollysMirror":26,"Pantograph":6,"Snecko Eye":9,"Tiny Chest":11,"MealTicket":12,"Art of War":14},{"Pear":54,"Happy Flower":22,"SacredBark":67,"Dead Branch":107,"Eternal Feather":95,"PreservedInsect":58,"Incense Burner":111,"Bag of Preparation":118,"Odd Mushroom":27,"War Paint":104,"Burning Blood":0,"Blood Vial":119,"Strange Spoon":50,"Anchor":22,"Bottled Flame":118,"DollysMirror":118,"Pantograph":22,"Snecko Eye":40,"Tiny Chest":50,"MealTicket":54,"Art of War":61}]},"card_choices":[{"not_picked":["The Bomb","Master of Strategy"],"picked":"HandOfGreed","floor":0.0},{"not_picked":["Fire Breathing","Pummel"],"picked":"Dual Wield","floor":1.0},{"not_picked":["Battle Trance","Shrug It Off"],"picked":"Uppercut","floor":2.0},{"not_picked":["Perfected Strike","Blood for Blood"],"picked":"Headbutt","floor":3.0},{"not_picked":["Feel No Pain","Ghostly Armor"],"picked":"Searing Blow","floor":4.0},{"not_picked":["Wild Strike","Heavy Blade"],"picked":"Warcry","floor":5.0},{"not_picked":["Second Wind","Anger"],"picked":"Corruption","floor":7.0},{"not_picked":["Headbutt","Anger"],"picked":"Armaments","floor":12.0},{"not_picked":["Clothesline","Havoc","Perfected Strike"],"picked":"SKIP","floor":14.0},{"not_picked":["Brutality","Limit Break"],"picked":"Reaper","floor":16.0},{"not_picked":["Twin Strike","Inflame","Anger"],"picked":"SKIP","floor":18.0},{"not_picked":["Seeing Red+1","Fire Breathing"],"picked":"Armaments+1","floor":19.0},{"not_picked":["Thunderclap","Brutality","Perfected Strike"],"picked":"SKIP","floor":24.0},{"not_picked":["Evolve","Metallicize","Sentinel"],"picked":"SKIP","floor":28.0},{"not_picked":["Ghostly Armor","Flex","Blood for Blood"],"picked":"SKIP","floor":31.0},{"not_picked":["Havoc+1","Clothesline","Searing Blow+1"],"picked":"SKIP","floor":35.0},{"not_picked":["Metallicize+1","Body Slam+1","Sentinel"],"picked":"SKIP","floor":36},{"not_picked":["Perfected Strike+1","True Grit","Infernal Blade+1"],"picked":"SKIP","floor":37},{"not_picked":["Exhume","Metallicize","Flex"],"picked":"SKIP","floor":38},{"not_picked":["Flex","Clothesline","Pummel+1"],"picked":"SKIP","floor":39},{"not_picked":["Blood for Blood","Entrench+1","Havoc"],"picked":"SKIP","floor":40},{"not_picked":["Perfected Strike","Flex+1","Wild Strike+1"],"picked":"SKIP","floor":41},{"not_picked":["Havoc","Second Wind+1","Ghostly Armor"],"picked":"SKIP","floor":44},{"not_picked":["Wild Strike","Pummel+1"],"picked":"Armaments+1","floor":48},{"not_picked":["Havoc","Sever Soul+1"],"picked":"Impervious","floor":54}],"player_experience":293616,"relics_obtained":[{"floor":7.0,"key":"Pantograph"},{"floor":9.0,"key":"Happy Flower"},{"floor":12.0,"key":"Odd Mushroom"},{"floor":24.0,"key":"MealTicket"},{"floor":26.0,"key":"Pear"},{"floor":31.0,"key":"Art of War"},{"floor":40,"key":"Eternal Feather"},{"floor":44,"key":"War Paint"},{"floor":46,"key":"Dead Branch"},{"floor":48,"key":"Incense Burner"},{"floor":54,"key":"Blood Vial"}],"event_choices":[{"damage_healed":0.0,"max_hp_gain":0.0,"max_hp_loss":0.0,"gold_gain":0.0,"event_name":"Mushrooms","player_choice":"Fought Mushrooms","floor":12.0,"gold_loss":0.0,"damage_taken":0.0},{"damage_healed":0.0,"max_hp_gain":0.0,"max_hp_loss":0.0,"gold_gain":100.0,"event_name":"Golden Shrine","player_choice":"Pray","floor":13.0,"gold_loss":0.0,"damage_taken":0.0},{"damage_healed":0.0,"max_hp_gain":0.0,"max_hp_loss":24.0,"gold_gain":0.0,"event_name":"Vampires","player_choice":"Became a vampire","floor":20.0,"gold_loss":0.0,"damage_taken":0.0,"cards_obtained":["Bite","Bite","Bite","Bite","Bite"]},{"damage_healed":0.0,"max_hp_gain":0.0,"max_hp_loss":0.0,"gold_gain":0.0,"event_name":"Addict","player_choice":"Obtained Relic","floor":21.0,"gold_loss":85.0,"damage_taken":0.0,"relics_obtained":["Tiny Chest"]},{"damage_healed":0,"gold_gain":0,"player_choice":"Fight","damage_taken":0,"max_hp_gain":0,"max_hp_loss":0,"event_name":"MindBloom","floor":46,"gold_loss":0},{"damage_healed":0,"gold_gain":0,"player_choice":"Fight","damage_taken":0,"max_hp_gain":0,"max_hp_loss":0,"event_name":"Mysterious Sphere","floor":48,"gold_loss":0}],"is_beta":false,"boss_relics":[{"not_picked":["Empty Cage","Runic Pyramid"],"picked":"Snecko Eye"},{"not_picked":["Mark of Pain","Runic Dome"],"picked":"SacredBark"}],"items_purged_floors":[22,47],"is_endless":false,"potions_floor_spawned":[1,4,5,7,16,19,31,33,36,39,40,44,48],"killed_by":"The Heart","ascension_level":7}}