{"host":"zp8jvycvinn13jdb","time":1614364130,"event":{"mods":["BaseMod","Better Match","Colored Powertips","Downfall","Googly Eyes","Hermit","Minty Spire (QoL Compilation)","Rare Cards Sparkle","Relic Stats","StSLib","SuperFastMode","Synergy Search","The Bug Knight","The Cursed"],"gold_per_floor":[119,119,132,55,55,55,55,55,55,55,68,89,89,89,89,89,89],"floor_reached":16,"language":"ENG","playtime":429,"items_purged":[],"score":88,"play_id":"e36cbee4-cc6d-4b5e-baab-22a631eb6360","local_time":"20210226132850","is_ascension_mode":false,"campfire_choices":[{"data":"Dualcast","floor":6,"key":"SMITH"},{"data":"Capacitor","floor":8,"key":"SMITH"},{"floor":10,"key":"RECALL"},{"data":"Defend_B","floor":13,"key":"SMITH"},{"floor":15,"key":"REST"}],"circlet_count":0,"master_deck":["Strike_B","Strike_B","Strike_B","Strike_B","Defend_B","Defend_B","Defend_B+1","Defend_B","Zap+1","Dualcast+1","Redo+1","Capacitor+1"],"relics":["Cracked Core","Golden Idol","Blood Vial","HornCleat"],"acts_visited":["Exordium"],"potions_floor_usage":[],"damage_taken":[{"damage":1,"enemies":"2 Louse","floor":1,"turns":2},{"damage":1,"enemies":"Jaw Worm","floor":3,"turns":3},{"damage":0,"enemies":"Small Slimes","floor":11,"turns":2},{"damage":7,"enemies":"3 Louse","floor":12,"turns":3},{"damage":73,"enemies":"Slime Boss","floor":16,"turns":10}],"seed_played":"5935684428394672247","potions_obtained":[{"floor":3,"key":"FearPotion"},{"floor":11,"key":"Fire Potion"}],"is_trial":false,"path_per_floor":["M","?","M","$","?","R","?","R","T","R","M","M","R","?","R","B"],"character_chosen":"DEFECT","items_purchased":["Capacitor"],"campfire_rested":1,"item_purchase_floors":[4],"current_hp_per_floor":[74,69,68,68,68,68,68,68,68,68,69,62,62,50,69,0,0],"gold":89,"neow_bonus":"UPGRADE_CARD","is_daily":false,"chose_seed":false,"campfire_upgraded":3,"win_rate":0.0,"timestamp":1614364130,"path_taken":["M","?","M","$","?","R","?","R","T","R","M","?","R","?","R","BOSS"],"items_purchased_type":["Card"],"build_version":"2020-12-22","purchased_purges":0,"victory":false,"max_hp_per_floor":[75,69,69,69,69,69,69,69,69,69,69,69,69,69,69,69,69],"relic_stats":{"Blood Vial":1,"counters":[5,20],"Golden Idol":10,"obtain_stats":[{"Blood Vial":9,"HornCleat":14,"Golden Idol":2,"Cracked Core":0},{"Blood Vial":2,"HornCleat":4,"Golden Idol":1,"Cracked Core":0},{"Blood Vial":5,"HornCleat":10,"Golden Idol":2,"Cracked Core":0}]},"card_choices":[{"not_picked":["Undo","Sweeping Beam"],"picked":"Redo","floor":1},{"not_picked":["Consume","Scrape","Streamline"],"picked":"SKIP","floor":3},{"not_picked":["FTL","Gash","Capacitor"],"picked":"SKIP","floor":11},{"not_picked":["Double Energy","Compile Driver","Reinforced Body"],"picked":"SKIP","floor":12}],"player_experience":211395,"relics_obtained":[{"floor":9,"key":"Blood Vial"}],"event_choices":[{"damage_healed":0,"gold_gain":0,"player_choice":"Lose Max HP","damage_taken":0,"relics_obtained":["Golden Idol"],"max_hp_gain":0,"max_hp_loss":6,"event_name":"Golden Idol","floor":2,"gold_loss":0},{"damage_healed":0,"gold_gain":0,"player_choice":"Grow","damage_taken":0,"max_hp_gain":0,"max_hp_loss":0,"event_name":"Living Wall","floor":5,"gold_loss":0,"cards_upgraded":["Redo"]},{"damage_healed":0,"gold_gain":0,"player_choice":"Ignored","damage_taken":0,"max_hp_gain":0,"max_hp_loss":0,"event_name":"Shining Light","floor":7,"gold_loss":0},{"damage_healed":0,"gold_gain":0,"player_choice":"Success","damage_taken":12,"relics_obtained":["HornCleat"],"max_hp_gain":0,"max_hp_loss":0,"event_name":"Scrap Ooze","floor":14,"gold_loss":0}],"is_beta":false,"boss_relics":[],"items_purged_floors":[],"is_endless":false,"potions_floor_spawned":[3,11],"killed_by":"Slime Boss","ascension_level":0}}