{"host":"75labscqqrd170u0","time":1614309728,"event":{"mods":["BaseMod","Minty Spire (QoL Compilation)","Replay The Spire","StSLib"],"gold_per_floor":[112,124,124,136,311,339,62,62,88,88,106,36,74,88,88,213,213,231,231,255,296,311,311,311],"floor_reached":23,"language":"ENG","playtime":1165,"items_purged":["Doubt"],"score":201,"play_id":"e7e8f04a-6dc7-463d-8da9-037353ed4757","local_time":"20210225222208","is_ascension_mode":false,"campfire_choices":[{"floor":8,"key":"REST"}],"circlet_count":0,"master_deck":["Strike_B","Strike_B+1","Strike_B","Strike_B","Defend_B","Defend_B","Defend_B","Defend_B","Zap","Dualcast","ReplaySort","ReplayGash","Gash","Gash+1","Injury","White Noise","ReplayGash","FTL","All For One","Echo Form","Self Repair"],"relics":["Cracked Core","Juzu Bracelet","MealTicket","Regal Pillow","Golden Idol","Garlic","Nuclear Battery","Red Mask"],"acts_visited":["Exordium","TheCity"],"potions_floor_usage":[6,11,21],"damage_taken":[{"damage":0,"enemies":"Small Slimes","floor":1,"turns":2},{"damage":6,"enemies":"Jaw Worm","floor":2,"turns":3},{"damage":0,"enemies":"Cultist","floor":4,"turns":3},{"damage":45,"enemies":"Lagavulin","floor":6,"turns":7},{"damage":0,"enemies":"Large Slime","floor":11,"turns":3},{"damage":38,"enemies":"3 Sentries","floor":13,"turns":7},{"damage":14,"enemies":"Lots of Slimes","floor":14,"turns":4},{"damage":56,"enemies":"The Guardian","floor":16,"turns":9},{"damage":14,"enemies":"Spheric Guardian","floor":18,"turns":4},{"damage":0,"enemies":"Chosen","floor":20,"turns":4},{"damage":10,"enemies":"Masked Bandits","floor":21,"turns":4},{"damage":16,"enemies":"Snake Plant","floor":22,"turns":4},{"damage":61,"enemies":"Book of Stabbing","floor":23,"turns":5}],"seed_played":"5177310664747570259","potions_obtained":[{"floor":2,"key":"Ancient Potion"},{"floor":4,"key":"Fire Potion"},{"floor":16,"key":"EssenceOfSteel"},{"floor":21,"key":"SpeedPotion"},{"floor":22,"key":"BlessingOfTheForge"}],"is_trial":false,"path_per_floor":["M","M","?","M","?","E","$","R","T","?","M","$","E","M","R","B",null,"M","?","M","?","M","E"],"character_chosen":"DEFECT","items_purchased":["MealTicket","Gash","ReplayGash"],"campfire_rested":1,"item_purchase_floors":[7,7,12],"current_hp_per_floor":[82,76,76,76,76,31,31,55,55,55,55,70,32,18,57,1,82,68,68,68,65,56,0,0],"gold":311,"neow_bonus":"TEN_PERCENT_HP_BONUS","is_daily":false,"chose_seed":false,"campfire_upgraded":0,"win_rate":0.0,"timestamp":1614309728,"path_taken":["M","M","?","M","?","E","?","R","T","?","M","$","E","M","R","BOSS","M","?","M","?","M","E"],"items_purchased_type":["Relic","Card","Card"],"build_version":"2020-12-13","purchased_purges":1,"victory":false,"max_hp_per_floor":[82,82,82,82,82,82,82,82,82,82,82,82,82,82,82,82,82,82,82,82,82,82,82,82],"card_choices":[{"not_picked":["Cold Snap","Coolheaded"],"picked":"ReplaySort","floor":1},{"not_picked":["Conserve Battery","Cold Snap"],"picked":"ReplayGash","floor":2},{"not_picked":["Turbo","Sweeping Beam","Stack"],"picked":"SKIP","floor":4},{"not_picked":["Melter","Reprogram"],"picked":"Gash","floor":6},{"not_picked":["Streamline","Storm"],"picked":"White Noise","floor":11},{"not_picked":["BootSequence","ReplayTheSpireMod:System Scan"],"picked":"FTL","floor":13},{"not_picked":["Lockon","Reprogram"],"picked":"All For One","floor":14},{"not_picked":["Electrodynamics","Biased Cognition"],"picked":"Echo Form","floor":16},{"not_picked":["Streamline","Compile Driver","Panic Button"],"picked":"SKIP","floor":18},{"not_picked":["Time Bomb","Go for the Eyes"],"picked":"Self Repair","floor":20},{"not_picked":["Coolheaded","Leap+1","Steam"],"picked":"SKIP","floor":22}],"player_experience":108094,"relics_obtained":[{"floor":6,"key":"Juzu Bracelet"},{"floor":9,"key":"Regal Pillow"},{"floor":13,"key":"Garlic"},{"floor":21,"key":"Red Mask"}],"event_choices":[{"damage_healed":0,"gold_gain":175,"player_choice":"AGREE","damage_taken":0,"max_hp_gain":0,"max_hp_loss":0,"event_name":"Liars Game","floor":5,"gold_loss":0,"cards_obtained":["Doubt"]},{"damage_healed":0,"gold_gain":0,"player_choice":"Take Wound","damage_taken":0,"relics_obtained":["Golden Idol"],"max_hp_gain":0,"max_hp_loss":0,"event_name":"Golden Idol","floor":10,"gold_loss":0,"cards_obtained":["Injury"]},{"damage_healed":0,"gold_gain":0,"player_choice":"0 cards matched","damage_taken":0,"max_hp_gain":0,"max_hp_loss":0,"event_name":"Match and Keep!","floor":19,"gold_loss":0,"cards_obtained":[]},{"damage_healed":0,"gold_gain":0,"player_choice":"Fought Bandits","damage_taken":0,"max_hp_gain":0,"max_hp_loss":0,"event_name":"Masked Bandits","floor":21,"gold_loss":0}],"is_beta":false,"boss_relics":[{"not_picked":["Replay:Ancient Bell","FrozenCore"],"picked":"Nuclear Battery"}],"items_purged_floors":[7],"is_endless":false,"potions_floor_spawned":[2,4,16,21,22],"killed_by":"Book of Stabbing","ascension_level":0}}