{"host":"fbdlh90rovbiajun","time":1614297941,"event":{"mods":["AchievementEnabler","BaseMod","Colored Map","Keyboard Shortcuts","Minty Spire (QoL Compilation)","SuperFastMode"],"gold_per_floor":[118,118,118,68,68,101,101,120,120,120,131,62,87,12,12,111,111,128,28,28,128,148,173,173,187,187,218,218,237,262,289,289,390,390,415,103,119,139,139,171,183,225,225,225,251,102,102,102,102,102,102,102,51,85,85],"floor_reached":56,"language":"KOR","playtime":2031,"items_purged":["Strike_P","Defend_P","Strike_P"],"score":2258,"play_id":"7719b523-455f-4387-a365-2153d79fb862","local_time":"20210226090541","is_ascension_mode":true,"campfire_choices":[{"data":"MentalFortress","floor":7.0,"key":"SMITH"},{"data":"Vigilance","floor":10.0,"key":"SMITH"},{"floor":15.0,"key":"REST"},{"data":"Adaptation","floor":24,"key":"SMITH"},{"floor":28,"key":"RECALL"},{"data":"Halt","floor":32,"key":"SMITH"},{"data":"FearNoEvil","floor":44,"key":"SMITH"},{"floor":49,"key":"REST"},{"floor":52,"key":"REST"}],"circlet_count":0,"master_deck":["Eruption+1","Vigilance+1","MentalFortress+1","Adaptation+1","Halt+1","FearNoEvil+1"],"relics":["PureWater","Sundial","InkBottle","Regal Pillow","Empty Cage","Smiling Mask","Gremlin Horn","CeramicFish","Bag of Preparation","PreservedInsect","SlaversCollar","TeardropLocket","Nunchaku","War Paint","GoldenEye","Vajra","Ornamental Fan","Damaru"],"acts_visited":["Exordium","TheCity","TheBeyond","TheEnding"],"potions_floor_usage":[55,55],"damage_taken":[{"damage":0.0,"enemies":"Cultist","floor":1.0,"turns":3.0},{"damage":34.0,"enemies":"Lagavulin","floor":6.0,"turns":7.0},{"damage":13.0,"enemies":"Small Slimes","floor":8.0,"turns":2.0},{"damage":0.0,"enemies":"2 Louse","floor":11.0,"turns":2.0},{"damage":29.0,"enemies":"3 Sentries","floor":13.0,"turns":8.0},{"damage":11.0,"enemies":"The Guardian","floor":16.0,"turns":11.0},{"damage":0.0,"enemies":"2 Thieves","floor":18.0,"turns":3.0},{"damage":0.0,"enemies":"Chosen","floor":22.0,"turns":3.0},{"damage":10,"enemies":"Slavers","floor":23,"turns":2},{"damage":0,"enemies":"Shelled Parasite and Fungi","floor":25,"turns":2},{"damage":0,"enemies":"Gremlin Leader","floor":27,"turns":2},{"damage":0,"enemies":"Centurion and Healer","floor":29,"turns":1},{"damage":0,"enemies":"Book of Stabbing","floor":30,"turns":2},{"damage":0,"enemies":"Champ","floor":33,"turns":2},{"damage":0,"enemies":"3 Shapes","floor":35,"turns":1},{"damage":0,"enemies":"Orb Walker","floor":37,"turns":1},{"damage":0,"enemies":"4 Shapes","floor":38,"turns":1},{"damage":0,"enemies":"Reptomancer","floor":40,"turns":1},{"damage":0,"enemies":"Sphere and 2 Shapes","floor":41,"turns":1},{"damage":0,"enemies":"Nemesis","floor":42,"turns":1},{"damage":0,"enemies":"Reptomancer","floor":45,"turns":1},{"damage":0,"enemies":"Awakened One","floor":50,"turns":2},{"damage":0,"enemies":"Shield and Spear","floor":54,"turns":1},{"damage":2,"enemies":"The Heart","floor":55,"turns":3}],"seed_played":"8511270360360645947","potions_obtained":[{"floor":1.0,"key":"Regen Potion"},{"floor":6.0,"key":"Fruit Juice"},{"floor":13.0,"key":"ColorlessPotion"},{"floor":23,"key":"PowerPotion"},{"floor":27,"key":"LiquidMemories"},{"floor":29,"key":"CultistPotion"}],"is_trial":false,"path_per_floor":["M","?","$","?","?","E","R","M","T","R","M","$","E","$","R","B",null,"M","$","?","?","M","E","R","M","T","E","R","M","E","T","R","B",null,"M","$","M","M","?","E","M","E","T","R","E","$","T","?","R","B",null,"R","$","E","B",null],"character_chosen":"WATCHER","items_purchased":["Adaptation","TeardropLocket","Vajra","Swift Potion"],"campfire_rested":3,"item_purchase_floors":[12,36,46,53],"current_hp_per_floor":[65,65,65,65,65,36,36,23,23,23,23,23,9,9,45,34,61,61,61,61,61,61,51,51,51,51,51,51,51,51,51,51,51,65,65,65,65,65,65,65,65,65,65,65,65,65,65,65,66,66,66,66,66,66,64],"gold":85,"neow_bonus":"REMOVE_TWO","is_daily":false,"chose_seed":false,"campfire_upgraded":5,"win_rate":0.0,"timestamp":1614297941,"path_taken":["M","?","$","?","?","E","R","M","T","R","M","$","E","?","R","BOSS","M","$","?","?","M","E","R","?","T","E","R","M","E","?","R","BOSS","M","$","?","M","?","E","M","E","T","R","E","?","?","?","R","BOSS","R","$","E","BOSS"],"items_purchased_type":["Card","Relic","Relic","Potion"],"build_version":"2020-12-22","purchased_purges":3,"victory":true,"max_hp_per_floor":[65,65,65,65,65,70,70,70,70,70,70,70,70,70,70,70,70,70,70,70,70,70,70,70,70,70,70,70,70,70,70,70,70,70,70,70,70,70,70,70,70,70,70,70,70,70,70,66,66,66,66,66,66,66,66],"card_choices":[{"not_picked":["Crescendo","FollowUp"],"picked":"MentalFortress","floor":1.0},{"not_picked":["EmptyMind","BowlingBash","PathToVictory"],"picked":"SKIP","floor":6.0},{"not_picked":["EmptyMind","BowlingBash","PathToVictory"],"picked":"SKIP","floor":6.0},{"not_picked":["CrushJoints","Crescendo","Meditate"],"picked":"SKIP","floor":8.0},{"not_picked":["CrushJoints","Crescendo","Meditate"],"picked":"SKIP","floor":8.0},{"not_picked":["BowlingBash","JustLucky","Consecrate"],"picked":"SKIP","floor":11.0},{"not_picked":["BowlingBash","JustLucky","Consecrate"],"picked":"SKIP","floor":11.0},{"not_picked":["ReachHeaven","SashWhip","FlyingSleeves"],"picked":"SKIP","floor":13.0},{"not_picked":["ReachHeaven","SashWhip","FlyingSleeves"],"picked":"SKIP","floor":13.0},{"not_picked":["Consecrate","Worship","ClearTheMind"],"picked":"SKIP","floor":18.0},{"not_picked":["MentalFortress","JustLucky","Consecrate+1"],"picked":"SKIP","floor":22.0},{"not_picked":["CrushJoints","JustLucky","Prostrate"],"picked":"SKIP","floor":23},{"not_picked":["CrushJoints","JustLucky","Prostrate"],"picked":"SKIP","floor":23},{"not_picked":["Adaptation+1","ThirdEye+1","FlyingSleeves"],"picked":"SKIP","floor":25},{"not_picked":["Evaluate+1","CutThroughFate","MentalFortress"],"picked":"SKIP","floor":27},{"not_picked":["TalkToTheHand","Omniscience"],"picked":"Halt","floor":29},{"not_picked":["Fasting2+1","Swivel+1","Establishment"],"picked":"SKIP","floor":30},{"not_picked":["PathToVictory+1","BowlingBash"],"picked":"TalkToTheHand+1","floor":35},{"not_picked":["Worship","Nirvana","TalkToTheHand+1"],"picked":"SKIP","floor":37},{"not_picked":["FlurryOfBlows+1","Collect","WheelKick+1"],"picked":"SKIP","floor":38},{"not_picked":["CrushJoints","DevaForm","SignatureMove+1"],"picked":"SKIP","floor":40},{"not_picked":["ClearTheMind","Vengeance","PathToVictory+1"],"picked":"SKIP","floor":41},{"not_picked":["BattleHymn","ForeignInfluence+1"],"picked":"FearNoEvil","floor":42},{"not_picked":["Worship+1","BowlingBash","Ragnarok"],"picked":"SKIP","floor":45},{"not_picked":["Collect","Evaluate","BowlingBash"],"picked":"SKIP","floor":54}],"player_experience":130306,"relics_obtained":[{"floor":6.0,"key":"Sundial"},{"floor":9.0,"key":"InkBottle"},{"floor":13.0,"key":"Regal Pillow"},{"floor":23,"key":"Smiling Mask"},{"floor":26,"key":"Gremlin Horn"},{"floor":27,"key":"CeramicFish"},{"floor":30,"key":"Bag of Preparation"},{"floor":31,"key":"PreservedInsect"},{"floor":40,"key":"Nunchaku"},{"floor":42,"key":"War Paint"},{"floor":45,"key":"GoldenEye"},{"floor":47,"key":"Ornamental Fan"},{"floor":54,"key":"Damaru"}],"event_choices":[{"damage_healed":0.0,"max_hp_gain":0.0,"max_hp_loss":0.0,"gold_gain":0.0,"event_name":"Living Wall","player_choice":"Grow","floor":2.0,"gold_loss":0.0,"damage_taken":0.0,"cards_upgraded":["Eruption"]},{"cards_removed":["Defend_P"],"damage_healed":0.0,"max_hp_gain":0.0,"max_hp_loss":0.0,"gold_gain":0.0,"event_name":"The Cleric","player_choice":"Card Removal","floor":4.0,"gold_loss":50.0,"damage_taken":0.0},{"damage_healed":0.0,"max_hp_gain":0.0,"max_hp_loss":0.0,"gold_gain":0.0,"event_name":"Liars Game","player_choice":"Ignored","floor":5.0,"gold_loss":0.0,"damage_taken":0.0},{"damage_healed":0.0,"max_hp_gain":0.0,"max_hp_loss":0.0,"gold_gain":100.0,"event_name":"Golden Shrine","player_choice":"Pray","floor":21.0,"gold_loss":0.0,"damage_taken":0.0},{"cards_removed":["TalkToTheHand"],"damage_healed":0,"gold_gain":0,"player_choice":"Card Removal","damage_taken":0,"max_hp_gain":0,"max_hp_loss":0,"event_name":"Wheel of Change","floor":39,"gold_loss":0},{"damage_healed":0,"gold_gain":0,"player_choice":"Max HP","damage_taken":0,"max_hp_gain":0,"max_hp_loss":4,"event_name":"Winding Halls","floor":48,"gold_loss":0}],"is_beta":false,"boss_relics":[{"not_picked":["SacredBark","Tiny House"],"picked":"Empty Cage"},{"not_picked":["Coffee Dripper","Snecko Eye"],"picked":"SlaversCollar"}],"items_purged_floors":[14,19,36],"is_endless":false,"potions_floor_spawned":[1,6,13,23,27,29,33,35,37,38],"ascension_level":9}}