{"host":"¿à÷økuyou","time":1614330795,"event":{"mods":["ATMod(°¢èªMod)","Act Like it!","BaseMod","BetterRewards","Minty Spire (QoL Compilation)","Quick Restart","StSLib"],"gold_per_floor":[114,129,144,144,159,189,189,219,269,324,364,404,404,517,517,667,667,711,711,755,380,449,512,556,669,694,757,826,826,939,1008,1008,1208,1208,1352,1446,725,725,300,300,463,507,532,532,620,620,683,683,683,733],"floor_reached":51,"language":"ZHS","playtime":1555,"items_purged":["Eruption","Bash","Strike_R"],"score":1190,"play_id":"efa5c0c3-0261-4217-a54a-350189f14f64","local_time":"20210226171315","daily_mods":["Chimera","Time Dilation","Elite Swarm"],"is_ascension_mode":false,"campfire_choices":[{"data":"Turbo","floor":7.0,"key":"SMITH"},{"data":"AT_RightCognition","floor":15,"key":"SMITH"},{"data":"AT_RightCognition","floor":29,"key":"SMITH"},{"data":"Coolheaded","floor":32,"key":"SMITH"},{"data":"Amplify","floor":40,"key":"SMITH"},{"data":"Heatsinks","floor":44,"key":"SMITH"},{"data":"Buffer","floor":46,"key":"SMITH"},{"data":"Apotheosis","floor":49,"key":"SMITH"}],"circlet_count":0,"master_deck":["Survivor","Zap","Strike_G","Strike_B","Defend_R","Defend_G","Defend_P","AT_EmpoweredMortalDraw+1","Turbo+1","Ball Lightning","Fission","Electrodynamics","AT_WaterDrop","AT_RightCognition+1","Fission","Chill","Glacier","AT_RightCognition+1","Buffer+1","Amplify+1","Coolheaded+1","Biased Cognition","Seek","Ball Lightning+1","Coolheaded+1","AT_ThreeBodyProblem","Seek","Heatsinks+1","AT_ThunderBolt+1","Buffer","Panache","Enlightenment","Apotheosis+1"],"relics":["Cracked Core","AT_ATBox","AT_ChloranthyRing","AT_MibuBalloonWealth","Vajra","Ancient Tea Set","Golden Idol","Unceasing Top","AT_TrinityForce","AT_RabadonDeathcap","AT_Kusabimaru","Dream Catcher","Boot","Shuriken","Tiny Chest","Nuclear Battery","Question Card","Torii","Potion Belt","Pen Nib","Regal Pillow","AT_SpeedBoots","Incense Burner","Kunai"],"acts_visited":["Exordium","TheCity","TheBeyond"],"potions_floor_usage":[14,33],"damage_taken":[{"damage":0.0,"enemies":"2 Louse","floor":1.0,"turns":1.0},{"damage":0.0,"enemies":"Small Slimes","floor":2.0,"turns":2.0},{"damage":6.0,"enemies":"Jaw Worm","floor":3.0,"turns":2.0},{"damage":3.0,"enemies":"3 Louse","floor":5.0,"turns":2.0},{"damage":0.0,"enemies":"Gremlin Nob","floor":6.0,"turns":2.0},{"damage":0.0,"enemies":"3 Sentries","floor":8.0,"turns":1.0},{"damage":11,"enemies":"Gremlin Nob","floor":10,"turns":3},{"damage":5,"enemies":"Looter","floor":11,"turns":2},{"damage":0,"enemies":"Blue Slaver","floor":12,"turns":1},{"damage":0,"enemies":"3 Sentries","floor":14,"turns":1},{"damage":0,"enemies":"The Guardian","floor":16,"turns":9},{"damage":0,"enemies":"Spheric Guardian","floor":18,"turns":2},{"damage":0,"enemies":"Shell Parasite","floor":20,"turns":2},{"damage":0,"enemies":"Cultist and Chosen","floor":22,"turns":2},{"damage":16,"enemies":"Book of Stabbing","floor":23,"turns":4},{"damage":9,"enemies":"Snecko","floor":24,"turns":3},{"damage":7,"enemies":"Slavers","floor":25,"turns":3},{"damage":4,"enemies":"Book of Stabbing","floor":27,"turns":5},{"damage":0,"enemies":"Shelled Parasite and Fungi","floor":28,"turns":1},{"damage":16,"enemies":"Slavers","floor":30,"turns":4},{"damage":0,"enemies":"Centurion and Healer","floor":31,"turns":5},{"damage":0,"enemies":"Automaton","floor":33,"turns":9},{"damage":0,"enemies":"3 Darklings","floor":35,"turns":2},{"damage":0,"enemies":"3 Shapes","floor":36,"turns":1},{"damage":9,"enemies":"Reptomancer","floor":41,"turns":5},{"damage":0,"enemies":"Writhing Mass","floor":42,"turns":1},{"damage":0,"enemies":"Mind Bloom Boss Battle","floor":45,"turns":3},{"damage":0,"enemies":"Giant Head","floor":47,"turns":5},{"damage":0,"enemies":"Donu and Deca","floor":50,"turns":2}],"seed_played":"4728103701414758894","potions_obtained":[{"floor":2.0,"key":"SteroidPotion"},{"floor":3.0,"key":"Swift Potion"},{"floor":6.0,"key":"FocusPotion"},{"floor":11,"key":"Fruit Juice"},{"floor":14,"key":"CultistPotion"},{"floor":28,"key":"SkillPotion"},{"floor":42,"key":"Weak Potion"},{"floor":47,"key":"Swift Potion"}],"is_trial":false,"path_per_floor":["M","M","M","?","M","E","R","E","T","E","M","M","?","E","R","B",null,"M","?","M","$","M","E","M","E","T","E","M","R","E","M","R","B",null,"M","M","$","?","$","R","E","M","T","R","?","R","E","?","R","B",null],"character_chosen":"DEFECT","items_purchased":["AT_RabadonDeathcap","AT_ThreeBodyProblem","Question Card","Torii","Potion Belt","Pen Nib"],"campfire_rested":0,"item_purchase_floors":[21,37,37,37,39,39],"current_hp_per_floor":[75,75,69,69,66,66,66,66,66,55,50,50,32,37,37,37,80,80,80,80,80,80,64,55,48,48,44,44,44,28,28,28,28,80,80,80,80,80,80,80,71,71,71,71,71,71,71,61,61,61],"gold":733,"neow_bonus":"","is_daily":true,"chose_seed":false,"campfire_upgraded":8,"win_rate":0.0,"timestamp":1614330795,"path_taken":["M","M","M","?","M","E","R","E","T","E","M","M","?","E","R","BOSS","M","?","M","$","M","E","M","E","T","E","M","R","E","M","R","BOSS","M","M","$","?","$","R","E","M","T","R","?","R","E","?","R","BOSS"],"items_purchased_type":["Relic","Card","Relic","Relic","Relic","Relic"],"build_version":"2020-12-18","purchased_purges":3,"victory":true,"max_hp_per_floor":[75,75,75,75,75,75,75,75,75,75,75,75,75,80,80,80,80,80,80,80,80,80,80,80,80,80,80,80,80,80,80,80,80,80,80,80,80,80,80,80,80,80,80,80,80,80,80,80,80,80],"card_choices":[{"not_picked":["Beam Cell","AT_StudyProgram"],"picked":"Turbo","floor":1.0},{"not_picked":["Beam Cell","Turbo","Tempest"],"picked":"SKIP","floor":2.0},{"not_picked":["Streamline","AT_HeatAcrobatics","Turbo"],"picked":"SKIP","floor":3.0},{"not_picked":["Force Field","Aggregate"],"picked":"Ball Lightning","floor":5.0},{"not_picked":["Buffer","Core Surge"],"picked":"Fission","floor":6.0},{"not_picked":["AT_WaterDrop","Rainbow"],"picked":"Electrodynamics","floor":8.0},{"not_picked":["Seek","Meteor Strike"],"picked":"AT_WaterDrop","floor":10},{"not_picked":["AT_RobotInSpace","Barrage","Auto Shields"],"picked":"SKIP","floor":11},{"not_picked":["Streamline","Beam Cell","Rip and Tear"],"picked":"SKIP","floor":12},{"not_picked":["Seek","Biased Cognition"],"picked":"AT_RightCognition","floor":14},{"not_picked":["AT_WaterDrop","Machine Learning"],"picked":"Fission","floor":16},{"not_picked":["Undo","Conserve Battery"],"picked":"Chill","floor":18},{"not_picked":["Gash","Redo","Rebound"],"picked":"SKIP","floor":20},{"not_picked":["Turbo+1","Chaos+1","Consume+1"],"picked":"SKIP","floor":22},{"not_picked":["Biased Cognition","Buffer"],"picked":"AT_RightCognition","floor":23},{"not_picked":["Redo+1","Doom and Gloom","Gash"],"picked":"SKIP","floor":24},{"not_picked":["Hyperbeam","Biased Cognition"],"picked":"Buffer","floor":25},{"not_picked":["AT_WaterDrop","Buffer"],"picked":"Amplify","floor":27},{"not_picked":["Compile Driver","Chaos"],"picked":"Coolheaded","floor":28},{"not_picked":["Electrodynamics","Thunder Strike"],"picked":"Biased Cognition","floor":30},{"not_picked":["Go for the Eyes","Conserve Battery","Compile Driver+1"],"picked":"SKIP","floor":31},{"not_picked":["All For One","AT_WaterDrop"],"picked":"Seek","floor":33},{"not_picked":["Go for the Eyes","Barrage"],"picked":"Ball Lightning+1","floor":35},{"not_picked":["Sunder+1","Scrape+1"],"picked":"Coolheaded+1","floor":36},{"not_picked":["All For One","Electrodynamics","Biased Cognition"],"picked":"Seek","floor":41},{"not_picked":["Scrape+1","Sunder","Compile Driver"],"picked":"Heatsinks","floor":42},{"not_picked":["Compile Driver+1","Aggregate+1","FTL"],"picked":"AT_ThunderBolt+1","floor":45},{"not_picked":["Thunder Strike","Multi-Cast","All For One"],"picked":"Buffer","floor":47},{"not_picked":["AT_PowerWithin","Dramatic Entrance","PanicButton"],"picked":"Panache","floor":48},{"not_picked":["AT_TearsDenial","Good Instincts","Flash of Steel"],"picked":"Enlightenment","floor":48},{"not_picked":["Forethought","Purity","Chrysalis"],"picked":"Apotheosis","floor":48}],"player_experience":227175,"relics_obtained":[{"floor":6.0,"key":"AT_ChloranthyRing"},{"floor":8.0,"key":"AT_MibuBalloonWealth"},{"floor":9.0,"key":"Vajra"},{"floor":10,"key":"Ancient Tea Set"},{"floor":14,"key":"Unceasing Top"},{"floor":23,"key":"AT_Kusabimaru"},{"floor":25,"key":"Dream Catcher"},{"floor":26,"key":"Boot"},{"floor":27,"key":"Shuriken"},{"floor":30,"key":"Tiny Chest"},{"floor":41,"key":"Regal Pillow"},{"floor":43,"key":"AT_SpeedBoots"},{"floor":45,"key":"Incense Burner"},{"floor":47,"key":"Kunai"}],"event_choices":[{"damage_healed":0.0,"max_hp_gain":0.0,"max_hp_loss":0.0,"gold_gain":0.0,"event_name":"Living Wall","player_choice":"Grow","floor":4.0,"gold_loss":0.0,"damage_taken":0.0,"cards_upgraded":["AT_EmpoweredMortalDraw"]},{"damage_healed":0,"gold_gain":0,"player_choice":"Take Damage","damage_taken":18,"relics_obtained":["Golden Idol"],"max_hp_gain":0,"max_hp_loss":0,"event_name":"Golden Idol","floor":13,"gold_loss":0},{"damage_healed":0,"gold_gain":0,"player_choice":"Read","damage_taken":0,"max_hp_gain":0,"max_hp_loss":0,"event_name":"The Library","floor":19,"gold_loss":0,"cards_obtained":["Glacier"]},{"damage_healed":0,"gold_gain":0,"player_choice":"Ignored","damage_taken":0,"max_hp_gain":0,"max_hp_loss":0,"event_name":"Tomb of Lord Red Mask","floor":38,"gold_loss":0},{"damage_healed":0,"gold_gain":0,"player_choice":"Fight","damage_taken":0,"max_hp_gain":0,"max_hp_loss":0,"event_name":"MindBloom","floor":45,"gold_loss":0},{"damage_healed":0,"gold_gain":0,"player_choice":"Memory 3","damage_taken":10,"max_hp_gain":0,"max_hp_loss":0,"event_name":"SensoryStone","floor":48,"gold_loss":0}],"is_beta":true,"boss_relics":[{"not_picked":["Runic Dome","AT_MortalBlade"],"picked":"AT_TrinityForce"},{"not_picked":["Velvet Choker","Tiny House"],"picked":"Nuclear Battery"}],"items_purged_floors":[21,37,39],"is_endless":false,"potions_floor_spawned":[2,3,6,11,14,20,23,27,28,31,42,47],"ascension_level":0}}