{"host":"kcg3v0hgymzitgl9","time":1614351568,"event":{"mods":["BaseMod","Colored Map","Minty Spire (QoL Compilation)","Relic Stats","Weighted Paths"],"gold_per_floor":[113,131,150,75,25,51,51,69,69,83,101,101,115,129,129,230,230,249,261,279,179,179,208,224,241,241,68,68,93,112,26,26,126,126,142,153,168,100,100,100,127,144,216,236,256,266,29,48,48,48,48],"floor_reached":50,"language":"ENG","playtime":3324,"items_purged":["Strike_R","Strike_R","Defend_R"],"score":549,"play_id":"5cc83b04-7d7b-4c4f-b15e-ded10324d0af","local_time":"20210227015928","is_ascension_mode":false,"campfire_choices":[{"data":"Rage","floor":7.0,"key":"SMITH"},{"data":"Armaments","floor":12.0,"key":"SMITH"},{"data":"Pommel Strike","floor":15.0,"key":"SMITH"},{"data":"Whirlwind","floor":28.0,"key":"SMITH"},{"floor":32.0,"key":"REST"},{"data":"Body Slam","floor":40.0,"key":"SMITH"},{"floor":49,"key":"REST"}],"circlet_count":0,"master_deck":["Strike_R","Strike_R","Strike_R","Defend_R","Bash","Rage+1","Pommel Strike+1","Inflame","Flex","Inflame","Body Slam","Armaments+1","Iron Wave","Demon Form","Sword Boomerang","Body Slam+1","Whirlwind+1","Twin Strike","Good Instincts","Impervious","Intimidate","Iron Wave+1","Entrench+1","Sword Boomerang","True Grit","Pommel Strike+1","Rage","Metallicize","Magnetism","Iron Wave+1"],"relics":["Burning Blood","Vajra","Pear","Singing Bowl","Runic Cube","White Beast Statue","Bag of Marbles","Bag of Preparation","Philosopher\u0027s Stone","Torii","Shuriken"],"acts_visited":["Exordium","TheCity","TheBeyond"],"potions_floor_usage":[48],"damage_taken":[{"damage":0.0,"enemies":"Small Slimes","floor":1.0,"turns":3.0},{"damage":0.0,"enemies":"Jaw Worm","floor":2.0,"turns":3.0},{"damage":0.0,"enemies":"Cultist","floor":3.0,"turns":4.0},{"damage":45.0,"enemies":"3 Sentries","floor":6.0,"turns":12.0},{"damage":1.0,"enemies":"3 Louse","floor":8.0,"turns":4.0},{"damage":2.0,"enemies":"Blue Slaver","floor":10.0,"turns":3.0},{"damage":4.0,"enemies":"Exordium Wildlife","floor":11.0,"turns":3.0},{"damage":0.0,"enemies":"Large Slime","floor":13.0,"turns":4.0},{"damage":5.0,"enemies":"Lots of Slimes","floor":14.0,"turns":4.0},{"damage":14.0,"enemies":"The Guardian","floor":16.0,"turns":9.0},{"damage":19.0,"enemies":"Shell Parasite","floor":18.0,"turns":5.0},{"damage":11.0,"enemies":"Chosen","floor":19.0,"turns":5.0},{"damage":13.0,"enemies":"Snecko","floor":20.0,"turns":5.0},{"damage":26.0,"enemies":"Slavers","floor":23.0,"turns":6.0},{"damage":24.0,"enemies":"Shelled Parasite and Fungi","floor":24.0,"turns":6.0},{"damage":14.0,"enemies":"Centurion and Healer","floor":25.0,"turns":3.0},{"damage":50.0,"enemies":"Gremlin Leader","floor":29.0,"turns":7.0},{"damage":1.0,"enemies":"Chosen and Byrds","floor":30.0,"turns":5.0},{"damage":88.0,"enemies":"Collector","floor":33.0,"turns":9.0},{"damage":20.0,"enemies":"3 Darklings","floor":35.0,"turns":3.0},{"damage":0.0,"enemies":"Orb Walker","floor":36.0,"turns":3.0},{"damage":3.0,"enemies":"Spire Growth","floor":37.0,"turns":4.0},{"damage":50.0,"enemies":"Reptomancer","floor":41.0,"turns":7.0},{"damage":0.0,"enemies":"4 Shapes","floor":42.0,"turns":2.0},{"damage":19.0,"enemies":"Transient","floor":44.0,"turns":5.0},{"damage":1.0,"enemies":"Spire Growth","floor":45.0,"turns":4.0},{"damage":13.0,"enemies":"4 Shapes","floor":46.0,"turns":5.0},{"damage":11,"enemies":"3 Darklings","floor":48,"turns":4},{"damage":0,"enemies":"Awakened One","floor":50,"turns":2}],"seed_played":"2872185777667075491","potions_obtained":[{"floor":3.0,"key":"Weak Potion"},{"floor":6.0,"key":"SteroidPotion"},{"floor":8.0,"key":"BloodPotion"},{"floor":11.0,"key":"GamblersBrew"},{"floor":14.0,"key":"ColorlessPotion"},{"floor":18.0,"key":"FearPotion"},{"floor":23.0,"key":"FairyPotion"},{"floor":24.0,"key":"Fire Potion"},{"floor":25.0,"key":"GamblersBrew"},{"floor":29.0,"key":"ElixirPotion"},{"floor":30.0,"key":"Ancient Potion"},{"floor":33.0,"key":"PowerPotion"},{"floor":35.0,"key":"Fire Potion"},{"floor":36.0,"key":"ColorlessPotion"},{"floor":37.0,"key":"Fire Potion"},{"floor":41.0,"key":"Energy Potion"},{"floor":42.0,"key":"Fruit Juice"},{"floor":44.0,"key":"Regen Potion"},{"floor":45.0,"key":"Block Potion"},{"floor":46.0,"key":"GamblersBrew"},{"floor":48,"key":"BlessingOfTheForge"}],"is_trial":false,"path_per_floor":["M","M","M","$","?","E","R","M","T","M","M","R","M","M","R","B",null,"M","M","M","$","?","E","M","M","T","$","R","E","M","$","R","B",null,"M","M","M","$","?","R","E","M","T","M","M","M","$","M","R","B"],"character_chosen":"IRONCLAD","items_purchased":["BloodPotion","Good Instincts","Sword Boomerang","True Grit","Magnetism","Dexterity Potion"],"campfire_rested":2,"item_purchase_floors":[27,31,38,38,47,47],"current_hp_per_floor":[80,80,80,80,80,51,51,56,56,60,62,62,68,71,71,63,92,79,74,69,69,69,69,51,45,45,45,64,20,27,27,57,18,100,86,92,95,95,95,95,51,62,62,51,68,63,63,58,90,90,90],"gold":48,"neow_bonus":"RANDOM_COMMON_RELIC","is_daily":false,"chose_seed":false,"campfire_upgraded":5,"win_rate":0.0,"timestamp":1614351568,"path_taken":["M","M","M","$","?","E","R","M","T","M","M","R","M","M","R","BOSS","M","M","M","$","?","E","M","M","T","$","R","E","M","$","R","BOSS","M","M","M","$","?","R","E","M","T","?","M","M","$","M","R","BOSS"],"items_purchased_type":["Potion","Card","Card","Card","Card","Potion"],"build_version":"2020-12-22","purchased_purges":3,"victory":false,"max_hp_per_floor":[80,80,80,80,80,90,90,90,90,90,90,90,90,92,92,92,92,92,92,94,94,94,96,96,98,98,98,98,98,100,100,100,100,100,100,100,100,100,100,100,100,105,105,107,107,109,109,109,109,109,109],"relic_stats":{"Singing Bowl":14,"Torii":8,"counters":[29,139],"Shuriken":[8],"Bag of Preparation":[24],"obtain_stats":[{"Pear":6,"Singing Bowl":9,"Torii":41,"Shuriken":43,"Vajra":0,"Philosopher\u0027s Stone":34,"Bag of Marbles":26,"Bag of Preparation":29,"Burning Blood":0,"White Beast Statue":23,"Runic Cube":17},{"Pear":4,"Singing Bowl":5,"Torii":23,"Shuriken":24,"Vajra":0,"Philosopher\u0027s Stone":19,"Bag of Marbles":16,"Bag of Preparation":17,"Burning Blood":0,"White Beast Statue":14,"Runic Cube":10},{"Pear":22,"Singing Bowl":26,"Torii":117,"Shuriken":119,"Vajra":0,"Philosopher\u0027s Stone":100,"Bag of Marbles":79,"Bag of Preparation":86,"Burning Blood":0,"White Beast Statue":70,"Runic Cube":49}],"Burning Blood":150,"Runic Cube":[48]},"card_choices":[{"not_picked":["Twin Strike","Second Wind"],"picked":"Rage","floor":1.0},{"not_picked":["Battle Trance","Havoc"],"picked":"Pommel Strike","floor":2.0},{"not_picked":["Sword Boomerang","Reckless Charge"],"picked":"Inflame","floor":3.0},{"not_picked":["Hemokinesis","True Grit"],"picked":"Flex","floor":6.0},{"not_picked":["Anger","Twin Strike"],"picked":"Inflame","floor":8.0},{"not_picked":["Evolve","Sever Soul"],"picked":"Body Slam","floor":10.0},{"not_picked":["Heavy Blade","Body Slam"],"picked":"Armaments","floor":11.0},{"not_picked":["Uppercut","Combust"],"picked":"Iron Wave","floor":13.0},{"not_picked":["Evolve","Wild Strike","Anger"],"picked":"Singing Bowl","floor":14.0},{"not_picked":["Exhume","Offering"],"picked":"Demon Form","floor":16.0},{"not_picked":["Feel No Pain","Heavy Blade"],"picked":"Sword Boomerang","floor":18.0},{"not_picked":["Uppercut+1","Anger"],"picked":"Body Slam","floor":19.0},{"not_picked":["Dual Wield+1","True Grit","Clash"],"picked":"Singing Bowl","floor":20.0},{"not_picked":["Sever Soul","Body Slam","Perfected Strike"],"picked":"Singing Bowl","floor":23.0},{"not_picked":["Rampage","Inflame"],"picked":"Whirlwind","floor":24.0},{"not_picked":["Entrench","Second Wind","Perfected Strike+1"],"picked":"Singing Bowl","floor":25.0},{"not_picked":["Clothesline+1","Armaments"],"picked":"Twin Strike","floor":29.0},{"not_picked":["Havoc","Perfected Strike","Thunderclap"],"picked":"Singing Bowl","floor":30.0},{"not_picked":["Fiend Fire","Offering"],"picked":"Impervious","floor":33.0},{"not_picked":["Evolve","Thunderclap+1"],"picked":"Intimidate","floor":35.0},{"not_picked":["Dark Embrace","Flex+1"],"picked":"Iron Wave+1","floor":36.0},{"not_picked":["Cleave+1","Clothesline"],"picked":"Entrench+1","floor":37.0},{"not_picked":["Body Slam+1","Sentinel+1"],"picked":"Pommel Strike+1","floor":41.0},{"not_picked":["Iron Wave+1","Wild Strike+1"],"picked":"Rage","floor":42.0},{"not_picked":["Uppercut+1","Pommel Strike","Sword Boomerang"],"picked":"Singing Bowl","floor":44.0},{"not_picked":["Cleave+1","Juggernaut"],"picked":"Metallicize","floor":45.0},{"not_picked":["Warcry","Sword Boomerang+1","Body Slam"],"picked":"Singing Bowl","floor":46.0},{"not_picked":["Pommel Strike","Clothesline"],"picked":"Iron Wave+1","floor":48}],"player_experience":345500,"relics_obtained":[{"floor":6.0,"key":"Pear"},{"floor":9.0,"key":"Singing Bowl"},{"floor":23.0,"key":"White Beast Statue"},{"floor":26.0,"key":"Bag of Marbles"},{"floor":29.0,"key":"Bag of Preparation"},{"floor":41.0,"key":"Torii"},{"floor":43.0,"key":"Shuriken"}],"event_choices":[{"cards_removed":["Defend_R"],"damage_healed":0.0,"max_hp_gain":0.0,"max_hp_loss":0.0,"gold_gain":0.0,"event_name":"The Cleric","player_choice":"Card Removal","floor":5.0,"gold_loss":50.0,"damage_taken":0.0},{"damage_healed":0.0,"max_hp_gain":0.0,"max_hp_loss":0.0,"gold_gain":0.0,"event_name":"Cursed Tome","player_choice":"Ignored","floor":22.0,"gold_loss":0.0,"damage_taken":0.0},{"cards_removed":["Defend_R"],"damage_healed":0.0,"max_hp_gain":0.0,"max_hp_loss":0.0,"gold_gain":0.0,"event_name":"Purifier","player_choice":"Purged","floor":39.0,"gold_loss":0.0,"damage_taken":0.0}],"is_beta":false,"boss_relics":[{"not_picked":["Snecko Eye","Calling Bell"],"picked":"Runic Cube"},{"not_picked":["SlaversCollar","Sozu"],"picked":"Philosopher\u0027s Stone"}],"items_purged_floors":[4,21,27],"is_endless":false,"potions_floor_spawned":[3,6,8,11,14,18,19,23,24,25,29,30,33,35,36,37,41,42,44,45,46,48],"killed_by":"Awakened One","ascension_level":0}}