{"host":"75labscqqrd170u0","time":1614305835,"event":{"mods":["BaseMod","Minty Spire (QoL Compilation)","Replay The Spire","StSLib"],"gold_per_floor":[115,129,181,201,201,244,244,263,563,21,41,62,62,349,361,502,514,546,573,598,4,4,4],"floor_reached":22,"language":"ENG","playtime":1144,"items_purged":["Injury","Regret"],"score":238,"play_id":"fa1a7ef4-1497-4ee9-899a-6511e062a717","local_time":"20210225211715","is_ascension_mode":false,"campfire_choices":[{"floor":7.0,"key":"REST"},{"data":"Night Terror","floor":15.0,"key":"SMITH"}],"circlet_count":0,"master_deck":["Strike_G","Strike_G","Strike_G","Strike_G","Strike_G","Defend_G","Defend_G","Defend_G","Defend_G","Defend_G","Survivor","Neutralize","Noxious Fumes","Deadly Poison","Deadly Poison","Deadly Poison","Backflip","Fluid Movement","Night Terror+1","Poisoned Stab","Die Die Die","Acrobatics","Dodge and Roll"],"relics":["Ring of the Snake","Darkstone Periapt","Golden Idol","Divine Protection","Old Coin","Matryoshka","MawBank","HoveringKite","Meat on the Bone","Ninja Scroll"],"acts_visited":["Exordium","TheCity"],"potions_floor_usage":[22,22],"damage_taken":[{"damage":0.0,"enemies":"2 Louse","floor":1.0,"turns":3.0},{"damage":0.0,"enemies":"Jaw Worm","floor":2.0,"turns":6.0},{"damage":0.0,"enemies":"Cultist","floor":4.0,"turns":4.0},{"damage":33.0,"enemies":"3 Sentries","floor":6.0,"turns":8.0},{"damage":0.0,"enemies":"Red Slaver","floor":8.0,"turns":4.0},{"damage":0.0,"enemies":"Looter","floor":11.0,"turns":4.0},{"damage":0.0,"enemies":"Lots of Slimes","floor":12.0,"turns":4.0},{"damage":43.0,"enemies":"Hexaghost","floor":16.0,"turns":9.0},{"damage":13,"enemies":"Spheric Guardian","floor":18,"turns":4},{"damage":13,"enemies":"Chosen","floor":19,"turns":5},{"damage":45,"enemies":"Centurion and Healer","floor":20,"turns":6},{"damage":23,"enemies":"Snecko","floor":22,"turns":4}],"seed_played":"6844317589226946307","potions_obtained":[{"floor":1.0,"key":"SteroidPotion"},{"floor":11.0,"key":"Energy Potion"},{"floor":16.0,"key":"Swift Potion"}],"is_trial":false,"path_per_floor":["M","M","?","M","?","E","R","M","T","$","M","M","T","?","R","B",null,"M","M","M","$","M"],"character_chosen":"THE_SILENT","items_purchased":["Matryoshka","Fluid Movement","Night Terror","Meat on the Bone","Ninja Scroll"],"campfire_rested":1,"item_purchase_floors":[10,10,10,21,21],"current_hp_per_floor":[77,77,47,47,53,20,44,44,44,44,44,44,44,50,50,7,89,76,63,18,18,0,0],"gold":4,"neow_bonus":"TEN_PERCENT_HP_BONUS","is_daily":false,"chose_seed":false,"campfire_upgraded":1,"win_rate":0.0,"timestamp":1614305835,"path_taken":["M","M","?","M","?","E","R","M","T","$","M","M","?","?","R","BOSS","M","?","M","?","M"],"items_purchased_type":["Relic","Card","Card","Relic","Relic"],"build_version":"2020-12-13","purchased_purges":2,"victory":false,"max_hp_per_floor":[77,77,77,77,83,83,83,83,83,83,83,83,83,89,89,89,89,89,89,89,89,89,89],"card_choices":[{"not_picked":["Cloak And Dagger","Prepared"],"picked":"Noxious Fumes","floor":1.0},{"not_picked":["Cloak And Dagger","Sucker Punch"],"picked":"Deadly Poison","floor":2.0},{"not_picked":["Infinite Blades","Dodge and Roll"],"picked":"Deadly Poison","floor":3.0},{"not_picked":["PiercingWail","Cloak And Dagger","Storm of Steel"],"picked":"SKIP","floor":4.0},{"not_picked":["Slice","Escape Plan"],"picked":"Deadly Poison","floor":6.0},{"not_picked":["Hidden Blade","Dodge and Roll"],"picked":"Backflip","floor":8.0},{"not_picked":["Deadly Poison","Hidden Blade"],"picked":"Poisoned Stab","floor":11.0},{"not_picked":["Outmaneuver","Quick Slash","Bane"],"picked":"SKIP","floor":12.0},{"not_picked":["Bullet Time","Storm of Steel"],"picked":"Die Die Die","floor":16.0},{"not_picked":["Flying Knee","ReplayTheSpireMod:The Works"],"picked":"Acrobatics","floor":18},{"not_picked":["Sneak Up","Cloak And Dagger","Slice+1"],"picked":"SKIP","floor":19},{"not_picked":["Sneak Up","Quick Slash"],"picked":"Dodge and Roll","floor":20}],"player_experience":106030,"relics_obtained":[{"floor":3.0,"key":"Darkstone Periapt"},{"floor":6.0,"key":"Divine Protection"},{"floor":9.0,"key":"Old Coin"},{"floor":13.0,"key":"MawBank"}],"event_choices":[{"damage_healed":0.0,"max_hp_gain":0.0,"max_hp_loss":0.0,"gold_gain":0.0,"event_name":"Golden Idol","player_choice":"Take Wound","floor":5.0,"gold_loss":0.0,"damage_taken":0.0,"relics_obtained":["Golden Idol"],"cards_obtained":["Injury"]},{"damage_healed":0.0,"max_hp_gain":0.0,"max_hp_loss":0.0,"gold_gain":275.0,"event_name":"Golden Shrine","player_choice":"Desecrate","floor":14.0,"gold_loss":0.0,"damage_taken":0.0,"cards_obtained":["Regret"]}],"is_beta":false,"boss_relics":[{"not_picked":["ReplayTheSpireMod:DimensionalGlitch","Kintsugi"],"picked":"HoveringKite"}],"items_purged_floors":[10,21],"is_endless":false,"potions_floor_spawned":[1,11,16],"killed_by":"Snecko","ascension_level":0}}