{"host":"weghyrtrhzwgovqi","time":1614322919,"event":{"mods":["BaseMod","Defuse TimeMaze Blight","Library of Ruina","Library of Ruina Extra","Lobotomy","LobotomyExtend","Minty Spire (QoL Compilation)","StSLib","Uncapped","UnlockEverythingMod","noobMod"],"gold_per_floor":[112,112,187,137,147,172,190,201,201,201,201,224,262,574,586,694,706,718,730,111,111,111,111],"floor_reached":22,"language":"ZHS","playtime":900,"items_purged":["LightDefense"],"score":290,"play_id":"b45a56f1-8883-44ad-8876-fa05a987f64e","local_time":"20210226150159","is_ascension_mode":false,"campfire_choices":[{"data":"CrackOfDawn","floor":15,"key":"SMITH"}],"circlet_count":0,"master_deck":["WhiteNight","Dodge","LightDefense","LightAttack","HereticApostle","LightDefense","LightDefense","ChargeAndCover","HighKick+1","Unlock1+1","UnforgettableMelody+1","CrackOfDawn+1","SilentNight+1"],"relics":["PageOfLibrarian","ice","CogitoBucket","LetterFromLob","Singing Bowl","Eternal Feather","MawBank","BackwardClock","PageOfSnowWhitesApple","Old Coin","Black Star","Moonlight_r","LaetitiaHeart","DeathAngel","OrangePellets","Kunai","Potion Belt"],"acts_visited":["Exordium","TheCity"],"potions_floor_usage":[],"damage_taken":[{"damage":9,"enemies":"Jaw Worm","floor":1,"turns":3},{"damage":1,"enemies":"2 Louse","floor":5,"turns":3},{"damage":0,"enemies":"Gremlin Nob","floor":6,"turns":3},{"damage":0,"enemies":"Small Slimes","floor":7,"turns":3},{"damage":19,"enemies":"3 Louse","floor":8,"turns":3},{"damage":7,"enemies":"Exordium Thugs","floor":12,"turns":7},{"damage":9,"enemies":"Lagavulin","floor":13,"turns":3},{"damage":4,"enemies":"The Guardian","floor":16,"turns":6},{"damage":0,"enemies":"3 Byrds","floor":18,"turns":1},{"damage":4,"enemies":"3 Byrds","floor":18,"turns":2},{"damage":182,"enemies":"3 Byrds","floor":19,"turns":18}],"seed_played":"4590085395231600028","potions_obtained":[{"floor":5,"key":"Explosive Potion"},{"floor":6,"key":"Swift Potion"},{"floor":7,"key":"Strength Potion"}],"is_trial":false,"path_per_floor":["M","?","?","?","M","E","M","M","T","?","?","M","E","T","R","B",null,"M","M","$","?","?"],"character_chosen":"Librarian","items_purchased":["OrangePellets","Kunai","Potion Belt"],"campfire_rested":0,"item_purchase_floors":[20,20,20],"current_hp_per_floor":[51,56,45,45,44,46,46,27,27,27,9,79,72,72,78,74,74,56,84,84,84,0,0],"gold":111,"neow_bonus":"","is_daily":false,"chose_seed":false,"campfire_upgraded":1,"win_rate":0.0,"timestamp":1614322919,"path_taken":["M","?","?","?","M","E","M","M","T","?","?","M","E","?","R","BOSS","M","M","$","?","?"],"items_purchased_type":["Relic","Relic","Relic"],"build_version":"2020-12-22","purchased_purges":1,"victory":false,"max_hp_per_floor":[68,73,73,73,84,77,70,77,77,77,77,87,97,97,98,97,97,98,129,129,129,129,129],"card_choices":[{"not_picked":["FleetFootsteps","DestructiveImpact","StrongStrike"],"picked":"HighKick","floor":1},{"not_picked":["LaLuna","Bloodbath","Yin"],"picked":"Singing Bowl","floor":5},{"not_picked":["ShockingBlow","FleetFootsteps","HighKick"],"picked":"Unlock1","floor":5},{"not_picked":["Funeral","HeroicMonk","NakedNest"],"picked":"Singing Bowl","floor":6},{"not_picked":["WildCard","DarkCloud","RepressedFlesh","FleetFootsteps"],"picked":"Singing Bowl","floor":6},{"not_picked":["WallGazer","ShyLook","BeautyBeast"],"picked":"Singing Bowl","floor":7},{"not_picked":["EnergyCycle","ViolentFlame","Pound"],"picked":"UnforgettableMelody","floor":7},{"not_picked":["LittleHelper","MHz","SilentOrchestra"],"picked":"Singing Bowl","floor":8},{"not_picked":["MultiHit","Brawl","DefenseOrder"],"picked":"CrackOfDawn","floor":8},{"not_picked":["NakedNest","Scorched","BlackSwan"],"picked":"Singing Bowl","floor":12},{"not_picked":["HandleRequest","HighKick","UpbeatPerformance","DarkCloud"],"picked":"Singing Bowl","floor":12},{"not_picked":["UniverseFragment","SpiderBud","ShyLook"],"picked":"Singing Bowl","floor":13},{"not_picked":["MultiBlock","TieShanKao","HandleRequest","DefenseOrder"],"picked":"Singing Bowl","floor":13},{"not_picked":["CherryBlossoms","Scorched"],"picked":"WhiteNight","floor":16},{"not_picked":["TieShanKao","Decapitation"],"picked":"SilentNight","floor":16},{"not_picked":["LittlePrince","Murderer","CherryBlossoms"],"picked":"Singing Bowl","floor":19},{"not_picked":["CircusKnives+1","FleetFootsteps","Unlock1","Parry2+1"],"picked":"Singing Bowl","floor":19}],"player_experience":125844,"relics_obtained":[{"floor":1,"key":"LetterFromLob"},{"floor":6,"key":"Singing Bowl"},{"floor":9,"key":"Eternal Feather"},{"floor":13,"key":"PageOfSnowWhitesApple"},{"floor":14,"key":"Old Coin"},{"floor":19,"key":"DeathAngel"}],"event_choices":[{"damage_healed":0,"gold_gain":0,"player_choice":"Donut","damage_taken":0,"max_hp_gain":5,"max_hp_loss":0,"event_name":"Big Fish","floor":2,"gold_loss":0},{"damage_healed":0,"gold_gain":75,"player_choice":"Gather Gold","damage_taken":11,"max_hp_gain":0,"max_hp_loss":0,"event_name":"World of Goop","floor":3,"gold_loss":0},{"cards_removed":["FocusedStrikes"],"damage_healed":0,"gold_gain":0,"player_choice":"Card Removal","damage_taken":0,"max_hp_gain":0,"max_hp_loss":0,"event_name":"The Cleric","floor":4,"gold_loss":50},{"damage_healed":0,"gold_gain":0,"player_choice":"Success","damage_taken":18,"relics_obtained":["MawBank"],"max_hp_gain":0,"max_hp_loss":0,"event_name":"Scrap Ooze","floor":11,"gold_loss":0},{"cards_removed":["LightAttack"],"damage_healed":0,"gold_gain":0,"player_choice":"Elegance","damage_taken":0,"max_hp_gain":0,"max_hp_loss":0,"event_name":"Back to Basics","floor":21,"gold_loss":0}],"is_beta":false,"boss_relics":[{"not_picked":["PageOfBlackSwan","Empty Cage"],"picked":"Black Star"}],"items_purged_floors":[20],"is_endless":false,"potions_floor_spawned":[5,6,7,13],"ascension_level":0}}