{"host":"0qlrtuw7bw78ucw4","time":1614329817,"event":{"mods":["BaseMod","Downfall","Minty Spire (QoL Compilation)","StSLib"],"gold_per_floor":[99,119,29,179,179,196,219,219,231,231,251,268,284,5,22,97,97,97,116,116,131,216,226,226,226,255,74,94,108,128,128,138,216,216,216,216,216,229,244,279,305,334,347,364,264,264,164,193,93,93,93,121,1,1,1,1],"floor_reached":57,"language":"ENG","playtime":6885,"items_purged":["Shame","downfall:Bewildered","Slimebound:Strike_Slimebound","Slimebound:Tackle"],"score":2162,"play_id":"bf139965-cc47-4bd5-8b1d-6e5bb2882806","local_time":"20210226195657","is_ascension_mode":true,"campfire_choices":[{"data":"Slimebound:Teamwork","floor":1.0,"key":"SMITH"},{"data":"Slimebound:Split","floor":8.0,"key":"SMITH"},{"data":"Slimebound:SamplingLick","floor":18.0,"key":"SMITH"},{"data":"Slimebound:SelfFormingGoo","floor":35.0,"key":"SMITH"},{"floor":45.0,"key":"RECALL"},{"data":"Slimebound:Darklings","floor":47.0,"key":"SMITH"},{"data":"Slimebound:MegaLick","floor":49.0,"key":"SMITH"},{"floor":54.0,"key":"REST"}],"circlet_count":0,"master_deck":["AscendersBane","Slimebound:Defend_Slimebound","Slimebound:Defend_Slimebound","Slimebound:Split+1","Slimebound:CorrosiveSpit","Slimebound:Teamwork+1","Slimebound:GrowthPunch+1","Slimebound:LivingWall","Slimebound:PressTheAttack+1","Slimebound:SlimeBrawl","Slimebound:Recycling","Slimebound:LivingWall","Slimebound:GoopSpray","Slimebound:SamplingLick+1","Slimebound:Darklings+1","Slimebound:Teamwork+1","Slimebound:FormOfPuddle","Slimebound:Overexert","Slimebound:SlimeBarrage","Slimebound:MegaLick+1","Slimebound:HauntingLick+1","Slimebound:SelfFormingGoo+1","Slimebound:FormOfPuddle+1","Slimebound:Overexert"],"relics":["Slimebound:AbsorbEndCombat","Bronze Scales","Chemical X","Sozu","Meat on the Bone","Slimebound:AggressiveSlimeRelic","Runic Pyramid","The Courier","Regal Pillow","downfall:HeartBlessingBlue","downfall:HeartBlessingRed","Whetstone","downfall:HeartBlessingGreen","Nunchaku"],"acts_visited":["Exordium","TheCity","TheBeyond","TheEnding"],"potions_floor_usage":[],"damage_taken":[{"damage":4.0,"enemies":"Small Slimes","floor":2.0,"turns":3.0},{"damage":0.0,"enemies":"downfall:FleeingMerchant","floor":3.0,"turns":4.0},{"damage":3.0,"enemies":"Cultist","floor":6.0,"turns":3.0},{"damage":12.0,"enemies":"Jaw Worm","floor":9.0,"turns":3.0},{"damage":12.0,"enemies":"Large Slime","floor":11.0,"turns":4.0},{"damage":14.0,"enemies":"Exordium Thugs","floor":12.0,"turns":3.0},{"damage":2.0,"enemies":"2 Fungi Beasts","floor":13.0,"turns":5.0},{"damage":5.0,"enemies":"downfall:FleeingMerchant","floor":14.0,"turns":4.0},{"damage":4.0,"enemies":"Large Slime","floor":15.0,"turns":4.0},{"damage":31.0,"enemies":"DF_ARCHETYPE_STREAMLINE","floor":16.0,"turns":10.0},{"damage":0.0,"enemies":"Spheric Guardian","floor":19.0,"turns":4.0},{"damage":0.0,"enemies":"3 Byrds","floor":21.0,"turns":4.0},{"damage":20.0,"enemies":"3 Cultists","floor":23.0,"turns":4.0},{"damage":2.0,"enemies":"Gremlin Leader","floor":26.0,"turns":5.0},{"damage":4.0,"enemies":"downfall:FleeingMerchant","floor":27.0,"turns":4.0},{"damage":13.0,"enemies":"Cultist and Chosen","floor":28.0,"turns":5.0},{"damage":12.0,"enemies":"Snake Plant","floor":29.0,"turns":3.0},{"damage":0.0,"enemies":"3 Cultists","floor":30.0,"turns":3.0},{"damage":0.0,"enemies":"Cultist and Chosen","floor":32.0,"turns":3.0},{"damage":7.0,"enemies":"WA_ARCHETYPE_CALM","floor":33.0,"turns":8.0},{"damage":8.0,"enemies":"WA_ARCHETYPE_CALM","floor":37.0,"turns":3.0},{"damage":12.0,"enemies":"Orb Walker","floor":38.0,"turns":4.0},{"damage":12.0,"enemies":"3 Shapes","floor":39.0,"turns":5.0},{"damage":7.0,"enemies":"Giant Head","floor":40.0,"turns":8.0},{"damage":16.0,"enemies":"Nemesis","floor":42.0,"turns":5.0},{"damage":0.0,"enemies":"Maw","floor":43.0,"turns":6.0},{"damage":3.0,"enemies":"Jaw Worm Horde","floor":44.0,"turns":5.0},{"damage":0.0,"enemies":"Giant Head","floor":48.0,"turns":8.0},{"damage":20.0,"enemies":"SI_POISON_ARCHETYPE","floor":50.0,"turns":18.0},{"damage":45.0,"enemies":"downfall:CharBossMerchant","floor":52.0,"turns":8.0},{"damage":30.0,"enemies":"downfall:NeowBoss","floor":55.0,"turns":13.0},{"damage":27,"enemies":"downfall:NeowBossFinal","floor":56,"turns":9}],"seed_played":"-3071195234455370453","potions_obtained":[{"floor":9.0,"key":"AttackPotion"},{"floor":11.0,"key":"Slimebound:SlimedPotion"},{"floor":15.0,"key":"ColorlessPotion"},{"floor":16.0,"key":"ColorlessPotion"}],"is_trial":false,"path_per_floor":["R","M","$","?","?","M","T","R","M","?","M","M","M","$","M","B",null,"R","M","?","M","?","M","T","?","E","$","M","M","M","?","M","B",null,"R","?","?","M","M","E","T","E","M","M","R","?","R","E","R","B",null,"E","$","R","B","B",null],"character_chosen":"SLIMEBOUND","items_purchased":["Chemical X","Slimebound:SlimeBarrage"],"campfire_rested":1,"item_purchase_floors":[14,27],"current_hp_per_floor":[53,51,53,53,53,52,52,52,44,44,38,28,34,31,31,8,46,46,48,48,56,32,20,20,20,38,40,33,37,39,39,39,40,54,54,54,48,38,32,31,31,33,37,36,46,46,46,54,54,42,62,37,37,69,45,38],"gold":1,"neow_bonus":"TRANSFORM_TWO_CARDS","is_daily":false,"chose_seed":false,"campfire_upgraded":6,"win_rate":0.0,"timestamp":1614329817,"path_taken":["R","M","$","?","?","M","T","R","?","?","M","M","M","$","M","BOSS","R","M","?","M","?","M","T","?","E","$","M","M","?","?","M","BOSS","R","?","?","M","M","E","T","E","M","M","R","?","R","E","R","BOSS","E","$","R","BOSS","BOSS"],"items_purchased_type":["Relic","Card"],"build_version":"2020-12-22","purchased_purges":4,"victory":true,"max_hp_per_floor":[59,59,59,59,59,59,59,59,59,59,59,59,59,59,59,59,59,59,59,59,59,59,59,59,59,59,59,59,59,59,59,59,59,59,59,59,59,59,59,59,59,59,59,59,69,69,69,69,69,69,69,69,69,69,69,69],"card_choices":[{"not_picked":["Slimebound:Schlurp","Slimebound:FlameTackle"],"picked":"Slimebound:GrowthPunch","floor":2.0},{"not_picked":["Slimebound:ForwardTackle","Slimebound:LeechingTouch"],"picked":"Slimebound:LivingWall","floor":3.0},{"not_picked":["Slimebound:SlimeSpikes","Slimebound:AcidTongue"],"picked":"Slimebound:PressTheAttack","floor":6.0},{"not_picked":["Slimebound:Grow","Slimebound:LeechingTouch"],"picked":"Slimebound:SlimeBrawl","floor":9.0},{"not_picked":["Slimebound:Schlurp","Slimebound:LivingWall"],"picked":"Slimebound:Recycling","floor":11.0},{"not_picked":["Slimebound:ItLooksTasty","Slimebound:Schlurp"],"picked":"Slimebound:LivingWall","floor":12.0},{"not_picked":["Slimebound:Chomp","Slimebound:Gluttony"],"picked":"Slimebound:GoopSpray","floor":13.0},{"not_picked":["Slimebound:SplitAcid","Slimebound:ComboTackle"],"picked":"Slimebound:SamplingLick","floor":14.0},{"not_picked":["Slimebound:PressTheAttack","Slimebound:ServeAndProtect","Slimebound:SplitBruiser"],"picked":"SKIP","floor":15.0},{"not_picked":["Slimebound:SelfFormingGoo","Slimebound:SlimeSlap"],"picked":"Slimebound:Darklings","floor":16.0},{"not_picked":["Slimebound:GoopSpray","Slimebound:GoopTackle+1","Slimebound:Grow+1"],"picked":"SKIP","floor":19.0},{"not_picked":["Slimebound:SplitLeeching","Slimebound:HungryTackle","Slimebound:Replication"],"picked":"SKIP","floor":21.0},{"not_picked":["Slimebound:DivideAndConquer","Slimebound:FinishingTackle","Slimebound:SplitLeeching+1"],"picked":"SKIP","floor":23.0},{"not_picked":["Slimebound:SplitBruiser","Slimebound:Gluttony"],"picked":"Slimebound:FormOfPuddle","floor":26.0},{"not_picked":["Slimebound:LeechEnergy","Slimebound:LevelUp"],"picked":"Slimebound:Overexert","floor":27.0},{"not_picked":["Slimebound:RainOfGoop+1","Slimebound:SplitAcid","Slimebound:RollThrough"],"picked":"SKIP","floor":28.0},{"not_picked":["Slimebound:RainOfGoop","Slimebound:ComboTackle"],"picked":"Slimebound:MegaLick","floor":29.0},{"not_picked":["Slimebound:TongueLash","Slimebound:LeechEnergy","Slimebound:FlameTackle"],"picked":"SKIP","floor":30.0},{"not_picked":["Slimebound:ItLooksTasty","Slimebound:SplitLeeching"],"picked":"Slimebound:HauntingLick+1","floor":32.0},{"not_picked":["Slimebound:DouseInSlime","Slimebound:TagTeam"],"picked":"Slimebound:SelfFormingGoo","floor":33.0},{"not_picked":["Slimebound:SplitAcid","Slimebound:SamplingLick"],"picked":"Slimebound:FormOfPuddle+1","floor":38.0},{"not_picked":["Slimebound:BestDefense+1","Slimebound:DivideAndConquer+1","Slimebound:GoopSpray"],"picked":"SKIP","floor":39.0},{"not_picked":["Slimebound:SamplingLick","Slimebound:Equalize+1","Slimebound:CheckThePlaybook"],"picked":"SKIP","floor":40.0},{"not_picked":["Slimebound:SplitAcid","Slimebound:SlimeSpikes","Slimebound:GoopSpray"],"picked":"SKIP","floor":42.0},{"not_picked":["Slimebound:PressTheAttack","Slimebound:SplitAcid","Slimebound:SlimeTap+1"],"picked":"SKIP","floor":43.0},{"not_picked":["Slimebound:DisruptingSlam","Slimebound:Gluttony+1","Slimebound:GoopTackle"],"picked":"SKIP","floor":44.0},{"not_picked":["Slimebound:Repurpose","Slimebound:SplitMire+1"],"picked":"Slimebound:Overexert","floor":48.0},{"not_picked":["Slimebound:Equalize","Slimebound:PressTheAttack","Slimebound:RollThrough"],"picked":"SKIP","floor":52.0}],"player_experience":1078373,"relics_obtained":[{"floor":7.0,"key":"Bronze Scales"},{"floor":24.0,"key":"Meat on the Bone"},{"floor":26.0,"key":"Slimebound:AggressiveSlimeRelic"},{"floor":40.0,"key":"The Courier"},{"floor":42.0,"key":"Regal Pillow"},{"floor":48.0,"key":"Whetstone"},{"floor":52.0,"key":"Nunchaku"}],"event_choices":[{"damage_healed":0.0,"max_hp_gain":0.0,"max_hp_loss":0.0,"gold_gain":0.0,"event_name":"Vampires","player_choice":"Ignored","floor":31.0,"gold_loss":0.0,"damage_taken":0.0}],"is_beta":false,"boss_relics":[{"not_picked":["SacredBark","Coffee Dripper"],"picked":"Sozu"},{"not_picked":["Calling Bell","Slimebound:AbsorbEndCombatUpgraded"],"picked":"Runic Pyramid"}],"items_purged_floors":[3,14,27,53],"is_endless":false,"potions_floor_spawned":[9,11,13,15,16,19,29,30,32,38,39],"ascension_level":20}}