{"host":"41yb08u5hvoqx9xd","time":1614348046,"event":{"mods":["BaseMod","Minty Spire (QoL Compilation)","Relic Stats"],"gold_per_floor":[119,119,137,137,137,172,172,172,172],"floor_reached":8,"language":"ENG","playtime":1820,"items_purged":[],"score":105,"play_id":"71c931c7-dcb7-46af-8669-50e39f6dde17","local_time":"20210226090046","is_ascension_mode":true,"campfire_choices":[{"data":"Venomology","floor":7,"key":"SMITH"}],"circlet_count":0,"master_deck":["AscendersBane","Strike_G","Strike_G","Strike_G","Strike_G","Strike_G","Defend_G","Defend_G","Defend_G","Defend_G","Defend_G","Survivor","Neutralize","Venomology+1","Slice","Deadly Poison"],"relics":["Ring of the Snake","Juzu Bracelet"],"acts_visited":["Exordium"],"potions_floor_usage":[3,6,6,8],"damage_taken":[{"damage":4,"enemies":"Cultist","floor":1,"turns":5},{"damage":0,"enemies":"Jaw Worm","floor":3,"turns":5},{"damage":38,"enemies":"Lagavulin","floor":6,"turns":8},{"damage":27,"enemies":"3 Sentries","floor":8,"turns":7}],"seed_played":"7251356156981158522","potions_obtained":[{"floor":1,"key":"Fire Potion"}],"is_trial":false,"path_per_floor":["M","?","M","?","?","E","R","E"],"character_chosen":"THE_SILENT","items_purchased":[],"campfire_rested":0,"item_purchase_floors":[],"current_hp_per_floor":[55,60,60,60,60,22,22,0,0],"gold":172,"neow_bonus":"ONE_RANDOM_RARE_CARD","is_daily":false,"chose_seed":false,"campfire_upgraded":1,"win_rate":0.0,"timestamp":1614348046,"path_taken":["M","?","M","?","?","E","R","E"],"items_purchased_type":[],"build_version":"2020-12-22","purchased_purges":0,"victory":false,"max_hp_per_floor":[66,71,71,71,71,71,71,71,71],"relic_stats":{"counters":[4,25],"Juzu Bracelet":0,"obtain_stats":[{"Juzu Bracelet":6,"Ring of the Snake":0},{"Juzu Bracelet":3,"Ring of the Snake":0},{"Juzu Bracelet":18,"Ring of the Snake":0}],"Ring of the Snake":[8]},"card_choices":[{"not_picked":["Sucker Punch","Flying Knee"],"picked":"Slice","floor":1},{"not_picked":["Outmaneuver","Flechettes","Prepared"],"picked":"SKIP","floor":3},{"not_picked":["Underhanded Strike","Dagger Throw"],"picked":"Deadly Poison","floor":6}],"player_experience":710287,"relics_obtained":[{"floor":6,"key":"Juzu Bracelet"}],"event_choices":[{"damage_healed":0,"gold_gain":0,"player_choice":"Donut","damage_taken":0,"max_hp_gain":5,"max_hp_loss":0,"event_name":"Big Fish","floor":2,"gold_loss":0},{"damage_healed":0,"gold_gain":0,"player_choice":"Ignored","damage_taken":0,"max_hp_gain":0,"max_hp_loss":0,"event_name":"Golden Wing","floor":4,"gold_loss":0},{"damage_healed":0,"gold_gain":0,"player_choice":"Ignored","damage_taken":0,"max_hp_gain":0,"max_hp_loss":0,"event_name":"Shining Light","floor":5,"gold_loss":0}],"is_beta":false,"boss_relics":[],"items_purged_floors":[],"is_endless":false,"potions_floor_spawned":[1],"killed_by":"3 Sentries","ascension_level":19}}