{"host":"43wsnxh97mgjl5zw","time":1614374876,"event":{"mods":["Aspiration","BaseMod","Colored Map","Colored Powertips","Conspire","Downfall","Halation","Hubris","Minty Spire (QoL Compilation)","Quick Restart","Rare Cards Sparkle","Relic Sorter","Reliquary","Replay The Spire","StSLib"],"gold_per_floor":[109,109,109,125,50,92,92,167,167,204,229,258,280,316,316,316,316],"floor_reached":16,"language":"ENG","playtime":712,"items_purged":["Strike_G"],"score":306,"play_id":"15d6f3b1-5e8a-4ed7-87b4-a15aca8909e7","local_time":"20210226232756","is_ascension_mode":true,"campfire_choices":[{"data":"Sucker Punch","floor":7.0,"key":"SMITH"},{"data":"Strike_G","floor":15.0,"key":"PURGE"}],"circlet_count":0,"master_deck":["AscendersBane","Strike_G","Strike_G","Defend_G","Defend_G","Defend_G","Defend_G","Defend_G","Survivor","Neutralize+1","hubris:TrickCloak+1","Dagger Throw+1","Sucker Punch+1","Toxin Wave","Dodge and Roll","Prepared","PiercingWail"],"relics":["Ring of the Snake","NeowsBlessing","Anchor","CeramicFish","Ninja Scroll","Whetstone","Oddly Smooth Stone","reliquary:PrincelyHelmet"],"acts_visited":["Exordium"],"potions_floor_usage":[16,16],"damage_taken":[{"damage":0.0,"enemies":"Cultist","floor":1.0,"turns":1.0},{"damage":0.0,"enemies":"Jaw Worm","floor":4.0,"turns":1.0},{"damage":0.0,"enemies":"Gremlin Nob","floor":6.0,"turns":1.0},{"damage":9.0,"enemies":"Replay:BlueRogue","floor":10.0,"turns":11.0},{"damage":0.0,"enemies":"Small Slimes","floor":11.0,"turns":1.0},{"damage":6.0,"enemies":"Gremlin Nob","floor":12.0,"turns":3.0},{"damage":0.0,"enemies":"Exordium Wildlife","floor":13.0,"turns":4.0},{"damage":3.0,"enemies":"Replay:BlueRogue","floor":14.0,"turns":6.0},{"damage":8,"enemies":"Fading Forest","floor":16,"turns":8}],"seed_played":"-8821809959306125375","potions_obtained":[{"floor":4.0,"key":"Block Potion"},{"floor":10.0,"key":"PowerPotion"},{"floor":12.0,"key":"CunningPotion"},{"floor":13.0,"key":"Strength Potion"}],"is_trial":false,"path_per_floor":["M","$","?","M","$","E","R","?","T","E","M","E","M","E","R_BF","B"],"character_chosen":"THE_SILENT","items_purchased":["Anchor"],"campfire_rested":0,"item_purchase_floors":[2],"current_hp_per_floor":[59,49,49,49,49,49,49,38,38,29,29,23,23,20,20,12,12],"gold":316,"neow_bonus":"THREE_ENEMY_KILL","is_daily":false,"chose_seed":false,"campfire_upgraded":1,"win_rate":0.0,"timestamp":1614374876,"path_taken":["M","?","?","M","$","E","R","?","T","E","M","E","M","E","R_BF","BOSS"],"items_purchased_type":["Relic"],"build_version":"2020-12-22","purchased_purges":1,"victory":false,"max_hp_per_floor":[66,66,66,66,66,66,66,66,66,66,66,66,66,66,66,66,66],"card_choices":[{"not_picked":["Deflect","Outmaneuver","Acrobatics"],"picked":"SKIP","floor":1.0},{"not_picked":["ReplayTheSpireMod:The Works","Reflex"],"picked":"Dagger Throw","floor":4.0},{"not_picked":["hubris:Sniper","Dagger Throw"],"picked":"Sucker Punch","floor":6.0},{"not_picked":["Acrobatics","hubris:SlightOfHand"],"picked":"Toxin Wave","floor":10.0},{"not_picked":["Setup","Concentrate"],"picked":"Dodge and Roll","floor":11.0},{"not_picked":["Acrobatics","hubris:Counter","Flying Knee"],"picked":"SKIP","floor":12.0},{"not_picked":["Backflip","Slice"],"picked":"Prepared","floor":13.0},{"not_picked":["Fluid Movement","Backflip"],"picked":"PiercingWail","floor":14.0}],"player_experience":1296407,"relics_obtained":[{"floor":6.0,"key":"CeramicFish"},{"floor":9.0,"key":"Ninja Scroll"},{"floor":10.0,"key":"Whetstone"},{"floor":12.0,"key":"Oddly Smooth Stone"},{"floor":14.0,"key":"reliquary:PrincelyHelmet"}],"event_choices":[{"damage_healed":0.0,"max_hp_gain":0.0,"max_hp_loss":0.0,"gold_gain":75.0,"event_name":"World of Goop","player_choice":"Gather Gold","floor":8.0,"gold_loss":0.0,"damage_taken":11.0}],"is_beta":false,"boss_relics":[],"items_purged_floors":[5],"is_endless":false,"potions_floor_spawned":[4,10,12,13,14],"killed_by":"Fading Forest","ascension_level":20}}