{"host":"tdq5vwehmzjlkkx3","time":1614335155,"event":{"mods":["2.2 Compatiblity","Act Like it!","Aspiration","Astrologer","BaseMod","Beaked The Cultist","Better Altar","Better Match","Better Note","Better Sensory Stone","Better Skull","Better Third Choice","BetterRewards","Clockwork Mod","Colored Map","Colorless Booster Pack","Conjunction","Conspire","Defuse TimeMaze Blight","Displayed Cursed Tome","Downfall","Elementarium","Energized Spire","FetchMod","Friendly Minions","FruityMod","GifTheSpireLib","Glutton Mod","Gremlin Mod","Halation","Hallownest","Hermit","Highlight Path","Hubris","Infinite Spire","Key Reminder","Kiyohime????","Mad Scientist","Marisa????????","Menagerie","Mimic Mod","Minty Spire (QoL Compilation)","Pale of the Ancients","Permanent Neow","Quick Restart","Random Character Button","Reliquary","Reorder Act Four","Reworked Bosses","Ruina","SCP261 Mod","Small Relic Pack","Spire Arcade","StSLib","Strawberry Spire","Stuff the Spire","The Blue Laboratory","The Clintock","The Construct","The Disciple","The Marked","The Mystic","The Runesmith","The Servant 0.9.4","TheVacant","Trackpad","Unceasing Turn Reminder","UnlockEverythingMod","Wandering Minibosses"],"gold_per_floor":[117,136,136,10,28,59,71,3,218,218,27,27,27,27,27,156,156,179,179,179,179,179],"floor_reached":21,"language":"ENG","playtime":1296,"items_purged":[],"score":175,"play_id":"c9549666-9358-443d-9ee2-5cb6f2e3f90d","local_time":"20210226022555","is_ascension_mode":false,"campfire_choices":[{"data":"Runesmith:Firestorm","floor":12,"key":"SMITH"},{"data":"Runesmith:MetallurgicalResearch","floor":15,"key":"SMITH"}],"circlet_count":0,"master_deck":["Runesmith:Strike_RS","Runesmith:Strike_RS","Runesmith:Strike_RS","Runesmith:Strike_RS","Runesmith:Defend_RS","Runesmith:Defend_RS","Runesmith:Defend_RS","Runesmith:Defend_RS","Runesmith:CraftFirestone","Runesmith:Fortify","Runesmith:CraftProtectio","Runesmith:CraftMedicinae","Runesmith:EarthShield","Runesmith:OneForEveryone","Runesmith:PoweredAnvil","Runesmith:MetallurgicalResearch+1","Runesmith:LithiumIon","Runesmith:LithiumIon","CBP: MannCoSupplyCrateSeries3","Runesmith:Firestorm+1","Runesmith:CreatorForm","Runesmith:CraftIncendium+1"],"relics":["Runesmith:BrokenRuby","Letter Opener","keyreminder:keyreminder","Akabeko","strawberrySpire:MawJerky","Golden Idol","halation:EternalFortune","reliquary:RedCape","infinitespire:Lucky Rock","hubris:SlimyHat"],"acts_visited":["Exordium","Menagerie:Menagerie"],"potions_floor_usage":[6,6,18,21],"damage_taken":[{"damage":2,"enemies":"Menagerie:StygianBoar","floor":1,"turns":3},{"damage":2,"enemies":"Menagerie:MonstrousExperiment","floor":2,"turns":5},{"damage":0,"enemies":"Menagerie:2_RABBITS","floor":5,"turns":4},{"damage":10,"enemies":"Menagerie:MaskedSummoner","floor":6,"turns":12},{"damage":0,"enemies":"Menagerie:Hexasnake","floor":7,"turns":5},{"damage":0,"enemies":"Menagerie:MENAGERIE_WILDLIFE","floor":9,"turns":8},{"damage":6,"enemies":"Menagerie:Chimera","floor":16,"turns":9},{"damage":8,"enemies":"ruina:2_Scarecrows","floor":18,"turns":5},{"damage":24,"enemies":"ruina:3_Bats","floor":21,"turns":3}],"seed_played":"-6400089700255884898","potions_obtained":[{"floor":0,"key":"SmokeBomb"},{"floor":0,"key":"DuplicationPotion"},{"floor":0,"key":"blueLaboratory:SavagePotion"},{"floor":1,"key":"blueLaboratory:BottledHope"},{"floor":5,"key":"Regen Potion"},{"floor":18,"key":"SCP261:AppleJuicePotion"}],"is_trial":false,"path_per_floor":["M","M","?","$","M","E","M","$","MIM","?","$","R","?","?","R","B",null,"M","?","?","M"],"character_chosen":"RUNESMITH_CLASS","items_purchased":["Runesmith:EarthShield","Runesmith:OneForEveryone","Runesmith:LithiumIon","strawberrySpire:MawJerky","Runesmith:Firestorm"],"campfire_rested":0,"item_purchase_floors":[4,4,8,11,11],"current_hp_per_floor":[68,66,66,66,69,70,70,70,70,70,70,70,53,56,56,66,73,59,59,24,0,0],"gold":179,"neow_bonus":"THREE_SMALL_POTIONS","is_daily":false,"chose_seed":false,"campfire_upgraded":2,"win_rate":0.0,"timestamp":1614335155,"path_taken":["M","M","?","$","M","E","M","$","MIM","?","$","R","?","?","R","BOSS","M","?","?","?"],"items_purchased_type":["Card","Card","Card","Relic","Card"],"build_version":"2020-12-22","purchased_purges":0,"victory":false,"max_hp_per_floor":[70,70,70,70,70,70,70,70,70,70,70,70,70,73,73,73,73,84,84,84,84,84],"card_choices":[{"not_picked":["Runesmith:UnstableHammer","Runesmith:HammerThrow"],"picked":"Runesmith:CraftProtectio","floor":1},{"not_picked":["Runesmith:MakeshiftArmor","Runesmith:HeatExchange"],"picked":"Runesmith:CraftMedicinae","floor":2},{"not_picked":["Runesmith:EnergizedChisel","Runesmith:CraftMagma"],"picked":"Runesmith:PoweredAnvil","floor":5},{"not_picked":["Runesmith:HeatedChisel","Runesmith:Grindstone"],"picked":"Runesmith:MetallurgicalResearch","floor":6},{"not_picked":["Runesmith:ShiftingStrike","Runesmith:Overpower","Runesmith:Terraform"],"picked":"SKIP","floor":7},{"not_picked":["Runesmith:ChiselStab","Runesmith:BackupBattery"],"picked":"Runesmith:LithiumIon","floor":9},{"not_picked":["Secret Technique","Flash of Steel"],"picked":"CBP: MannCoSupplyCrateSeries3","floor":10},{"not_picked":["Runesmith:Supernova","Runesmith:Duplicate"],"picked":"Runesmith:CreatorForm","floor":16},{"not_picked":["Runesmith:ShiftingStrike","Runesmith:MakeshiftArmor"],"picked":"Runesmith:CraftIncendium+1","floor":18},{"not_picked":["Runesmith:OneForEveryone","Runesmith:HeatedChisel","Runesmith:Reinforce+1"],"picked":"SKIP","floor":18}],"player_experience":460266,"relics_obtained":[{"floor":6,"key":"Letter Opener"},{"floor":9,"key":"Akabeko"},{"floor":18,"key":"halation:EternalFortune"}],"event_choices":[{"damage_healed":0,"gold_gain":0,"player_choice":"Leave","damage_taken":0,"max_hp_gain":0,"max_hp_loss":0,"event_name":"conspire:Investor","floor":3,"gold_loss":0},{"damage_healed":0,"gold_gain":1,"player_choice":"1","damage_taken":0,"max_hp_gain":0,"max_hp_loss":0,"event_name":"betterStone:BetterStone","floor":10,"gold_loss":0},{"damage_healed":0,"gold_gain":0,"player_choice":"Take Damage","damage_taken":17,"relics_obtained":["Golden Idol"],"max_hp_gain":0,"max_hp_loss":0,"event_name":"Golden Idol","floor":13,"gold_loss":0},{"damage_healed":0,"gold_gain":0,"player_choice":"RE RE ","damage_taken":39,"relics_obtained":["infinitespire:Lucky Rock","hubris:SlimyHat"],"max_hp_gain":0,"max_hp_loss":0,"event_name":"betterSkull:BetterSkull","floor":20,"gold_loss":0,"cards_upgraded":[]}],"is_beta":false,"boss_relics":[{"not_picked":["halation:CatFaceCupcake","conspire:SeveredTorchhead"],"picked":"reliquary:RedCape"}],"items_purged_floors":[],"is_endless":false,"potions_floor_spawned":[1,5,18],"killed_by":"ruina:3_Bats","ascension_level":0}}