{"host":"sqt6c5vt7d1y5xtt","time":1614308535,"event":{"mods":["AchievementEnabler","BaseMod","Block Reminder","Lobotomy","Minty Spire (QoL Compilation)","Quick Restart"],"gold_per_floor":[114,114,39,39,114,114,114,114,168,15,15,48,68,68,68,68,68],"floor_reached":16,"language":"KOR","playtime":307,"items_purged":[],"score":94,"play_id":"77a79ecf-7d83-4d2f-b15e-a165ca021382","local_time":"20210226000215","is_ascension_mode":false,"campfire_choices":[{"data":"Bash","floor":6,"key":"SMITH"},{"data":"Second Wind","floor":8,"key":"SMITH"},{"data":"Heavy Blade","floor":11,"key":"SMITH"},{"data":"Sword Boomerang","floor":15,"key":"SMITH"}],"circlet_count":0,"master_deck":["Strike_R","Strike_R+1","Strike_R","Strike_R","Strike_R","Defend_R+1","Defend_R","Defend_R","Defend_R","Bash+1","FairyFestival","Heavy Blade+1","Second Wind+1","CrumblingArmor","Sword Boomerang+1","Feel No Pain"],"relics":["Burning Blood","CogitoBucket","Golden Idol","Incense Burner","Ancient Tea Set","Membership Card","Charon\u0027s Ashes"],"acts_visited":["Exordium"],"potions_floor_usage":[12],"damage_taken":[{"damage":2,"enemies":"2 Louse","floor":1,"turns":3},{"damage":20,"enemies":"3 Sentries","floor":12,"turns":8},{"damage":2,"enemies":"Small Slimes","floor":13,"turns":3},{"damage":43,"enemies":"The Guardian","floor":16,"turns":4}],"seed_played":"5158513590965664282","potions_obtained":[{"floor":1,"key":"LiquidBronze"}],"is_trial":false,"path_per_floor":["M","?","$","?","?","R","T","R","T","$","R","E","M","?","R","B"],"character_chosen":"IRONCLAD","items_purchased":["Second Wind","Membership Card"],"campfire_rested":0,"item_purchase_floors":[3,10],"current_hp_per_floor":[80,64,64,44,33,33,33,33,33,33,33,26,33,38,38,0,0],"gold":68,"neow_bonus":"","is_daily":false,"chose_seed":false,"campfire_upgraded":4,"win_rate":0.0,"timestamp":1614308535,"path_taken":["M","?","$","?","?","R","?","R","T","?","R","E","M","?","R","BOSS"],"items_purchased_type":["Card","Relic"],"build_version":"2020-12-22","purchased_purges":0,"victory":false,"max_hp_per_floor":[80,80,80,80,80,80,80,80,80,80,80,80,80,85,85,85,85],"card_choices":[{"not_picked":["CherryBlossoms","OSAHOGD"],"picked":"FairyFestival","floor":1},{"not_picked":["Headbutt","Twin Strike"],"picked":"Heavy Blade","floor":1},{"not_picked":["UniverseFragment","CherryBlossoms"],"picked":"CrumblingArmor","floor":12},{"not_picked":["Pummel","Second Wind"],"picked":"Sword Boomerang","floor":12},{"not_picked":["Wild Strike","Battle Trance"],"picked":"Feel No Pain","floor":13}],"player_experience":163610,"relics_obtained":[{"floor":7,"key":"Incense Burner"},{"floor":9,"key":"Ancient Tea Set"},{"floor":12,"key":"Charon\u0027s Ashes"}],"event_choices":[{"damage_healed":0,"gold_gain":0,"player_choice":"Entered Light","damage_taken":16,"max_hp_gain":0,"max_hp_loss":0,"event_name":"Shining Light","floor":2,"gold_loss":0,"cards_upgraded":["Strike_R","Defend_R"]},{"damage_healed":0,"gold_gain":0,"player_choice":"Take Damage","damage_taken":20,"relics_obtained":["Golden Idol"],"max_hp_gain":0,"max_hp_loss":0,"event_name":"Golden Idol","floor":4,"gold_loss":0},{"damage_healed":0,"gold_gain":75,"player_choice":"Gather Gold","damage_taken":11,"max_hp_gain":0,"max_hp_loss":0,"event_name":"World of Goop","floor":5,"gold_loss":0},{"damage_healed":0,"gold_gain":0,"player_choice":"Donut","damage_taken":0,"max_hp_gain":5,"max_hp_loss":0,"event_name":"Big Fish","floor":14,"gold_loss":0}],"is_beta":false,"boss_relics":[],"items_purged_floors":[],"is_endless":false,"potions_floor_spawned":[1],"killed_by":"The Guardian","ascension_level":0}}