{"host":"miczq86z2i77lhk7","time":1614381420,"event":{"mods":["AchievementEnabler","BaseMod","Colored Map","Colored Powertips","Downfall","Highlight Path","Lobotomy","LobotomyExtend","Minty Spire (QoL Compilation)","Replay The Spire","StSLib"],"gold_per_floor":[109,121,121,138,151,151,42,42,91,91,91,91,91,107,107,205,205,225,275,295,93,93,93],"floor_reached":22,"language":"ENG","playtime":2444,"items_purged":["Strike_G","Strike_G"],"score":224,"play_id":"40f61528-3dd3-49d3-94d8-e3650874b31c","local_time":"20210227001700","is_ascension_mode":false,"campfire_choices":[{"data":"Neutralize","floor":6,"key":"SMITH"},{"data":"Well Laid Plans","floor":8,"key":"SMITH"},{"data":"Blur","floor":13,"key":"SMITH"},{"data":"Noxious Fumes","floor":15,"key":"SMITH"}],"circlet_count":0,"master_deck":["Strike_G","Strike_G","Strike_G","Defend_G","Defend_G","Defend_G","Defend_G","Defend_G","Survivor","Neutralize+1","Dagger Throw","OldLady","Footwork","UniverseFragment","Bloodbath","Blur+1","CherryBlossoms","Well Laid Plans+1","Pot Of Greed","Pot Of Greed","Noxious Fumes+1","MeatLantern","Freischutz","A Thousand Cuts","Fluid Movement","Pot Of Greed","LittlePrince","HappyTeddy","Envenom","Envenom"],"relics":["Ring of the Snake","CogitoBucket","LetterFromLob","Grinning Jar","LaetitiaHeart","HoveringKite","HellTrain"],"acts_visited":["Exordium","TheCity"],"potions_floor_usage":[16],"damage_taken":[{"damage":0,"enemies":"Jaw Worm","floor":1,"turns":5},{"damage":7,"enemies":"Small Slimes","floor":2,"turns":3},{"damage":0,"enemies":"Cultist","floor":4,"turns":4},{"damage":3,"enemies":"Red Slaver","floor":5,"turns":4},{"damage":3,"enemies":"2 Fungi Beasts","floor":10,"turns":5},{"damage":0,"enemies":"2 Fungi Beasts","floor":10,"turns":3},{"damage":0,"enemies":"2 Fungi Beasts","floor":10,"turns":4},{"damage":5,"enemies":"2 Fungi Beasts","floor":10,"turns":4},{"damage":0,"enemies":"2 Fungi Beasts","floor":14,"turns":4},{"damage":0,"enemies":"The Guardian","floor":16,"turns":12},{"damage":0,"enemies":"Shell Parasite","floor":18,"turns":6},{"damage":39,"enemies":"Spheric Guardian","floor":20,"turns":9},{"damage":40,"enemies":"Cultist and Chosen","floor":22,"turns":4}],"seed_played":"-487203218182432062","potions_obtained":[{"floor":1,"key":"Guardian:BlockOnCardUsePotion"},{"floor":4,"key":"hexamod:SoulburnPotion"},{"floor":14,"key":"Explosive Potion"},{"floor":18,"key":"Reflective Coating"}],"is_trial":false,"path_per_floor":["M","M","?","M","M","R","$","R","T","M","$","?","R","M","R","B",null,"M","?","M","$","M"],"character_chosen":"THE_SILENT","items_purchased":["Well Laid Plans","Envenom"],"campfire_rested":0,"item_purchase_floors":[7,21],"current_hp_per_floor":[70,63,63,63,62,62,62,62,62,65,65,65,65,66,66,66,70,70,70,33,33,0,0],"gold":93,"neow_bonus":"","is_daily":false,"chose_seed":false,"campfire_upgraded":4,"win_rate":0.0,"timestamp":1614381420,"path_taken":["M","M","?","M","M","R","$","R","T","M","$","?","R","M","R","BOSS","M","?","?","$","M"],"items_purchased_type":["Card","Card"],"build_version":"2020-12-22","purchased_purges":2,"victory":false,"max_hp_per_floor":[70,70,70,70,70,70,70,70,70,70,70,70,70,70,70,70,70,70,70,70,70,70,70],"card_choices":[{"not_picked":["Caltrops","Sucker Punch"],"picked":"Dagger Throw","floor":1},{"not_picked":["VoidDream","SpiderBud"],"picked":"OldLady","floor":1},{"not_picked":["ReplayTheSpireMod:Tripwire","Dodge and Roll"],"picked":"Footwork","floor":2},{"not_picked":["FairyFestival","Laetitia"],"picked":"UniverseFragment","floor":2},{"not_picked":["Alriune","SpiderBud"],"picked":"Bloodbath","floor":4},{"not_picked":["Dagger Throw","Outmaneuver","Endless Agony"],"picked":"SKIP","floor":4},{"not_picked":["Riddle With Holes","Flying Knee"],"picked":"Blur","floor":5},{"not_picked":["VoidDream","FairyFestival"],"picked":"CherryBlossoms","floor":5},{"not_picked":["Deflect","Terror"],"picked":"Noxious Fumes","floor":14},{"not_picked":["WhitesApple","MHz"],"picked":"MeatLantern","floor":14},{"not_picked":["Alriune","BeautyBeast"],"picked":"Freischutz","floor":16},{"not_picked":["Bullet Time","Replay:Bag of Tricks"],"picked":"A Thousand Cuts","floor":16},{"not_picked":["Riddle With Holes","Dagger Throw"],"picked":"Fluid Movement","floor":18},{"not_picked":["CrumblingArmor","MHz"],"picked":"LittlePrince","floor":18},{"not_picked":["WallGazer","Scorched"],"picked":"HappyTeddy","floor":20},{"not_picked":["Draining Mist+1","Heel Hook+1","Poisoned Stab"],"picked":"SKIP","floor":20}],"player_experience":114186,"relics_obtained":[{"floor":1,"key":"LetterFromLob"},{"floor":9,"key":"Grinning Jar"}],"event_choices":[{"damage_healed":0,"gold_gain":0,"player_choice":"Ignored","damage_taken":0,"max_hp_gain":0,"max_hp_loss":0,"event_name":"Shining Light","floor":3,"gold_loss":0},{"damage_healed":0,"gold_gain":100,"player_choice":"Bet on Murderer","damage_taken":0,"max_hp_gain":0,"max_hp_loss":0,"event_name":"The Joust","floor":19,"gold_loss":50}],"is_beta":false,"boss_relics":[{"not_picked":["Sozu","ReplayTheSpireMod:DimensionalGlitch"],"picked":"HoveringKite"}],"items_purged_floors":[7,21],"is_endless":false,"potions_floor_spawned":[1,4,10,10,14,18,20],"killed_by":"Cultist and Chosen","ascension_level":0}}