{"host":"qcf259yvvmr1jh6w","time":1614359527,"event":{"mods":["AchievementEnabler","Always Whale","BaseMod","BetterRewards","Colored Map","Downfall","Energized Spire","Hubris","Infinite Spire","Jorbs\u0027s Wanderer Trilogy","Minty Spire (QoL Compilation)","Quick Restart","Relic Sorter","Replay The Spire","Shop Mod","StSLib","SuperFastMode"],"gold_per_floor":[110,110,125,138,138,181,181,205,205,205,253,253,387,410,410,529,529,547,547,572,572,487,531,17,17,17,16,34,34,34,34,34,158,158,172,191,207,207,207],"floor_reached":38,"language":"ENG","playtime":1520,"items_purged":[],"score":429,"play_id":"763e793a-77f5-4cf7-9b7f-9d5c43341645","local_time":"20210226181207","is_ascension_mode":false,"campfire_choices":[{"floor":10,"key":"REST"},{"floor":15,"key":"REST"},{"floor":25,"key":"REST"},{"floor":30,"key":"REST"},{"floor":32,"key":"REST"}],"circlet_count":0,"master_deck":["Strike_B+1","Strike_B","Strike_B+1","Strike_B+1","Defend_B","Defend_B+1","Defend_B","Defend_B","Zap","Dualcast","Madness","Compile Driver","Gash","Ball Lightning","Injury","Self Repair","Electrodynamics","Gash","Barrage+1","Gash","Gash+1","Steam","Ball Lightning","Beam Cell+1","Gash","Storm+1","hubris:NaturalOne","Barrage+1"],"relics":["Cracked Core","Golden Idol","infinitespire:Beetle Shell","hubris:Icosahedron","Replay:Mystery Machine","Blood Vial","hubris:EvacipatedBox","Strawberry","hubris:RunicObelisk","infinitespire:CursedDice","Replay:Antivirus Software","OrangePellets","Happy Flower","infinitespire:Bottled Soul","Nloth\u0027s Gift","Inserter"],"acts_visited":["Exordium","TheCity","TheBeyond"],"potions_floor_usage":[6,6,13,13,27,33,33,37],"damage_taken":[{"damage":2,"enemies":"2 Louse","floor":1,"turns":3},{"damage":0,"enemies":"Small Slimes","floor":3,"turns":3},{"damage":1,"enemies":"Cultist","floor":4,"turns":3},{"damage":13,"enemies":"Lagavulin","floor":6,"turns":4},{"damage":0,"enemies":"2 Fungi Beasts","floor":8,"turns":2},{"damage":8,"enemies":"Replay:BlueRogue","floor":13,"turns":5},{"damage":10,"enemies":"Looter","floor":14,"turns":2},{"damage":65,"enemies":"The Guardian","floor":16,"turns":10},{"damage":35,"enemies":"2 Thieves","floor":18,"turns":4},{"damage":0,"enemies":"Spheric Guardian","floor":20,"turns":3},{"damage":52,"enemies":"Slavers","floor":23,"turns":4},{"damage":41,"enemies":"Shelled Parasite and Fungi","floor":27,"turns":4},{"damage":9,"enemies":"Cultist and Chosen","floor":28,"turns":4},{"damage":70,"enemies":"Champ","floor":33,"turns":9},{"damage":4,"enemies":"3 Shapes","floor":35,"turns":3},{"damage":26,"enemies":"3 Darklings","floor":36,"turns":3},{"damage":35,"enemies":"Jaw Worm Horde","floor":37,"turns":3},{"damage":48,"enemies":"Writhing Mass","floor":38,"turns":2}],"seed_played":"7595943771454486154","potions_obtained":[{"floor":1,"key":"SteroidPotion"},{"floor":3,"key":"AttackPotion"},{"floor":6,"key":"Weak Potion"},{"floor":13,"key":"sneckomod:MuddlingPotion"},{"floor":20,"key":"SpeedPotion"},{"floor":23,"key":"Explosive Potion"},{"floor":28,"key":"FearPotion"},{"floor":36,"key":"Adrenaline Potion"}],"is_trial":false,"path_per_floor":["M","?","M","M","?","E","?","M","T","R","T","$","E","M","R","B",null,"M","?","M","?","?","E","$","R","T","M","M","$","R","?","R","B",null,"M","M","M","M"],"character_chosen":"DEFECT","items_purchased":["hubris:EvacipatedBox","OrangePellets","Happy Flower","Simple Rune","Ball Lightning"],"campfire_rested":5,"item_purchase_floors":[12,24,24,24,24],"current_hp_per_floor":[73,58,58,57,57,44,44,44,44,66,66,47,55,47,71,15,82,54,54,63,63,63,20,20,44,44,12,12,12,36,36,60,36,82,78,61,28,0,0],"gold":207,"neow_bonus":"RANDOM_COLORLESS","is_daily":false,"chose_seed":false,"campfire_upgraded":0,"win_rate":0.0,"timestamp":1614359527,"path_taken":["M","?","M","M","?","E","?","M","T","R","?","?","E","M","R","BOSS","M","?","M","?","?","E","$","R","T","M","?","$","R","?","R","BOSS","M","M","M","M"],"items_purchased_type":["Relic","Relic","Relic","Relic","Card"],"build_version":"2020-12-22","purchased_purges":0,"victory":false,"max_hp_per_floor":[75,75,75,75,75,75,75,75,75,75,75,75,82,82,82,82,82,82,82,82,82,82,82,82,82,82,82,82,82,82,82,82,82,82,82,82,82,82,82],"card_choices":[{"not_picked":["Specialist","hubris:Ssssneak"],"picked":"Madness","floor":0},{"not_picked":["Rebound","Doom and Gloom"],"picked":"Compile Driver","floor":1},{"not_picked":["Streamline","Darkness"],"picked":"Gash","floor":3},{"not_picked":["Steam","Panic Button"],"picked":"Ball Lightning","floor":4},{"not_picked":["Steam","Streamline"],"picked":"Self Repair","floor":6},{"not_picked":["Leap","Melter"],"picked":"Electrodynamics","floor":8},{"not_picked":["Conserve Battery","Blizzard"],"picked":"Gash","floor":13},{"not_picked":["Redo","Rebound"],"picked":"Barrage","floor":14},{"not_picked":["ReplayTheSpireMod:System Scan","FTL+1"],"picked":"Gash","floor":18},{"not_picked":["Chill","Steam+1"],"picked":"Gash+1","floor":20},{"not_picked":["BasicCrystalCard","Blizzard+1"],"picked":"Steam","floor":23},{"not_picked":["Hologram","Panic Button"],"picked":"Beam Cell+1","floor":27},{"not_picked":["Doom and Gloom+1","Redo","Streamline"],"picked":"SKIP","floor":28},{"not_picked":["Coolheaded","Sweeping Beam"],"picked":"Gash","floor":35},{"not_picked":["Creative AI","Leap+1"],"picked":"Storm+1","floor":36},{"not_picked":["hubris:Prefetch","Buffer"],"picked":"Barrage+1","floor":37}],"player_experience":135516,"relics_obtained":[{"floor":6,"key":"infinitespire:Beetle Shell"},{"floor":9,"key":"Replay:Mystery Machine"},{"floor":11,"key":"Blood Vial"},{"floor":13,"key":"Strawberry"},{"floor":23,"key":"Replay:Antivirus Software"},{"floor":26,"key":"infinitespire:Bottled Soul"}],"event_choices":[{"damage_healed":0,"gold_gain":0,"player_choice":"Entered Light","damage_taken":15,"max_hp_gain":0,"max_hp_loss":0,"event_name":"Shining Light","floor":2,"gold_loss":0,"cards_upgraded":["Strike_B","Strike_B"]},{"damage_healed":0,"gold_gain":0,"player_choice":"Take Wound","damage_taken":0,"relics_obtained":["Golden Idol"],"max_hp_gain":0,"max_hp_loss":0,"event_name":"Golden Idol","floor":5,"gold_loss":0,"cards_obtained":["Injury"]},{"damage_healed":0,"gold_gain":0,"player_choice":"Obtained Relic","damage_taken":0,"relics_obtained":["infinitespire:CursedDice"],"max_hp_gain":0,"max_hp_loss":0,"event_name":"Addict","floor":22,"gold_loss":85},{"damage_healed":0,"gold_gain":0,"player_choice":"Traded Relic","damage_taken":0,"relics_obtained":["Nloth\u0027s Gift"],"max_hp_gain":0,"max_hp_loss":0,"event_name":"N\u0027loth","floor":31,"relics_lost":["Simple Rune"],"gold_loss":0}],"is_beta":false,"boss_relics":[{"not_picked":["Replay:Wanted Poster","energizedSpire:HugeHouse","hubris:CrackedHourglass"],"picked":"hubris:RunicObelisk"},{"not_picked":["Ring of Chaos","ReplayTheSpireMod:DimensionalGlitch","Fusion Hammer"],"picked":"Inserter"}],"items_purged_floors":[],"is_endless":false,"potions_floor_spawned":[1,3,6,13,20,23,28,36],"killed_by":"Writhing Mass","ascension_level":0}}