{"host":"5vxoi0a3x57fg5l4","time":1614301133,"event":{"mods":["Act Like it!","BaseMod","Better Third Choice","Colored Map","GifTheSpireLib","Hallownest","Highlight Path","Minty Spire (QoL Compilation)","Permanent Neow","Quick Restart","Relic Sorter","Relic Stats","StSLib","The Bug Knight","UnlockEverythingMod"],"gold_per_floor":[112,14,14,14,25,55,55,55,55,68,68,68,144,161,161,161,161],"floor_reached":16,"language":"ENG","playtime":585,"items_purged":["Parasite"],"score":98,"play_id":"7e398bbc-f4a5-4d62-873f-0355b19fe31a","local_time":"20210225215853","is_ascension_mode":false,"campfire_choices":[{"data":"HollowMod:ZotesMagnificence","floor":8.0,"key":"SMITH"},{"floor":11.0,"key":"REST"},{"data":"HollowMod:FocusHealStart","floor":15.0,"key":"SMITH"}],"circlet_count":0,"master_deck":["HollowMod:NailStrikeStart","HollowMod:NailStrikeStart","HollowMod:NailStrikeStart","HollowMod:NailStrikeStart","HollowMod:QuickDashStart","HollowMod:QuickDashStart","HollowMod:QuickDashStart","HollowMod:QuickDashStart","HollowMod:FocusHealStart+1","HollowMod:PogoStrike","HollowMod:ZotesMagnificence+1","HollowMod:DreamGate","HollowMod:DreamGate","HollowMod:DashSlash","Hallownest:curseDreamersLament","HollowMod:HowlingWraiths","HollowMod:InfectedAttack","HollowMod:SiblingsSouls","HollowMod:SiblingsSouls"],"relics":["HollowMod:VesselMask","Hallownest:TeacherSealRelic","Oddly Smooth Stone","Unceasing Top","Bag of Marbles","Juzu Bracelet","Meat on the Bone"],"acts_visited":["Hallownest:Greenpath"],"potions_floor_usage":[],"damage_taken":[{"damage":10.0,"enemies":"Hallownest:2_Baldur","floor":1.0,"turns":2.0},{"damage":1.0,"enemies":"2_ Uuma","floor":5.0,"turns":3.0},{"damage":23.0,"enemies":"Hallownest:eliteCrystalGuardian","floor":6.0,"turns":5.0},{"damage":7.0,"enemies":"Hallownest:monsterHuskWarrior","floor":10.0,"turns":2.0},{"damage":15.0,"enemies":"Hallownest:monsterFoolEater","floor":14.0,"turns":3.0},{"damage":0,"enemies":"Hallownest:BossBrokenVessel","floor":16,"turns":1}],"seed_played":"9162094340239309988","potions_obtained":[{"floor":10.0,"key":"SkillPotion"},{"floor":14.0,"key":"Strength Potion"}],"is_trial":false,"path_per_floor":["M","$","$","?","M","E","?","R","T","M","R","?","T","M","R","B"],"character_chosen":"THE_BUGKNIGHT","items_purchased":["HollowMod:DashSlash"],"campfire_rested":1,"item_purchase_floors":[2],"current_hp_per_floor":[65,65,65,65,64,47,43,43,43,36,57,57,57,48,48,48,48],"gold":161,"neow_bonus":"THREE_RARE_CARDS","is_daily":false,"chose_seed":false,"campfire_upgraded":2,"win_rate":0.0,"timestamp":1614301133,"path_taken":["M","?","$","?","M","E","?","R","T","M","R","?","?","M","R","BOSS"],"items_purchased_type":["Card"],"build_version":"2020-12-22","purchased_purges":1,"victory":false,"max_hp_per_floor":[75,72,72,72,72,72,72,72,72,72,72,72,72,72,72,72,72],"relic_stats":{"counters":[6,15],"Juzu Bracelet":0,"obtain_stats":[{"Oddly Smooth Stone":6,"HollowMod:VesselMask":0,"Bag of Marbles":7,"Juzu Bracelet":9,"Hallownest:TeacherSealRelic":4,"Unceasing Top":7,"Meat on the Bone":13},{"Oddly Smooth Stone":3,"HollowMod:VesselMask":0,"Bag of Marbles":3,"Juzu Bracelet":3,"Hallownest:TeacherSealRelic":1,"Unceasing Top":3,"Meat on the Bone":4},{"Oddly Smooth Stone":10,"HollowMod:VesselMask":0,"Bag of Marbles":10,"Juzu Bracelet":10,"Hallownest:TeacherSealRelic":2,"Unceasing Top":10,"Meat on the Bone":12}],"Unceasing Top":[0],"Meat on the Bone":0},"card_choices":[{"not_picked":["HollowMod:HornetsHelp","HollowMod:SlysStrikes"],"picked":"HollowMod:ZotesMagnificence","floor":0.0},{"not_picked":["HollowMod:VengefulSpirit","HollowMod:HeavyBlow"],"picked":"HollowMod:DreamGate","floor":1.0},{"not_picked":["HollowMod:VengefulSpirit","HollowMod:HeavyBlow"],"picked":"HollowMod:DreamGate","floor":1.0},{"not_picked":["HollowMod:DescendingDark","HollowMod:MawleksShell"],"picked":"HollowMod:HowlingWraiths","floor":5.0},{"not_picked":["HollowMod:SoulStrike","HollowMod:SiblingsSouls"],"picked":"HollowMod:InfectedAttack","floor":6.0},{"not_picked":["HollowMod:ShadowDash","HollowMod:HeavyBlow"],"picked":"HollowMod:SiblingsSouls","floor":10.0},{"not_picked":["HollowMod:SoulStrike","HollowMod:CornifersMapStart"],"picked":"HollowMod:SiblingsSouls","floor":14.0}],"player_experience":23040,"relics_obtained":[{"floor":6.0,"key":"Oddly Smooth Stone"},{"floor":9.0,"key":"Juzu Bracelet"},{"floor":13.0,"key":"Meat on the Bone"}],"event_choices":[],"is_beta":false,"boss_relics":[],"items_purged_floors":[2],"is_endless":false,"potions_floor_spawned":[10,14],"killed_by":"Hallownest:BossBrokenVessel","ascension_level":0}}