{"host":"z3m7ofiwbo1p8b5b","time":1614370305,"event":{"mods":["BaseMod","BetterRewards","Downfall","Minty Spire (QoL Compilation)","Replay The Spire","StSLib"],"gold_per_floor":[114,114,114,43,43,43,43,43],"floor_reached":7,"language":"ENG","playtime":228,"items_purged":[],"score":37,"play_id":"6a315094-7bce-4040-ac73-f001e8c9b6e1","local_time":"20210226151145","is_ascension_mode":false,"campfire_choices":[{"floor":6,"key":"REST"}],"circlet_count":0,"master_deck":["Strike_G","Strike_G","Strike_G","Strike_G","Strike_G","Defend_G","Defend_G","Defend_G","Defend_G","Defend_G","Survivor","Neutralize+1","Deflect","PiercingWail","downfall:Malfunctioning","Accuracy"],"relics":["Ring of the Snake","ReplayTheSpireMod:Ring of Addiction","SacredBark","Toy Ornithopter","ReplayTheSpireMod:Ring of Collecting","Ninja Scroll"],"acts_visited":["Exordium"],"potions_floor_usage":[7],"damage_taken":[{"damage":0,"enemies":"Small Slimes","floor":1,"turns":4},{"damage":25,"enemies":"Gremlin Nob","floor":7,"turns":5}],"seed_played":"7752391672057003076","potions_obtained":[{"floor":3,"key":"sneckomod:MuddlingPotion"},{"floor":3,"key":"Venom Potion"},{"floor":3,"key":"Poison Potion"}],"is_trial":false,"path_per_floor":["M","?","?","$","?","R","E"],"character_chosen":"THE_SILENT","items_purchased":["Accuracy"],"campfire_rested":1,"item_purchase_floors":[4],"current_hp_per_floor":[70,70,70,70,58,70,43,43],"gold":43,"neow_bonus":"THREE_CARDS","is_daily":false,"chose_seed":false,"campfire_upgraded":0,"win_rate":0.0,"timestamp":1614370305,"path_taken":["M","?","?","$","?","R","E"],"items_purchased_type":["Card"],"build_version":"2020-12-22","purchased_purges":0,"victory":false,"max_hp_per_floor":[70,70,70,70,70,70,68,68],"card_choices":[{"not_picked":["Fluid Movement","Quick Slash"],"picked":"Deflect","floor":0},{"not_picked":["Acrobatics","Deflect"],"picked":"PiercingWail","floor":1}],"player_experience":234520,"relics_obtained":[{"floor":3,"key":"ReplayTheSpireMod:Ring of Addiction"},{"floor":3,"key":"SacredBark"},{"floor":3,"key":"Toy Ornithopter"},{"floor":3,"key":"ReplayTheSpireMod:Ring of Collecting"}],"event_choices":[{"damage_healed":0,"gold_gain":0,"player_choice":"Grow","damage_taken":0,"max_hp_gain":0,"max_hp_loss":0,"event_name":"Living Wall","floor":2,"gold_loss":0,"cards_upgraded":["Neutralize"]},{"damage_healed":0,"gold_gain":0,"player_choice":"Success","damage_taken":12,"relics_obtained":["Ninja Scroll"],"max_hp_gain":0,"max_hp_loss":0,"event_name":"Scrap Ooze","floor":5,"gold_loss":0}],"is_beta":false,"boss_relics":[],"items_purged_floors":[],"is_endless":false,"potions_floor_spawned":[],"killed_by":"Gremlin Nob","ascension_level":0}}