{"host":"t4313i2190y6fz3q","time":1614382728,"event":{"mods":["2.2 Compatiblity","AchievementEnabler","Act Like it!","BaseMod","Colored Powertips","Minty Spire (QoL Compilation)","Permanent Neow","Quick Restart","Rare Cards Sparkle","StSLib"],"gold_per_floor":[114,114,126,201,218,218,235,267,267,279,305,305,305,320,320,399,399,419,419,435,485,252,271,271,361,361,44,55,55,65,65,65],"floor_reached":31,"language":"ENG","playtime":959,"items_purged":["Heatsinks+1"],"score":462,"play_id":"84b2c5e9-862c-4c69-a619-06effdd43c14","local_time":"20210226153848","is_ascension_mode":true,"campfire_choices":[{"floor":6.0,"key":"REST"},{"data":"Zap","floor":13.0,"key":"SMITH"},{"data":"Sunder","floor":15.0,"key":"SMITH"},{"data":"Defragment","floor":24.0,"key":"SMITH"},{"floor":29.0,"key":"REST"}],"circlet_count":0,"master_deck":["AscendersBane","Strike_B+1","Defend_B+1","Defend_B","Defend_B+1","Defend_B+1","Zap+1","Dualcast","Coolheaded","Sunder+1","Hologram","Rebound","Glacier","Cold Snap","Biased Cognition","Fission+1","Conserve Battery+1","Defragment+1","Reinforced Body+1","Capacitor","Seek","Amplify","Beam Cell"],"relics":["Cracked Core","DataDisk","Bag of Preparation","Gremlin Horn","War Paint","Astrolabe","Happy Flower","HornCleat","Ancient Tea Set"],"acts_visited":["Exordium","TheCity"],"potions_floor_usage":[30],"damage_taken":[{"damage":2.0,"enemies":"Jaw Worm","floor":1.0,"turns":3.0},{"damage":3.0,"enemies":"Small Slimes","floor":3.0,"turns":3.0},{"damage":0.0,"enemies":"Cultist","floor":5.0,"turns":3.0},{"damage":4.0,"enemies":"Looter","floor":7.0,"turns":3.0},{"damage":17.0,"enemies":"Lagavulin","floor":8.0,"turns":6.0},{"damage":3.0,"enemies":"Exordium Thugs","floor":10.0,"turns":4.0},{"damage":0.0,"enemies":"2 Fungi Beasts","floor":14.0,"turns":2.0},{"damage":19.0,"enemies":"Hexaghost","floor":16.0,"turns":9.0},{"damage":5.0,"enemies":"Spheric Guardian","floor":18.0,"turns":4.0},{"damage":0.0,"enemies":"2 Thieves","floor":20.0,"turns":4.0},{"damage":16.0,"enemies":"Chosen and Byrds","floor":23.0,"turns":7.0},{"damage":0.0,"enemies":"3 Cultists","floor":28.0,"turns":3.0},{"damage":13,"enemies":"Centurion and Healer","floor":30,"turns":8},{"damage":17,"enemies":"Slavers","floor":31,"turns":6}],"seed_played":"7560594128730521852","potions_obtained":[{"floor":3.0,"key":"BlessingOfTheForge"},{"floor":7.0,"key":"DuplicationPotion"},{"floor":10.0,"key":"Strength Potion"},{"floor":20.0,"key":"PotionOfCapacity"},{"floor":28.0,"key":"BlessingOfTheForge"}],"is_trial":false,"path_per_floor":["M","?","M","?","M","R","M","E","T","M","T","?","R","M","R","B",null,"M","?","M","?","$","M","R","?","T","$","M","R","M","E"],"character_chosen":"DEFECT","items_purchased":["Happy Flower","Seek","Ancient Tea Set"],"campfire_rested":2,"item_purchase_floors":[22,27,27],"current_hp_per_floor":[62,41,38,27,27,48,44,27,27,24,24,24,24,24,24,5,55,50,50,50,50,50,34,34,22,22,22,22,43,30,13,13],"gold":65,"neow_bonus":"RANDOM_COMMON_RELIC","is_daily":false,"chose_seed":false,"campfire_upgraded":3,"win_rate":0.0,"timestamp":1614382728,"path_taken":["M","?","M","?","M","R","M","E","T","M","?","?","R","M","R","BOSS","M","?","M","?","$","?","R","?","T","$","?","R","M","E"],"items_purchased_type":["Relic","Card","Relic"],"build_version":"2020-12-22","purchased_purges":1,"victory":false,"max_hp_per_floor":[71,71,71,71,71,71,71,71,71,71,71,71,71,71,71,71,71,71,71,71,71,71,71,71,71,71,71,71,71,71,71,71],"card_choices":[{"not_picked":["Go for the Eyes","Self Repair"],"picked":"Coolheaded","floor":1.0},{"not_picked":["Steam","Ball Lightning"],"picked":"Sunder","floor":3.0},{"not_picked":["Redo","Barrage"],"picked":"Hologram","floor":5.0},{"not_picked":["Beam Cell","Hello World"],"picked":"Rebound","floor":7.0},{"not_picked":["Gash","Hello World"],"picked":"Glacier","floor":8.0},{"not_picked":["Sunder","Doom and Gloom"],"picked":"Cold Snap","floor":10.0},{"not_picked":["Leap","Heatsinks","Coolheaded"],"picked":"SKIP","floor":14.0},{"not_picked":["Rainbow","Multi-Cast"],"picked":"Biased Cognition","floor":16.0},{"not_picked":["Sweeping Beam","Conserve Battery","Rebound+1"],"picked":"SKIP","floor":18.0},{"not_picked":["Hologram","Rebound"],"picked":"Reinforced Body+1","floor":20.0},{"not_picked":["Hologram","Cold Snap+1"],"picked":"Capacitor","floor":23.0},{"not_picked":["Streamline","Scrape"],"picked":"Amplify","floor":28.0},{"not_picked":["Gash+1","Compile Driver"],"picked":"Beam Cell","floor":30}],"player_experience":193168,"relics_obtained":[{"floor":8.0,"key":"Bag of Preparation"},{"floor":9.0,"key":"Gremlin Horn"},{"floor":11.0,"key":"War Paint"},{"floor":26.0,"key":"HornCleat"}],"event_choices":[{"damage_healed":0.0,"max_hp_gain":0.0,"max_hp_loss":0.0,"gold_gain":0.0,"event_name":"Shining Light","player_choice":"Entered Light","floor":2.0,"gold_loss":0.0,"damage_taken":21.0,"cards_upgraded":["Strike_B","Defend_B"]},{"damage_healed":0.0,"max_hp_gain":0.0,"max_hp_loss":0.0,"gold_gain":75.0,"event_name":"World of Goop","player_choice":"Gather Gold","floor":4.0,"gold_loss":0.0,"damage_taken":11.0},{"damage_healed":0.0,"max_hp_gain":0.0,"max_hp_loss":0.0,"gold_gain":0.0,"event_name":"Lab","player_choice":"Got Potions","floor":12.0,"gold_loss":0.0,"damage_taken":0.0},{"damage_healed":0.0,"max_hp_gain":0.0,"max_hp_loss":0.0,"gold_gain":0.0,"event_name":"The Library","player_choice":"Read","floor":19.0,"gold_loss":0.0,"damage_taken":0.0,"cards_obtained":["Defragment"]},{"damage_healed":0.0,"max_hp_gain":0.0,"max_hp_loss":0.0,"gold_gain":100.0,"event_name":"The Joust","player_choice":"Bet on Murderer","floor":21.0,"gold_loss":50.0,"damage_taken":0.0},{"damage_healed":0.0,"max_hp_gain":0.0,"max_hp_loss":0.0,"gold_gain":90.0,"event_name":"Knowing Skull","player_choice":"GOLD ","floor":25.0,"potions_obtained":[],"gold_loss":0.0,"damage_taken":12.0,"cards_obtained":[]}],"is_beta":false,"boss_relics":[{"not_picked":["Fusion Hammer","SlaversCollar"],"picked":"Astrolabe"}],"items_purged_floors":[22],"is_endless":false,"potions_floor_spawned":[3,7,10,20,28],"killed_by":"Slavers","ascension_level":19}}