{"host":"en4narc5947t7k9n","time":1614319789,"event":{"mods":["AchievementEnabler","BaseMod","Colored Map","Minty Spire (QoL Compilation)","SuperFastMode"],"gold_per_floor":[113,128,41,55,55,55,55,73,97,131,101,26,40,115,115,218,218,185,205,223,223,42,42,42],"floor_reached":23,"language":"KOR","playtime":956,"items_purged":["Strike_R","Strike_R"],"score":241,"play_id":"c536357c-7163-40f6-b71b-65713746c711","local_time":"20210226150949","is_ascension_mode":false,"campfire_choices":[{"data":"Carnage","floor":7,"key":"SMITH"},{"data":"Barricade","floor":15,"key":"SMITH"}],"circlet_count":0,"master_deck":["Strike_R","Strike_R","Strike_R","Defend_R","Defend_R","Defend_R+1","Defend_R","Bash","Entrench","Shrug It Off","Carnage+1","Clash+1","Havoc","Barricade+1","Headbutt","Warcry","Anger","Juggernaut","Inflame","Pommel Strike+1","Body Slam","Shockwave"],"relics":["Burning Blood","Smiling Mask","Blood Vial","Anchor","Runic Pyramid","PreservedInsect"],"acts_visited":["Exordium","TheCity"],"potions_floor_usage":[10,16,16,16,20,20,20,23,23],"damage_taken":[{"damage":3,"enemies":"Small Slimes","floor":1,"turns":3},{"damage":7,"enemies":"2 Louse","floor":2,"turns":4},{"damage":9,"enemies":"Jaw Worm","floor":4,"turns":4},{"damage":9,"enemies":"2 Fungi Beasts","floor":8,"turns":4},{"damage":22,"enemies":"Gremlin Nob","floor":10,"turns":4},{"damage":0,"enemies":"Looter","floor":11,"turns":4},{"damage":8,"enemies":"Exordium Thugs","floor":13,"turns":3},{"damage":0,"enemies":"Slime Boss","floor":16,"turns":12},{"damage":27,"enemies":"2 Thieves","floor":18,"turns":5},{"damage":52,"enemies":"Spheric Guardian","floor":19,"turns":8},{"damage":8,"enemies":"Shelled Parasite and Fungi","floor":20,"turns":4},{"damage":13,"enemies":"Gremlin Leader","floor":23,"turns":4}],"seed_played":"-4752856274438163121","potions_obtained":[{"floor":2,"key":"SpeedPotion"},{"floor":8,"key":"Fire Potion"},{"floor":10,"key":"HeartOfIron"},{"floor":13,"key":"ColorlessPotion"},{"floor":16,"key":"EntropicBrew"},{"floor":19,"key":"ElixirPotion"}],"is_trial":false,"path_per_floor":["M","M","$","M","?","?","R","M","T","E","M","$","M","?","R","B",null,"M","M","M","?","$","E"],"character_chosen":"IRONCLAD","items_purchased":["Carnage","Warcry","Shockwave","PreservedInsect"],"campfire_rested":0,"item_purchase_floors":[3,12,22,22],"current_hp_per_floor":[80,79,79,76,43,27,27,26,26,12,20,20,20,9,9,17,80,59,15,15,9,9,0,0],"gold":42,"neow_bonus":"RANDOM_COMMON_RELIC","is_daily":false,"chose_seed":false,"campfire_upgraded":2,"win_rate":0.0,"timestamp":1614319789,"path_taken":["M","M","$","M","?","?","R","M","T","E","M","?","M","?","R","BOSS","M","M","M","?","$","E"],"items_purchased_type":["Card","Card","Card","Relic"],"build_version":"2020-12-22","purchased_purges":2,"victory":false,"max_hp_per_floor":[80,80,80,80,80,80,80,80,80,80,80,80,80,80,80,80,80,80,80,80,80,80,80,80],"card_choices":[{"not_picked":["True Grit","Twin Strike"],"picked":"Entrench","floor":1},{"not_picked":["Disarm","Feel No Pain"],"picked":"Shrug It Off","floor":2},{"not_picked":["Carnage","Iron Wave"],"picked":"Clash","floor":4},{"not_picked":["Body Slam","Twin Strike"],"picked":"Havoc","floor":8},{"not_picked":["Thunderclap","Flex"],"picked":"Barricade","floor":10},{"not_picked":["Heavy Blade","Clothesline"],"picked":"Headbutt","floor":11},{"not_picked":["Warcry","Dropkick"],"picked":"Anger","floor":13},{"not_picked":["Demon Form","Feed"],"picked":"Juggernaut","floor":16},{"not_picked":["Battle Trance","Warcry"],"picked":"Inflame","floor":18},{"not_picked":["True Grit","Burning Pact+1"],"picked":"Pommel Strike+1","floor":19},{"not_picked":["Twin Strike","Blood for Blood"],"picked":"Body Slam","floor":20}],"player_experience":227625,"relics_obtained":[{"floor":10,"key":"Anchor"}],"event_choices":[{"damage_healed":0,"gold_gain":0,"player_choice":"Success","damage_taken":33,"relics_obtained":["Blood Vial"],"max_hp_gain":0,"max_hp_loss":0,"event_name":"Scrap Ooze","floor":5,"gold_loss":0},{"damage_healed":0,"gold_gain":0,"player_choice":"Entered Light","damage_taken":16,"max_hp_gain":0,"max_hp_loss":0,"event_name":"Shining Light","floor":6,"gold_loss":0,"cards_upgraded":["Defend_R","Clash"]},{"damage_healed":0,"gold_gain":75,"player_choice":"Gather Gold","damage_taken":11,"max_hp_gain":0,"max_hp_loss":0,"event_name":"World of Goop","floor":14,"gold_loss":0},{"damage_healed":0,"gold_gain":0,"player_choice":"","damage_taken":6,"max_hp_gain":0,"max_hp_loss":0,"event_name":"Knowing Skull","floor":21,"potions_obtained":[],"gold_loss":0,"cards_obtained":[]}],"is_beta":false,"boss_relics":[{"not_picked":["Cursed Key","Ectoplasm"],"picked":"Runic Pyramid"}],"items_purged_floors":[3,12],"is_endless":false,"potions_floor_spawned":[2,8,10,13,16,19],"killed_by":"Gremlin Leader","ascension_level":0}}