{"host":"gvgax75aunlv59s2","time":1614354409,"event":{"mods":["BaseMod","Bossed Relics","Curses Come First","Decade(???)","Googly Eyes","GungeonMod","Hermit","Highlight Path","Infinite Spire","Minty Spire (QoL Compilation)","Replay The Spire","Robot Space Explorer","Shop Mod","Spicy Shops","Spikes Relics","Spire Arcade","StSLib","Synergy Search","The Bug Knight","The Cursed","The Hierophant","The Runesmith","The Servant 0.9.4","TheBandit","[IsaacMod]????"],"gold_per_floor":[103,118,293,36,36,36,36,47,74,103,27,42,42,30,30,135,135,146,8,8,23,39,39,39,39,39,52,83,99,24,24,24,127,127,152,172,172,194,218,218,267,2,2,0,73,105,127,146,146,146],"floor_reached":51,"language":"ENG","playtime":2722,"items_purged":["Doubt","Writhe","Spreading Infection"],"score":1108,"play_id":"d53c5339-f2a2-4b85-9814-71f161c0bdf0","local_time":"20210226104649","is_ascension_mode":false,"campfire_choices":[{"data":"Flex","floor":6,"key":"SMITH"},{"data":"DemoMod:WhiteBlade","floor":15,"key":"SMITH"},{"data":"DemoMod:BlackBlade","floor":23,"key":"SMITH"},{"data":"Pummel","floor":25,"key":"SMITH"},{"data":"DemoMod:BlackBlade","floor":32,"key":"SMITH"},{"data":"ReplayTheSpireMod:LeadingStrike","floor":40,"key":"SMITH"},{"data":"Flex","floor":49,"key":"SMITH"}],"circlet_count":0,"master_deck":["Strike_R","Strike_R","Strike_R","Defend_R","Defend_R","Defend_R","Defend_R","Bash","Flex+1","Pummel+1","Spot Weakness","Cleave+1","DemoMod:WhiteBlade+1","DemoMod:BlackBlade+1","Armaments","Offering","Flex+1","Infernal Blade+1","Flex+1","DemoMod:BlackBlade+1","ReplayTheSpireMod:LeadingStrike+1","Pot Of Greed+1","Pot Of Greed+1","Flex","Flex","Pot Of Greed+1"],"relics":["Black Blood","HushsDoor","TuHaoJin","Pet Ghost","SteamSale","DeathBook","MealTicket","Mirror","infinitespire:Burning Sword","DemoMod:OrangeGuonStone","Centennial Puzzle","Sundial","DemoMod:JetPack","infinitespire:EvilPickle","Incubus","GuppysHead","Replay:Bottled Flurry","Grinning Jar","Brimstone","ReplayTheSpireMod:CursedCoin","Replay:Bottled Eggs","TheBean","UnicornStump","Red Mask","PillsDrop","Pear"],"acts_visited":["Exordium","TheCity","TheBeyond"],"potions_floor_usage":[16,50,50],"damage_taken":[{"damage":12,"enemies":"Cultist","floor":1,"turns":4},{"damage":0,"enemies":"Small Slimes","floor":8,"turns":2},{"damage":0,"enemies":"Gremlin Nob","floor":10,"turns":2},{"damage":0,"enemies":"2 Louse","floor":12,"turns":2},{"damage":24,"enemies":"Lagavulin","floor":14,"turns":5},{"damage":12,"enemies":"Slime Boss","floor":16,"turns":9},{"damage":2,"enemies":"Spheric Guardian","floor":18,"turns":2},{"damage":10,"enemies":"3 Byrds","floor":21,"turns":2},{"damage":15,"enemies":"Sentry and Sphere","floor":22,"turns":3},{"damage":7,"enemies":"Snake Plant","floor":27,"turns":2},{"damage":0,"enemies":"Gremlin Leader","floor":28,"turns":3},{"damage":6,"enemies":"Cultist and Chosen","floor":29,"turns":3},{"damage":24,"enemies":"Pondfish","floor":33,"turns":5},{"damage":9,"enemies":"Orb Walker","floor":35,"turns":2},{"damage":0,"enemies":"3 Darklings","floor":36,"turns":1},{"damage":7,"enemies":"Sphere and 2 Shapes","floor":38,"turns":3},{"damage":5,"enemies":"Transient","floor":39,"turns":5},{"damage":22,"enemies":"Giant Head","floor":41,"turns":5},{"damage":0,"enemies":"Nemesis","floor":46,"turns":1},{"damage":2,"enemies":"Writhing Mass","floor":47,"turns":2},{"damage":0,"enemies":"3 Darklings","floor":48,"turns":2},{"damage":54,"enemies":"infinitespire:MassOfShapes","floor":50,"turns":5}],"seed_played":"-6336315191615863333","potions_obtained":[{"floor":1,"key":"HeartOfIron"},{"floor":2,"key":"Elixir"},{"floor":12,"key":"Strength Potion"},{"floor":16,"key":"Weak Potion"}],"is_trial":false,"path_per_floor":["M","?","?","$","?","R","?","M","T","E","$","M","?","E","R","B",null,"M","$","?","M","M","R","$","R","T","M","E","M","?","?","R","B",null,"M","M","?","M","M","R","E","$","T","?","T","E","M","M","R","B",null],"character_chosen":"IRONCLAD","items_purchased":["SteamSale","Flex","Pummel","Cleave+1","DemoMod:WhiteBlade","DemoMod:OrangeGuonStone","Centennial Puzzle","Incubus","GuppysHead","Grinning Jar","Brimstone","ReplayTheSpireMod:CursedCoin","Replay:Bottled Eggs","TheBean"],"campfire_rested":0,"item_purchase_floors":[4,4,4,11,11,19,19,34,34,42,42,42,42,42],"current_hp_per_floor":[74,74,74,74,74,74,67,73,73,79,80,80,80,62,62,56,80,80,80,80,76,67,67,80,80,80,79,80,80,80,80,80,62,50,50,50,50,50,50,50,40,50,50,50,50,60,60,60,60,18],"gold":146,"neow_bonus":"RANDOM_COMMON_RELIC","is_daily":false,"chose_seed":false,"campfire_upgraded":7,"win_rate":0.0,"timestamp":1614354409,"path_taken":["M","?","?","$","?","R","?","M","T","E","?","?","?","E","R","BOSS","M","$","?","?","M","R","?","R","T","?","E","M","?","?","R","BOSS","M","M","?","M","?","R","E","$","T","?","?","E","M","M","R","BOSS"],"items_purchased_type":["Relic","Card","Card","Card","Card","Relic","Relic","Relic","Relic","Relic","Relic","Relic","Relic","Relic"],"build_version":"2020-12-22","purchased_purges":3,"victory":true,"max_hp_per_floor":[80,80,80,80,80,80,80,80,80,80,80,80,80,80,80,80,80,80,80,80,80,80,80,80,80,80,80,80,80,80,80,80,80,50,50,50,50,50,50,50,50,50,50,50,50,60,60,60,60,60],"card_choices":[{"not_picked":[],"picked":"ChaosCard","floor":0},{"not_picked":["Sever Soul","Replay:Undeath\u0027s Touch","Rupture"],"picked":"SKIP","floor":1},{"not_picked":["Clash","Perfected Strike","Wild Strike"],"picked":"SKIP","floor":8},{"not_picked":["Wild Strike","Run Through"],"picked":"Spot Weakness","floor":10},{"not_picked":["Power Through","Shrug It Off"],"picked":"Armaments","floor":12},{"not_picked":["Sever Soul","Sword Boomerang","Dropkick"],"picked":"SKIP","floor":14},{"not_picked":["Immolate","Impervious"],"picked":"Offering","floor":16},{"not_picked":["Rampage","Pommel Strike"],"picked":"Flex+1","floor":18},{"not_picked":["Perfected Strike+1","Warcry"],"picked":"Infernal Blade+1","floor":21},{"not_picked":["Rampage+1","Clash"],"picked":"Flex","floor":22},{"not_picked":["Cleave","Clothesline"],"picked":"DemoMod:BlackBlade","floor":27},{"not_picked":["Replay:Undeath\u0027s Touch","Shrug It Off"],"picked":"ReplayTheSpireMod:LeadingStrike","floor":28},{"not_picked":["Ghostly Armor+1","Sword Boomerang","Searing Blow"],"picked":"SKIP","floor":29},{"not_picked":["Sword Boomerang+1","Warcry","Uppercut"],"picked":"SKIP","floor":35},{"not_picked":["Clash","True Grit","ReplayTheSpireMod:Muscle Training+1"],"picked":"SKIP","floor":36},{"not_picked":["Intimidate+1","Infernal Blade","Clash+1"],"picked":"SKIP","floor":38},{"not_picked":["Dropkick+1","Rampage","Intimidate"],"picked":"SKIP","floor":39},{"not_picked":["Dropkick+1","Feel No Pain","Reckless Charge+1"],"picked":"SKIP","floor":41},{"not_picked":["Rampage","Clothesline"],"picked":"Flex","floor":46},{"not_picked":["Iron Wave","Intimidate+1","Headbutt+1"],"picked":"SKIP","floor":47},{"not_picked":["infinitespire:OneForAll+1","Body Slam"],"picked":"Flex","floor":48}],"player_experience":199264,"relics_obtained":[{"floor":10,"key":"MealTicket"},{"floor":14,"key":"Mirror"},{"floor":26,"key":"Sundial"},{"floor":28,"key":"DemoMod:JetPack"},{"floor":41,"key":"Replay:Bottled Flurry"},{"floor":43,"key":"UnicornStump"},{"floor":45,"key":"PillsDrop"},{"floor":46,"key":"Pear"}],"event_choices":[{"damage_healed":0,"gold_gain":175,"player_choice":"AGREE","damage_taken":0,"max_hp_gain":0,"max_hp_loss":0,"event_name":"Liars Game","floor":3,"gold_loss":0,"cards_obtained":["Doubt"]},{"damage_healed":0,"gold_gain":0,"player_choice":"Success","damage_taken":7,"relics_obtained":["DeathBook"],"max_hp_gain":0,"max_hp_loss":0,"event_name":"Scrap Ooze","floor":7,"gold_loss":0},{"cards_removed":["Strike_R"],"damage_healed":0,"gold_gain":0,"player_choice":"Forget","damage_taken":0,"max_hp_gain":0,"max_hp_loss":0,"event_name":"Living Wall","floor":13,"gold_loss":0},{"damage_healed":0,"gold_gain":0,"player_choice":"Ignored","damage_taken":0,"max_hp_gain":0,"max_hp_loss":0,"event_name":"Ghosts","floor":20,"gold_loss":0},{"cards_removed":["Strike_R"],"damage_healed":0,"gold_gain":0,"player_choice":"Gave Gold","damage_taken":0,"max_hp_gain":0,"max_hp_loss":0,"event_name":"Beggar","floor":30,"gold_loss":75},{"damage_healed":0,"gold_gain":0,"player_choice":"Ignored","damage_taken":0,"max_hp_gain":0,"max_hp_loss":0,"event_name":"Falling","floor":37,"gold_loss":0},{"damage_healed":0,"gold_gain":0,"player_choice":"Paid","damage_taken":0,"relics_obtained":["Red Mask"],"max_hp_gain":0,"max_hp_loss":0,"event_name":"Tomb of Lord Red Mask","floor":44,"gold_loss":2}],"is_beta":false,"boss_relics":[{"not_picked":["Kintsugi","Honey Jar"],"picked":"infinitespire:Burning Sword"},{"not_picked":[]},{"not_picked":["infinitespire:Cupcake","Painkiller Herb"],"picked":"Black Blood"},{"not_picked":[]}],"items_purged_floors":[4,19,42],"is_endless":false,"potions_floor_spawned":[1,12,16,22,27,33,36,38,46,47,48],"ascension_level":0}}