{"host":"50per11302020","time":1614331777,"event":{"mods":["AchievementEnabler","BaseMod","Colored Map","Minty Spire (QoL Compilation)","Relic Stats","StSLib"],"gold_per_floor":[118,293,368,386,405,405,434,434,461,476,99,113,14,32,32,136,136,155,174,174,174,99,99,119,119,119,132,165,165,165,192,192,293,293,313,325,173,187,204,204,204,204,204,204,204,204,216,227,227,227,227],"floor_reached":50,"language":"ENG","playtime":3841,"items_purged":["Doubt"],"score":514,"play_id":"ddd2fe95-13fa-459b-87e3-d200f8ef1f0d","local_time":"20210226012937","is_ascension_mode":true,"campfire_choices":[{"floor":6.0,"key":"REST"},{"data":"Feed","floor":8.0,"key":"SMITH"},{"data":"Dual Wield","floor":15.0,"key":"SMITH"},{"floor":23.0,"key":"REST"},{"data":"Berserk","floor":25.0,"key":"SMITH"},{"data":"Juggernaut","floor":29.0,"key":"SMITH"},{"data":"Juggernaut","floor":32.0,"key":"SMITH"},{"floor":40.0,"key":"REST"},{"floor":42.0,"key":"REST"},{"data":"Shockwave","floor":44.0,"key":"SMITH"},{"data":"Thunderclap","floor":46.0,"key":"SMITH"},{"floor":49.0,"key":"REST"}],"circlet_count":0,"master_deck":["Thunderclap+1","Feel No Pain","Rage","Fire Breathing","Whirlwind","Shockwave+1","Feed+1","Intimidate","Juggernaut+1","Iron Wave","Dual Wield+1","Feed","Berserk+1","Shrug It Off","Shrug It Off","Dropkick","Juggernaut+1","Shrug It Off","Inflame","Dropkick","Berserk","Ghostly Armor+1","Dual Wield+1","Disarm+1","Intimidate"],"relics":["Pandora\u0027s Box"],"acts_visited":["Exordium","TheCity","TheBeyond"],"potions_floor_usage":[50,50],"damage_taken":[{"damage":3.0,"enemies":"Cultist","floor":1.0,"turns":4.0},{"damage":5.0,"enemies":"2 Louse","floor":4.0,"turns":2.0},{"damage":10.0,"enemies":"Jaw Worm","floor":5.0,"turns":5.0},{"damage":12.0,"enemies":"Lagavulin","floor":7.0,"turns":7.0},{"damage":19.0,"enemies":"Blue Slaver","floor":10.0,"turns":6.0},{"damage":7.0,"enemies":"3 Louse","floor":12.0,"turns":3.0},{"damage":8.0,"enemies":"2 Fungi Beasts","floor":14.0,"turns":4.0},{"damage":7.0,"enemies":"Slime Boss","floor":16.0,"turns":12.0},{"damage":22.0,"enemies":"3 Byrds","floor":18.0,"turns":9.0},{"damage":24.0,"enemies":"Chosen","floor":19.0,"turns":7.0},{"damage":15.0,"enemies":"Snake Plant","floor":24.0,"turns":4.0},{"damage":8.0,"enemies":"Centurion and Healer","floor":27.0,"turns":6.0},{"damage":26.0,"enemies":"Masked Bandits","floor":28.0,"turns":5.0},{"damage":46.0,"enemies":"Automaton","floor":33.0,"turns":10.0},{"damage":23.0,"enemies":"Orb Walker","floor":35.0,"turns":5.0},{"damage":41.0,"enemies":"3 Darklings","floor":36.0,"turns":10.0},{"damage":40.0,"enemies":"Jaw Worm Horde","floor":38.0,"turns":5.0},{"damage":46.0,"enemies":"Spire Growth","floor":39.0,"turns":6.0},{"damage":34.0,"enemies":"Writhing Mass","floor":47.0,"turns":7.0},{"damage":29.0,"enemies":"4 Shapes","floor":48.0,"turns":6.0},{"damage":130,"enemies":"Awakened One","floor":50,"turns":8}],"seed_played":"2909132524087927609","potions_obtained":[{"floor":5.0,"key":"SneckoOil"},{"floor":10.0,"key":"Strength Potion"},{"floor":14.0,"key":"Strength Potion"},{"floor":18.0,"key":"AttackPotion"},{"floor":27.0,"key":"SpeedPotion"},{"floor":33.0,"key":"Swift Potion"},{"floor":35.0,"key":"EssenceOfSteel"},{"floor":39.0,"key":"DistilledChaos"},{"floor":47.0,"key":"SpeedPotion"}],"is_trial":false,"path_per_floor":["M","?","?","M","M","R","E","R","T","M","$","M","$","M","R","B",null,"M","M","?","?","?","R","M","R","T","M","?","R","?","T","R","B",null,"M","M","$","M","M","R","?","R","T","R","?","R","M","M","R","B"],"character_chosen":"IRONCLAD","items_purchased":["Feed","Berserk","Shrug It Off","Dropkick","DuplicationPotion","LiquidMemories"],"campfire_rested":5,"item_purchase_floors":[11,11,13,13,37,37],"current_hp_per_floor":[80,80,72,70,63,89,80,80,80,65,65,69,69,68,68,73,126,111,91,91,62,62,104,93,93,93,93,74,74,74,74,74,32,165,142,101,101,65,23,74,74,125,125,125,125,125,91,66,119,0,0],"gold":227,"neow_bonus":"BOSS_RELIC","is_daily":false,"chose_seed":false,"campfire_upgraded":7,"win_rate":0.0,"timestamp":1614331777,"path_taken":["M","?","?","?","M","R","E","R","T","M","?","M","$","M","R","BOSS","M","M","?","?","?","R","M","R","T","M","?","R","?","?","R","BOSS","M","M","$","M","M","R","?","R","T","R","?","R","M","?","R","BOSS"],"items_purchased_type":["Card","Card","Card","Card","Potion","Potion"],"build_version":"2020-12-18","purchased_purges":1,"victory":false,"max_hp_per_floor":[83,83,83,86,89,89,92,92,92,96,96,107,107,114,114,126,126,133,137,137,142,142,142,146,146,146,154,161,161,161,161,161,165,165,165,165,165,169,173,173,173,173,173,173,173,173,173,177,177,177,177],"relic_stats":{"counters":[21,131],"Pandora\u0027s Box":["Thunderclap","Feel No Pain","Rage","Fire Breathing","Whirlwind","Shockwave","Feed","Intimidate","Juggernaut"],"obtain_stats":[{"Pandora\u0027s Box":0,"Burning Blood":0},{"Pandora\u0027s Box":0,"Burning Blood":0},{"Pandora\u0027s Box":0,"Burning Blood":0}]},"card_choices":[{"not_picked":["Wild Strike","Havoc","Sword Boomerang"],"picked":"SKIP","floor":1.0},{"not_picked":["Blood for Blood","Second Wind"],"picked":"Iron Wave","floor":4.0},{"not_picked":["Twin Strike","Clothesline","Sentinel"],"picked":"SKIP","floor":5.0},{"not_picked":["Second Wind","Perfected Strike","Heavy Blade"],"picked":"SKIP","floor":7.0},{"not_picked":["Shockwave","Flame Barrier"],"picked":"Dual Wield","floor":10.0},{"not_picked":["Rampage","True Grit"],"picked":"Shrug It Off","floor":12.0},{"not_picked":["Whirlwind","Cleave","Reckless Charge"],"picked":"SKIP","floor":14.0},{"not_picked":["Exhume","Offering"],"picked":"Juggernaut","floor":16.0},{"not_picked":["Burning Pact","True Grit","Searing Blow"],"picked":"SKIP","floor":18.0},{"not_picked":["Anger+1","Dual Wield+1"],"picked":"Shrug It Off","floor":19.0},{"not_picked":["Warcry+1","Rupture+1","Evolve"],"picked":"SKIP","floor":24.0},{"not_picked":["Flame Barrier","Bloodletting+1"],"picked":"Dropkick","floor":27.0},{"not_picked":["Double Tap","Immolate"],"picked":"Berserk","floor":33.0},{"not_picked":["Headbutt","Sword Boomerang+1"],"picked":"Ghostly Armor+1","floor":35.0},{"not_picked":["True Grit","Carnage+1","Infernal Blade+1"],"picked":"SKIP","floor":36.0},{"not_picked":["Twin Strike","Shrug It Off"],"picked":"Dual Wield+1","floor":38.0},{"not_picked":["Flex","Body Slam+1"],"picked":"Disarm+1","floor":39.0},{"not_picked":["Evolve+1","Twin Strike+1"],"picked":"Intimidate","floor":47.0},{"not_picked":["Infernal Blade+1","Pummel+1","Sentinel"],"picked":"SKIP","floor":48.0}],"player_experience":468931,"relics_obtained":[],"event_choices":[{"damage_healed":0.0,"max_hp_gain":0.0,"max_hp_loss":0.0,"gold_gain":175.0,"event_name":"Liars Game","player_choice":"AGREE","floor":2.0,"gold_loss":0.0,"damage_taken":0.0,"cards_obtained":["Doubt"]},{"damage_healed":0.0,"max_hp_gain":0.0,"max_hp_loss":0.0,"gold_gain":75.0,"event_name":"FaceTrader","player_choice":"Touch","floor":3.0,"gold_loss":0.0,"damage_taken":8.0},{"damage_healed":0.0,"max_hp_gain":0.0,"max_hp_loss":0.0,"gold_gain":0.0,"event_name":"The Library","player_choice":"Read","floor":20.0,"gold_loss":0.0,"damage_taken":0.0,"cards_obtained":["Inflame"]},{"damage_healed":0.0,"max_hp_gain":5.0,"max_hp_loss":0.0,"gold_gain":0.0,"event_name":"Forgotten Altar","player_choice":"Shed Blood","floor":21.0,"gold_loss":0.0,"damage_taken":34.0},{"cards_removed":["Bash"],"damage_healed":0.0,"max_hp_gain":0.0,"max_hp_loss":0.0,"gold_gain":0.0,"event_name":"Beggar","player_choice":"Gave Gold","floor":22.0,"gold_loss":75.0,"damage_taken":0.0},{"damage_healed":0.0,"max_hp_gain":0.0,"max_hp_loss":0.0,"gold_gain":0.0,"event_name":"Masked Bandits","player_choice":"Fought Bandits","floor":28.0,"gold_loss":0.0,"damage_taken":0.0},{"damage_healed":0.0,"max_hp_gain":0.0,"max_hp_loss":0.0,"gold_gain":0.0,"event_name":"Vampires","player_choice":"Ignored","floor":30.0,"gold_loss":0.0,"damage_taken":0.0},{"damage_healed":0.0,"max_hp_gain":0.0,"max_hp_loss":0.0,"gold_gain":0.0,"event_name":"Mysterious Sphere","player_choice":"Ignored","floor":41.0,"gold_loss":0.0,"damage_taken":0.0},{"damage_healed":0.0,"max_hp_gain":0.0,"max_hp_loss":0.0,"gold_gain":0.0,"event_name":"WeMeetAgain","player_choice":"Ignored","floor":45.0,"gold_loss":0.0,"damage_taken":0.0}],"is_beta":true,"boss_relics":[{"not_picked":["Runic Dome","SacredBark","Velvet Choker"]},{"not_picked":["Snecko Eye","Astrolabe","SacredBark"]}],"items_purged_floors":[11],"is_endless":false,"potions_floor_spawned":[5,10,14,18,27,33,35,39,47],"killed_by":"Awakened One","ascension_level":1}}