{"host":"clf2hd4adhiiw0zf","time":1614321218,"event":{"mods":["AchievementEnabler","Aspiration","BaseMod","Beaked The Cultist","Bestiary","Dark Map","Downfall","Gremlin Mod","Hermit","Hubris","Jorbs\u0027s Wanderer Trilogy","Marisa????????","Minty Spire (QoL Compilation)","Monster B Gone","Quick Restart","Reliquary","Replay The Spire","Shop Mod","Spire Arcade","StSLib","The Construct","The Cursed","The Disciple","The Marked","Wide Potions"],"gold_per_floor":[99,119,119,138,138,138,138,138,138,167,178,305,327,364,392,504,516,328,352,364,394,416,457,494,524,446,346,366,366,516,544,559,657,657,657,670,683,282,282,308,308,340,357,42,53,53,69,98,109,109,109,138,38,38,38,38,38,38],"floor_reached":56,"language":"ENG","playtime":4031,"items_purged":["Pain","Writhe"],"score":1521,"play_id":"a5bb14cf-f2b7-4796-a512-99c64e64183f","local_time":"20210225233338","is_ascension_mode":true,"campfire_choices":[{"data":"Guardian:Harden","floor":6.0,"key":"SMITH"},{"floor":8.0,"key":"RECALL"},{"floor":18.0,"key":"DIG"},{"data":"Guardian:RevengeProtocol","floor":27.0,"key":"SMITH"},{"data":"Guardian:RevengeProtocol","floor":35,"key":"SMITH"},{"data":"expansioncontent:StudyTheSpire","floor":46,"key":"SMITH"},{"data":"Guardian:Harden","floor":54,"key":"SMITH"}],"circlet_count":0,"master_deck":["AscendersBane","Guardian:Strike_Guardian","Guardian:Defend_Guardian","Guardian:Defend_Guardian","Guardian:Defend_Guardian","Guardian:Defend_Guardian","Guardian:CurlUp","Guardian:TwinSlam","Guardian:PiercingHide+1","Guardian:Harden+1","Guardian:Suspension","Guardian:SpikerProtocol","Guardian:AncientConstruct","Guardian:RevengeProtocol+1","Guardian:Recover","Guardian:ChargeUp+1","Guardian:RevengeProtocol+1","Guardian:PrimingBeam+1","Guardian:SpikerProtocol","Guardian:BodySlam+1","Guardian:DonusPower","Guardian:Repulse","Guardian:DonusPower","Guardian:ConstructionForm","Guardian:Harden+1","Guardian:SpikerProtocol","expansioncontent:StudyTheSpire+1","Guardian:SpikerProtocol+1","Guardian:ShieldCharger+1"],"relics":["Snecko Eye","downfall:ExtraCursedKey","hubris:Icosahedron","ReplayTheSpireMod:TigerMarble","MawBank","War Paint","beaked:SacredNecklace","downfall:HeartBlessingRed","downfall:HeartBlessingGreen","Slimebound:StickyStick","Guardian:GemstoneGun","downfall:HeartBlessingBlue","hubris:Potato","Replay:Drink Me","Gambling Chip","reliquary:Knoch","PreservedInsect","aspiration:HummingbirdHeart","hubris:BundleOfHerbs"],"acts_visited":["Exordium","TheCity","TheBeyond","TheEnding"],"potions_floor_usage":[33,50,55,55],"damage_taken":[{"damage":0.0,"enemies":"Small Slimes","floor":2.0,"turns":3.0},{"damage":5.0,"enemies":"Cultist","floor":4.0,"turns":4.0},{"damage":3.0,"enemies":"Gremlin Nob","floor":10.0,"turns":3.0},{"damage":12.0,"enemies":"2 Louse","floor":11.0,"turns":3.0},{"damage":28.0,"enemies":"3 Sentries","floor":12.0,"turns":12.0},{"damage":0.0,"enemies":"2 Fungi Beasts","floor":13.0,"turns":4.0},{"damage":0.0,"enemies":"Lagavulin","floor":14.0,"turns":4.0},{"damage":0.0,"enemies":"Gremlin Gang","floor":15.0,"turns":7.0},{"damage":41.0,"enemies":"WA_ARCHETYPE_RETAIN","floor":16.0,"turns":11.0},{"damage":0.0,"enemies":"Shell Parasite","floor":19.0,"turns":7.0},{"damage":34.0,"enemies":"downfall:LooterAlt2","floor":21.0,"turns":7.0},{"damage":6.0,"enemies":"Snecko","floor":22.0,"turns":4.0},{"damage":11.0,"enemies":"Replay:Snechameleon","floor":23.0,"turns":5.0},{"damage":27.0,"enemies":"3 Cultists","floor":25.0,"turns":6.0},{"damage":4.0,"enemies":"downfall:FleeingMerchant","floor":26.0,"turns":4.0},{"damage":7.0,"enemies":"Centurion and Healer","floor":28.0,"turns":5.0},{"damage":37.0,"enemies":"Gremlin Leader","floor":31.0,"turns":7.0},{"damage":0.0,"enemies":"Shelled Parasite and Fungi","floor":32.0,"turns":4.0},{"damage":8,"enemies":"IC_MUSHROOM_ARCHETYPE","floor":33,"turns":7},{"damage":5,"enemies":"Orb Walker","floor":36,"turns":3},{"damage":11,"enemies":"3 Shapes","floor":37,"turns":3},{"damage":5,"enemies":"downfall:FleeingMerchant","floor":38,"turns":4},{"damage":0,"enemies":"Nemesis","floor":40,"turns":7},{"damage":5,"enemies":"Reptomancer","floor":42,"turns":5},{"damage":0,"enemies":"Transient","floor":43,"turns":5},{"damage":0,"enemies":"downfall:FleeingMerchant","floor":44,"turns":4},{"damage":0,"enemies":"Spire Growth","floor":45,"turns":5},{"damage":0,"enemies":"Jaw Worm Horde","floor":47,"turns":4},{"damage":0,"enemies":"Giant Head","floor":48,"turns":3},{"damage":0,"enemies":"Sphere and 2 Shapes","floor":49,"turns":4},{"damage":0,"enemies":"DF_ARCHETYPE_ORBS","floor":50,"turns":8},{"damage":0,"enemies":"downfall:CharBossMerchant","floor":52,"turns":7},{"damage":15,"enemies":"downfall:NeowBoss","floor":55,"turns":18},{"damage":54,"enemies":"downfall:NeowBossFinal","floor":56,"turns":8}],"seed_played":"-7197407049396180372","potions_obtained":[{"floor":4.0,"key":"Fire Potion"},{"floor":12.0,"key":"Guardian:AcceleratePotion"},{"floor":13.0,"key":"SteroidPotion"},{"floor":14.0,"key":"Guardian:AcceleratePotion"},{"floor":16.0,"key":"SpeedPotion"},{"floor":37,"key":"SteroidPotion"}],"is_trial":false,"path_per_floor":["R","M","?","M","?","R","T","R","?","E","M","E","M","E","M","B",null,"R","M","?","M","M","E","T","M","$","R","M","?","?","E","M","B",null,"R","M","M","$","?","E","T","E","M","$","M","R","M","E","M","B",null,"E","$","R","B","B"],"character_chosen":"GUARDIAN","items_purchased":["Gambling Chip","Guardian:SpikerProtocol","Guardian:Gem_Cyan","expansioncontent:StudyTheSpire","Swift Potion","Dexterity Potion"],"campfire_rested":0,"item_purchase_floors":[38,44,44,44,53,53],"current_hp_per_floor":[72,72,77,72,72,72,72,72,72,82,70,42,42,42,42,44,75,75,75,75,41,35,83,83,56,52,62,55,55,55,18,18,10,57,57,52,41,36,36,36,36,31,31,31,31,31,31,31,31,31,62,62,62,62,47,0,0,0],"gold":38,"neow_bonus":"BOSS_RELIC","is_daily":false,"chose_seed":false,"campfire_upgraded":5,"win_rate":0.0,"timestamp":1614321218,"path_taken":["R","M","?","M","?","R","T","R","?","E","M","E","?","E","M","BOSS","R","M","?","?","M","E","T","?","$","R","M","?","?","E","M","BOSS","R","M","M","$","?","E","T","E","M","$","M","R","M","E","M","BOSS","E","$","R","BOSS","BOSS"],"items_purchased_type":["Relic","Card","Card","Card","Potion","Potion"],"build_version":"2020-12-22","purchased_purges":2,"victory":false,"max_hp_per_floor":[80,80,85,85,85,85,85,85,85,85,85,85,85,85,85,85,85,85,85,85,85,85,85,85,85,85,95,95,95,95,95,95,95,72,72,72,72,72,72,72,72,72,72,72,72,72,72,72,72,72,72,72,72,72,72,72,72,72],"card_choices":[{"not_picked":["Guardian:Recover","Guardian:RollAttack"],"picked":"Guardian:PiercingHide","floor":2.0},{"not_picked":["Guardian:RollAttack","Guardian:FloatingOrbs"],"picked":"Guardian:Harden","floor":4.0},{"not_picked":["Guardian:BronzeArmor","Guardian:Orbwalk"],"picked":"Guardian:RevengeProtocol","floor":10.0},{"not_picked":["Guardian:Planning","Guardian:PiercingHide"],"picked":"Guardian:Recover","floor":11.0},{"not_picked":["Guardian:TimeCapacitor","Guardian:SentryBeam"],"picked":"Guardian:ChargeUp","floor":12.0},{"not_picked":["Guardian:TemporalStrike","Guardian:Planning"],"picked":"Guardian:Gem_Purple","floor":13.0},{"not_picked":["Guardian:TimeBomb","Guardian:Planning","Guardian:Recover"],"picked":"SKIP","floor":14.0},{"not_picked":["Guardian:ChargeCore","Guardian:Planning","Guardian:TimeBomb"],"picked":"SKIP","floor":15.0},{"not_picked":["Guardian:StasisEngine","Guardian:BaubleBeam"],"picked":"Guardian:RevengeProtocol","floor":16.0},{"not_picked":["Guardian:Gem_Red","Guardian:Suspension","Guardian:RollAttack"],"picked":"SKIP","floor":19.0},{"not_picked":["Guardian:Incinerate","Guardian:Gem_Cyan"],"picked":"Guardian:PrimingBeam+1","floor":21.0},{"not_picked":["Guardian:BronzeOrb","Guardian:BodySlam+1"],"picked":"Guardian:SpikerProtocol","floor":22.0},{"not_picked":["Guardian:Gem_Cyan","Guardian:BronzeArmor"],"picked":"Guardian:BodySlam+1","floor":23.0},{"not_picked":["Guardian:TemporalShield","Guardian:Gem_Lightblue"],"picked":"Guardian:DonusPower","floor":25.0},{"not_picked":["Guardian:Suspension","Guardian:StasisEngine","Guardian:Gem_Fragmented"],"picked":"SKIP","floor":26.0},{"not_picked":["Guardian:CrystalBeam","Guardian:Suspension"],"picked":"Guardian:Repulse","floor":28.0},{"not_picked":["Guardian:Recover","Guardian:Gem_Lightblue","Guardian:ChargeCore"],"picked":"SKIP","floor":31.0},{"not_picked":["Guardian:FloatingOrbs+1","Guardian:BaubleBeam"],"picked":"Guardian:DonusPower","floor":32.0},{"not_picked":["Guardian:GemFinder","Guardian:AncientConstruct"],"picked":"Guardian:ConstructionForm","floor":33},{"not_picked":["Guardian:Reroute+1","Guardian:Gem_Red"],"picked":"Guardian:Gem_Yellow","floor":36},{"not_picked":["Guardian:SentryBeam","Guardian:Recover+1"],"picked":"Guardian:Gem_Fragmented","floor":37},{"not_picked":["Guardian:FloatingOrbs+1","Guardian:Planning"],"picked":"Guardian:Gem_Cyan","floor":38},{"not_picked":["Guardian:WalkerClaw","Guardian:DonusPower","Guardian:FloatingOrbs"],"picked":"SKIP","floor":40},{"not_picked":["Guardian:PrimingBeam","Guardian:StasisEngine"],"picked":"Guardian:Harden","floor":42},{"not_picked":["Guardian:Planning","Guardian:VentSteam+1","Guardian:Recover"],"picked":"SKIP","floor":43},{"not_picked":["Guardian:PrimingBeam+1","Guardian:ChargeCore+1","Guardian:Gem_Lightblue"],"picked":"SKIP","floor":44},{"not_picked":["Guardian:Clone","Guardian:ChargeUp+1","Guardian:Gem_Lightblue"],"picked":"SKIP","floor":45},{"not_picked":["Guardian:Gem_Fragmented","Guardian:RefractedBeam+1","Guardian:Gem_Green"],"picked":"SKIP","floor":47},{"not_picked":["Guardian:Planning+1","Guardian:Gem_Lightblue"],"picked":"Guardian:SpikerProtocol+1","floor":48},{"not_picked":["Guardian:Preprogram+1","Guardian:Reroute+1","Guardian:Gem_Yellow"],"picked":"SKIP","floor":49},{"not_picked":["Guardian:Gem_Purple","Guardian:RefractedBeam+1"],"picked":"Guardian:ShieldCharger+1","floor":52}],"player_experience":419874,"relics_obtained":[{"floor":10.0,"key":"ReplayTheSpireMod:TigerMarble"},{"floor":12.0,"key":"MawBank"},{"floor":14.0,"key":"War Paint"},{"floor":18.0,"key":"Slimebound:StickyStick"},{"floor":23.0,"key":"Boot"},{"floor":31.0,"key":"hubris:Potato"},{"floor":40,"key":"reliquary:Knoch"},{"floor":42,"key":"PreservedInsect"},{"floor":48,"key":"aspiration:HummingbirdHeart"},{"floor":52,"key":"hubris:BundleOfHerbs"}],"event_choices":[{"damage_healed":0.0,"max_hp_gain":5.0,"max_hp_loss":0.0,"gold_gain":0.0,"event_name":"Big Fish","player_choice":"Donut","floor":3.0,"gold_loss":0.0,"damage_taken":0.0}],"is_beta":false,"boss_relics":[{"not_picked":["expansioncontent:StudyCardRelic","Runic Dome"],"picked":"beaked:SacredNecklace"},{"not_picked":["hubris:RunicObelisk","aspiration:SilentSkillbook"],"picked":"Replay:Drink Me"}],"items_purged_floors":[26,38],"is_endless":false,"potions_floor_spawned":[4,12,13,14,16,23,25,28,31,37,42,43,47,48],"killed_by":"downfall:NeowBossFinal","ascension_level":11}}