{"host":"oigynbtg272c19pw","time":1614362143,"event":{"mods":["BaseMod","Colored Map","Minty Spire (QoL Compilation)","Relic Stats","Slay the Relics Exporter","StSLib"],"gold_per_floor":[127,127,148,168,188,188,231,231,231,231,250,277,223,260,260,345,372,361,382,392,392,392],"floor_reached":21,"playtime":969,"items_purged":[],"score":390,"play_id":"bcfe1357-2b41-495b-a9ca-10b6e2db662d","local_time":"20210226185543","is_ascension_mode":true,"campfire_choices":[{"data":"Glacier","floor":6.0,"key":"SMITH"},{"data":"Cold Snap","floor":8.0,"key":"SMITH"},{"data":"Go for the Eyes","floor":10.0,"key":"SMITH"},{"data":"Beam Cell","floor":15.0,"key":"SMITH"}],"circlet_count":0,"master_deck":["AscendersBane","Strike_B","Strike_B","Defend_B","Defend_B","Defend_B","Zap+1","Dualcast","Go for the Eyes+1","Rebound","Gash","Glacier+1","Cold Snap+1","Compile Driver","All For One","Beam Cell+1","Buffer","Fusion+1","BootSequence+1","Consume+1","Sweeping Beam","Turbo"],"relics":["Cracked Core","CeramicFish","Akabeko","Toy Ornithopter","Cables","Oddly Smooth Stone","Astrolabe"],"acts_visited":["Exordium","TheCity"],"potions_floor_usage":[],"damage_taken":[{"damage":3.0,"enemies":"2 Louse","floor":1.0,"turns":3.0},{"damage":0.0,"enemies":"Cultist","floor":3.0,"turns":3.0},{"damage":2.0,"enemies":"Jaw Worm","floor":4.0,"turns":3.0},{"damage":9.0,"enemies":"Red Slaver","floor":5.0,"turns":3.0},{"damage":17.0,"enemies":"Gremlin Nob","floor":7.0,"turns":4.0},{"damage":4.0,"enemies":"Exordium Wildlife","floor":11.0,"turns":3.0},{"damage":0.0,"enemies":"Large Slime","floor":12.0,"turns":3.0},{"damage":6.0,"enemies":"3 Sentries","floor":14.0,"turns":5.0},{"damage":17.0,"enemies":"The Guardian","floor":16.0,"turns":10.0},{"damage":0.0,"enemies":"2 Thieves","floor":18.0,"turns":4.0},{"damage":27.0,"enemies":"3 Byrds","floor":19.0,"turns":5.0},{"damage":16.0,"enemies":"Snake Plant","floor":20.0,"turns":5.0},{"damage":15.0,"enemies":"Snecko","floor":21.0,"turns":10.0}],"seed_played":"-5618009976830445455","potions_obtained":[{"floor":4.0,"key":"PowerPotion"},{"floor":5.0,"key":"FearPotion"},{"floor":11.0,"key":"AttackPotion"},{"floor":16.0,"key":"LiquidMemories"},{"floor":19.0,"key":"LiquidMemories"}],"is_trial":false,"path_per_floor":["M","?","M","M","M","R","E","R","T","R","M","M","?","E","R","B",null,"M","M","M","M"],"character_chosen":"DEFECT","items_purchased":[],"campfire_rested":0,"item_purchase_floors":[],"current_hp_per_floor":[61,61,61,59,50,50,33,33,33,33,29,34,34,28,28,11,56,61,34,23,8,8],"gold":392,"neow_bonus":"RANDOM_COMMON_RELIC","is_daily":false,"chose_seed":false,"campfire_upgraded":4,"win_rate":0.0,"timestamp":1614362143,"path_taken":["M","?","M","M","M","R","E","R","T","R","M","?","?","E","R","BOSS","M","M","M","M"],"items_purchased_type":[],"build_version":"2020-12-13","purchased_purges":0,"victory":false,"max_hp_per_floor":[71,71,71,71,71,71,71,71,71,71,71,71,71,71,71,71,71,71,71,71,71,71],"relic_stats":{"counters":[13,61],"CeramicFish":126,"Astrolabe":["Fusion","BootSequence","Consume"],"obtain_stats":[{"CeramicFish":0,"Astrolabe":17,"Oddly Smooth Stone":14,"Cracked Core":0,"Akabeko":7,"Toy Ornithopter":9,"Cables":13},{"CeramicFish":0,"Astrolabe":9,"Oddly Smooth Stone":8,"Cracked Core":0,"Akabeko":5,"Toy Ornithopter":5,"Cables":7},{"CeramicFish":0,"Astrolabe":37,"Oddly Smooth Stone":27,"Cracked Core":0,"Akabeko":16,"Toy Ornithopter":16,"Cables":22}],"Toy Ornithopter":15,"Cables":[34,14,16,0,4]},"card_choices":[{"not_picked":["Leap","Heatsinks"],"picked":"Go for the Eyes","floor":1.0},{"not_picked":["Auto Shields","Turbo"],"picked":"Rebound","floor":3.0},{"not_picked":["Streamline","Coolheaded"],"picked":"Gash","floor":4.0},{"not_picked":["Hologram","Consume"],"picked":"Glacier","floor":5.0},{"not_picked":["Conserve Battery","Leap"],"picked":"Cold Snap","floor":7.0},{"not_picked":["Turbo","Redo"],"picked":"Compile Driver","floor":11.0},{"not_picked":["Compile Driver","FTL"],"picked":"All For One","floor":12.0},{"not_picked":["Compile Driver","Hologram"],"picked":"Beam Cell","floor":14.0},{"not_picked":["Rainbow","Creative AI"],"picked":"Buffer","floor":16.0},{"not_picked":["White Noise","Stack"],"picked":"Sweeping Beam","floor":18.0},{"not_picked":["Leap","Streamline"],"picked":"Turbo","floor":19.0},{"not_picked":["Go for the Eyes","Doom and Gloom","Fusion"],"picked":"SKIP","floor":20.0}],"player_experience":1662107,"relics_obtained":[{"floor":7.0,"key":"Akabeko"},{"floor":9.0,"key":"Toy Ornithopter"},{"floor":14.0,"key":"Oddly Smooth Stone"}],"event_choices":[{"damage_healed":0.0,"max_hp_gain":0.0,"max_hp_loss":0.0,"gold_gain":0.0,"event_name":"Upgrade Shrine","player_choice":"Upgraded","floor":2.0,"gold_loss":0.0,"damage_taken":0.0,"cards_upgraded":["Zap"]},{"damage_healed":0.0,"max_hp_gain":0.0,"max_hp_loss":0.0,"gold_gain":0.0,"event_name":"WeMeetAgain","player_choice":"Paid Gold","floor":13.0,"gold_loss":54.0,"damage_taken":0.0,"relics_obtained":["Cables"]}],"is_beta":false,"boss_relics":[{"not_picked":["Coffee Dripper","SacredBark"],"picked":"Astrolabe"}],"items_purged_floors":[],"is_endless":false,"potions_floor_spawned":[4,5,11,16,19],"killed_by":"Snecko","ascension_level":20}}