{"host":"szp1d6dso4pv7ddl","time":1614308487,"event":{"mods":["AchievementEnabler","Alarm Clock","BaseMod","Bestiary","Block Reminder","Colored Map","Colored Powertips","Curses Come First","Dark Map","Displayed Cursed Tome","Highlight Path","Minty Spire (QoL Compilation)","Permanent Neow","Quick Restart","Relic Sorter","Relic Stats","StSLib","Synergy Search"],"gold_per_floor":[115,63,82,98,98,98,126,144,144,144,144,144],"floor_reached":11,"language":"ENG","playtime":433,"items_purged":[],"score":150,"play_id":"8676d6b7-112b-40e9-8abc-8ac174eed2df","local_time":"20210225190127","is_ascension_mode":true,"campfire_choices":[{"data":"Deadly Poison","floor":6.0,"key":"SMITH"},{"floor":10,"key":"REST"}],"circlet_count":0,"master_deck":["AscendersBane","Strike_G","Strike_G","Strike_G","Strike_G","Strike_G","Defend_G","Defend_G","Defend_G","Defend_G","Defend_G","Survivor","Neutralize","Dodge and Roll","Quick Slash","Dodge and Roll","Deadly Poison+1","Dagger Spray","Dagger Throw"],"relics":["Ring of the Snake","Toy Ornithopter","Calipers","Incense Burner"],"acts_visited":["Exordium"],"potions_floor_usage":[],"damage_taken":[{"damage":6.0,"enemies":"Cultist","floor":1.0,"turns":5.0},{"damage":0.0,"enemies":"2 Louse","floor":3.0,"turns":3.0},{"damage":0.0,"enemies":"Jaw Worm","floor":4.0,"turns":7.0},{"damage":0.0,"enemies":"Lots of Slimes","floor":5.0,"turns":1.0},{"damage":34.0,"enemies":"Lagavulin","floor":7.0,"turns":8.0},{"damage":0,"enemies":"2 Fungi Beasts","floor":8,"turns":3},{"damage":69,"enemies":"Gremlin Nob","floor":11,"turns":4}],"seed_played":"-645186031219301520","potions_obtained":[{"floor":3.0,"key":"SmokeBomb"},{"floor":7.0,"key":"CultistPotion"}],"is_trial":false,"path_per_floor":["M","$","M","M","M","R","E","M","T","R","E"],"character_chosen":"THE_SILENT","items_purchased":["Quick Slash"],"campfire_rested":1,"item_purchase_floors":[2],"current_hp_per_floor":[53,53,53,53,58,58,24,24,24,43,0,0],"gold":144,"neow_bonus":"RANDOM_COMMON_RELIC","is_daily":false,"chose_seed":false,"campfire_upgraded":1,"win_rate":0.0,"timestamp":1614308487,"path_taken":["M","$","?","M","M","R","E","M","T","R","E"],"items_purchased_type":["Card"],"build_version":"2020-12-22","purchased_purges":0,"victory":false,"max_hp_per_floor":[66,66,66,66,66,66,66,66,66,66,66,66],"relic_stats":{"counters":[7,31],"obtain_stats":[{"Calipers":7,"Incense Burner":9,"Toy Ornithopter":0,"Ring of the Snake":0},{"Calipers":5,"Incense Burner":6,"Toy Ornithopter":0,"Ring of the Snake":0},{"Calipers":24,"Incense Burner":27,"Toy Ornithopter":0,"Ring of the Snake":0}],"Toy Ornithopter":5,"Ring of the Snake":[14]},"card_choices":[{"not_picked":["Slice","Deflect"],"picked":"Dodge and Roll","floor":1.0},{"not_picked":["Distraction","Tactician"],"picked":"Dodge and Roll","floor":3.0},{"not_picked":["Expertise","Dagger Throw"],"picked":"Deadly Poison","floor":4.0},{"not_picked":["Quick Slash","A Thousand Cuts"],"picked":"Dagger Spray","floor":7.0},{"not_picked":["Concentrate","Cloak And Dagger"],"picked":"Dagger Throw","floor":8}],"player_experience":1664296,"relics_obtained":[{"floor":7.0,"key":"Calipers"},{"floor":9,"key":"Incense Burner"}],"event_choices":[],"is_beta":false,"boss_relics":[],"items_purged_floors":[],"is_endless":false,"potions_floor_spawned":[3,7],"killed_by":"Gremlin Nob","ascension_level":20}}