{"host":"94qggqh0xz0sp6ai","time":1614305812,"event":{"mods":["100% Spire Juice","Abigail Mod","Act Like it!","BaseMod","CapriCore","Downfall","Friendly Minions","Gensokyo","Hermit","Jorbs\u0027s Wanderer Trilogy","Koishi","Marisa（霧雨　魔理沙）","Minty Spire (QoL Compilation)","Permanent Neow","Reimu（博??梦）","Reliquary","Ruina","StSLib","The Alterego","The Construct","The Cursed","The Hierophant","The Immortal","The Marked","The Mystic","The Senshi","The Servant 0.9.4","TheBandit","Waifu the Spire"],"gold_per_floor":[113,113,45,45,113,113,163,163,232,232,250,313,340,354,354,458,458,472,484,534,40,90,90,110,110,155,169,237,268,268,284,284,385,385,397,447,55,115,128,128,163,163,163,163,0,10,10,22,22,22],"floor_reached":51,"language":"ENG","playtime":1822,"items_purged":["MokouMod:Strike"],"score":1196,"play_id":"221342fc-0d68-48ba-8162-181894edc40c","local_time":"20210225201652","is_ascension_mode":true,"campfire_choices":[{"data":"MokouMod:RisingSunBarrier","floor":6,"key":"SMITH"},{"data":"MokouMod:InfernalWave","floor":8,"key":"SMITH"},{"data":"MokouMod:ResoluteFlare","floor":10,"key":"SMITH"},{"data":"MokouMod:TemporalFireSeal","floor":15,"key":"SMITH"},{"data":"MokouMod:Extinguish","floor":23,"key":"SMITH"},{"data":"MokouMod:SearingShot","floor":25,"key":"SMITH"},{"data":"MokouMod:IgnitionBlast","floor":30,"key":"SMITH"},{"data":"MokouMod:Sear","floor":32,"key":"SMITH"},{"data":"Bandage Up","floor":40,"key":"SMITH"},{"data":"MokouMod:BlazingComet","floor":42,"key":"SMITH"},{"floor":44,"key":"REST"},{"data":"MokouMod:BurningDraft","floor":47,"key":"SMITH"},{"data":"MokouMod:IllusoryBattlefield","floor":49,"key":"SMITH"}],"circlet_count":0,"master_deck":["AscendersBane","MokouMod:Strike","MokouMod:Strike","MokouMod:Strike","MokouMod:Defend","MokouMod:Defend","MokouMod:Defend","MokouMod:Defend","MokouMod:HeatSpark","MokouMod:GuidingSmoke","MokouMod:SearingShot+1","MokouMod:ResoluteFlare+1","MokouMod:InfernalWave+1","MokouMod:IgnitionBlast+1","MokouMod:RisingSunBarrier+1","MokouMod:IndiscriminateIgnition","MokouMod:TemporalFireSeal+1","MokouMod:IllusoryBattlefield+1","MokouMod:Extinguish+1","MokouMod:BurningDraft+1","MokouMod:BlazingComet+1","Necronomicurse","Bandage Up+1","MokouMod:Combust","MokouMod:Sear+1","MokouMod:RoaringFlare+1","MokouMod:IndiscriminateIgnition","MokouMod:EnchantingBambooForest+1","MokouMod:ScorchedEarth+1","Mayhem+1","MokouMod:BlazingComet+1","MokouMod:BurningDraft+1"],"relics":["MokouMod:PhoenixFeather","Regal Pillow","SsserpentHead","reliquary:BoilingFlask","Boot","construct:WeddingRing","Necronomicon","Frozen Egg 2","Medical Kit","reliquary:WeakTea","theSenshi:SuperSailorFukuRelic","Ice Cream","Empty Cage","PreservedInsect","Bird Faced Urn","Prayer Wheel","Bottled Tornado","Red Mask"],"acts_visited":["Exordium","TheCity","TheBeyond"],"potions_floor_usage":[46,50,50],"damage_taken":[{"damage":6,"enemies":"Cultist","floor":1,"turns":4},{"damage":0,"enemies":"Small Slimes","floor":5,"turns":3},{"damage":0,"enemies":"2 Louse","floor":11,"turns":1},{"damage":14,"enemies":"Exordium Thugs","floor":12,"turns":4},{"damage":26,"enemies":"Lagavulin","floor":13,"turns":7},{"damage":9,"enemies":"Red Slaver","floor":14,"turns":2},{"damage":21,"enemies":"Slime Boss","floor":16,"turns":9},{"damage":14,"enemies":"Shell Parasite","floor":18,"turns":7},{"damage":4,"enemies":"Spheric Guardian","floor":19,"turns":4},{"damage":16,"enemies":"Chosen and Byrds","floor":24,"turns":4},{"damage":23,"enemies":"Sentry and Sphere","floor":27,"turns":4},{"damage":4,"enemies":"3 Cultists","floor":28,"turns":5},{"damage":12,"enemies":"Book of Stabbing","floor":29,"turns":5},{"damage":0,"enemies":"Centurion and Healer","floor":31,"turns":5},{"damage":0,"enemies":"Automaton","floor":33,"turns":5},{"damage":2,"enemies":"Orb Walker","floor":35,"turns":3},{"damage":0,"enemies":"3 Darklings","floor":38,"turns":7},{"damage":33,"enemies":"Jaw Worm Horde","floor":39,"turns":6},{"damage":1,"enemies":"Nemesis","floor":41,"turns":5},{"damage":6,"enemies":"Writhing Mass","floor":46,"turns":7},{"damage":0,"enemies":"Sphere and 2 Shapes","floor":48,"turns":5},{"damage":0,"enemies":"Donu and Deca","floor":50,"turns":5}],"seed_played":"-8875920562677092265","potions_obtained":[{"floor":1,"key":"Weak Potion"},{"floor":7,"key":"DistilledChaos"},{"floor":7,"key":"FearPotion"},{"floor":11,"key":"PowerPotion"},{"floor":46,"key":"SteroidPotion"}],"is_trial":false,"path_per_floor":["M","?","$","?","M","R","?","R","T","R","M","M","E","M","R","B",null,"M","M","?","$","?","R","M","R","T","M","M","E","R","M","R","B",null,"M","?","$","M","M","R","E","R","T","R","?","M","R","M","R","B",null],"character_chosen":"MKU","items_purchased":["MokouMod:RisingSunBarrier","Frozen Egg 2","Medical Kit","Bandage Up","PreservedInsect","Mayhem+1"],"campfire_rested":1,"item_purchase_floors":[3,21,21,21,37,37],"current_hp_per_floor":[62,62,62,62,62,62,62,62,62,62,62,48,22,13,13,18,61,47,43,27,27,75,75,63,63,63,44,44,36,36,40,40,44,67,69,69,69,73,42,42,47,47,47,75,75,69,69,75,75,75],"gold":22,"neow_bonus":"RANDOM_COMMON_RELIC","is_daily":false,"chose_seed":false,"campfire_upgraded":12,"win_rate":0.0,"timestamp":1614305812,"path_taken":["M","?","$","?","?","R","?","R","T","R","M","?","E","M","R","BOSS","M","M","?","$","?","R","M","R","T","M","?","E","R","M","R","BOSS","M","?","$","?","M","R","E","R","T","R","?","M","R","M","R","BOSS"],"items_purchased_type":["Card","Relic","Relic","Card","Relic","Card"],"build_version":"2020-12-22","purchased_purges":1,"victory":true,"max_hp_per_floor":[75,75,75,75,75,75,75,75,75,75,75,75,75,75,75,75,75,75,75,75,75,75,75,75,75,75,75,75,75,75,75,75,75,75,75,75,75,75,75,75,75,75,75,75,75,75,75,75,75,75],"card_choices":[{"not_picked":["MokouMod:EternalBurstReactor","MokouMod:Sear"],"picked":"MokouMod:GuidingSmoke","floor":1},{"not_picked":["MokouMod:WarmUp","MokouMod:AdaptivePyromancy"],"picked":"MokouMod:IndiscriminateIgnition","floor":5},{"not_picked":["MokouMod:Firecracker","MokouMod:SearingShot","MokouMod:EternalBurstReactor"],"picked":"SKIP","floor":11},{"not_picked":["MokouMod:Stoke","MokouMod:Firecracker"],"picked":"MokouMod:TemporalFireSeal","floor":12},{"not_picked":["MokouMod:Stoke","MokouMod:Refresh"],"picked":"MokouMod:ThermalPressure","floor":13},{"not_picked":["MokouMod:AdaptivePyromancy","MokouMod:FlamingFireTalons"],"picked":"MokouMod:IllusoryBattlefield","floor":14},{"not_picked":["MokouMod:BurningHiddenBullet","MokouMod:SpontaneousHumanCombustion"],"picked":"MokouMod:Extinguish","floor":16},{"not_picked":["MokouMod:FusionFlare","MokouMod:CrimsonArmoury"],"picked":"MokouMod:BurningDraft","floor":18},{"not_picked":["MokouMod:Combust+1","MokouMod:ControlledCombustion"],"picked":"MokouMod:BlazingComet","floor":19},{"not_picked":["MokouMod:RetainTemperature","MokouMod:FlamingFireTalons"],"picked":"MokouMod:Combust","floor":24},{"not_picked":["MokouMod:Firecracker","MokouMod:BurningDraft"],"picked":"MokouMod:Sear","floor":27},{"not_picked":["MokouMod:FlickeringFlame+1","MokouMod:InfernalWave"],"picked":"MokouMod:RoaringFlare+1","floor":28},{"not_picked":["MokouMod:SearingShot","MokouMod:HeatFactory+1"],"picked":"MokouMod:IndiscriminateIgnition","floor":29},{"not_picked":["MokouMod:FlamingFireTalons","MokouMod:Ember","MokouMod:IgnitionBarrier+1"],"picked":"SKIP","floor":31},{"not_picked":["MokouMod:Rebirth+1","MokouMod:Extinguish"],"picked":"MokouMod:EnchantingBambooForest+1","floor":33},{"not_picked":["MokouMod:CrimsonFlare","MokouMod:SearingShot","MokouMod:DanceofFlames"],"picked":"SKIP","floor":35},{"not_picked":["MokouMod:Refresh+1","MokouMod:Sear+1","MokouMod:FujiyamaVolcano+1"],"picked":"SKIP","floor":38},{"not_picked":["MokouMod:Singe","MokouMod:FlickeringFlame","MokouMod:ThermalPressure+1"],"picked":"SKIP","floor":39},{"not_picked":["MokouMod:EternalBurstReactor+1","MokouMod:FlareStarter","MokouMod:ThermalPressure"],"picked":"SKIP","floor":41},{"not_picked":["MokouMod:RoaringFlare+1","MokouMod:Burn"],"picked":"MokouMod:BlazingComet+1","floor":46},{"not_picked":["MokouMod:PhoenixFeathers","MokouMod:BlazingComet+1","MokouMod:RoaringFlare"],"picked":"SKIP","floor":46},{"not_picked":["MokouMod:ResoluteFlare","MokouMod:Firecracker"],"picked":"MokouMod:BurningDraft+1","floor":48},{"not_picked":["MokouMod:IndiscriminateIgnition","MokouMod:Trailblazer+1","MokouMod:ResoluteFlare"],"picked":"SKIP","floor":48}],"player_experience":1550242,"relics_obtained":[{"floor":9,"key":"reliquary:BoilingFlask"},{"floor":13,"key":"Boot"},{"floor":20,"key":"Necronomicon"},{"floor":26,"key":"reliquary:WeakTea"},{"floor":29,"key":"theSenshi:SuperSailorFukuRelic"},{"floor":33,"key":"Ice Cream"},{"floor":41,"key":"Bird Faced Urn"},{"floor":41,"key":"Prayer Wheel"},{"floor":43,"key":"Bottled Tornado"}],"event_choices":[{"damage_healed":0,"gold_gain":0,"player_choice":"Trade","damage_taken":0,"relics_obtained":["SsserpentHead"],"max_hp_gain":0,"max_hp_loss":0,"event_name":"FaceTrader","floor":4,"gold_loss":0},{"damage_healed":0,"gold_gain":0,"player_choice":"Got Potions","damage_taken":0,"max_hp_gain":0,"max_hp_loss":0,"event_name":"Lab","floor":7,"gold_loss":0},{"damage_healed":0,"gold_gain":0,"player_choice":"Obtained Book","damage_taken":16,"max_hp_gain":0,"max_hp_loss":0,"event_name":"Cursed Tome","floor":20,"gold_loss":0},{"cards_removed":["MokouMod:ThermalPressure"],"damage_healed":48,"gold_gain":0,"player_choice":"Offered Uncommon","damage_taken":0,"max_hp_gain":0,"max_hp_loss":0,"event_name":"Bonfire Elementals","floor":22,"gold_loss":0},{"damage_healed":0,"gold_gain":0,"player_choice":"1 cards matched","damage_taken":0,"max_hp_gain":0,"max_hp_loss":0,"event_name":"Match and Keep!","floor":36,"gold_loss":0,"cards_obtained":["MokouMod:ScorchedEarth"]},{"damage_healed":0,"gold_gain":0,"player_choice":"Paid","damage_taken":0,"relics_obtained":["Red Mask"],"max_hp_gain":0,"max_hp_loss":0,"event_name":"Tomb of Lord Red Mask","floor":45,"gold_loss":213}],"is_beta":false,"boss_relics":[{"not_picked":["reliquary:WritOfMandamus","Runic Pyramid"],"picked":"construct:WeddingRing"},{"not_picked":["Runic Dome","Coffee Dripper"],"picked":"Empty Cage"}],"items_purged_floors":[37],"is_endless":false,"potions_floor_spawned":[1,11,18,19,24,29,31,35,46],"ascension_level":10}}