{"host":"lly094a91h6n5nv5","time":1614328226,"event":{"mods":["AchievementEnabler","BaseMod","Block Reminder","Colored Map","Minty Spire (QoL Compilation)","Permanent Neow"],"gold_per_floor":[119,138,156,156,167,167,187,187,241,241,257,290,290,215,215,286,286,300,318,243,158,167,167,210,510,510,529,529,552,552,581,581,581,581],"floor_reached":33,"language":"ENG","playtime":1753,"items_purged":["Strike_G"],"score":494,"play_id":"32ccb886-c7a7-4047-9600-9b2daf29528f","local_time":"20210226023026","is_ascension_mode":true,"campfire_choices":[{"data":"Cloak And Dagger","floor":6.0,"key":"SMITH"},{"data":"Cloak And Dagger","floor":8.0,"key":"SMITH"},{"data":"All Out Attack","floor":13.0,"key":"SMITH"},{"data":"Neutralize","floor":15.0,"key":"SMITH"},{"data":"RitualDagger","floor":23,"key":"SMITH"},{"floor":25,"key":"DIG"},{"floor":28,"key":"DIG"},{"floor":30,"key":"DIG"},{"floor":32,"key":"DIG"}],"circlet_count":0,"master_deck":["AscendersBane","Strike_G","Strike_G","Strike_G","Defend_G","Defend_G","Survivor","Neutralize+1","Cloak And Dagger+1","Quick Slash","Flying Knee","Cloak And Dagger+1","All Out Attack+1","Infinite Blades","Leg Sweep","Blade Dance","Tools of the Trade","Acrobatics","Finisher","RitualDagger+1","Blade Dance","Choke+1","PiercingWail","Backflip"],"relics":["Ring of the Snake","Centennial Puzzle","Ninja Scroll","StrikeDummy","Cursed Key","CeramicFish","Shovel","Old Coin","Paper Crane","Matryoshka","CaptainsWheel"],"acts_visited":["Exordium","TheCity"],"potions_floor_usage":[19,29,33],"damage_taken":[{"damage":2.0,"enemies":"Cultist","floor":1.0,"turns":5.0},{"damage":0.0,"enemies":"Jaw Worm","floor":2.0,"turns":4.0},{"damage":5.0,"enemies":"Small Slimes","floor":3.0,"turns":7.0},{"damage":5.0,"enemies":"Looter","floor":5.0,"turns":3.0},{"damage":3.0,"enemies":"2 Fungi Beasts","floor":7.0,"turns":3.0},{"damage":4.0,"enemies":"Exordium Wildlife","floor":11.0,"turns":4.0},{"damage":6.0,"enemies":"3 Sentries","floor":12.0,"turns":6.0},{"damage":22.0,"enemies":"Slime Boss","floor":16.0,"turns":9.0},{"damage":0,"enemies":"Chosen","floor":18,"turns":4},{"damage":0,"enemies":"3 Byrds","floor":19,"turns":3},{"damage":15,"enemies":"Book of Stabbing","floor":24,"turns":5},{"damage":0,"enemies":"3 Cultists","floor":27,"turns":5},{"damage":0,"enemies":"Sentry and Sphere","floor":29,"turns":3},{"damage":0,"enemies":"Snecko","floor":31,"turns":2},{"damage":37,"enemies":"Collector","floor":33,"turns":9}],"seed_played":"336731785204922611","potions_obtained":[{"floor":1.0,"key":"Regen Potion"},{"floor":7.0,"key":"DuplicationPotion"},{"floor":18,"key":"Swift Potion"},{"floor":19,"key":"Weak Potion"},{"floor":27,"key":"Fire Potion"}],"is_trial":false,"path_per_floor":["M","M","M","?","M","R","M","R","T","T","M","E","R","?","R","B",null,"M","M","$","?","?","R","E","R","T","M","R","M","R","M","R","B"],"character_chosen":"THE_SILENT","items_purchased":[],"campfire_rested":0,"item_purchase_floors":[],"current_hp_per_floor":[42,42,52,52,47,47,44,44,44,44,40,34,34,34,34,12,53,53,53,53,53,47,47,32,32,32,32,32,32,32,32,32,0,0],"gold":581,"neow_bonus":"TRANSFORM_TWO_CARDS","is_daily":false,"chose_seed":false,"campfire_upgraded":5,"win_rate":0.0,"timestamp":1614328226,"path_taken":["M","M","M","?","?","R","M","R","T","?","M","E","R","?","R","BOSS","M","M","$","?","?","R","E","R","T","M","R","M","R","M","R","BOSS"],"items_purchased_type":[],"build_version":"2020-12-22","purchased_purges":1,"victory":false,"max_hp_per_floor":[66,66,66,66,66,66,66,66,66,66,66,66,66,66,66,66,66,66,66,66,66,66,66,66,66,66,66,66,66,66,66,66,66,66],"card_choices":[{"not_picked":["Endless Agony","Dagger Throw"],"picked":"Flying Knee","floor":1.0},{"not_picked":["Slice","Reflex"],"picked":"Cloak And Dagger","floor":2.0},{"not_picked":["Riddle With Holes","Concentrate","Underhanded Strike"],"picked":"SKIP","floor":3.0},{"not_picked":["Dodge and Roll","Outmaneuver"],"picked":"All Out Attack","floor":5.0},{"not_picked":["Acrobatics","Bane"],"picked":"Infinite Blades","floor":7.0},{"not_picked":["PiercingWail","Envenom"],"picked":"Leg Sweep","floor":11.0},{"not_picked":["Dagger Throw","Tactician"],"picked":"Blade Dance","floor":12.0},{"not_picked":["Corpse Explosion","Burst"],"picked":"Tools of the Trade","floor":16.0},{"not_picked":["Dash","Setup"],"picked":"Acrobatics","floor":18},{"not_picked":["Outmaneuver","Quick Slash"],"picked":"Finisher","floor":19},{"not_picked":["Unload","PiercingWail"],"picked":"Blade Dance","floor":24},{"not_picked":["All Out Attack","Dagger Spray+1"],"picked":"Choke+1","floor":27},{"not_picked":["Flechettes","Dodge and Roll"],"picked":"PiercingWail","floor":29},{"not_picked":["Well Laid Plans","Prepared"],"picked":"Backflip","floor":31}],"player_experience":303731,"relics_obtained":[{"floor":9.0,"key":"Centennial Puzzle"},{"floor":10.0,"key":"Ninja Scroll"},{"floor":12.0,"key":"StrikeDummy"},{"floor":24,"key":"Shovel"},{"floor":25,"key":"Old Coin"},{"floor":28,"key":"Paper Crane"},{"floor":30,"key":"Matryoshka"},{"floor":32,"key":"CaptainsWheel"}],"event_choices":[{"cards_removed":["Defend_G"],"damage_healed":0.0,"max_hp_gain":0.0,"max_hp_loss":0.0,"gold_gain":0.0,"event_name":"Bonfire Elementals","player_choice":"Offered Basic","floor":4.0,"gold_loss":0.0,"damage_taken":0.0},{"cards_removed":["Defend_G"],"damage_healed":0.0,"max_hp_gain":0.0,"max_hp_loss":0.0,"gold_gain":0.0,"event_name":"The Cleric","player_choice":"Card Removal","floor":14.0,"gold_loss":75.0,"damage_taken":0.0},{"damage_healed":0,"gold_gain":0,"player_choice":"Obtained Relic","damage_taken":0,"relics_obtained":["CeramicFish"],"max_hp_gain":0,"max_hp_loss":0,"event_name":"Addict","floor":21,"gold_loss":85},{"damage_healed":0,"gold_gain":0,"player_choice":"Joined the Cult","damage_taken":6,"max_hp_gain":0,"max_hp_loss":0,"event_name":"Nest","floor":22,"gold_loss":0,"cards_obtained":["RitualDagger"]}],"is_beta":false,"boss_relics":[{"not_picked":["Velvet Choker","Pandora\u0027s Box"],"picked":"Cursed Key"}],"items_purged_floors":[20],"is_endless":false,"potions_floor_spawned":[1,7,18,19,27],"killed_by":"Collector","ascension_level":17}}