{"host":"c2bue2hyafvtxka5","time":1614300295,"event":{"mods":["BaseMod","Hermit","Minty Spire (QoL Compilation)","Replay The Spire","StSLib","SuperFastMode","The Cursed","The Disciple","The Necromancer","The Servant 0.9.4"],"gold_per_floor":[109,124,48,48,48,48,77,94,94,127,127,145,158,182,182,283,283,302,302,302,292,312,341,353,381,393,405,405],"floor_reached":27,"language":"ENG","playtime":821,"items_purged":[],"score":322,"play_id":"99ec1b6d-26fb-4d4f-a059-827f749797dd","local_time":"20210225194455","is_ascension_mode":true,"campfire_choices":[{"data":"Summon_Lich","floor":6,"key":"SMITH"},{"data":"Summon_Vampire_Lady","floor":11,"key":"SMITH"},{"floor":24,"key":"REST"}],"circlet_count":0,"master_deck":["Strike_W","Strike_W","Strike_W","Strike_W","Defend_W","Defend_W","Defend_W","Defend_W","Negative_Energy_Arrows","Bone_Wall","Negative_Energy_Shield","Negative_Energy_Javelin","Summon_Lich+1","Regret","Summon_Vampire_Lady+1","Summon_Death_Knight+1","Summon_Undead+1","Skeleton_Dragon","Bone_Shift"],"relics":["Vampire_Amulet","NeowsBlessing","Kunai","Juzu Bracelet","Thread and Needle","Mirror","Unceasing Top","Odd Mushroom","Fusion Hammer","MawBank","Replay:Accelerometer"],"acts_visited":["Exordium","TheCity"],"potions_floor_usage":[18,23],"damage_taken":[{"damage":0,"enemies":"Cultist","floor":1,"turns":1},{"damage":0,"enemies":"Small Slimes","floor":2,"turns":2},{"damage":0,"enemies":"Replay:BlueRogue","floor":7,"turns":1},{"damage":14,"enemies":"2 Louse","floor":8,"turns":3},{"damage":40,"enemies":"Lagavulin","floor":10,"turns":9},{"damage":4,"enemies":"Looter","floor":12,"turns":3},{"damage":14,"enemies":"3 Louse","floor":13,"turns":3},{"damage":15,"enemies":"The Mushroom Lair","floor":14,"turns":4},{"damage":56,"enemies":"Fading Forest","floor":16,"turns":11},{"damage":6,"enemies":"3 Byrds","floor":18,"turns":4},{"damage":12,"enemies":"2 Thieves","floor":21,"turns":4},{"damage":7,"enemies":"Snecko","floor":22,"turns":5},{"damage":65,"enemies":"Gremlin Leader","floor":23,"turns":7},{"damage":33,"enemies":"Snake Plant","floor":25,"turns":5},{"damage":14,"enemies":"Centurion and Healer","floor":27,"turns":4}],"seed_played":"-532647736186769350","potions_obtained":[{"floor":7,"key":"Cursed Concoction"},{"floor":12,"key":"Languid Potion"},{"floor":13,"key":"Milkshake"},{"floor":21,"key":"AttackPotion"}],"is_trial":false,"path_per_floor":["M","M","$","?","?","R","E","M","T","E","R","M","M","?","R","B",null,"M","?","?","M","M","E","R","M","T","M"],"character_chosen":"NECROMANCER","items_purchased":["Summon_Lich"],"campfire_rested":1,"item_purchase_floors":[3],"current_hp_per_floor":[75,75,75,68,68,68,70,63,63,37,37,38,30,21,43,52,75,75,61,61,54,61,11,35,13,13,0,0],"gold":405,"neow_bonus":"THREE_ENEMY_KILL","is_daily":false,"chose_seed":false,"campfire_upgraded":2,"win_rate":0.0,"timestamp":1614300295,"path_taken":["M","?","$","?","?","R","E","M","T","E","R","M","M","?","R","BOSS","M","?","?","M","M","E","R","M","T","M"],"items_purchased_type":["Card"],"build_version":"2020-12-22","purchased_purges":0,"victory":false,"max_hp_per_floor":[75,75,75,75,75,75,75,75,75,75,75,75,75,75,75,75,75,75,80,80,80,80,80,80,80,80,80,80],"card_choices":[{"not_picked":["Scare","Bone_Shift"],"picked":"Negative_Energy_Shield","floor":1},{"not_picked":["Negative_Energy_Shield","Death_March_Dance"],"picked":"Negative_Energy_Javelin","floor":2},{"not_picked":["Blood_Is_Power","Negative_Energy_Shield"],"picked":"Summon_Vampire_Lady","floor":7},{"not_picked":["Necrotic_Claws","Bone_Shift","Finger_Of_Death"],"picked":"SKIP","floor":8},{"not_picked":["Consume_Illness","Scare","Vampiric_Strike"],"picked":"SKIP","floor":10},{"not_picked":["Consume_Illness","Bone_Spikes","Life_Tap"],"picked":"SKIP","floor":12},{"not_picked":["Blood_Curse","Acid_Javelin"],"picked":"Summon_Death_Knight","floor":13},{"not_picked":["Bones_to_Steel","Negative_Energy_Sphere"],"picked":"Summon_Undead","floor":14},{"not_picked":["Summon_Death_Knight","Requiem"],"picked":"Skeleton_Dragon","floor":16},{"not_picked":["Negative_Energy_Javelin","Epidemic"],"picked":"Bone_Shift","floor":18},{"not_picked":["Negative_Energy_Shield","Negative_Energy_Javelin","Negative_Energy_Sphere"],"picked":"SKIP","floor":21},{"not_picked":["Bone_Spikes","Chill_Blood","Scare"],"picked":"SKIP","floor":22},{"not_picked":["Blood_Shield","Negative_Energy_Javelin+1","Negative_Energy_Mist+1"],"picked":"SKIP","floor":23},{"not_picked":["Blood_Is_Power","Consume_Illness","Necrotic_Claws"],"picked":"SKIP","floor":25}],"player_experience":117366,"relics_obtained":[{"floor":7,"key":"Thread and Needle"},{"floor":9,"key":"Mirror"},{"floor":10,"key":"Unceasing Top"},{"floor":14,"key":"Odd Mushroom"},{"floor":23,"key":"MawBank"},{"floor":26,"key":"Replay:Accelerometer"}],"event_choices":[{"damage_healed":0,"gold_gain":0,"player_choice":"Success","damage_taken":7,"relics_obtained":["Kunai"],"max_hp_gain":0,"max_hp_loss":0,"event_name":"Scrap Ooze","floor":4,"gold_loss":0},{"damage_healed":0,"gold_gain":0,"player_choice":"Box","damage_taken":0,"relics_obtained":["Juzu Bracelet"],"max_hp_gain":0,"max_hp_loss":0,"event_name":"Big Fish","floor":5,"gold_loss":0,"cards_obtained":["Regret"]},{"damage_healed":0,"gold_gain":0,"player_choice":"Fought Mushrooms","damage_taken":0,"max_hp_gain":0,"max_hp_loss":0,"event_name":"Mushrooms","floor":14,"gold_loss":0},{"damage_healed":0,"gold_gain":0,"player_choice":"Shed Blood","damage_taken":19,"max_hp_gain":5,"max_hp_loss":0,"event_name":"Forgotten Altar","floor":19,"gold_loss":0},{"damage_healed":0,"gold_gain":0,"player_choice":"Upgraded","damage_taken":0,"max_hp_gain":0,"max_hp_loss":0,"event_name":"Upgrade Shrine","floor":20,"gold_loss":0,"cards_upgraded":["Summon_Undead"]}],"is_beta":false,"boss_relics":[{"not_picked":["Velvet Choker","Runic Dome"],"picked":"Fusion Hammer"}],"items_purged_floors":[],"is_endless":false,"potions_floor_spawned":[7,12,13,14,16,21,22],"killed_by":"Centurion and Healer","ascension_level":4}}