{"host":"iufxm0obud3l1y1g","time":1614302136,"event":{"mods":["BaseMod","Bestiary","Downfall","Minty Spire (QoL Compilation)","StSLib"],"gold_per_floor":[99,115,132,132,132,143,143,143,243,256,256,288,305,323,337,438,438,338,355,188,202,217,217,217,167,2,18,18,18,18],"floor_reached":28,"language":"ENG","playtime":4910,"items_purged":["hexamod:Strike"],"score":222,"play_id":"d628c9f3-5ebd-4d38-bab5-036434247497","local_time":"20210225191536","is_ascension_mode":false,"campfire_choices":[{"floor":1,"key":"RECALL"},{"floor":11,"key":"REST"},{"data":"hexamod:SearingWound","floor":18,"key":"SMITH"}],"circlet_count":0,"master_deck":["hexamod:Strike","hexamod:Strike","hexamod:Strike","hexamod:Defend","hexamod:Defend","hexamod:Defend","hexamod:Defend","hexamod:Sear","hexamod:Float","hexamod:GhostShield","hexamod:FirstSeal","hexamod:ThirdSeal","hexamod:HauntingEcho","hexamod:InspiringFlames","hexamod:SwordOfDarkness","hexamod:Hexaguard","hexamod:GhostShield","hexamod:UnleashSpirits","hexamod:SearingWound+1","hexamod:NightmareGuise","hexamod:DynamicBlow","hexamod:RadiantFlame","hexamod:ExtraCrispy+1","hexamod:FastForward+1","hexamod:PowerFromBeyond"],"relics":["Busted Crown","Kunai","Potion Belt","Pantograph","Black Star","downfall:HeartBlessingRed","Orichalcum"],"acts_visited":["Exordium","TheCity"],"potions_floor_usage":[9,12,12,13,16,19,22,28],"damage_taken":[{"damage":6,"enemies":"Jaw Worm","floor":2,"turns":3},{"damage":0,"enemies":"2 Louse","floor":3,"turns":3},{"damage":0,"enemies":"Cultist","floor":5,"turns":1},{"damage":0,"enemies":"Exordium Wildlife","floor":6,"turns":7},{"damage":21,"enemies":"downfall:LadyInBlue","floor":9,"turns":11},{"damage":2,"enemies":"Blue Slaver","floor":10,"turns":4},{"damage":11,"enemies":"Lagavulin","floor":12,"turns":7},{"damage":7,"enemies":"Lots of Slimes","floor":13,"turns":5},{"damage":0,"enemies":"3 Louse","floor":14,"turns":3},{"damage":0,"enemies":"Blue Slaver","floor":15,"turns":3},{"damage":10,"enemies":"SI_SHIV_ARCHETYPE","floor":16,"turns":10},{"damage":4,"enemies":"downfall:LooterAlt2","floor":19,"turns":5},{"damage":0,"enemies":"downfall:FleeingMerchant","floor":20,"turns":4},{"damage":16,"enemies":"Chosen","floor":21,"turns":6},{"damage":16,"enemies":"Snake Plant","floor":22,"turns":3},{"damage":0,"enemies":"downfall:FleeingMerchant","floor":26,"turns":4},{"damage":25,"enemies":"Chosen and Byrds","floor":27,"turns":7},{"damage":54,"enemies":"Slavers","floor":28,"turns":5}],"seed_played":"8610957834211616455","potions_obtained":[{"floor":6,"key":"hexamod:SoulburnPotion"},{"floor":9,"key":"hexamod:SoulburnPotion"},{"floor":9,"key":"sneckomod:MuddlingPotion"},{"floor":9,"key":"hexamod:InfernoChargePotion"},{"floor":9,"key":"SpeedPotion"},{"floor":12,"key":"Guardian:BlockOnCardUsePotion"},{"floor":15,"key":"Weak Potion"},{"floor":16,"key":"ColorlessPotion"},{"floor":21,"key":"Dexterity Potion"}],"is_trial":false,"path_per_floor":["R","M","M","?","M","M","T","?","?","M","R","E","M","M","M","B",null,"R","M","$","M","M","?","T","?","$","M","E"],"character_chosen":"THE_SPIRIT","items_purchased":["hexamod:RadiantFlame","Orichalcum"],"campfire_rested":1,"item_purchase_floors":[20,26],"current_hp_per_floor":[70,64,64,64,64,64,64,57,36,41,62,58,58,65,70,67,70,70,70,70,61,45,68,68,70,70,52,0,0,0],"gold":18,"neow_bonus":"BOSS_RELIC","is_daily":false,"chose_seed":false,"campfire_upgraded":1,"win_rate":0.0,"timestamp":1614302136,"path_taken":["R","M","M","?","M","M","T","?","?","M","R","E","M","M","M","BOSS","R","M","$","M","?","?","T","?","?","M","E"],"items_purchased_type":["Card","Relic"],"build_version":"2020-12-22","purchased_purges":1,"victory":false,"max_hp_per_floor":[70,70,70,70,70,70,70,70,70,70,70,70,70,70,70,70,70,70,70,70,70,70,70,70,70,70,70,70,70,70],"card_choices":[{"not_picked":[],"picked":"hexamod:GhostShield","floor":2},{"not_picked":["hexamod:BacktrackSmack"],"picked":"SKIP","floor":3},{"not_picked":[],"picked":"hexamod:ShieldOfDarkness","floor":5},{"not_picked":["hexamod:ThermalTransfer"],"picked":"SKIP","floor":6},{"not_picked":[],"picked":"hexamod:HauntingEcho","floor":10},{"not_picked":["hexamod:RainOfEmbers"],"picked":"SKIP","floor":10},{"not_picked":[],"picked":"hexamod:InspiringFlames","floor":12},{"not_picked":["hexamod:GhostOfSpirePast"],"picked":"SKIP","floor":12},{"not_picked":[],"picked":"hexamod:SwordOfDarkness","floor":13},{"not_picked":["hexamod:HeatMetal"],"picked":"SKIP","floor":13},{"not_picked":[],"picked":"hexamod:Hexaguard","floor":14},{"not_picked":["hexamod:ShieldOfDarkness"],"picked":"SKIP","floor":14},{"not_picked":[],"picked":"hexamod:GhostShield","floor":15},{"not_picked":["hexamod:InspiringFlames"],"picked":"SKIP","floor":15},{"not_picked":[],"picked":"hexamod:UnleashSpirits","floor":16},{"not_picked":[],"picked":"hexamod:SearingWound","floor":16},{"not_picked":[],"picked":"hexamod:NightmareGuise","floor":19},{"not_picked":["hexamod:HauntingEcho"],"picked":"SKIP","floor":19},{"not_picked":[],"picked":"hexamod:DynamicBlow","floor":20},{"not_picked":["hexamod:HeatShield"],"picked":"SKIP","floor":20},{"not_picked":[],"picked":"hexamod:ExtraCrispy+1","floor":21},{"not_picked":["hexamod:ExtraCrispy"],"picked":"SKIP","floor":21},{"not_picked":[],"picked":"hexamod:FastForward+1","floor":22},{"not_picked":["hexamod:HeatCrush"],"picked":"SKIP","floor":22},{"not_picked":[],"picked":"hexamod:PowerFromBeyond","floor":26},{"not_picked":["hexamod:PhantomFireball"],"picked":"SKIP","floor":26},{"not_picked":["hexamod:SpectralAdrenaline"],"picked":"SKIP","floor":27},{"not_picked":["hexamod:Incineration"],"picked":"SKIP","floor":27}],"player_experience":46593,"relics_obtained":[{"floor":7,"key":"Kunai"},{"floor":9,"key":"Potion Belt"},{"floor":12,"key":"Pantograph"}],"event_choices":[{"damage_healed":23,"gold_gain":0,"player_choice":"Heal","damage_taken":0,"max_hp_gain":0,"max_hp_loss":0,"event_name":"The Library","floor":23,"gold_loss":0}],"is_beta":false,"boss_relics":[{"not_picked":["Sozu","Runic Dome"],"picked":"Black Star"}],"items_purged_floors":[20],"is_endless":false,"potions_floor_spawned":[6,9,12,15,16,21],"killed_by":"Slavers","ascension_level":0}}