{"host":"2wp95sdfrgw3k439","time":1614316170,"event":{"mods":["BaseMod","Better Altar","Better Skull","Better Third Choice","Curses Come First","Minty Spire (QoL Compilation)","Permanent Neow","StSLib"],"gold_per_floor":[109,121,138,138,138,138,158,184,184,197,237,237,274,294,294,405,405,402,55,55,75,84,125,134,134,134],"floor_reached":25,"language":"ENG","playtime":1035,"items_purged":["Strike_B"],"score":349,"play_id":"ac75a077-6bf6-4bb3-ae57-34f885f7f92d","local_time":"20210225220930","is_ascension_mode":true,"campfire_choices":[{"floor":6,"key":"REST"},{"floor":12,"key":"REST"},{"floor":15,"key":"REST"},{"floor":24,"key":"REST"}],"circlet_count":0,"master_deck":["Strike_B","Defend_B","Defend_B","Defend_B","Defend_B","Zap","Dualcast","Streamline","Undo","Rebound","Conserve Battery","Core Surge","Reinforced Body","Beam Cell","Sweeping Beam","Core Surge","Hello World+1","Chaos+1","Shame","Loop+1","Sweeping Beam+1"],"relics":["Fusion Hammer","Lantern","CeramicFish","Darkstone Periapt","Juzu Bracelet","Inserter","Membership Card","Ice Cream","Oddly Smooth Stone","Dream Catcher"],"acts_visited":["Exordium","TheCity"],"potions_floor_usage":[8,11,16],"damage_taken":[{"damage":6,"enemies":"Small Slimes","floor":1,"turns":5},{"damage":0,"enemies":"2 Louse","floor":2,"turns":3},{"damage":0,"enemies":"Jaw Worm","floor":3,"turns":4},{"damage":1,"enemies":"2 Fungi Beasts","floor":7,"turns":3},{"damage":16,"enemies":"Gremlin Nob","floor":8,"turns":3},{"damage":1,"enemies":"Lots of Slimes","floor":10,"turns":3},{"damage":14,"enemies":"Lagavulin","floor":11,"turns":8},{"damage":27,"enemies":"Gremlin Nob","floor":13,"turns":5},{"damage":0,"enemies":"Looter","floor":14,"turns":3},{"damage":25,"enemies":"Slime Boss","floor":16,"turns":9},{"damage":12,"enemies":"2 Thieves","floor":18,"turns":4},{"damage":10,"enemies":"3 Byrds","floor":21,"turns":6},{"damage":38,"enemies":"Slavers","floor":23,"turns":8},{"damage":45,"enemies":"Book of Stabbing","floor":25,"turns":4}],"seed_played":"-6975585340915854319","potions_obtained":[{"floor":1,"key":"PotionOfCapacity"},{"floor":2,"key":"FearPotion"},{"floor":8,"key":"SkillPotion"},{"floor":14,"key":"Strength Potion"}],"is_trial":false,"path_per_floor":["M","M","M","?","?","R","M","E","T","M","E","R","E","M","R","B",null,"M","$","?","M","?","E","R","E"],"character_chosen":"DEFECT","items_purchased":["Membership Card","Ice Cream"],"campfire_rested":4,"item_purchase_floors":[19,19],"current_hp_per_floor":[62,62,62,67,60,80,79,63,63,62,48,72,45,45,69,44,71,59,59,59,49,55,17,42,0,0],"gold":134,"neow_bonus":"BOSS_RELIC","is_daily":false,"chose_seed":false,"campfire_upgraded":0,"win_rate":0.0,"timestamp":1614316170,"path_taken":["M","M","M","?","?","R","M","E","T","M","E","R","E","M","R","BOSS","M","$","?","M","?","E","R","E"],"items_purchased_type":["Relic","Relic"],"build_version":"2020-12-22","purchased_purges":1,"victory":false,"max_hp_per_floor":[75,75,75,80,80,80,80,80,80,80,80,80,80,80,80,80,80,80,80,80,80,86,86,86,86,86],"card_choices":[{"not_picked":["Fusion","Stack"],"picked":"Streamline","floor":1},{"not_picked":["Tempest","Static Discharge"],"picked":"Undo","floor":2},{"not_picked":["Redo","Leap"],"picked":"Rebound","floor":3},{"not_picked":["Beam Cell","Auto Shields"],"picked":"Conserve Battery","floor":7},{"not_picked":["Cold Snap","Turbo"],"picked":"Core Surge","floor":8},{"not_picked":["Aggregate","BootSequence","Steam"],"picked":"SKIP","floor":10},{"not_picked":["Barrage","Blizzard"],"picked":"Reinforced Body","floor":11},{"not_picked":["Consume","Conserve Battery"],"picked":"Beam Cell","floor":13},{"not_picked":["BootSequence","Rip and Tear"],"picked":"Sweeping Beam","floor":14},{"not_picked":["Multi-Cast","Reboot"],"picked":"Core Surge","floor":16},{"not_picked":["Steam","FTL"],"picked":"Hello World+1","floor":18},{"not_picked":["Rebound","Coolheaded+1"],"picked":"Chaos+1","floor":21},{"not_picked":["Cold Snap","Genetic Algorithm+1"],"picked":"Loop+1","floor":23},{"not_picked":["Undo","Steam"],"picked":"Sweeping Beam+1","floor":24}],"player_experience":577385,"relics_obtained":[{"floor":8,"key":"Lantern"},{"floor":9,"key":"CeramicFish"},{"floor":11,"key":"Darkstone Periapt"},{"floor":13,"key":"Juzu Bracelet"},{"floor":23,"key":"Dream Catcher"}],"event_choices":[{"damage_healed":0,"gold_gain":0,"player_choice":"Donut","damage_taken":0,"max_hp_gain":5,"max_hp_loss":0,"event_name":"Big Fish","floor":4,"gold_loss":0},{"cards_removed":["Strike_B"],"damage_healed":0,"gold_gain":0,"player_choice":"Card Removal","damage_taken":7,"max_hp_gain":0,"max_hp_loss":0,"event_name":"Golden Wing","floor":5,"gold_loss":0},{"cards_removed":["Strike_B"],"damage_healed":0,"gold_gain":0,"player_choice":"Elegance","damage_taken":0,"max_hp_gain":0,"max_hp_loss":0,"event_name":"betterThird:BetterWriting","floor":20,"gold_loss":0},{"damage_healed":0,"gold_gain":0,"player_choice":"Stole Relic","damage_taken":0,"relics_obtained":["Oddly Smooth Stone"],"max_hp_gain":0,"max_hp_loss":0,"event_name":"Addict","floor":22,"gold_loss":0,"cards_obtained":["Shame"]}],"is_beta":false,"boss_relics":[{"not_picked":["Coffee Dripper","Ectoplasm"],"picked":"Inserter"}],"items_purged_floors":[19],"is_endless":false,"potions_floor_spawned":[1,2,8,14],"killed_by":"Book of Stabbing","ascension_level":9}}