{"host":"ut3q8wc68upnfjmc","time":1614312935,"event":{"mods":["BaseMod","Colored Map","Colored Powertips","Downfall","Minty Spire (QoL Compilation)","StSLib","Unceasing Turn Reminder"],"gold_per_floor":[116,129,129,129,146,181,201,213,213,225,225,245,245,270,270,365,415,430,450,22,38,50,77,77,111,111,111,111,111],"floor_reached":28,"language":"ENG","playtime":1358,"items_purged":[],"score":284,"play_id":"5ef95b93-62bd-4b6a-ba0b-6fefe18420bf","local_time":"20210225221535","is_ascension_mode":true,"campfire_choices":[{"data":"Inflame","floor":11,"key":"SMITH"},{"data":"Power Through","floor":13,"key":"SMITH"},{"data":"Entrench","floor":15,"key":"SMITH"},{"data":"Rupture","floor":24,"key":"SMITH"},{"data":"Seeing Red","floor":27,"key":"SMITH"}],"circlet_count":0,"master_deck":["Strike_R","Strike_R","Strike_R","Strike_R","Strike_R","Defend_R","Defend_R","Defend_R","Bash","Inflame+1","Flex+1","Power Through+1","Pommel Strike+1","Headbutt+1","Twin Strike+1","Seeing Red+1","Thunderclap+1","Body Slam+1","Entrench+1","Demon Form","Seeing Red","Infernal Blade+1","Flame Barrier+1","Dark Embrace","Cleave+1","Rupture+1","Bloodletting+1","Intimidate+1"],"relics":["Burning Blood","NeowsBlessing","Molten Egg 2","Vajra","Mummified Hand","Odd Mushroom","Kunai","Tiny House","Brimstone","Ornamental Fan","Omamori","Bottled Lightning","Sundial"],"acts_visited":["Exordium","TheCity"],"potions_floor_usage":[6,12,12,16,18,18,21,21,22,23,25,28,28],"damage_taken":[{"damage":0,"enemies":"Small Slimes","floor":1,"turns":1},{"damage":0,"enemies":"Jaw Worm","floor":2,"turns":1},{"damage":0,"enemies":"Cultist","floor":5,"turns":1},{"damage":27,"enemies":"Gremlin Nob","floor":6,"turns":4},{"damage":5,"enemies":"Looter","floor":7,"turns":3},{"damage":1,"enemies":"3 Louse","floor":8,"turns":3},{"damage":7,"enemies":"Blue Slaver","floor":10,"turns":3},{"damage":0,"enemies":"The Mushroom Lair","floor":12,"turns":2},{"damage":4,"enemies":"3 Sentries","floor":14,"turns":4},{"damage":58,"enemies":"Hexaghost","floor":16,"turns":5},{"damage":10,"enemies":"2 Thieves","floor":18,"turns":2},{"damage":9,"enemies":"3 Byrds","floor":19,"turns":5},{"damage":33,"enemies":"Shelled Parasite and Fungi","floor":21,"turns":3},{"damage":26,"enemies":"Sentry and Sphere","floor":22,"turns":4},{"damage":32,"enemies":"Slavers","floor":23,"turns":4},{"damage":20,"enemies":"Gremlin Leader","floor":25,"turns":4},{"damage":40,"enemies":"Slavers","floor":28,"turns":2}],"seed_played":"6130965543285640232","potions_obtained":[{"floor":1,"key":"LiquidBronze"},{"floor":8,"key":"HeartOfIron"},{"floor":10,"key":"Swift Potion"},{"floor":14,"key":"Block Potion"},{"floor":16,"key":"Energy Potion"},{"floor":17,"key":"SteroidPotion"},{"floor":19,"key":"EntropicBrew"},{"floor":21,"key":"HeartOfIron"},{"floor":22,"key":"Regen Potion"},{"floor":23,"key":"AttackPotion"}],"is_trial":false,"path_per_floor":["M","M","?","T","M","E","M","M","T","M","R","?","R","E","R","B",null,"M","M","$","M","M","E","R","E","T","R","E"],"character_chosen":"IRONCLAD","items_purchased":["Brimstone","Ornamental Fan","Dark Embrace"],"campfire_rested":0,"item_purchase_floors":[20,20,20],"current_hp_per_floor":[80,80,80,80,80,59,60,65,65,64,64,70,70,72,72,20,85,81,78,78,68,48,34,34,20,20,20,0,0],"gold":111,"neow_bonus":"THREE_ENEMY_KILL","is_daily":false,"chose_seed":false,"campfire_upgraded":5,"win_rate":0.0,"timestamp":1614312935,"path_taken":["M","M","?","?","M","E","M","M","T","?","R","?","R","E","R","BOSS","M","M","$","M","M","E","R","E","T","R","E"],"items_purchased_type":["Relic","Relic","Card"],"build_version":"2020-12-22","purchased_purges":0,"victory":false,"max_hp_per_floor":[80,80,80,80,80,80,80,80,80,80,80,80,80,80,80,80,85,85,85,85,85,85,85,85,85,85,85,85,85],"card_choices":[{"not_picked":["Anger","Perfected Strike"],"picked":"Inflame","floor":1},{"not_picked":["Shrug It Off","Perfected Strike"],"picked":"Flex","floor":2},{"not_picked":["True Grit","Sword Boomerang+1"],"picked":"Pommel Strike+1","floor":5},{"not_picked":["Shockwave","Brutality"],"picked":"Headbutt+1","floor":6},{"not_picked":["Metallicize","Iron Wave+1"],"picked":"Twin Strike+1","floor":7},{"not_picked":["Twin Strike+1","Anger+1"],"picked":"Seeing Red","floor":8},{"not_picked":["Battle Trance","Flex"],"picked":"Thunderclap+1","floor":10},{"not_picked":["Sword Boomerang+1","Thunderclap+1"],"picked":"Body Slam+1","floor":12},{"not_picked":["Combust","Headbutt+1"],"picked":"Entrench","floor":14},{"not_picked":["Fiend Fire+1","Feed+1"],"picked":"Demon Form","floor":16},{"not_picked":["Shockwave","Sword Boomerang+1"],"picked":"Seeing Red","floor":17},{"not_picked":["Wild Strike+1","Headbutt+1"],"picked":"Infernal Blade+1","floor":18},{"not_picked":["Evolve","Havoc"],"picked":"Flame Barrier+1","floor":19},{"not_picked":["Armaments+1","Sword Boomerang+1"],"picked":"Cleave+1","floor":21},{"not_picked":["Warcry+1","Metallicize"],"picked":"Rupture","floor":22},{"not_picked":["Brutality","Thunderclap+1"],"picked":"Bloodletting+1","floor":23},{"not_picked":["Sword Boomerang+1","Cleave+1"],"picked":"Intimidate+1","floor":25}],"player_experience":72437,"relics_obtained":[{"floor":4,"key":"Molten Egg 2"},{"floor":6,"key":"Vajra"},{"floor":9,"key":"Mummified Hand"},{"floor":12,"key":"Odd Mushroom"},{"floor":14,"key":"Kunai"},{"floor":23,"key":"Omamori"},{"floor":25,"key":"Bottled Lightning"},{"floor":26,"key":"Sundial"}],"event_choices":[{"damage_healed":0,"gold_gain":0,"cards_transformed":["Defend_R"],"player_choice":"Change","damage_taken":0,"max_hp_gain":0,"max_hp_loss":0,"event_name":"Living Wall","floor":3,"gold_loss":0,"cards_obtained":["Power Through"]},{"damage_healed":0,"gold_gain":0,"player_choice":"Fought Mushrooms","damage_taken":0,"max_hp_gain":0,"max_hp_loss":0,"event_name":"Mushrooms","floor":12,"gold_loss":0}],"is_beta":false,"boss_relics":[{"not_picked":["Ectoplasm","Runic Cube"],"picked":"Tiny House"}],"items_purged_floors":[],"is_endless":false,"potions_floor_spawned":[1,8,10,14,16,19,21,22,23],"killed_by":"Slavers","ascension_level":1}}