{"host":"0ueeacaatm8t6jyh","time":1614320223,"event":{"mods":["AchievementEnabler","BaseMod","Colored Powertips","Minty Spire (QoL Compilation)","Quick Restart","Rare Cards Sparkle","Shop Mod","StSLib"],"gold_per_floor":[110,160,171,8,34,34,34,34,59,59,79,104,104,118,118,118,118,118],"floor_reached":17,"language":"ZHS","playtime":430,"items_purged":[],"score":185,"play_id":"c05e9e58-0e55-477d-88a0-c52868bafadb","local_time":"20210226141703","is_ascension_mode":true,"campfire_choices":[{"data":"Neutralize","floor":6.0,"key":"SMITH"},{"data":"Calculated Gamble","floor":8,"key":"SMITH"},{"data":"Blade Dance","floor":15,"key":"SMITH"},{"data":"Flechettes","floor":16,"key":"SMITH"}],"circlet_count":0,"master_deck":["AscendersBane","Strike_G+1","Strike_G","Strike_G+1","Defend_G","Defend_G","Defend_G","Defend_G","Defend_G","Survivor","Neutralize+1","Flechettes+1","Calculated Gamble+1","Backflip","Prepared","Unload","Blade Dance+1"],"relics":["Ring of the Snake","Membership Card","Whetstone","Lantern","Golden Idol"],"acts_visited":["Exordium"],"potions_floor_usage":[17,17,17],"damage_taken":[{"damage":5.0,"enemies":"2 Louse","floor":1.0,"turns":3.0},{"damage":3.0,"enemies":"Cultist","floor":3.0,"turns":5.0},{"damage":0,"enemies":"Jaw Worm","floor":11,"turns":4},{"damage":0,"enemies":"Looter","floor":12,"turns":4},{"damage":6,"enemies":"2 Fungi Beasts","floor":14,"turns":4},{"damage":50,"enemies":"The Guardian","floor":17,"turns":12}],"seed_played":"8456923891703032424","potions_obtained":[{"floor":1.0,"key":"EntropicBrew"},{"floor":3.0,"key":"SteroidPotion"},{"floor":14,"key":"ColorlessPotion"}],"is_trial":false,"path_per_floor":["M","?","M","$","T","R","?","R","T","?","M","M","?","M","R","R","B"],"character_chosen":"THE_SILENT","items_purchased":["Membership Card"],"campfire_rested":0,"item_purchase_floors":[4],"current_hp_per_floor":[54,48,45,45,45,45,50,50,50,50,50,50,43,37,37,37,0,0],"gold":118,"neow_bonus":"TRANSFORM_CARD","is_daily":false,"chose_seed":false,"campfire_upgraded":4,"win_rate":0.0,"timestamp":1614320223,"path_taken":["M","?","?","?","?","R","?","R","T","?","?","M","?","M","R","R","BOSS"],"items_purchased_type":["Relic"],"build_version":"2020-12-22","purchased_purges":0,"victory":false,"max_hp_per_floor":[66,66,66,66,66,66,71,71,71,64,64,64,64,64,64,64,64,64],"card_choices":[{"not_picked":["Reflex","Bouncing Flask"],"picked":"Calculated Gamble","floor":1.0},{"not_picked":["PiercingWail","Blur"],"picked":"Backflip","floor":3.0},{"not_picked":["PiercingWail","Dash"],"picked":"Prepared","floor":11},{"not_picked":["Sucker Punch","Bane"],"picked":"Unload","floor":12},{"not_picked":["Accuracy","Underhanded Strike"],"picked":"Blade Dance","floor":14}],"player_experience":590644,"relics_obtained":[{"floor":5.0,"key":"Whetstone"},{"floor":9,"key":"Lantern"}],"event_choices":[{"damage_healed":0.0,"max_hp_gain":0.0,"max_hp_loss":0.0,"gold_gain":50.0,"event_name":"FaceTrader","player_choice":"Touch","floor":2.0,"gold_loss":0.0,"damage_taken":6.0},{"damage_healed":0,"gold_gain":0,"player_choice":"Donut","damage_taken":0,"max_hp_gain":5,"max_hp_loss":0,"event_name":"Big Fish","floor":7,"gold_loss":0},{"damage_healed":0,"gold_gain":0,"player_choice":"Lose Max HP","damage_taken":0,"relics_obtained":["Golden Idol"],"max_hp_gain":0,"max_hp_loss":7,"event_name":"Golden Idol","floor":10,"gold_loss":0},{"cards_removed":["Strike_G"],"damage_healed":0,"gold_gain":0,"player_choice":"Card Removal","damage_taken":7,"max_hp_gain":0,"max_hp_loss":0,"event_name":"Golden Wing","floor":13,"gold_loss":0}],"is_beta":false,"boss_relics":[],"items_purged_floors":[],"is_endless":false,"potions_floor_spawned":[1,3,14],"killed_by":"The Guardian","ascension_level":19}}