{"host":"126yiuos2nq86se7","time":1614317271,"event":{"mods":["2.2 Compatiblity","AchievementEnabler","Act Like it!","BaseMod","Colored Map","Colored Powertips","Duelist Mod","Friendly Minions","Hermit","Highlight Path","KomeijiMod","Minty Spire (QoL Compilation)","StSLib","SuperFastMode","The Bug Knight","The Disciple","The Hierophant"],"gold_per_floor":[111,129,129,142,33,33,59,33,101,112,112,12,12,23,23,127,127,141,161,181,191,191,191,206,206,206,222,241,241,241,241,241,241,241],"floor_reached":33,"language":"ENG","playtime":1280,"items_purged":["Eruption","Strike_P"],"score":249,"play_id":"c577d62c-080d-4fa4-9efe-908b29be160d","local_time":"20210226162751","is_ascension_mode":false,"campfire_choices":[{"data":"WindmillStrike","floor":6,"key":"SMITH"},{"data":"Strike_P","floor":11,"key":"PURGE"},{"data":"Strike_P","floor":13,"key":"PURGE"},{"floor":15,"key":"REST"},{"floor":23,"key":"REST"},{"floor":25,"key":"REST"},{"floor":29,"key":"REST"},{"floor":32,"key":"REST"}],"circlet_count":0,"master_deck":["Strike_P","Defend_P","Defend_P","Defend_P","Defend_P","Vigilance","WindmillStrike+1","Perseverance","ReachHeaven","Protect","Study","MasterReality","WindmillStrike","Protect","Protect+1","Omniscience"],"relics":["PureWater","Anchor","Peace Pipe","Blue Candle","Sozu","HornCleat"],"acts_visited":["Exordium","TheCity"],"potions_floor_usage":[16,16,16],"damage_taken":[{"damage":1,"enemies":"Jaw Worm","floor":1,"turns":5},{"damage":1,"enemies":"Cultist","floor":2,"turns":4},{"damage":0,"enemies":"2 Louse","floor":4,"turns":3},{"damage":16,"enemies":"3 Sentries","floor":7,"turns":11},{"damage":0,"enemies":"Large Slime","floor":10,"turns":5},{"damage":20,"enemies":"Gremlin Gang","floor":14,"turns":5},{"damage":35,"enemies":"Slime Boss","floor":16,"turns":10},{"damage":14,"enemies":"Spheric Guardian","floor":18,"turns":11},{"damage":1,"enemies":"Shell Parasite","floor":19,"turns":8},{"damage":6,"enemies":"Shelled Parasite and Fungi","floor":20,"turns":7},{"damage":26,"enemies":"Centurion and Healer","floor":21,"turns":9},{"damage":3,"enemies":"Snake Plant","floor":24,"turns":9},{"damage":50,"enemies":"3 Cultists","floor":27,"turns":7},{"damage":4,"enemies":"Cultist and Chosen","floor":28,"turns":11},{"damage":77,"enemies":"Automaton","floor":33,"turns":12}],"seed_played":"7348042090245736773","potions_obtained":[{"floor":4,"key":"Weak Potion"},{"floor":10,"key":"ExcitationPotion"},{"floor":14,"key":"Energy Potion"}],"is_trial":false,"path_per_floor":["M","M","?","M","$","R","E","$","T","M","R","$","R","M","R","B",null,"M","M","M","M","?","R","M","R","T","M","M","R","?","?","R","B"],"character_chosen":"WATCHER","items_purchased":["Perseverance","Protect"],"campfire_rested":5,"item_purchase_floors":[5,8],"current_hp_per_floor":[78,77,77,77,77,77,61,61,61,61,61,61,61,41,64,29,79,65,64,58,32,32,55,52,75,75,25,21,44,54,54,77,0,0],"gold":241,"neow_bonus":"TEN_PERCENT_HP_BONUS","is_daily":false,"chose_seed":false,"campfire_upgraded":1,"win_rate":0.0,"timestamp":1614317271,"path_taken":["M","M","?","?","$","R","E","?","T","M","R","$","R","M","R","BOSS","M","M","M","M","?","R","M","R","T","M","M","R","?","?","R","BOSS"],"items_purchased_type":["Card","Card"],"build_version":"2020-12-22","purchased_purges":2,"victory":false,"max_hp_per_floor":[79,79,79,79,79,79,79,79,79,79,79,79,79,79,79,79,79,79,79,79,79,79,79,79,79,79,79,79,79,79,79,79,79,79],"card_choices":[{"not_picked":["SashWhip","FollowUp"],"picked":"Swivel","floor":1},{"not_picked":["CrushJoints","FlurryOfBlows","Study"],"picked":"SKIP","floor":2},{"not_picked":["Collect","ThirdEye"],"picked":"WindmillStrike","floor":4},{"not_picked":["Prostrate","BowlingBash"],"picked":"ReachHeaven","floor":7},{"not_picked":["MentalFortress","JustLucky","CarveReality"],"picked":"SKIP","floor":10},{"not_picked":["Meditate","Conclude"],"picked":"Study","floor":14},{"not_picked":["DeusExMachina","Brilliance"],"picked":"MasterReality","floor":16},{"not_picked":["ClearTheMind+1","Halt+1"],"picked":"WindmillStrike","floor":18},{"not_picked":["Halt+1","ThirdEye"],"picked":"Protect","floor":19},{"not_picked":["CrushJoints","Perseverance","CutThroughFate"],"picked":"SKIP","floor":20},{"not_picked":["Conclude","JustLucky+1"],"picked":"Protect+1","floor":21},{"not_picked":["PathToVictory","WheelKick+1"],"picked":"Omniscience","floor":24},{"not_picked":["Consecrate+1","JustLucky","InnerPeace"],"picked":"SKIP","floor":27},{"not_picked":["EmptyBody","DeceiveReality","Prostrate"],"picked":"SKIP","floor":28}],"player_experience":1626241,"relics_obtained":[{"floor":7,"key":"Peace Pipe"},{"floor":9,"key":"Blue Candle"},{"floor":26,"key":"HornCleat"}],"event_choices":[{"cards_removed":["Swivel"],"damage_healed":0,"gold_gain":0,"player_choice":"Gave Card","damage_taken":0,"relics_obtained":["Anchor"],"max_hp_gain":0,"max_hp_loss":0,"event_name":"WeMeetAgain","floor":3,"gold_loss":0},{"damage_healed":0,"gold_gain":0,"player_choice":"Ignored","damage_taken":0,"max_hp_gain":0,"max_hp_loss":0,"event_name":"Ghosts","floor":22,"gold_loss":0},{"damage_healed":0,"gold_gain":0,"player_choice":"Bought 0 Potions","damage_taken":0,"max_hp_gain":0,"max_hp_loss":0,"event_name":"The Woman in Blue","floor":31,"gold_loss":0}],"is_beta":false,"boss_relics":[{"not_picked":["Runic Pyramid","Astrolabe"],"picked":"Sozu"}],"items_purged_floors":[5,12],"is_endless":false,"potions_floor_spawned":[4,10,14,19,20,28],"killed_by":"Automaton","ascension_level":0}}