{"host":"rjfefv2ruvigm2gb","time":1614317807,"event":{"mods":["Act Like it!","AlwaysNeverKeys","BaseMod","Better Note","Better Third Choice","BetterRewards","Block Reminder","Bossed Relics","Colored Map","Colored Powertips","Curses Come First","Displayed Cursed Tome","Downfall","Fox Events","GifTheSpireLib","Gold Saver","Googly Eyes","Highlight Path","Library of Ruina","Library of Ruina Extra","Minty Spire (QoL Compilation)","Permanent Neow","Poor People Problems","Quick Restart","Relic Stats","Reliquary","Shop Mod","Small Relic Pack","Spire Arcade","StS++","StSLib","Stuff the Spire","SuperFastMode","Transform Curses","Uncapped","Virulent Crown"],"gold_per_floor":[309,323,334,334,357,357,357,369,388,388,413,398,398,409,419,491,491,491,507,517,535,535,535,535,655,670,685,685,440,568,568,581,659,659,659,678,688,712,725,725,806,824,936,936,936,936,936],"floor_reached":45,"language":"ENG","playtime":1868,"items_purged":[],"score":845,"play_id":"b0a32319-77c8-4224-b3c7-83bf6e66b83d","local_time":"20210225233647","is_ascension_mode":true,"campfire_choices":[{"floor":1.0,"key":"REST"},{"data":"StuffTheSpire:Innocence","floor":10.0,"key":"SMITH"},{"data":"bronze:ChildClass","floor":13.0,"key":"SMITH"},{"data":"bronze:BurnOut","floor":18.0,"key":"SMITH"},{"data":"bronze:BugBarrage","floor":23.0,"key":"SMITH"},{"floor":28.0,"key":"REST"},{"data":"bronze:MaxOutput","floor":35.0,"key":"SMITH"},{"data":"bronze:Virus","floor":40.0,"key":"SMITH"}],"circlet_count":0,"master_deck":["AscendersBane","bronze:Defend","bronze:Defend","bronze:Defend","bronze:Replicate","bronze:Goto","bronze:DelayedSlice","bronze:WhirlingStrike","StuffTheSpire:Innocence+1","bronze:OilSpill","bronze:Flail","bronze:Backtrace","bronze:ChildClass+1","bronze:FineTuning","bronze:Shield","bronze:BurnOut+1","bronze:BuggyMess+1","bronze:ChildClass","bronze:BugBarrage+1","Necronomicurse","bronze:Virus+1","bronze:BuggyMess+1","bronze:Shield","bronze:Boost","bronze:MaxOutput+1","bronze:BurnOut","bronze:Branch+1","Parasite","bronze:FineTuning+1","bronze:BuggyMess","bronze:MaxOutput"],"relics":["bronze:BronzeCore","downfall:HeartBlessingRed","downfall:HeartBlessingGreen","downfall:HeartBlessingBlue","reliquary:TatteredRug","StuffTheSpire:Gunfinga","StuffTheSpire:TintedRock","Astrolabe","Necronomicon","reliquary:Vitrine","White Beast Statue","relicPack:WeightedSword","PageOfTheKnightOfDespair","relicPack:OneForAll","Runic Pyramid","PageOfTheQueenOfHatred","PageOfGreed","PageOfWrath","relicPack:DSword"],"acts_visited":["Exordium","TheCity","TheBeyond"],"potions_floor_usage":[45],"damage_taken":[{"damage":1.0,"enemies":"2 Louse","floor":2.0,"turns":3.0},{"damage":0.0,"enemies":"Jaw Worm","floor":3.0,"turns":3.0},{"damage":0.0,"enemies":"Cultist","floor":8.0,"turns":1.0},{"damage":3.0,"enemies":"Gremlin Gang","floor":9.0,"turns":2.0},{"damage":0.0,"enemies":"Lagavulin","floor":11.0,"turns":4.0},{"damage":5.0,"enemies":"downfall:FleeingMerchant","floor":12.0,"turns":4.0},{"damage":0.0,"enemies":"Large Slime","floor":14.0,"turns":4.0},{"damage":0.0,"enemies":"Exordium Wildlife","floor":15.0,"turns":2.0},{"damage":30.0,"enemies":"IC_STATUS_ARCHETYPE","floor":16.0,"turns":9.0},{"damage":0.0,"enemies":"Spheric Guardian","floor":19.0,"turns":2.0},{"damage":3.0,"enemies":"Chosen","floor":20.0,"turns":4.0},{"damage":0.0,"enemies":"Snake Plant","floor":21.0,"turns":3.0},{"damage":12.0,"enemies":"Slavers","floor":25.0,"turns":2.0},{"damage":0.0,"enemies":"Shelled Parasite and Fungi","floor":26.0,"turns":2.0},{"damage":0.0,"enemies":"Snecko","floor":27.0,"turns":2.0},{"damage":15.0,"enemies":"downfall:FleeingMerchant","floor":29.0,"turns":4.0},{"damage":11.0,"enemies":"Gremlin Leader","floor":30.0,"turns":4.0},{"damage":3.0,"enemies":"Snake Plant","floor":32.0,"turns":2.0},{"damage":12.0,"enemies":"DF_ARCHETYPE_CLAW","floor":33.0,"turns":5.0},{"damage":8.0,"enemies":"3 Shapes","floor":36.0,"turns":2.0},{"damage":0.0,"enemies":"3 Darklings","floor":37.0,"turns":2.0},{"damage":0.0,"enemies":"Writhing Mass","floor":39.0,"turns":3.0},{"damage":0.0,"enemies":"Jaw Worm Horde","floor":42.0,"turns":2.0},{"damage":3.0,"enemies":"Reptomancer","floor":43.0,"turns":4.0},{"damage":43,"enemies":"downfall:FleeingMerchant","floor":45,"turns":3}],"seed_played":"3636336309536154199","potions_obtained":[{"floor":3.0,"key":"Strength Potion"},{"floor":9.0,"key":"Dexterity Potion"},{"floor":16.0,"key":"bronze:BuildAFunctionPotion"},{"floor":26.0,"key":"FearPotion"},{"floor":27.0,"key":"StSpp:ScatteredPotion"},{"floor":29.0,"key":"StSpp:ScatteredWeakPotion"},{"floor":37.0,"key":"PowerPotion"},{"floor":43.0,"key":"FairyPotion"}],"is_trial":false,"path_per_floor":["R","M","M","?","T","?","T","M","M","R","E","$","R","M","M","B",null,"R","M","M","M","?","R","T","E","M","M","R","$","E","?","M","B",null,"R","M","M","?","M","R","T","M","E","?","$"],"character_chosen":"THE_AUTOMATON","items_purchased":["relicPack:WeightedSword","bronze:Boost"],"campfire_rested":2,"item_purchase_floors":[29,29],"current_hp_per_floor":[79,78,78,71,71,71,71,71,68,68,68,63,63,63,63,33,68,68,68,65,65,49,49,49,37,37,37,61,46,35,35,32,20,65,65,57,57,57,57,57,57,57,54,19,0,0,0],"gold":936,"neow_bonus":"REMOVE_TWO","is_daily":false,"chose_seed":false,"campfire_upgraded":6,"win_rate":0.0,"timestamp":1614317807,"path_taken":["R","M","M","?","?","?","T","M","?","R","E","$","R","M","M","BOSS","R","M","M","?","?","R","T","E","M","M","R","$","E","?","M","BOSS","R","M","M","?","M","R","T","M","E","?","?"],"items_purchased_type":["Relic","Card"],"build_version":"2020-12-22","purchased_purges":0,"victory":false,"max_hp_per_floor":[80,80,80,80,80,80,80,80,80,80,80,80,80,80,80,80,80,80,80,80,80,80,80,80,80,80,80,80,80,80,80,80,80,80,80,80,80,80,80,80,80,80,80,80,80,80,80],"relic_stats":{"counters":[26,78],"Astrolabe":[],"Necronomicon":[15],"obtain_stats":[{"StuffTheSpire:TintedRock":11,"PageOfTheQueenOfHatred":38,"bronze:BronzeCore":0,"relicPack:DSword":44,"downfall:HeartBlessingRed":1,"Astrolabe":17,"downfall:HeartBlessingGreen":1,"reliquary:TatteredRug":5,"White Beast Statue":25,"relicPack:OneForAll":31,"PageOfGreed":41,"PageOfWrath":43,"StuffTheSpire:Gunfinga":7,"downfall:HeartBlessingBlue":1,"PageOfTheKnightOfDespair":30,"Necronomicon":22,"reliquary:Vitrine":24,"relicPack:WeightedSword":29,"Runic Pyramid":34},{"StuffTheSpire:TintedRock":5,"PageOfTheQueenOfHatred":21,"bronze:BronzeCore":0,"relicPack:DSword":24,"downfall:HeartBlessingRed":0,"Astrolabe":9,"downfall:HeartBlessingGreen":0,"reliquary:TatteredRug":2,"White Beast Statue":13,"relicPack:OneForAll":17,"PageOfGreed":22,"PageOfWrath":24,"StuffTheSpire:Gunfinga":2,"downfall:HeartBlessingBlue":0,"PageOfTheKnightOfDespair":17,"Necronomicon":12,"reliquary:Vitrine":12,"relicPack:WeightedSword":16,"Runic Pyramid":19},{"StuffTheSpire:TintedRock":13,"PageOfTheQueenOfHatred":66,"bronze:BronzeCore":0,"relicPack:DSword":75,"downfall:HeartBlessingRed":0,"Astrolabe":32,"downfall:HeartBlessingGreen":0,"reliquary:TatteredRug":6,"White Beast Statue":43,"relicPack:OneForAll":55,"PageOfGreed":69,"PageOfWrath":75,"StuffTheSpire:Gunfinga":6,"downfall:HeartBlessingBlue":0,"PageOfTheKnightOfDespair":55,"Necronomicon":41,"reliquary:Vitrine":41,"relicPack:WeightedSword":51,"Runic Pyramid":62}]},"card_choices":[{"not_picked":["bronze:Repair","bronze:BitShift"],"picked":"bronze:DelayedSlice","floor":2.0},{"not_picked":["bronze:Repair","bronze:OilSpill"],"picked":"bronze:WhirlingStrike","floor":3.0},{"not_picked":["bronze:DarkDash","bronze:Frontload"],"picked":"bronze:ChildClass","floor":8.0},{"not_picked":["bronze:Safeguard","bronze:DelayedGuard"],"picked":"bronze:FineTuning","floor":9.0},{"not_picked":["bronze:Frontload","bronze:Invalidate","bronze:Shell"],"picked":"SKIP","floor":11.0},{"not_picked":["bronze:CutThrough","bronze:OilSpill","bronze:DarkDash"],"picked":"SKIP","floor":12.0},{"not_picked":["bronze:CutThrough","bronze:Deprecate","bronze:Philosophize"],"picked":"SKIP","floor":14.0},{"not_picked":["bronze:Invalidate","bronze:NullPointer"],"picked":"bronze:Shield","floor":15.0},{"not_picked":["bronze:HardenedForm","bronze:Break"],"picked":"bronze:BurnOut","floor":16.0},{"not_picked":["bronze:Refactor","bronze:BitShift"],"picked":"bronze:BuggyMess+1","floor":19.0},{"not_picked":["bronze:BitShift","bronze:Turbo"],"picked":"bronze:ChildClass","floor":20.0},{"not_picked":["bronze:Refactor","bronze:Turbo"],"picked":"bronze:BugBarrage","floor":21.0},{"not_picked":["bronze:WhirlingStrike","bronze:ForLoop"],"picked":"bronze:Virus","floor":25.0},{"not_picked":["bronze:Refactor","bronze:NullPointer"],"picked":"bronze:BuggyMess+1","floor":26.0},{"not_picked":["bronze:Separator","bronze:InfiniteBeams"],"picked":"bronze:Shield","floor":27.0},{"not_picked":["bronze:BitShift","bronze:DigitalCarnage","bronze:InfiniteBeams"],"picked":"SKIP","floor":29.0},{"not_picked":["bronze:ForceShield","bronze:ChosenStrike","bronze:CloningBeam"],"picked":"SKIP","floor":30.0},{"not_picked":["bronze:Boost","bronze:DelayedSlice"],"picked":"bronze:MaxOutput","floor":32.0},{"not_picked":["bronze:ShipIt","bronze:Break"],"picked":"bronze:BurnOut","floor":33.0},{"not_picked":["bronze:ChosenStrike","bronze:Shell"],"picked":"bronze:Branch+1","floor":36.0},{"not_picked":["bronze:Invalidate","bronze:OilSpill+1","bronze:ChosenStrike"],"picked":"SKIP","floor":37.0},{"not_picked":["bronze:BitShift","bronze:ForLoop"],"picked":"bronze:FineTuning+1","floor":39.0},{"not_picked":["bronze:Philosophize","bronze:Invalidate+1"],"picked":"bronze:BuggyMess","floor":42.0},{"not_picked":["bronze:ChildClass","bronze:ClassDefault"],"picked":"bronze:MaxOutput","floor":43.0}],"player_experience":1169744,"relics_obtained":[{"floor":5.0,"key":"reliquary:TatteredRug"},{"floor":7.0,"key":"StuffTheSpire:Gunfinga"},{"floor":11.0,"key":"StuffTheSpire:TintedRock"},{"floor":22.0,"key":"Necronomicon"},{"floor":24.0,"key":"reliquary:Vitrine"},{"floor":25.0,"key":"White Beast Statue"},{"floor":30.0,"key":"PageOfTheKnightOfDespair"},{"floor":38.0,"key":"PageOfTheQueenOfHatred"},{"floor":41.0,"key":"PageOfGreed"},{"floor":43.0,"key":"PageOfWrath"}],"event_choices":[],"is_beta":false,"boss_relics":[{"not_picked":["Snecko Eye","bronze:PlatinumCore"],"picked":"Astrolabe"},{"not_picked":["reliquary:ThirdArm","StSpp:PileOfSugar"],"picked":"Runic Pyramid"}],"items_purged_floors":[],"is_endless":false,"potions_floor_spawned":[3,9,11,16,19,20,26,27,29,30,32,33,36,37,39,42,43],"killed_by":"downfall:FleeingMerchant","ascension_level":13}}