{"host":"w14xfy17z3c5mpoi","time":1614366817,"event":{"mods":["AchievementEnabler","BaseMod","Minty Spire (QoL Compilation)","Relic Stats"],"gold_per_floor":[16,31,42,92,107,135,145,157,157,182,182,194,228,244,244,244,244],"floor_reached":16,"language":"ENG","playtime":1254,"items_purged":[],"score":233,"play_id":"4ec90688-673d-47d2-91b5-22424ccf81d6","local_time":"20210226141337","is_ascension_mode":true,"campfire_choices":[{"floor":11,"key":"REST"},{"data":"Wraith Form v2","floor":15,"key":"SMITH"}],"circlet_count":0,"master_deck":["AscendersBane","Strike_G","Strike_G","Strike_G","Strike_G","Strike_G","Defend_G","Defend_G","Defend_G","Defend_G","Defend_G","Survivor","Neutralize","Wraith Form v2+1","Masterful Stab","Bouncing Flask","All Out Attack","Blade Dance","Bane","Blade Dance","PiercingWail","PiercingWail","Sucker Punch"],"relics":["Ring of the Snake","Lantern","Kunai","Juzu Bracelet","StrikeDummy"],"acts_visited":["Exordium"],"potions_floor_usage":[6,6,8,10,16],"damage_taken":[{"damage":2,"enemies":"2 Louse","floor":1,"turns":4},{"damage":3,"enemies":"Cultist","floor":2,"turns":5},{"damage":7,"enemies":"Jaw Worm","floor":3,"turns":3},{"damage":3,"enemies":"Blue Slaver","floor":5,"turns":4},{"damage":7,"enemies":"Gremlin Nob","floor":6,"turns":4},{"damage":1,"enemies":"Looter","floor":7,"turns":3},{"damage":8,"enemies":"Red Slaver","floor":8,"turns":3},{"damage":18,"enemies":"Lagavulin","floor":10,"turns":5},{"damage":1,"enemies":"Exordium Wildlife","floor":12,"turns":3},{"damage":17,"enemies":"3 Sentries","floor":13,"turns":9},{"damage":1,"enemies":"Blue Slaver","floor":14,"turns":3},{"damage":10,"enemies":"Hexaghost","floor":16,"turns":10}],"seed_played":"8684051524422127831","potions_obtained":[{"floor":3,"key":"Block Potion"},{"floor":5,"key":"SkillPotion"},{"floor":6,"key":"BlessingOfTheForge"},{"floor":8,"key":"Strength Potion"},{"floor":13,"key":"Swift Potion"}],"is_trial":false,"path_per_floor":["M","M","M","?","M","E","M","M","T","E","R","M","E","M","R","B"],"character_chosen":"THE_SILENT","items_purchased":[],"campfire_rested":1,"item_purchase_floors":[],"current_hp_per_floor":[57,54,47,47,44,37,36,28,28,10,29,28,11,10,10,0,0],"gold":244,"neow_bonus":"THREE_RARE_CARDS","is_daily":false,"chose_seed":false,"campfire_upgraded":1,"win_rate":0.0,"timestamp":1614366817,"path_taken":["M","M","M","?","M","E","M","M","T","E","R","M","E","M","R","BOSS"],"items_purchased_type":[],"build_version":"2020-12-22","purchased_purges":0,"victory":false,"max_hp_per_floor":[66,66,66,66,66,66,66,66,66,66,66,66,66,66,66,66,66],"relic_stats":{"counters":[12,56],"Juzu Bracelet":0,"Kunai":[13],"obtain_stats":[{"Lantern":6,"Juzu Bracelet":10,"Kunai":9,"StrikeDummy":13,"Ring of the Snake":0},{"Lantern":5,"Juzu Bracelet":8,"Kunai":7,"StrikeDummy":10,"Ring of the Snake":0},{"Lantern":20,"Juzu Bracelet":31,"Kunai":26,"StrikeDummy":43,"Ring of the Snake":0}],"Ring of the Snake":[24]},"card_choices":[{"not_picked":["Corpse Explosion","Glass Knife"],"picked":"Wraith Form v2","floor":0},{"not_picked":["Bane","Cloak And Dagger"],"picked":"Masterful Stab","floor":1},{"not_picked":["Prepared","Deadly Poison"],"picked":"Bouncing Flask","floor":2},{"not_picked":["Sucker Punch","Outmaneuver"],"picked":"All Out Attack","floor":3},{"not_picked":["Endless Agony","Tactician"],"picked":"Blade Dance","floor":5},{"not_picked":["Underhanded Strike","Choke"],"picked":"Bane","floor":6},{"not_picked":["Tactician","Caltrops"],"picked":"Blade Dance","floor":7},{"not_picked":["Quick Slash","Bane"],"picked":"PiercingWail","floor":8},{"not_picked":["All Out Attack","Infinite Blades","A Thousand Cuts"],"picked":"SKIP","floor":10},{"not_picked":["Quick Slash","Flechettes","Concentrate"],"picked":"SKIP","floor":12},{"not_picked":["Bane","Footwork"],"picked":"PiercingWail","floor":13},{"not_picked":["PiercingWail","Masterful Stab"],"picked":"Sucker Punch","floor":14}],"player_experience":828001,"relics_obtained":[{"floor":6,"key":"Lantern"},{"floor":9,"key":"Kunai"},{"floor":10,"key":"Juzu Bracelet"},{"floor":13,"key":"StrikeDummy"}],"event_choices":[{"damage_healed":0,"gold_gain":50,"player_choice":"Pray","damage_taken":0,"max_hp_gain":0,"max_hp_loss":0,"event_name":"Golden Shrine","floor":4,"gold_loss":0}],"is_beta":false,"boss_relics":[],"items_purged_floors":[],"is_endless":false,"potions_floor_spawned":[3,5,6,8,13],"killed_by":"Hexaghost","ascension_level":17}}