{"host":"jjunaul04msmo6r1","time":1614319041,"event":{"mods":["BaseMod","Better Third Choice","Booster Modes","Colored Map","Downfall","Minty Spire (QoL Compilation)","Relic Stats","StSLib","UnlockEverythingMod","everything is the same but u backflip on backflip"],"gold_per_floor":[99,110,128,146,146,146,146,165,191,191,19,48,63,97,126,243,255,67,93,105,137,149,188,251,283,308,320,342,254,295,35,55,155,155,155,175,191,210,0,15,89,103,134,153,153,169,185,200,214,214,214,241,74,74,74,74,74,74],"floor_reached":56,"language":"ENG","playtime":5893,"items_purged":["Slimebound:Defend_Slimebound","Slimebound:Strike_Slimebound","Slimebound:Defend_Slimebound"],"score":835,"play_id":"09056c48-c92a-4c68-a2d7-eb74f8342cc0","local_time":"20210225225721","is_ascension_mode":true,"campfire_choices":[{"data":"Slimebound:Split","floor":1,"key":"SMITH"},{"data":"Dramatic Entrance","floor":6,"key":"SMITH"},{"data":"Slimebound:FirmFortitude","floor":18,"key":"SMITH"},{"floor":27,"key":"RECALL"},{"data":"Slimebound:Recollect","floor":29,"key":"SMITH"},{"data":"Slimebound:SlimeBarrage","floor":35,"key":"SMITH"},{"data":"Slimebound:ServeAndProtect","floor":45,"key":"SMITH"},{"data":"Slimebound:Recollect","floor":54,"key":"SMITH"}],"circlet_count":0,"master_deck":["Slimebound:Strike_Slimebound","Slimebound:Tackle","Slimebound:Defend_Slimebound","Slimebound:Split+1","Slimebound:CorrosiveSpit","Dramatic Entrance+1","Slimebound:Recollect+1","Slimebound:SplitMire","Slimebound:SplitBruiser","champ:Defend","Slimebound:Prepare","Slimebound:Overexert+1","Slimebound:LevelUp+1","Slimebound:Recollect+1","Slimebound:FirmFortitude+1","Slimebound:SplitAcid","Slimebound:ComboTackle","Slimebound:LeadByExample+1","Slimebound:Darklings+1","Slimebound:FormOfPuddle","Slimebound:LivingWall+1","Slimebound:Equalize+1","Slimebound:SlimeBarrage+1","Slimebound:Prepare+1","Slimebound:SelfFormingGoo+1","Slimebound:Recycling+1","Slimebound:LeechEnergy+1","Slimebound:ProtectTheBoss+1","Slimebound:Darklings","Slimebound:Prepare+1","Slimebound:ServeAndProtect+1","Slimebound:FormOfPuddle+1","Slimebound:ForwardTackle+1","Slimebound:SlimeBrawl+1","Slimebound:SlimeBrawl","Slimebound:LevelUp+1"],"relics":["Slimebound:AbsorbEndCombat","Frozen Egg 2","Oddly Smooth Stone","MawBank","Philosopher\u0027s Stone","downfall:HeartBlessingGreen","downfall:HeartBlessingBlue","Akabeko","bronze:BronzeIdol","downfall:HeartBlessingRed","Bottled Lightning","Anchor","bronze:MakeshiftBattery","champ:Barbells","Matryoshka","PreservedInsect","Singing Bowl","Mummified Hand","sneckomod:BlankCard"],"acts_visited":["Exordium","TheCity","TheBeyond","TheEnding"],"potions_floor_usage":[21,26,32,33,52,55,55,56],"damage_taken":[{"damage":0,"enemies":"2 Louse","floor":2,"turns":2},{"damage":0,"enemies":"Cultist","floor":3,"turns":3},{"damage":6,"enemies":"Jaw Worm","floor":4,"turns":3},{"damage":0,"enemies":"Exordium Thugs","floor":8,"turns":2},{"damage":16,"enemies":"Gremlin Nob","floor":9,"turns":3},{"damage":0,"enemies":"downfall:FleeingMerchant","floor":11,"turns":4},{"damage":10,"enemies":"Lagavulin","floor":12,"turns":4},{"damage":0,"enemies":"downfall:LooterAlt","floor":13,"turns":2},{"damage":14,"enemies":"Gremlin Nob","floor":14,"turns":3},{"damage":3,"enemies":"3 Louse","floor":15,"turns":1},{"damage":7,"enemies":"SI_SHIV_ARCHETYPE","floor":16,"turns":4},{"damage":0,"enemies":"Spheric Guardian","floor":19,"turns":2},{"damage":6,"enemies":"downfall:LooterAlt2","floor":21,"turns":3},{"damage":1,"enemies":"Book of Stabbing","floor":23,"turns":4},{"damage":14,"enemies":"3 Cultists","floor":25,"turns":3},{"damage":17,"enemies":"Snake Plant","floor":26,"turns":2},{"damage":4,"enemies":"Sentry and Sphere","floor":28,"turns":3},{"damage":30,"enemies":"Gremlin Leader","floor":30,"turns":5},{"damage":13,"enemies":"downfall:FleeingMerchant","floor":31,"turns":4},{"damage":0,"enemies":"Shelled Parasite and Fungi","floor":32,"turns":2},{"damage":3,"enemies":"DF_ARCHETYPE_CLAW","floor":33,"turns":7},{"damage":1,"enemies":"3 Darklings","floor":36,"turns":2},{"damage":6,"enemies":"3 Shapes","floor":37,"turns":4},{"damage":14,"enemies":"Writhing Mass","floor":38,"turns":3},{"damage":0,"enemies":"downfall:FleeingMerchant","floor":39,"turns":2},{"damage":0,"enemies":"Sphere and 2 Shapes","floor":40,"turns":2},{"damage":0,"enemies":"3 Darklings","floor":42,"turns":2},{"damage":4,"enemies":"Giant Head","floor":43,"turns":4},{"damage":0,"enemies":"Writhing Mass","floor":44,"turns":3},{"damage":0,"enemies":"Sphere and 2 Shapes","floor":46,"turns":2},{"damage":0,"enemies":"Transient","floor":47,"turns":5},{"damage":6,"enemies":"Spire Growth","floor":48,"turns":3},{"damage":0,"enemies":"Maw","floor":49,"turns":4},{"damage":1,"enemies":"WA_ARCHETYPE_DIVINITY","floor":50,"turns":7},{"damage":11,"enemies":"downfall:CharBossMerchant","floor":52,"turns":6},{"damage":0,"enemies":"downfall:NeowBoss","floor":55,"turns":10},{"damage":125,"enemies":"downfall:NeowBossFinal","floor":56,"turns":6}],"seed_played":"-2046074019781571893","potions_obtained":[{"floor":8,"key":"Slimebound:SpawnSlimePotion"},{"floor":9,"key":"Guardian:BlockOnCardUsePotion"},{"floor":12,"key":"Guardian:BlockOnCardUsePotion"},{"floor":20,"key":"CultistPotion"},{"floor":26,"key":"sneckomod:MuddlingPotion"},{"floor":28,"key":"Explosive Potion"},{"floor":33,"key":"champ:CounterPotion"},{"floor":37,"key":"SpeedPotion"},{"floor":40,"key":"Block Potion"}],"is_trial":false,"path_per_floor":["R","M","M","M","?","R","T","M","E","?","$","E","M","E","M","B",null,"R","M","?","M","?","E","T","M","M","R","M","R","E","$","M","B",null,"R","M","M","M","$","M","T","M","E","M","R","M","M","M","M","B",null,"E","$","R","B","B"],"character_chosen":"SLIMEBOUND","items_purchased":["Slimebound:Recollect","Anchor","champ:Barbells","Matryoshka","Slimebound:SlimeBrawl","Slimebound:LevelUp+1","Swift Potion"],"campfire_rested":0,"item_purchase_floors":[11,31,39,39,53,53,53],"current_hp_per_floor":[65,65,65,63,63,63,63,65,53,53,61,55,59,45,44,45,65,75,75,75,71,71,70,70,60,47,47,43,43,19,10,16,33,75,75,74,70,58,74,75,75,77,75,77,77,77,81,81,83,82,83,75,75,75,83,0,0,0],"gold":74,"neow_bonus":"RANDOM_COLORLESS","is_daily":false,"chose_seed":false,"campfire_upgraded":7,"win_rate":0.0,"timestamp":1614319041,"path_taken":["R","M","M","M","?","R","T","?","E","?","?","E","M","E","M","BOSS","R","M","?","M","?","E","T","?","M","R","M","R","E","$","M","BOSS","R","M","M","?","$","M","T","M","E","M","R","M","M","?","M","BOSS","E","$","R","BOSS","BOSS"],"items_purchased_type":["Card","Relic","Relic","Relic","Card","Card","Potion"],"build_version":"2020-12-22","purchased_purges":3,"victory":false,"max_hp_per_floor":[65,65,65,65,65,65,65,65,65,65,65,65,65,65,65,65,65,75,75,75,75,75,75,75,75,75,75,75,75,75,75,75,75,75,75,75,75,75,75,75,75,77,77,79,79,79,81,81,83,83,83,83,83,83,83,83,83,83],"relic_stats":{"Singing Bowl":8,"counters":[37,130],"Mummified Hand":[59],"PreservedInsect":200,"MawBank":204,"obtain_stats":[{"champ:Barbells":39,"downfall:HeartBlessingRed":29,"Singing Bowl":41,"sneckomod:BlankCard":52,"Oddly Smooth Stone":12,"downfall:HeartBlessingGreen":18,"PreservedInsect":41,"Frozen Egg 2":9,"MawBank":14,"Akabeko":23,"bronze:BronzeIdol":24,"Anchor":31,"Matryoshka":39,"downfall:HeartBlessingBlue":18,"Mummified Hand":43,"Philosopher\u0027s Stone":17,"Slimebound:AbsorbEndCombat":0,"Bottled Lightning":30,"bronze:MakeshiftBattery":34},{"champ:Barbells":25,"downfall:HeartBlessingRed":17,"Singing Bowl":26,"sneckomod:BlankCard":35,"Oddly Smooth Stone":7,"downfall:HeartBlessingGreen":11,"PreservedInsect":26,"Frozen Egg 2":5,"MawBank":9,"Akabeko":14,"bronze:BronzeIdol":14,"Anchor":19,"Matryoshka":25,"downfall:HeartBlessingBlue":11,"Mummified Hand":28,"Philosopher\u0027s Stone":11,"Slimebound:AbsorbEndCombat":0,"Bottled Lightning":18,"bronze:MakeshiftBattery":21},{"champ:Barbells":76,"downfall:HeartBlessingRed":47,"Singing Bowl":78,"sneckomod:BlankCard":114,"Oddly Smooth Stone":21,"downfall:HeartBlessingGreen":31,"PreservedInsect":78,"Frozen Egg 2":13,"MawBank":26,"Akabeko":40,"bronze:BronzeIdol":40,"Anchor":56,"Matryoshka":76,"downfall:HeartBlessingBlue":31,"Mummified Hand":84,"Philosopher\u0027s Stone":31,"Slimebound:AbsorbEndCombat":0,"Bottled Lightning":52,"bronze:MakeshiftBattery":65}]},"card_choices":[{"not_picked":["Bandage Up","Swift Strike"],"picked":"Dramatic Entrance","floor":0},{"not_picked":["Slimebound:Grow","Slimebound:GoopSpray"],"picked":"Slimebound:Recollect","floor":2},{"not_picked":["Slimebound:SlimeBrawl","Slimebound:GoopTackle"],"picked":"Slimebound:SplitMire","floor":3},{"not_picked":["Slimebound:ForwardTackle","Slimebound:ComboTackle"],"picked":"Slimebound:SplitBruiser","floor":4},{"not_picked":["Slimebound:FinishingTackle","Slimebound:DisruptingSlam","Slimebound:GoopSpray"],"picked":"SKIP","floor":8},{"not_picked":["Slimebound:GoopTackle","Slimebound:Replication"],"picked":"Slimebound:Prepare","floor":9},{"not_picked":["Slimebound:SplitMire","Slimebound:GoopSpray"],"picked":"Slimebound:LevelUp+1","floor":11},{"not_picked":["Slimebound:FinishingTackle","Slimebound:DisruptingSlam"],"picked":"Slimebound:FirmFortitude","floor":12},{"not_picked":["Slimebound:SplitMire","Slimebound:RainOfGoop"],"picked":"Slimebound:SplitAcid","floor":13},{"not_picked":["Slimebound:WasteNot","Slimebound:ServeAndProtect"],"picked":"Slimebound:ComboTackle","floor":14},{"not_picked":["Slimebound:Prepare","Slimebound:ForwardTackle"],"picked":"Slimebound:LeadByExample+1","floor":15},{"not_picked":["Slimebound:RallyTheTroops","Slimebound:WasteNot"],"picked":"Slimebound:Darklings","floor":16},{"not_picked":["Slimebound:RainOfGoop","Slimebound:SpikyOuterGoop+1"],"picked":"Slimebound:FormOfPuddle","floor":19},{"not_picked":["Slimebound:ProtectTheBoss+1","Slimebound:Replication","Slimebound:PressTheAttack"],"picked":"SKIP","floor":21},{"not_picked":["Slimebound:HungryTackle","Slimebound:ProtectTheBoss+1","Slimebound:AcidTongue+1"],"picked":"SKIP","floor":23},{"not_picked":["Slimebound:SplitLeeching","Slimebound:SplitAcid"],"picked":"Slimebound:LivingWall+1","floor":25},{"not_picked":["Slimebound:FinishingTackle+1","Slimebound:SplitLeeching","Slimebound:ComboTackle"],"picked":"SKIP","floor":26},{"not_picked":["Slimebound:SplitBruiser","Slimebound:SplitAcid"],"picked":"Slimebound:Equalize+1","floor":28},{"not_picked":["Slimebound:GrowthPunch","Slimebound:SplitAcid"],"picked":"Slimebound:SlimeBarrage","floor":30},{"not_picked":["Slimebound:SamplingLick","Slimebound:SlimeBarrage"],"picked":"Slimebound:Prepare","floor":31},{"not_picked":["Slimebound:ItLooksTasty","Slimebound:HauntingLick"],"picked":"Slimebound:SelfFormingGoo+1","floor":32},{"not_picked":["Slimebound:SelfFormingGoo+1","Slimebound:PrepareCrush"],"picked":"Slimebound:Recycling+1","floor":33},{"not_picked":["Slimebound:ComboTackle","Slimebound:ItLooksTasty"],"picked":"Slimebound:LeechEnergy+1","floor":36},{"not_picked":["Slimebound:FinishingTackle+1","Slimebound:LeechingTouch"],"picked":"Slimebound:ProtectTheBoss+1","floor":37},{"not_picked":["Slimebound:SplitAcid+1","Slimebound:SplitBruiser"],"picked":"Slimebound:Darklings","floor":38},{"not_picked":["Slimebound:Schlurp+1","Slimebound:HauntingLick+1"],"picked":"Slimebound:Prepare+1","floor":39},{"not_picked":["Slimebound:LeechingTouch","Slimebound:ViciousTackle","Slimebound:SplitAcid"],"picked":"SKIP","floor":40},{"not_picked":["Slimebound:LeechEnergy","Slimebound:BestDefense+1","Slimebound:SplitMire+1"],"picked":"Singing Bowl","floor":42},{"not_picked":["Slimebound:SplitBruiser+1","Slimebound:GoopSpray"],"picked":"Slimebound:ServeAndProtect","floor":43},{"not_picked":["Slimebound:Gluttony+1","Slimebound:RollThrough+1","Slimebound:ItLooksTasty+1"],"picked":"Singing Bowl","floor":44},{"not_picked":["Slimebound:RollThrough+1","Slimebound:CheckThePlaybook"],"picked":"Slimebound:FormOfPuddle+1","floor":46},{"not_picked":["Slimebound:ComboTackle+1","Slimebound:LivingWall+1","Slimebound:SplitAcid+1"],"picked":"Singing Bowl","floor":47},{"not_picked":["Slimebound:GrowthPunch+1","Slimebound:RainOfGoop"],"picked":"Slimebound:ForwardTackle","floor":48},{"not_picked":["Slimebound:Nibble+1","Slimebound:Schlurp","Slimebound:GrowthPunch"],"picked":"Singing Bowl","floor":49},{"not_picked":["Slimebound:SamplingLick","Slimebound:BestDefense+1"],"picked":"Slimebound:SlimeBrawl+1","floor":52}],"player_experience":616659,"relics_obtained":[{"floor":9,"key":"Frozen Egg 2"},{"floor":12,"key":"Oddly Smooth Stone"},{"floor":14,"key":"MawBank"},{"floor":23,"key":"Akabeko"},{"floor":24,"key":"bronze:BronzeIdol"},{"floor":30,"key":"Bottled Lightning"},{"floor":41,"key":"PreservedInsect"},{"floor":41,"key":"Singing Bowl"},{"floor":43,"key":"Mummified Hand"},{"floor":52,"key":"sneckomod:BlankCard"}],"event_choices":[{"cards_removed":["Slimebound:Defend_Slimebound"],"damage_healed":0,"gold_gain":0,"player_choice":"Took Card","damage_taken":0,"max_hp_gain":0,"max_hp_loss":0,"event_name":"NoteForYourself","floor":5,"gold_loss":0,"cards_obtained":["champ:Defend"]}],"is_beta":false,"boss_relics":[{"not_picked":["Sozu","Pandora\u0027s Box"],"picked":"Philosopher\u0027s Stone"},{"not_picked":["Calling Bell","Slimebound:AbsorbEndCombatUpgraded"],"picked":"bronze:MakeshiftBattery"}],"items_purged_floors":[11,31,39],"is_endless":false,"potions_floor_spawned":[8,9,12,14,16,23,26,28,30,33,37,40,42,44,48,49],"killed_by":"downfall:NeowBossFinal","ascension_level":1}}