{"host":"6z6y4ky8uzsz1dpj","time":1614352651,"event":{"mods":["AchievementEnabler","BaseMod","BetterRewards","Challenge The Spire","Colored Map","Hubris","Minty Spire (QoL Compilation)","Quick Restart","Relic Stats","Replay The Spire","StSLib"],"gold_per_floor":[117,131,31,31,50,50,79,92,92,107,133,133,133,133],"floor_reached":13,"language":"ENG","playtime":433,"items_purged":["Strike_G","Strike_G"],"score":157,"play_id":"3f02368e-3989-48ff-ad41-7f7962511893","local_time":"20210226101731","is_ascension_mode":true,"campfire_choices":[{"data":"Skewer","floor":6,"key":"SMITH"},{"data":"Prepared","floor":12,"key":"SMITH"}],"circlet_count":0,"master_deck":["AscendersBane","Strike_G","Strike_G","Strike_G","Defend_G","Defend_G","Defend_G","Defend_G","Defend_G","Survivor","Neutralize","ReplayTheSpireMod:Shiv Toss","Acrobatics+1","Skewer+1","Underhanded Strike","Regret","Prepared+1","Dagger Spray","Hidden Blade","Distraction","Sucker Punch+1"],"relics":["Ring of the Snake","FossilizedHelix","Blue Doll","Toy Ornithopter","Molten Egg 2","hubris:AncientText"],"acts_visited":["Exordium"],"potions_floor_usage":[7,11],"damage_taken":[{"damage":11,"enemies":"Jaw Worm","floor":1,"turns":7},{"damage":0,"enemies":"2 Louse","floor":2,"turns":3},{"damage":0,"enemies":"Small Slimes","floor":5,"turns":3},{"damage":13,"enemies":"Gremlin Nob","floor":7,"turns":3},{"damage":7,"enemies":"Exordium Wildlife","floor":8,"turns":5},{"damage":0,"enemies":"2 Fungi Beasts","floor":10,"turns":3},{"damage":20,"enemies":"3 Sentries","floor":11,"turns":6},{"damage":15,"enemies":"Lagavulin","floor":13,"turns":2}],"seed_played":"1887874723718338958","potions_obtained":[{"floor":1,"key":"Doom Potion"},{"floor":5,"key":"LiquidMemories"},{"floor":8,"key":"DuplicationPotion"},{"floor":11,"key":"Explosive Potion"}],"is_trial":false,"path_per_floor":["M","M","$","?","M","R","E","M","T","M","E","R","E"],"character_chosen":"THE_SILENT","items_purchased":["ReplayTheSpireMod:Shiv Toss","Acrobatics+1"],"campfire_rested":0,"item_purchase_floors":[0,0],"current_hp_per_floor":[45,45,45,45,45,45,32,25,25,25,10,10,0,0],"gold":133,"neow_bonus":"","is_daily":false,"chose_seed":false,"campfire_upgraded":2,"win_rate":0.0,"timestamp":1614352651,"path_taken":["M","M","$","?","M","R","E","M","T","M","E","R","E"],"items_purchased_type":["Card","Card"],"build_version":"2020-12-22","purchased_purges":2,"victory":false,"max_hp_per_floor":[70,70,70,70,70,70,70,70,70,70,70,70,70,70],"relic_stats":{"counters":[8,32],"obtain_stats":[{"Blue Doll":4,"Molten Egg 2":9,"FossilizedHelix":0,"Toy Ornithopter":7,"hubris:AncientText":11,"Ring of the Snake":0},{"Blue Doll":2,"Molten Egg 2":5,"FossilizedHelix":0,"Toy Ornithopter":4,"hubris:AncientText":7,"Ring of the Snake":0},{"Blue Doll":10,"Molten Egg 2":21,"FossilizedHelix":0,"Toy Ornithopter":16,"hubris:AncientText":30,"Ring of the Snake":0}],"Toy Ornithopter":5,"Ring of the Snake":[16]},"card_choices":[{"not_picked":["Dagger Spray","Catalyst"],"picked":"Skewer","floor":1},{"not_picked":["Outmaneuver","Acrobatics"],"picked":"Underhanded Strike","floor":2},{"not_picked":["Dagger Throw","Dash"],"picked":"Prepared","floor":5},{"not_picked":["Blade Dance","Dash"],"picked":"Dagger Spray","floor":7},{"not_picked":["hubris:TrickCloak","Replay:Poison Smokescreen"],"picked":"Hidden Blade","floor":8},{"not_picked":["Deadly Poison","Setup"],"picked":"Distraction","floor":10},{"not_picked":["Grand Finale+1","Slice+1"],"picked":"Sucker Punch+1","floor":11}],"player_experience":654775,"relics_obtained":[{"floor":7,"key":"Toy Ornithopter"},{"floor":9,"key":"Molten Egg 2"},{"floor":11,"key":"hubris:AncientText"}],"event_choices":[{"damage_healed":0,"gold_gain":0,"player_choice":"Box","damage_taken":0,"relics_obtained":["Blue Doll"],"max_hp_gain":0,"max_hp_loss":0,"event_name":"Big Fish","floor":4,"gold_loss":0,"cards_obtained":["Regret"]}],"is_beta":false,"boss_relics":[],"items_purged_floors":[0,3],"is_endless":false,"potions_floor_spawned":[1,5,8,11],"killed_by":"Lagavulin","ascension_level":13}}