{"host":"0xtpc43j5kblke7u","time":1614314624,"event":{"mods":["AchievementEnabler","BaseMod","Colored Map","Highlight Path","Minty Spire (QoL Compilation)"],"gold_per_floor":[118,118,131,141,141,141,38,72,72,105,105,119,119,132,132,232,232,232,232,232,232,6,6,6,6,6,6,6,6,6,6,6,6,6],"floor_reached":33,"language":"ENG","playtime":2170,"items_purged":["Strike_P"],"score":398,"play_id":"ac38ed1b-4d3e-4dc6-8d23-f77f39b7cb5b","local_time":"20210225234344","is_ascension_mode":true,"campfire_choices":[{"data":"Eruption","floor":6.0,"key":"SMITH"},{"floor":11.0,"key":"REST"},{"data":"MentalFortress","floor":13.0,"key":"SMITH"},{"floor":15.0,"key":"REST"},{"data":"CrushJoints","floor":24.0,"key":"SMITH"},{"data":"Consecrate","floor":32,"key":"SMITH"}],"circlet_count":0,"master_deck":["Strike_P","Strike_P+1","Defend_P","Defend_P","Defend_P","Defend_P","Eruption+1","Vigilance","ReachHeaven+1","ClearTheMind","MentalFortress+1","Evaluate","ThirdEye","CrushJoints+1","EmptyBody","Consecrate+1","EmptyFist","FearNoEvil"],"relics":["PureWater","NeowsBlessing","Ornamental Fan","Orichalcum","Anchor","WingedGreaves","Ectoplasm","Bag of Marbles","Akabeko","Question Card","Strawberry"],"acts_visited":["Exordium","TheCity"],"potions_floor_usage":[30,31,33],"damage_taken":[{"damage":0.0,"enemies":"Small Slimes","floor":1.0,"turns":1.0},{"damage":0.0,"enemies":"2 Louse","floor":3.0,"turns":1.0},{"damage":0.0,"enemies":"Cultist","floor":4.0,"turns":1.0},{"damage":22.0,"enemies":"Lagavulin","floor":8.0,"turns":4.0},{"damage":11.0,"enemies":"Gremlin Nob","floor":10.0,"turns":3.0},{"damage":20.0,"enemies":"Gremlin Gang","floor":12.0,"turns":6.0},{"damage":6.0,"enemies":"Exordium Thugs","floor":14.0,"turns":4.0},{"damage":25.0,"enemies":"The Guardian","floor":16.0,"turns":9.0},{"damage":4.0,"enemies":"3 Byrds","floor":18.0,"turns":6.0},{"damage":0.0,"enemies":"Chosen","floor":19.0,"turns":3.0},{"damage":1.0,"enemies":"Slavers","floor":23.0,"turns":8.0},{"damage":0.0,"enemies":"Snake Plant","floor":28.0,"turns":2.0},{"damage":0,"enemies":"Gremlin Leader","floor":30,"turns":3},{"damage":9,"enemies":"Cultist and Chosen","floor":31,"turns":5},{"damage":85,"enemies":"Automaton","floor":33,"turns":12}],"seed_played":"8863169656704622423","potions_obtained":[{"floor":1.0,"key":"FearPotion"},{"floor":4.0,"key":"GamblersBrew"},{"floor":12.0,"key":"GamblersBrew"},{"floor":14.0,"key":"Dexterity Potion"},{"floor":28.0,"key":"Fruit Juice"},{"floor":30,"key":"FearPotion"}],"is_trial":false,"path_per_floor":["M","?","M","M","?","R","?","E","T","E","R","M","R","M","R","B",null,"M","M","?","?","$","E","R","$","T","?","M","?","E","M","R","B"],"character_chosen":"WATCHER","items_purchased":["Bag of Marbles"],"campfire_rested":2,"item_purchase_floors":[22],"current_hp_per_floor":[72,58,58,58,51,51,51,29,29,18,39,19,19,13,34,9,56,52,52,52,52,52,51,51,51,51,51,51,51,63,54,54,0,0],"gold":6,"neow_bonus":"THREE_ENEMY_KILL","is_daily":false,"chose_seed":false,"campfire_upgraded":4,"win_rate":0.0,"timestamp":1614314624,"path_taken":["M","?","M","M","?","R","?","E","T","E","R","?","R","M","R","BOSS","M","?","?","?","$","E","R","$","T","?","M","?","E","M","R","BOSS"],"items_purchased_type":["Relic"],"build_version":"2020-12-22","purchased_purges":1,"victory":false,"max_hp_per_floor":[72,72,72,72,72,72,72,72,72,72,72,72,72,72,72,72,72,72,72,72,72,72,72,72,72,72,72,72,72,84,84,84,84,84],"card_choices":[{"not_picked":["Sanctity","Nirvana"],"picked":"ReachHeaven","floor":1.0},{"not_picked":["BattleHymn","JustLucky"],"picked":"ClearTheMind","floor":3.0},{"not_picked":["Prostrate","EmptyFist"],"picked":"MentalFortress","floor":8.0},{"not_picked":["FlurryOfBlows","FlyingSleeves"],"picked":"Evaluate","floor":10.0},{"not_picked":["Protect","JustLucky"],"picked":"ThirdEye","floor":12.0},{"not_picked":["Prostrate","CutThroughFate"],"picked":"CrushJoints","floor":14.0},{"not_picked":["BattleHymn","BowlingBash"],"picked":"EmptyBody","floor":18.0},{"not_picked":["Wallop","ThirdEye"],"picked":"Consecrate","floor":19.0},{"not_picked":["Fasting2","CrushJoints"],"picked":"FearNoEvil","floor":23.0},{"not_picked":["FollowUp+1","ClearTheMind","PathToVictory","JustLucky"],"picked":"SKIP","floor":28.0},{"not_picked":["SashWhip","Crescendo","SandsOfTime+1","CutThroughFate+1"],"picked":"SKIP","floor":30},{"not_picked":["Blasphemy","Fasting2","Vengeance","SashWhip"],"picked":"SKIP","floor":31}],"player_experience":710153,"relics_obtained":[{"floor":8.0,"key":"Orichalcum"},{"floor":9.0,"key":"Anchor"},{"floor":10.0,"key":"WingedGreaves"},{"floor":23.0,"key":"Akabeko"},{"floor":26.0,"key":"Question Card"},{"floor":30,"key":"Strawberry"}],"event_choices":[{"damage_healed":0.0,"max_hp_gain":0.0,"max_hp_loss":0.0,"gold_gain":0.0,"event_name":"Shining Light","player_choice":"Entered Light","floor":2.0,"gold_loss":0.0,"damage_taken":14.0,"cards_upgraded":["ReachHeaven","Strike_P"]},{"cards_removed":["Strike_P"],"damage_healed":0.0,"max_hp_gain":0.0,"max_hp_loss":0.0,"gold_gain":0.0,"event_name":"Golden Wing","player_choice":"Card Removal","floor":5.0,"gold_loss":0.0,"damage_taken":7.0},{"damage_healed":0.0,"max_hp_gain":0.0,"max_hp_loss":0.0,"gold_gain":0.0,"event_name":"WeMeetAgain","player_choice":"Paid Gold","floor":7.0,"gold_loss":103.0,"damage_taken":0.0,"relics_obtained":["Ornamental Fan"]},{"damage_healed":0.0,"max_hp_gain":0.0,"max_hp_loss":0.0,"gold_gain":0.0,"event_name":"The Library","player_choice":"Read","floor":20.0,"gold_loss":0.0,"damage_taken":0.0,"cards_obtained":["EmptyFist"]},{"damage_healed":0.0,"max_hp_gain":0.0,"max_hp_loss":0.0,"gold_gain":0.0,"event_name":"Cursed Tome","player_choice":"Ignored","floor":21.0,"gold_loss":0.0,"damage_taken":0.0},{"damage_healed":0.0,"max_hp_gain":0.0,"max_hp_loss":0.0,"gold_gain":99.0,"event_name":"Nest","player_choice":"Stole From Cult","floor":29.0,"gold_loss":0.0,"damage_taken":0.0}],"is_beta":false,"boss_relics":[{"not_picked":["Philosopher\u0027s Stone","Astrolabe"],"picked":"Ectoplasm"}],"items_purged_floors":[22],"is_endless":false,"potions_floor_spawned":[1,4,12,14,28,30],"killed_by":"Automaton","ascension_level":5}}