{"host":"zcytydgb505ghzux","time":1614303444,"event":{"mods":["Act Like it!","BaseMod","Colored Powertips","Downfall","Highlight Path","Infinite Spire","Jorbs\u0027s Wanderer Trilogy","Marisa????????","Minty Spire (QoL Compilation)","Replay The Spire","StSLib","The Construct","The Mystic","The Wild Card"],"gold_per_floor":[115,23,23,23,23,23,49,49,49,74,99,99,109,129,129,225,225,241,341,360,360,360,360,391,408,408,199,199,213,158,178,178,274,274,285,299,299,299],"floor_reached":37,"language":"ENG","playtime":1630,"items_purged":[],"score":415,"play_id":"60a9a508-f007-457b-9e6c-9997cb5b01c5","local_time":"20210225203724","is_ascension_mode":true,"campfire_choices":[{"data":"Dualcast","floor":6.0,"key":"SMITH"},{"data":"Deep Breath","floor":8.0,"key":"SMITH"},{"floor":12.0,"key":"REST"},{"floor":15.0,"key":"REST"},{"data":"Go for the Eyes","floor":23.0,"key":"SMITH"},{"floor":28.0,"key":"REST"},{"floor":32.0,"key":"REST"}],"circlet_count":0,"master_deck":["Strike_B","Strike_B","Strike_B","Strike_B","Defend_B","Defend_B","Defend_B","Defend_B","Zap+1","Dualcast+1","Deep Breath+1","Self Repair","Time Bomb","Darkness","Go for the Eyes+1","Conserve Battery","Rainbow","Gash","Redo+1","Leap","FTL","Leap","Gash+1","Doom and Gloom+1","Coolheaded+1","BasicCrystalCard+1","Gash+1"],"relics":["Cracked Core","Replay:Antivirus Software","Bag of Marbles","Mirror","infinitespire:Lucky Rock","infinitespire:Beetle Shell","construct:WeddingRing","Mummified Hand","Molten Egg 2","Medical Kit","Nuclear Battery"],"acts_visited":["Exordium","TheCity","TheBeyond"],"potions_floor_usage":[35],"damage_taken":[{"damage":1.0,"enemies":"Jaw Worm","floor":1.0,"turns":3.0},{"damage":26.0,"enemies":"3 Sentries","floor":7.0,"turns":7.0},{"damage":48.0,"enemies":"Gremlin Nob","floor":10.0,"turns":5.0},{"damage":6.0,"enemies":"Cultist","floor":13.0,"turns":3.0},{"damage":0.0,"enemies":"Small Slimes","floor":14.0,"turns":3.0},{"damage":19.0,"enemies":"Hexaghost","floor":16.0,"turns":9.0},{"damage":11.0,"enemies":"2 Thieves","floor":18.0,"turns":5.0},{"damage":7.0,"enemies":"Shell Parasite","floor":20.0,"turns":4.0},{"damage":44.0,"enemies":"Slavers","floor":24.0,"turns":6.0},{"damage":15.0,"enemies":"Centurion and Healer","floor":25.0,"turns":8.0},{"damage":18.0,"enemies":"Snake Plant","floor":29.0,"turns":5.0},{"damage":9.0,"enemies":"Snecko","floor":31.0,"turns":5.0},{"damage":60.0,"enemies":"Automaton","floor":33.0,"turns":11.0},{"damage":13,"enemies":"3 Darklings","floor":35,"turns":4},{"damage":0,"enemies":"3 Shapes","floor":36,"turns":1},{"damage":70,"enemies":"Orin","floor":37,"turns":8}],"seed_played":"4657086705173129229","potions_obtained":[{"floor":1.0,"key":"FairyPotion"},{"floor":16.0,"key":"Death Potion"},{"floor":24.0,"key":"EntropicBrew"},{"floor":25.0,"key":"Swift Potion"}],"is_trial":false,"path_per_floor":["M","?","$","$","?","R","E","R","T","E","T","R","M","M","R","B",null,"M","?","M","?","?","R","E","M","T","$","R","M","$","M","R","B",null,"M","M","?"],"character_chosen":"DEFECT","items_purchased":["Medical Kit","Leap","Doom and Gloom+1"],"campfire_rested":4,"item_purchase_floors":[27,27,30],"current_hp_per_floor":[74,74,74,74,74,74,55,55,55,14,14,36,37,44,66,54,75,71,71,71,71,71,71,34,26,26,26,48,37,37,35,57,47,75,69,69,0,0],"gold":299,"neow_bonus":"RANDOM_COLORLESS","is_daily":false,"chose_seed":false,"campfire_upgraded":3,"win_rate":0.0,"timestamp":1614303444,"path_taken":["M","?","?","$","?","R","E","R","T","E","?","R","M","M","R","BOSS","M","?","?","?","?","R","E","M","T","$","R","M","$","M","R","BOSS","M","M","?"],"items_purchased_type":["Relic","Card","Card"],"build_version":"2020-12-22","purchased_purges":0,"victory":false,"max_hp_per_floor":[75,75,75,75,75,75,75,75,75,75,75,75,75,75,75,75,75,75,75,75,75,75,75,75,75,75,75,75,75,75,75,75,75,75,75,75,75,75],"card_choices":[{"not_picked":["Forethought","Swift Strike"],"picked":"Deep Breath","floor":0.0},{"not_picked":["Sweeping Beam","Compile Driver"],"picked":"Self Repair","floor":1.0},{"not_picked":["Static Discharge","Beam Cell"],"picked":"Time Bomb","floor":7.0},{"not_picked":["Ball Lightning","Coolheaded"],"picked":"Darkness","floor":10.0},{"not_picked":["Double Energy","Hologram"],"picked":"Go for the Eyes","floor":13.0},{"not_picked":["Turbo","Fusion"],"picked":"Conserve Battery","floor":14.0},{"not_picked":["Buffer","Meteor Strike"],"picked":"Rainbow","floor":16.0},{"not_picked":["Sweeping Beam","Rebound"],"picked":"Gash","floor":18.0},{"not_picked":["Streamline","Static Discharge+1"],"picked":"Redo+1","floor":20.0},{"not_picked":["Sweeping Beam","Compile Driver"],"picked":"Leap","floor":24.0},{"not_picked":["Blizzard","Hologram+1"],"picked":"FTL","floor":25.0},{"not_picked":["Sweeping Beam+1","Rainbow"],"picked":"Gash+1","floor":29.0},{"not_picked":["BasicCrystalCard+1","Genetic Algorithm+1"],"picked":"Coolheaded+1","floor":31.0},{"not_picked":["Barrage+1","Turbo"],"picked":"BasicCrystalCard+1","floor":35},{"not_picked":["Blizzard+1","Compile Driver+1"],"picked":"Gash+1","floor":36}],"player_experience":95012,"relics_obtained":[{"floor":7.0,"key":"Bag of Marbles"},{"floor":9.0,"key":"Mirror"},{"floor":10.0,"key":"infinitespire:Lucky Rock"},{"floor":11.0,"key":"infinitespire:Beetle Shell"},{"floor":24.0,"key":"Mummified Hand"},{"floor":26.0,"key":"Molten Egg 2"}],"event_choices":[{"damage_healed":0.0,"max_hp_gain":0.0,"max_hp_loss":0.0,"gold_gain":0.0,"event_name":"WeMeetAgain","player_choice":"Paid Gold","floor":2.0,"gold_loss":92.0,"damage_taken":0.0,"relics_obtained":["Replay:Antivirus Software"]},{"damage_healed":0.0,"max_hp_gain":0.0,"max_hp_loss":0.0,"gold_gain":100.0,"event_name":"Golden Shrine","player_choice":"Pray","floor":19.0,"gold_loss":0.0,"damage_taken":0.0},{"damage_healed":0.0,"max_hp_gain":0.0,"max_hp_loss":0.0,"gold_gain":0.0,"event_name":"Ghosts","player_choice":"Ignored","floor":21.0,"gold_loss":0.0,"damage_taken":0.0},{"damage_healed":0,"gold_gain":0,"player_choice":"Fight","damage_taken":0,"max_hp_gain":0,"max_hp_loss":0,"event_name":"OrinTheCat","floor":37,"gold_loss":0}],"is_beta":false,"boss_relics":[{"not_picked":["Cursed Key","Philosopher\u0027s Stone"],"picked":"construct:WeddingRing"},{"not_picked":["Ring of Chaos","Sozu"],"picked":"Nuclear Battery"}],"items_purged_floors":[],"is_endless":false,"potions_floor_spawned":[1,16,24,25,31],"killed_by":"Orin","ascension_level":1}}