{"host":"n9djqtt305zq066c","time":1614333451,"event":{"mods":["Act Like it!","BaseMod","Colored Map","Library of Ruina","Library of Ruina Extra","Minty Spire (QoL Compilation)","Rare Cards Sparkle","StSLib"],"gold_per_floor":[112,130,150,164,164,164,164],"floor_reached":6,"language":"ZHS","playtime":631,"items_purged":[],"score":38,"play_id":"91f5125d-48f6-48ed-aa9e-a9c449a7040f","local_time":"20210226175731","is_ascension_mode":false,"campfire_choices":[],"circlet_count":0,"master_deck":["Dodge","LightDefense","LightAttack","LightAttack","LightAttack","LightDefense","LightDefense","LightDefense","ChargeAndCover","FocusedStrikes","SnakesPrey","WillOfThePrescript","ClassAndRespect","BattleCommand","GuidanceOfTheGears"],"relics":["PageOfLibrarian","Golden Idol"],"acts_visited":["Exordium"],"potions_floor_usage":[6],"damage_taken":[{"damage":2,"enemies":"Small Slimes","floor":1,"turns":3},{"damage":1,"enemies":"Jaw Worm","floor":2,"turns":4},{"damage":0,"enemies":"2 Louse","floor":3,"turns":3},{"damage":9,"enemies":"Exordium Wildlife","floor":4,"turns":4},{"damage":29,"enemies":"Gremlin Nob","floor":6,"turns":5}],"seed_played":"-8024619278839167945","potions_obtained":[{"floor":1,"key":"Energy Potion"},{"floor":3,"key":"Dexterity Potion"}],"is_trial":false,"path_per_floor":["M","M","M","M","?","E"],"character_chosen":"Librarian","items_purchased":[],"campfire_rested":0,"item_purchase_floors":[],"current_hp_per_floor":[58,57,57,48,33,4,4],"gold":164,"neow_bonus":"THREE_CARDS","is_daily":false,"chose_seed":false,"campfire_upgraded":0,"win_rate":0.0,"timestamp":1614333451,"path_taken":["M","M","M","M","?","E"],"items_purchased_type":[],"build_version":"2020-12-22","purchased_purges":0,"victory":false,"max_hp_per_floor":[70,84,63,62,62,62,62],"card_choices":[{"not_picked":["HighKick","NightInTheBackstreets"],"picked":"SnakesPrey","floor":0},{"not_picked":["UnavoidableGaze","Quickness","SharpSwipe","GrazeTheGrass","Retaliate","SkitterAway","EnergyCycle","PinpointShot"],"picked":"WillOfThePrescript","floor":1},{"not_picked":["Pound","ExtremeEdge","Leap_lor","SharpSwipe","FervidEmotions","ViolentFlame","NightInTheBackstreets","FlashingStrike"],"picked":"ClassAndRespect","floor":2},{"not_picked":["CookingPrep","FervidEmotions","DeepDrag","ViolentFlame","SturdyDefense","PuppetBlockade","Quickness","HandleRequest"],"picked":"BattleCommand","floor":3},{"not_picked":["SparkingSpear","DestructiveImpact","MirageStorm","FierceCharge","BiXi","SmokingPipe","FleetEdge","Thrust"],"picked":"GuidanceOfTheGears","floor":4}],"player_experience":227412,"relics_obtained":[],"event_choices":[{"damage_healed":0,"gold_gain":0,"player_choice":"Take Damage","damage_taken":15,"relics_obtained":["Golden Idol"],"max_hp_gain":0,"max_hp_loss":0,"event_name":"Golden Idol","floor":5,"gold_loss":0}],"is_beta":false,"boss_relics":[],"items_purged_floors":[],"is_endless":false,"potions_floor_spawned":[1,3],"killed_by":"Gremlin Nob","ascension_level":0}}