{"host":"h5acbxt0wmjo1kpm","time":1614370280,"event":{"mods":["2.2 Compatiblity","Act Like it!","AlwaysNeverKeys","Aspiration","Aya Shameimaru","Bard","Bartender","BaseMod","Better Third Choice","Colored Map","Elementarium","Gensokyo","GifTheSpireLib","Hallownest","Marisa????????","Menagerie","Minty Spire (QoL Compilation)","Permanent Neow","Potionbrewer","Quick Restart","Relic Filter","Reliquary","Replay The Spire","Robot Space Explorer","Ruina","RumiaBox-????????","Shade Mod","Spicy Shops","StSLib","Strawberry Spire","The Blackbeard","The Dragon Tamer","The Gatherer","The Hayseed","The Problem Sleuth","The Servant 0.9.4","Wandering Minibosses","Wide Potions"],"gold_per_floor":[113,32,50,50,67,67,99,99,126,141,141,168,168,168,168,263,263,283,533,549,45,45,70,7,7,87,87,119,429,429,478,478,578,578,592,607,481,497,510,542,555,555,582,387,433,433,478,520,520,530,530,530,132,181,211],"floor_reached":56,"language":"ENG","playtime":5642,"items_purged":["Shame","Comet"],"score":1907,"play_id":"911471df-9592-4eb5-a3d2-32888d055282","local_time":"20210226121120","is_ascension_mode":true,"campfire_choices":[{"data":"Replace","floor":6.0,"key":"SMITH"},{"data":"SilverBlades","floor":11.0,"key":"SMITH"},{"data":"Embodiment","floor":15.0,"key":"SMITH"},{"data":"Foresight","floor":25.0,"key":"SMITH"},{"data":"ReplayTheSpireMod:Tripwire","floor":27.0,"key":"SMITH"},{"data":"Storm of Steel","floor":32.0,"key":"SMITH"},{"data":"FlawlessForm","floor":42,"key":"SMITH"},{"floor":49,"key":"RECALL"},{"data":"Luminosity","floor":52,"key":"SMITH"}],"circlet_count":0,"master_deck":["AscendersBane","Survivor+1","Neutralize","Replace+1","Dagger Throw","PiercingWail+1","strawberrySpire:Marathoner","Embodiment+1","SilverBlades+1","Luminosity+1","Madness","FlawlessForm+1","Moondial+1","Poisoned Stab+1","Foresight+1","ReplayTheSpireMod:Speed Training","ReplayTheSpireMod:Tripwire+1","Unruled","strawberrySpire:Fastroyer","Footwork","Storm of Steel+1","Acrobatics","Rewind+1","DualDimension+1","DualDimension+1","TheWorld+1","Quick Slash+1","Predator+1","SilverMatrix","Calculated Gamble+1","Gouge+1","Discovery+1","InstantArmor+1"],"relics":["aspiration:ServantSkillbook","Centennial Puzzle","Replay:Baseball","reliquary:BoilingFlask","Pandora\u0027s Box","Membership Card","Molten Egg 2","Toxic Egg 2","Happy Flower","Gensokyo:DirgeOfMelancholy","Oddly Smooth Stone","Pear","TheSimpletonMod:GardenGlove","Potion Belt","SoulBox","reliquary:RoseTintedGlasses","reliquary:PrincelyHelmet","Replay:Bandana","aspiration:FrozenJewel","Smiling Mask","Hallownest:HeavyBlowRelic","Thread and Needle","TheAbacus","Iron Hammer"],"acts_visited":["Gensokyo:Gensokyo","Gensokyo:Gensokyoer","Hallownest:KingdomsEdge","TheEnding"],"potions_floor_usage":[40,45],"damage_taken":[{"damage":0.0,"enemies":"Gensokyo:Python","floor":1.0,"turns":4.0},{"damage":2.0,"enemies":"Gensokyo:2_Kodama","floor":3.0,"turns":5.0},{"damage":1.0,"enemies":"Gensokyo:Gryphon","floor":5.0,"turns":4.0},{"damage":0.0,"enemies":"Gensokyo:Mamizou","floor":7.0,"turns":11.0},{"damage":0.0,"enemies":"Gensokyo:LivingMonolith","floor":10.0,"turns":3.0},{"damage":0.0,"enemies":"Gensokyo:Aya","floor":12.0,"turns":6.0},{"damage":0.0,"enemies":"Gensokyo:Reimu","floor":16.0,"turns":8.0},{"damage":9.0,"enemies":"Gensokyo:3_Dogs","floor":18.0,"turns":6.0},{"damage":0.0,"enemies":"Gensokyo:2_Gloops","floor":20.0,"turns":4.0},{"damage":0.0,"enemies":"Gensokyo:Reisen","floor":23.0,"turns":8.0},{"damage":8.0,"enemies":"Gensokyo:Tenshi","floor":28.0,"turns":6.0},{"damage":0.0,"enemies":"Gensokyo:Wraith","floor":29.0,"turns":5.0},{"damage":0.0,"enemies":"Gensokyo:Eiki","floor":33.0,"turns":8.0},{"damage":3,"enemies":"Hallownest:3_Siblings","floor":35,"turns":9},{"damage":1,"enemies":"Hallownest:Shield_Heavy","floor":36,"turns":6},{"damage":0,"enemies":"Hallownest:2_Great","floor":38,"turns":5},{"damage":0,"enemies":"Hallownest:monsterPrimalAspid","floor":39,"turns":4},{"damage":1,"enemies":"Hallownest:eliteCollector","floor":40,"turns":9},{"damage":8,"enemies":"Hallownest:2_Wandering_and_1_Horned","floor":41,"turns":6},{"damage":8,"enemies":"Hallownest:eliteHiveKnight","floor":45,"turns":8},{"damage":0,"enemies":"Hallownest:2_Great","floor":47,"turns":4},{"damage":0,"enemies":"Hallownest:monsterPrimalAspid","floor":48,"turns":5},{"damage":11,"enemies":"Hallownest:BossGreyPrinceZote","floor":50,"turns":17},{"damage":0,"enemies":"Shield and Spear","floor":54,"turns":7},{"damage":4,"enemies":"The Heart","floor":55,"turns":9}],"seed_played":"-4559575419737385850","potions_obtained":[{"floor":7.0,"key":"potionbrewer:ToxicPotion"},{"floor":10.0,"key":"SpeedPotion"},{"floor":16.0,"key":"EntropicBrew"},{"floor":23.0,"key":"Strength Potion"},{"floor":38,"key":"potionbrewer:InfectionPotion"},{"floor":40,"key":"Weak Potion"},{"floor":41,"key":"Poison Potion"},{"floor":45,"key":"Languid Potion"}],"is_trial":false,"path_per_floor":["M","COS","M","$","M","R","E","?","T","M","R","E","?","?","R","B",null,"M","?","M","$","?","E","COS","R","T","R","E","M","?","T","R","B",null,"M","M","$","M","M","E","M","R","T","$","E","?","M","M","R","B",null,"R","$","E","B",null],"character_chosen":"THE_SILENT","items_purchased":["Membership Card","Molten Egg 2","Toxic Egg 2","Happy Flower","Rewind+1","reliquary:RoseTintedGlasses","potionbrewer:HastePotion","aspiration:FrozenJewel","SkillPotion","Gouge+1","Discovery+1","Thread and Needle","TheAbacus"],"campfire_rested":0,"item_purchase_floors":[21,21,21,21,21,37,37,44,44,53,53,53,53],"current_hp_per_floor":[63,63,61,61,60,60,60,60,60,60,60,60,60,60,60,60,68,59,59,59,59,59,59,59,59,69,69,61,61,61,61,61,61,72,69,68,68,68,68,67,59,59,59,59,51,51,51,51,51,40,67,67,67,67,63],"gold":211,"neow_bonus":"BOSS_RELIC","is_daily":false,"chose_seed":false,"campfire_upgraded":8,"win_rate":0.0,"timestamp":1614370280,"path_taken":["M","COS","M","?","M","R","E","?","T","?","R","E","?","?","R","BOSS","M","?","M","$","?","E","COS","R","T","R","E","M","?","?","R","BOSS","M","M","$","M","M","E","M","R","T","$","E","?","M","M","R","BOSS","R","$","E","BOSS"],"items_purchased_type":["Relic","Relic","Relic","Relic","Card","Relic","Potion","Relic","Potion","Card","Card","Relic","Relic"],"build_version":"2020-12-22","purchased_purges":2,"victory":true,"max_hp_per_floor":[70,70,70,70,70,70,70,70,70,70,70,70,70,70,70,70,70,70,66,66,66,66,66,66,66,76,76,76,76,76,76,76,76,76,76,76,76,76,76,76,76,76,76,76,76,76,76,76,76,76,76,76,76,76,76],"card_choices":[{"not_picked":["Ricochet","Well Laid Plans","strawberrySpire:SpinKick"],"picked":"Replace","floor":1.0},{"not_picked":["strawberrySpire:DeltaFlow","Bouncing Flask","Expertise"],"picked":"Dagger Throw","floor":3.0},{"not_picked":["Poisoned Stab+1","Underhanded Strike+1","strawberrySpire:Trickbox+1"],"picked":"PiercingWail+1","floor":3.0},{"not_picked":["Envenom","A Thousand Cuts","Unload"],"picked":"strawberrySpire:Marathoner","floor":5.0},{"not_picked":["Revamp","Moonlight","Deadly Poison","Bane"],"picked":"SKIP","floor":5.0},{"not_picked":["ReplayTheSpireMod:Tripwire","Bouncing Flask","Advance"],"picked":"Embodiment","floor":7.0},{"not_picked":["Desolation","PiercingWail","strawberrySpire:Pant"],"picked":"SilverBlades","floor":10.0},{"not_picked":["Hidden Blade","Replace","Orbit"],"picked":"Luminosity","floor":12.0},{"not_picked":["Poison Darts","strawberrySpire:Marathoner","LightFlow"],"picked":"FlawlessForm","floor":16.0},{"not_picked":["Dagger Spray+1","Acrobatics","Crippling Poison","Flying Knee"],"picked":"SKIP","floor":18.0},{"not_picked":["Dagger Spray+1","Crippling Poison","Flying Knee"],"picked":"Acrobatics","floor":18.0},{"not_picked":["Alleviate+1","Rewind","Acrobatics","Sucker Punch"],"picked":"SKIP","floor":20.0},{"not_picked":["Ricochet+1","ForgedInTime+1","ReturningBlade+1","Poisoned Stab+1"],"picked":"SKIP","floor":23.0},{"not_picked":["Spin+1","strawberrySpire:Pant+1","Acrobatics+1"],"picked":"DualDimension+1","floor":28.0},{"not_picked":["Fluid Movement","Deflect+1","Replace+1"],"picked":"DualDimension+1","floor":29.0},{"not_picked":["LightFlow+1","Unload+1","FlawlessForm"],"picked":"TheWorld+1","floor":33.0},{"not_picked":["Deflect+1","Hidden Blade+1","SurpressingFire"],"picked":"Quick Slash+1","floor":35},{"not_picked":["BottledTime+1","Ricochet+1","Alleviate+1","Blade Dance+1"],"picked":"SKIP","floor":36},{"not_picked":["Hidden Blade+1","Deflect+1","strawberrySpire:Momentum","Spin+1"],"picked":"SKIP","floor":38},{"not_picked":["PiercingWail+1","DancingSilver+1","Hightail+1","Poisoned Stab+1"],"picked":"SKIP","floor":39},{"not_picked":["Revamp+1","strawberrySpire:Insectonator+1","DoubleEdge+1"],"picked":"Predator+1","floor":40},{"not_picked":["Storm of Steel+1","Backstab+1","strawberrySpire:SideSwipe+1","Acrobatics+1"],"picked":"SKIP","floor":41},{"not_picked":["Eviscerate+1","Poisoned Stab+1","Deadly Poison+1","Ricochet+1"],"picked":"SKIP","floor":45},{"not_picked":["strawberrySpire:DreamfoilDart+1","Shuttle+1","TimeWarp+1"],"picked":"SilverMatrix","floor":47},{"not_picked":["strawberrySpire:Trickbox+1","strawberrySpire:Fastroyer+1","Bane+1"],"picked":"Calculated Gamble+1","floor":48},{"not_picked":["Unruled+1","Rewind+1","Cloak And Dagger+1"],"picked":"InstantArmor+1","floor":54}],"player_experience":2312092,"relics_obtained":[{"floor":7.0,"key":"Centennial Puzzle"},{"floor":9.0,"key":"Replay:Baseball"},{"floor":12.0,"key":"reliquary:BoilingFlask"},{"floor":23.0,"key":"Oddly Smooth Stone"},{"floor":26.0,"key":"Pear"},{"floor":28.0,"key":"TheSimpletonMod:GardenGlove"},{"floor":40,"key":"reliquary:PrincelyHelmet"},{"floor":43,"key":"Replay:Bandana"},{"floor":45,"key":"Smiling Mask"},{"floor":54,"key":"Iron Hammer"}],"event_choices":[],"is_beta":false,"boss_relics":[{"not_picked":["reliquary:Ember","EasyGame_NEW"],"picked":"Pandora\u0027s Box"},{"not_picked":["aspiration:PoetsPen_weak","Replay:Bronze Core"],"picked":"SoulBox"}],"items_purged_floors":[44,53],"is_endless":false,"potions_floor_spawned":[7,10,16,20,23,38,40,41,45],"ascension_level":10}}