{"host":"d9tpyi6mde8z2n96","time":1614298747,"event":{"mods":["100% Spire Juice","2.2 Compatiblity","A Penny For Your Troubles","AchievementEnabler","Act Like it!","AlwaysNeverKeys","Aspiration","BaseMod","Beaked The Cultist","Better Altar","Better Note","Bossed Relics","CapriCore","Challenge The Spire","Colored Map","Colored Powertips","Conspire","Dark Map","Defuse TimeMaze Blight","Dota2Spire","Elementarium","Energized Spire","Fox Events","Friendly Minions","Gensokyo","GifTheSpireLib","Gold Saver","Halation","Hermit","HololiveMod","Hubris","Hyrulean Relics","Infinite Spire","Jess\u0027s Bottle","Jorbs\u0027s Wanderer Trilogy","Library of Ruina","Library of Ruina Extra","Marisa????????","Melee Mod","Minty Spire (QoL Compilation)","MostiFishMod","Pale of the Ancients","Permanent Neow","Potionbrewer","Quick Restart","Railgun Mod","Reimu??????","Reliquary","Replay The Spire","Robot Space Explorer","Ruina","RumiaBox-????????","Shop Mod","Spikes Relics","StS++","StSLib","SuperFastMode","TestMod","The Alterego","The Animator","The Blue Laboratory","The Cursed","The Death Knight","The Fake Hero","The Marked","The Servant 0.9.4","The Spell Scribe","Trackpad","Transform Curses","Uncapped","Virulent Crown","Waifu the Spire","Wandering Minibosses","WarShipGirlsR/????R mod","Wide Potions","Yakumo Yukari mod"],"gold_per_floor":[100119,99665,99665,99665,98230,98269,98269,98287,98287,98306,98320,98320,97912,97947,97947,98055,98055,98074,98096,98111,98125,98145,98145,98145,98105,98173,98192,98209,97490,97512,97512,97512,97619,97619,97619],"floor_reached":34,"language":"ENG","playtime":1524,"items_purged":[],"score":639,"play_id":"ceceb900-00e5-45a7-95e1-58b5ed889198","local_time":"20210225191907","daily_mods":["Diverse","Heirloom"],"is_ascension_mode":false,"campfire_choices":[{"floor":15,"key":"DIG"},{"data":"meleeMod_DropZone","floor":23,"key":"SMITH"}],"circlet_count":0,"master_deck":["conspire:GhostlyStrike","conspire:GhostlyStrike","conspire:GhostlyStrike","conspire:GhostlyStrike","conspire:GhostlyStrike","conspire:GhostlyDefend","conspire:GhostlyDefend","conspire:GhostlyDefend","conspire:GhostlyDefend","Bash","Flying Knee","MostiFishMod:PoisonShield","MostiFishMod:PoisonShield","FendThisOffIfYouCan","TendonChords","DeathKnight:IcyTouch","Enchanting:ReiMu","Clash","theScribe:LightningBolt","beaked:Hexing","meleeMod_DropZone+1","Devotion+1","meleeMod_WaveDash+1","MostiFishMod:DeathFromBelow+1","meleeMod_RaptorBoost","FoulBorder2:ReiMu","Devotion+1","luka_mod:Optimistic","alterego_mod:PresenceConcealment","FineLineFantasy:ReiMu","Panache+1","Conquer:ReiMu+1","RitualDagger","hubris:StunningStrike+1","CurseOfTheBell","BlessedFruit","BlessedFruit"],"relics":["Burning Blood","Ring of Chaos","replay:Trail_Library","testmod-TestBox","DaveBox","testmod-DeterminationOfClimber","BrkXgEgg","aspiration:AnachronicSnailShell","SynthV:TestCard","trackpad:AdjectivePendant","reliquary:BallBearing","testmod-IntensifyImprint","Self Forming Clay","MetatronsCube","reliquary:SilkGlove","Snack Pack","Replay:Multitool","reliquary:Stiletto","infinitespire:EmpoweringShard","FeatherPendant","wanderingMiniBosses:CarrionFlame","trackpad:WondrousWand","aspiration:DSix","MerchantsRug","Calling Bell","Dota2Spire:Vanguard","infinitespire:WardingShard","HeavenlyBonsai"],"acts_visited":["Exordium","TheCity","TheBeyond"],"potions_floor_usage":[16],"damage_taken":[{"damage":6,"enemies":"2 Louse","floor":1,"turns":3},{"damage":0,"enemies":"Replay:BlueRogue","floor":6,"turns":4},{"damage":0,"enemies":"Small Slimes","floor":8,"turns":3},{"damage":0,"enemies":"conspire:RoseBush","floor":10,"turns":2},{"damage":2,"enemies":"Gremlin Gang","floor":11,"turns":3},{"damage":1,"enemies":"3 Sentries","floor":14,"turns":2},{"damage":0,"enemies":"The Guardian","floor":16,"turns":4},{"damage":5,"enemies":"conspire:FuzzyDice","floor":18,"turns":2},{"damage":0,"enemies":"3 Byrds","floor":19,"turns":3},{"damage":0,"enemies":"3 Cultists","floor":20,"turns":2},{"damage":1,"enemies":"Shelled Parasite and Fungi","floor":21,"turns":3},{"damage":0,"enemies":"Cultist and Chosen","floor":22,"turns":1},{"damage":0,"enemies":"Centurion and Healer","floor":27,"turns":1},{"damage":0,"enemies":"Snake Plant","floor":28,"turns":1},{"damage":0,"enemies":"Cultist and Chosen","floor":30,"turns":1},{"damage":13,"enemies":"Automaton","floor":33,"turns":4}],"seed_played":"9121868960144854221","potions_obtained":[{"floor":8,"key":"Energy Potion"},{"floor":10,"key":"blueLaboratory:HummingbirdPotion"},{"floor":11,"key":"blueLaboratory:Moonshine"},{"floor":19,"key":"blueLaboratory:PhilterOfMotion"}],"is_trial":true,"path_per_floor":["M","$","?","?","$","E","?","M","T","M","M","?","$","E","R","B",null,"M","M","M","M","M","R","?","R","T","M","M","$","M","?","R_BF","B",null],"character_chosen":"IRONCLAD","items_purchased":["MostiFishMod:PoisonShield","trackpad:AdjectivePendant","reliquary:BallBearing","testmod-IntensifyImprint","Self Forming Clay","TheRailgun:Negative_Field","MetatronsCube","Replay:Multitool","theScribe:LightningBolt","beaked:Hexing","FineLineFantasy:ReiMu","aspiration:DSix","Panache+1","MerchantsRug"],"campfire_rested":0,"item_purchase_floors":[2,2,2,5,5,5,5,13,13,13,29,29,29,29],"current_hp_per_floor":[80,80,80,80,80,80,80,80,80,80,80,80,80,80,80,80,80,80,80,80,80,80,80,80,80,80,80,80,80,80,80,74,79,80,80],"gold":97619,"neow_bonus":"","is_daily":false,"chose_seed":false,"campfire_upgraded":1,"win_rate":0.0,"timestamp":1614298747,"path_taken":["M","$","?","?","$","E","?","?","T","M","M","?","?","E","R","BOSS","M","M","?","M","M","R","?","R","T","M","M","$","M","?","R_BF","BOSS"],"items_purchased_type":["Card","Relic","Relic","Relic","Relic","Card","Relic","Relic","Card","Card","Card","Relic","Card","Relic"],"build_version":"2020-12-22","purchased_purges":0,"victory":false,"max_hp_per_floor":[80,80,80,80,80,80,80,80,80,80,80,80,80,80,80,80,80,80,80,80,80,80,80,80,80,80,80,80,80,80,80,80,80,80,80],"card_choices":[{"not_picked":["EndlessBattle","Flechettes"],"picked":"Flying Knee","floor":1},{"not_picked":["animator:ItamiYouji+1","EndlessBattle","EmptyFist","TheCursedMod:CursedMace"],"picked":"FendThisOffIfYouCan","floor":6},{"not_picked":["Faith","Moonworks:JonathanRush","theScribe:WeirdShield","TheRailgun:Discharge"],"picked":"DeathKnight:IcyTouch","floor":8},{"not_picked":["Consume","animator:Sonic","theMarked:BanishingStrike","beaked:Brace"],"picked":"Enchanting:ReiMu","floor":10},{"not_picked":["animator:Chung","theScribe:Thunder","Stack","animator:Shuna"],"picked":"Clash","floor":11},{"not_picked":["PinpointShot","Rupture","theScribe:CripplingCharge","theMarked:Electrify"],"picked":"meleeMod_DropZone","floor":14},{"not_picked":["MagicEyes_LaplaceDemon_purple+1","TheRailgun:Overload+1","Castigation+1","WangLiang_LineAndCurveDreams_purple+1"],"picked":"Devotion+1","floor":16},{"not_picked":["RobotSpaceExplorer:FreezeRay","theScribe:GatherComponents+1","MultiBlock+1","stsjorbsmod:WanderingMind","Moonworks:Assault+1"],"picked":"SKIP","floor":18},{"not_picked":["Moonworks:CastOff","hermit:HighCaliber","Hololive_CallKiryuuCoco","stsjorbsmod:BurningFlask"],"picked":"meleeMod_WaveDash+1","floor":19},{"not_picked":["meleeMod_CommandGrab+1","Unruled","theMarked:Panic","TheCursedMod:Wield+1"],"picked":"MostiFishMod:DeathFromBelow+1","floor":20},{"not_picked":["hermit:TakeAim+1","rmod:circuitoustactics","Parry2","RobotSpaceExplorer:SurgingStrike","stsjorbsmod:Introspection"],"picked":"SKIP","floor":21},{"not_picked":["hermit:TakeCover","rmod:capitalist","EnergyCycle","Cloak And Dagger"],"picked":"meleeMod_RaptorBoost","floor":22},{"not_picked":["Hololive_Sequa","GrandCross","beaked:WarriorEssence","TheRailgun:Electrical_Fire"],"picked":"luka_mod:Optimistic","floor":27},{"not_picked":["Hololive_WolfAndLamb+1","TheCursedMod:BloodBarrier","hubris:ReadiedAction+1","StSpp:Vengeance"],"picked":"alterego_mod:PresenceConcealment","floor":28},{"not_picked":["hermit:Feint","DeathKnight:ChainsOfIce","Slice","GluttonyofRealm_purpleEX+1"],"picked":"Conquer:ReiMu+1","floor":30},{"not_picked":["Hololive_BeCareful+1","Hololive_DurableLive+1","hubris:Prefetch+1","HakureiPhantom:ReiMu+1"],"picked":"hubris:StunningStrike+1","floor":33}],"player_experience":1134362,"relics_obtained":[{"floor":1,"key":"SynthV:TestCard"},{"floor":6,"key":"reliquary:SilkGlove"},{"floor":9,"key":"Snack Pack"},{"floor":14,"key":"reliquary:Stiletto"},{"floor":15,"key":"infinitespire:EmpoweringShard"},{"floor":19,"key":"wanderingMiniBosses:CarrionFlame"},{"floor":26,"key":"trackpad:WondrousWand"},{"floor":34,"key":"Dota2Spire:Vanguard"},{"floor":34,"key":"infinitespire:WardingShard"},{"floor":34,"key":"HeavenlyBonsai"}],"event_choices":[{"damage_healed":0,"gold_gain":0,"player_choice":"Agree","damage_taken":0,"max_hp_gain":0,"max_hp_loss":0,"event_name":"conspire:LoneGhost","floor":3,"gold_loss":0},{"damage_healed":0,"gold_gain":0,"player_choice":"Leave","damage_taken":0,"max_hp_gain":0,"max_hp_loss":0,"event_name":"The Cleric","floor":4,"gold_loss":0},{"damage_healed":0,"gold_gain":0,"cards_transformed":["TheRailgun:Negative_Field"],"player_choice":"Transformed","damage_taken":0,"max_hp_gain":0,"max_hp_loss":0,"event_name":"Transmorgrifier","floor":7,"gold_loss":0,"cards_obtained":["TendonChords"]},{"damage_healed":0,"gold_gain":0,"player_choice":"Ignored","damage_taken":0,"max_hp_gain":0,"max_hp_loss":0,"event_name":"Box For Yourself","floor":12,"gold_loss":0},{"damage_healed":0,"gold_gain":0,"player_choice":"Bought 3 Potions","damage_taken":0,"max_hp_gain":0,"max_hp_loss":0,"event_name":"The Woman in Blue","floor":25,"gold_loss":0},{"damage_healed":0,"gold_gain":0,"player_choice":"Ignored","damage_taken":0,"max_hp_gain":0,"max_hp_loss":0,"event_name":"Ghosts","floor":31,"gold_loss":0},{"damage_healed":0,"gold_gain":0,"player_choice":"Joined the Cult","damage_taken":6,"max_hp_gain":0,"max_hp_loss":0,"event_name":"Nest","floor":32,"gold_loss":0,"cards_obtained":["RitualDagger"]}],"is_beta":false,"boss_relics":[{"not_picked":["conspire:SeveredTorchhead","Transparent"],"picked":"FeatherPendant"},{"not_picked":["AddBug","hubris:Stopwatch"],"picked":"Calling Bell"}],"items_purged_floors":[],"is_endless":false,"potions_floor_spawned":[8,10,11,19,27,30,33],"ascension_level":0}}