{"host":"qrbkigq52dd42dk0","time":1614377406,"event":{"mods":["AchievementEnabler","BaseMod","Colored Map","Colored Powertips","Minty Spire (QoL Compilation)","Morshu Shopkeeper - ENHANCED","Quick Restart","StSLib","SuperFastMode","The IronCluck","everything is the same but u backflip on backflip"],"gold_per_floor":[109,109,109,184,184,184,203,203,254,285,301,301,344,5,5,149,149,198,198,198,198,148,148,216,216,216,216,71,115,240,308,308,438,438,457,457,105,55,99,167,191,234,234,293,293,309,328,391,403,415,427,439,10,51,51],"floor_reached":56,"language":"ENG","playtime":1541,"items_purged":["Defend_G","Strike_G"],"score":1853,"play_id":"3a48519f-8d66-460b-a088-2cd6b0507784","local_time":"20210226231006","is_ascension_mode":true,"campfire_choices":[{"data":"Neutralize","floor":6.0,"key":"SMITH"},{"data":"Survivor","floor":8.0,"key":"SMITH"},{"floor":12.0,"key":"REST"},{"data":"HandOfGreed","floor":15.0,"key":"SMITH"},{"data":"Night Terror","floor":23,"key":"SMITH"},{"data":"Blade Dance","floor":25,"key":"SMITH"},{"data":"Terror","floor":27,"key":"SMITH"},{"data":"Footwork","floor":32,"key":"SMITH"},{"floor":45,"key":"RECALL"},{"floor":49,"key":"REST"},{"floor":52,"key":"REST"}],"circlet_count":0,"master_deck":["Strike_G","Strike_G","Defend_G+1","Defend_G+1","Defend_G+1","Defend_G","Survivor+1","Neutralize+1","Dagger Spray+1","Terror+1","Noxious Fumes","HandOfGreed+1","Night Terror+1","Infinite Blades+1","Blade Dance+1","Footwork+1","Backflip+1","Blade Dance+1","Adrenaline","Cloak And Dagger+1","PiercingWail+1","Slice+1","Accuracy+1","Caltrops+1","Accuracy+1"],"relics":["Ring of the Snake","NeowsBlessing","Golden Idol","Strawberry","StrikeDummy","War Paint","PreservedInsect","WristBlade","MutagenicStrength","FossilizedHelix","Bag of Preparation","Singing Bowl","Torii","Matryoshka","Fusion Hammer","Bottled Tornado","Anchor","Regal Pillow","Dead Branch","Blood Vial","Toy Ornithopter","MawBank","Medical Kit","Tough Bandages","Orichalcum"],"acts_visited":["Exordium","TheCity","TheBeyond","TheEnding"],"potions_floor_usage":[30,33,55],"damage_taken":[{"damage":0.0,"enemies":"Small Slimes","floor":1.0,"turns":1.0},{"damage":0.0,"enemies":"2 Louse","floor":7.0,"turns":1.0},{"damage":0.0,"enemies":"Gremlin Nob","floor":10.0,"turns":1.0},{"damage":0.0,"enemies":"Cultist","floor":11.0,"turns":2.0},{"damage":10.0,"enemies":"Lagavulin","floor":13.0,"turns":3.0},{"damage":20.0,"enemies":"Hexaghost","floor":16.0,"turns":10.0},{"damage":1,"enemies":"Chosen","floor":18,"turns":6},{"damage":0,"enemies":"Gremlin Leader","floor":24,"turns":4},{"damage":0,"enemies":"2 Thieves","floor":29,"turns":3},{"damage":0,"enemies":"Colosseum Slavers","floor":30,"turns":4},{"damage":0,"enemies":"Colosseum Nobs","floor":30,"turns":3},{"damage":12,"enemies":"Shelled Parasite and Fungi","floor":31,"turns":5},{"damage":47,"enemies":"Champ","floor":33,"turns":6},{"damage":13,"enemies":"3 Darklings","floor":35,"turns":3},{"damage":0,"enemies":"3 Shapes","floor":39,"turns":2},{"damage":0,"enemies":"Giant Head","floor":40,"turns":4},{"damage":0,"enemies":"Sphere and 2 Shapes","floor":41,"turns":3},{"damage":0,"enemies":"Reptomancer","floor":42,"turns":2},{"damage":0,"enemies":"Nemesis","floor":44,"turns":3},{"damage":0,"enemies":"Maw","floor":46,"turns":5},{"damage":0,"enemies":"Jaw Worm Horde","floor":47,"turns":1},{"damage":0,"enemies":"Reptomancer","floor":48,"turns":1},{"damage":38,"enemies":"Donu and Deca","floor":50,"turns":10},{"damage":0,"enemies":"Shield and Spear","floor":54,"turns":3},{"damage":51,"enemies":"The Heart","floor":55,"turns":6}],"seed_played":"4225475393229379563","potions_obtained":[{"floor":11.0,"key":"DistilledChaos"},{"floor":16.0,"key":"SteroidPotion"},{"floor":29,"key":"SpeedPotion"},{"floor":33,"key":"Dexterity Potion"},{"floor":40,"key":"FairyPotion"},{"floor":41,"key":"SpeedPotion"}],"is_trial":false,"path_per_floor":["M","?","?","?","?","R","M","R","T","E","M","R","E","$","R","B",null,"M","?","?","?","?","R","E","R","T","R","$","M","?","M","R","B",null,"M","?","$","?","M","E","M","E","T","E","R","M","M","E","R","B",null,"R","$","E","B",null],"character_chosen":"THE_SILENT","items_purchased":["PreservedInsect","HandOfGreed","Footwork","Bottled Tornado","Medical Kit","Tough Bandages"],"campfire_rested":3,"item_purchase_floors":[14,14,28,37,53,53],"current_hp_per_floor":[70,53,39,28,21,21,21,21,28,28,28,51,41,41,41,21,63,62,62,62,62,62,62,62,62,62,62,62,64,64,52,52,5,61,50,50,50,50,50,52,54,56,56,58,58,60,62,64,87,49,78,87,87,87,41],"gold":51,"neow_bonus":"THREE_ENEMY_KILL","is_daily":false,"chose_seed":false,"campfire_upgraded":7,"win_rate":0.0,"timestamp":1614377406,"path_taken":["M","?","?","?","?","R","M","R","T","E","M","R","E","$","R","BOSS","M","?","?","?","?","R","E","R","T","R","$","?","?","M","R","BOSS","M","?","$","?","M","E","?","E","T","E","R","M","M","E","R","BOSS","R","$","E","BOSS"],"items_purchased_type":["Relic","Card","Card","Relic","Relic","Relic"],"build_version":"2020-12-22","purchased_purges":2,"victory":true,"max_hp_per_floor":[70,70,70,70,70,70,70,70,77,77,77,77,77,77,77,77,77,77,77,77,77,77,77,77,77,77,77,77,79,79,79,79,79,79,81,81,81,81,81,83,85,87,87,87,87,87,87,87,87,87,87,87,87,87,87],"card_choices":[{"not_picked":["Flying Knee","Quick Slash"],"picked":"Dagger Spray","floor":1.0},{"not_picked":["Caltrops","Flying Knee","Masterful Stab"],"picked":"SKIP","floor":7.0},{"not_picked":["Outmaneuver","Blade Dance"],"picked":"Terror","floor":10.0},{"not_picked":["Outmaneuver","Underhanded Strike","Infinite Blades"],"picked":"SKIP","floor":11.0},{"not_picked":["Dodge and Roll","Blade Dance"],"picked":"Noxious Fumes","floor":13.0},{"not_picked":["Tools of the Trade","Malaise"],"picked":"Night Terror","floor":16.0},{"not_picked":["Acrobatics+1","Caltrops"],"picked":"Infinite Blades+1","floor":18},{"not_picked":["Dagger Spray+1","Poisoned Stab"],"picked":"Blade Dance","floor":24},{"not_picked":["Dodge and Roll","Caltrops+1","Acrobatics"],"picked":"Singing Bowl","floor":29},{"not_picked":["PiercingWail","Acrobatics"],"picked":"Backflip+1","floor":30},{"not_picked":["Prepared+1","Setup+1"],"picked":"Blade Dance+1","floor":31},{"not_picked":["Venomology","Wraith Form v2"],"picked":"Adrenaline","floor":33},{"not_picked":["Dagger Spray","Heel Hook+1","Bane"],"picked":"Singing Bowl","floor":35},{"not_picked":["Skewer+1","Deadly Poison+1"],"picked":"Cloak And Dagger+1","floor":39},{"not_picked":["Deflect+1","Cloak And Dagger","Masterful Stab"],"picked":"Singing Bowl","floor":40},{"not_picked":["Deflect","Finisher","Underhanded Strike+1"],"picked":"Singing Bowl","floor":41},{"not_picked":["Predator","Well Laid Plans","Cloak And Dagger"],"picked":"Singing Bowl","floor":42},{"not_picked":["Die Die Die","Outmaneuver"],"picked":"PiercingWail+1","floor":44},{"not_picked":["Flying Knee","Prepared"],"picked":"Slice+1","floor":46},{"not_picked":["Acrobatics","Dagger Spray"],"picked":"Accuracy+1","floor":47},{"not_picked":["Dagger Spray+1","Heel Hook+1"],"picked":"Caltrops+1","floor":48},{"not_picked":["Dagger Throw+1","PiercingWail"],"picked":"Accuracy+1","floor":54}],"player_experience":264010,"relics_obtained":[{"floor":9.0,"key":"Strawberry"},{"floor":10.0,"key":"StrikeDummy"},{"floor":13.0,"key":"War Paint"},{"floor":24,"key":"Bag of Preparation"},{"floor":26,"key":"Singing Bowl"},{"floor":30,"key":"Torii"},{"floor":30,"key":"Matryoshka"},{"floor":40,"key":"Regal Pillow"},{"floor":42,"key":"Dead Branch"},{"floor":43,"key":"Blood Vial"},{"floor":44,"key":"Toy Ornithopter"},{"floor":48,"key":"MawBank"},{"floor":54,"key":"Orichalcum"}],"event_choices":[{"damage_healed":0.0,"max_hp_gain":0.0,"max_hp_loss":0.0,"gold_gain":0.0,"event_name":"Golden Idol","player_choice":"Take Damage","floor":2.0,"gold_loss":0.0,"damage_taken":17.0,"relics_obtained":["Golden Idol"]},{"damage_healed":0.0,"max_hp_gain":0.0,"max_hp_loss":0.0,"gold_gain":0.0,"event_name":"Shining Light","player_choice":"Entered Light","floor":3.0,"gold_loss":0.0,"damage_taken":14.0,"cards_upgraded":["Defend_G","Dagger Spray"]},{"damage_healed":0.0,"max_hp_gain":0.0,"max_hp_loss":0.0,"gold_gain":75.0,"event_name":"World of Goop","player_choice":"Gather Gold","floor":4.0,"gold_loss":0.0,"damage_taken":11.0},{"cards_removed":["Strike_G"],"damage_healed":0.0,"max_hp_gain":0.0,"max_hp_loss":0.0,"gold_gain":0.0,"event_name":"Golden Wing","player_choice":"Card Removal","floor":5.0,"gold_loss":0.0,"damage_taken":7.0},{"damage_healed":0,"gold_gain":0,"player_choice":"Inject Mutagens","damage_taken":0,"relics_obtained":["MutagenicStrength"],"max_hp_gain":0,"max_hp_loss":0,"event_name":"Drug Dealer","floor":19,"gold_loss":0},{"damage_healed":0,"gold_gain":0,"player_choice":"Opened","damage_taken":0,"relics_obtained":["FossilizedHelix"],"max_hp_gain":0,"max_hp_loss":0,"event_name":"The Mausoleum","floor":20,"gold_loss":0},{"damage_healed":0,"gold_gain":0,"player_choice":"Ignored","damage_taken":0,"max_hp_gain":0,"max_hp_loss":0,"event_name":"Ghosts","floor":21,"gold_loss":0},{"damage_healed":0,"gold_gain":0,"player_choice":"Bet on Murderer","damage_taken":0,"max_hp_gain":0,"max_hp_loss":0,"event_name":"The Joust","floor":22,"gold_loss":50},{"damage_healed":0,"gold_gain":0,"player_choice":"Fight","damage_taken":0,"max_hp_gain":0,"max_hp_loss":0,"event_name":"Colosseum","floor":30,"gold_loss":0},{"damage_healed":0,"gold_gain":0,"player_choice":"Fought Nobs","damage_taken":0,"max_hp_gain":0,"max_hp_loss":0,"event_name":"Colosseum","floor":30,"gold_loss":0},{"cards_removed":["Strike_G"],"damage_healed":0,"gold_gain":0,"player_choice":"Removed Attack","damage_taken":0,"max_hp_gain":0,"max_hp_loss":0,"event_name":"Falling","floor":36,"gold_loss":0},{"damage_healed":0,"gold_gain":0,"player_choice":"Paid Gold","damage_taken":0,"relics_obtained":["Anchor"],"max_hp_gain":0,"max_hp_loss":0,"event_name":"WeMeetAgain","floor":38,"gold_loss":50}],"is_beta":false,"boss_relics":[{"not_picked":["Calling Bell","Pandora\u0027s Box"],"picked":"WristBlade"},{"not_picked":["Velvet Choker","Tiny House"],"picked":"Fusion Hammer"}],"items_purged_floors":[28,37],"is_endless":false,"potions_floor_spawned":[11,16,29,33,40,41,46,47,48],"ascension_level":5}}