{"host":"v7nip9mocme4em3v","time":1614311319,"event":{"mods":["BaseMod","BetterRewards","Minty Spire (QoL Compilation)","Quick Restart","StSLib"],"gold_per_floor":[117,137,150,165,165,178,210,39,39,50,72,72,100,119,119,215,215,230,140,155,171,187,187,41,53,53,80,90,106,106,135,135,239,239,252,152,152,172,172,202,220,235,235,262,137,137,137,187,187,187],"floor_reached":51,"language":"ENG","playtime":3860,"items_purged":["Strike_R","Strike_R","Strike_R"],"score":736,"play_id":"533b67f9-d2e6-47eb-bed4-8c2ba7490fa8","local_time":"20210225194839","is_ascension_mode":false,"campfire_choices":[{"data":"True Grit","floor":12.0,"key":"SMITH"},{"data":"Shockwave","floor":15.0,"key":"SMITH"},{"data":"Barricade","floor":23.0,"key":"SMITH"},{"data":"Disarm","floor":32.0,"key":"SMITH"},{"data":"Fire Breathing","floor":49,"key":"SMITH"}],"circlet_count":0,"master_deck":["Strike_R+1","Defend_R","Defend_R","Defend_R","Defend_R","Bash","Cleave","Sword Boomerang","Sword Boomerang","Thunderclap","Shockwave+1","Clothesline","True Grit+1","Disarm+1","Reaper","Shrug It Off","Barricade+1","CurseOfTheBell","Battle Trance","Pommel Strike","Carnage+1","Warcry","Ghostly Armor","Flame Barrier+1","Spot Weakness","Headbutt+1","Feel No Pain","Bloodletting+1","Fire Breathing+1","Dark Shackles","Iron Wave+1"],"relics":["Burning Blood","NeowsBlessing","Ancient Tea Set","Potion Belt","Odd Mushroom","Red Skull","Calling Bell","Orichalcum","Pantograph","Incense Burner","Medical Kit","StoneCalendar","Sundial","Pen Nib","Black Star","White Beast Statue","Lantern","Toy Ornithopter","Paper Frog","Happy Flower","Unceasing Top"],"acts_visited":["Exordium","TheCity","TheBeyond"],"potions_floor_usage":[40,41],"damage_taken":[{"damage":0.0,"enemies":"2 Louse","floor":1.0,"turns":1.0},{"damage":0.0,"enemies":"Jaw Worm","floor":2.0,"turns":1.0},{"damage":0.0,"enemies":"Cultist","floor":3.0,"turns":1.0},{"damage":16.0,"enemies":"Blue Slaver","floor":4.0,"turns":5.0},{"damage":9.0,"enemies":"3 Louse","floor":6.0,"turns":2.0},{"damage":40.0,"enemies":"Lagavulin","floor":7.0,"turns":6.0},{"damage":9.0,"enemies":"Red Slaver","floor":10.0,"turns":3.0},{"damage":7.0,"enemies":"The Mushroom Lair","floor":11.0,"turns":3.0},{"damage":6.0,"enemies":"Gremlin Nob","floor":13.0,"turns":4.0},{"damage":2.0,"enemies":"Blue Slaver","floor":14.0,"turns":6.0},{"damage":16.0,"enemies":"Slime Boss","floor":16.0,"turns":9.0},{"damage":0.0,"enemies":"3 Byrds","floor":18.0,"turns":7.0},{"damage":25.0,"enemies":"Spheric Guardian","floor":20.0,"turns":10.0},{"damage":7.0,"enemies":"Centurion and Healer","floor":21.0,"turns":9.0},{"damage":19.0,"enemies":"Snake Plant","floor":22.0,"turns":8.0},{"damage":3.0,"enemies":"Snecko","floor":25.0,"turns":5.0},{"damage":30.0,"enemies":"Book of Stabbing","floor":27.0,"turns":7.0},{"damage":11.0,"enemies":"Centurion and Healer","floor":28.0,"turns":7.0},{"damage":9.0,"enemies":"Snake Plant","floor":29.0,"turns":4.0},{"damage":13.0,"enemies":"Gremlin Leader","floor":31.0,"turns":7.0},{"damage":18.0,"enemies":"Collector","floor":33.0,"turns":9.0},{"damage":30,"enemies":"3 Shapes","floor":35,"turns":7},{"damage":14,"enemies":"Orb Walker","floor":38,"turns":4},{"damage":8,"enemies":"Nemesis","floor":40,"turns":9},{"damage":46,"enemies":"3 Darklings","floor":41,"turns":6},{"damage":0,"enemies":"Sphere and 2 Shapes","floor":42,"turns":7},{"damage":15,"enemies":"Reptomancer","floor":44,"turns":11},{"damage":0,"enemies":"Mind Bloom Boss Battle","floor":48,"turns":7},{"damage":23,"enemies":"Time Eater","floor":50,"turns":11}],"seed_played":"1454739371866911076","potions_obtained":[{"floor":1.0,"key":"EssenceOfSteel"},{"floor":6.0,"key":"SpeedPotion"},{"floor":10.0,"key":"Fire Potion"},{"floor":14.0,"key":"CultistPotion"},{"floor":16.0,"key":"Strength Potion"},{"floor":20.0,"key":"PowerPotion"},{"floor":22.0,"key":"Strength Potion"},{"floor":27.0,"key":"Ancient Potion"},{"floor":28.0,"key":"LiquidBronze"},{"floor":31.0,"key":"LiquidMemories"},{"floor":37,"key":"LiquidMemories"},{"floor":37,"key":"BloodPotion"},{"floor":40,"key":"BloodPotion"},{"floor":41,"key":"Fire Potion"},{"floor":42,"key":"Dexterity Potion"},{"floor":44,"key":"Ancient Potion"}],"is_trial":false,"path_per_floor":["M","M","M","M","?","M","E","$","T","M","?","R","E","M","R","B",null,"M","?","M","M","M","R","$","M","T","E","M","M","?","E","R","B",null,"M","$","?","M","?","E","M","M","T","E","$","?","?","?","R","B",null],"character_chosen":"IRONCLAD","items_purchased":["True Grit","SkillPotion","Medical Kit"],"campfire_rested":0,"item_purchase_floors":[8,8,24],"current_hp_per_floor":[80,80,80,70,75,72,38,38,38,35,34,34,34,48,48,45,85,85,85,66,83,70,70,70,73,73,49,44,41,41,68,68,73,85,61,61,61,53,53,51,70,76,76,67,67,67,67,81,81,81],"gold":187,"neow_bonus":"THREE_ENEMY_KILL","is_daily":false,"chose_seed":false,"campfire_upgraded":5,"win_rate":0.0,"timestamp":1614311319,"path_taken":["M","M","M","M","?","M","E","$","T","M","?","R","E","M","R","BOSS","M","?","M","?","M","R","$","M","T","E","M","M","?","E","R","BOSS","M","$","?","?","?","E","M","M","T","E","$","?","?","?","R","BOSS"],"items_purchased_type":["Card","Potion","Relic"],"build_version":"2020-12-22","purchased_purges":3,"victory":true,"max_hp_per_floor":[80,80,80,80,85,85,85,85,85,85,85,85,85,85,85,85,85,85,85,85,85,85,85,85,85,85,85,85,85,85,85,85,85,85,85,85,85,85,85,85,85,85,85,85,85,81,81,81,81,81],"card_choices":[{"not_picked":["Rupture","Iron Wave"],"picked":"Cleave","floor":1.0},{"not_picked":["Heavy Blade","Metallicize"],"picked":"Sword Boomerang","floor":2.0},{"not_picked":["Thunderclap","Reckless Charge"],"picked":"Sword Boomerang","floor":3.0},{"not_picked":["Blood for Blood","Flex"],"picked":"Thunderclap","floor":4.0},{"not_picked":["Sword Boomerang","Heavy Blade"],"picked":"Shockwave","floor":6.0},{"not_picked":["Fiend Fire","Body Slam"],"picked":"Clothesline","floor":7.0},{"not_picked":["Heavy Blade","Headbutt"],"picked":"Disarm","floor":10.0},{"not_picked":["Anger","Pommel Strike"],"picked":"Reaper","floor":13.0},{"not_picked":["Body Slam","Iron Wave"],"picked":"Shrug It Off","floor":14.0},{"not_picked":["Double Tap","Limit Break"],"picked":"Barricade","floor":16.0},{"not_picked":["Headbutt","Body Slam"],"picked":"Battle Trance","floor":18.0},{"not_picked":["Perfected Strike+1","Thunderclap","Searing Blow"],"picked":"SKIP","floor":20.0},{"not_picked":["Limit Break","Battle Trance+1"],"picked":"Pommel Strike","floor":21.0},{"not_picked":["Sword Boomerang","Warcry"],"picked":"Carnage+1","floor":22.0},{"not_picked":["Clothesline","Searing Blow"],"picked":"Warcry","floor":25.0},{"not_picked":["Heavy Blade","Clash+1"],"picked":"Ghostly Armor","floor":27.0},{"not_picked":["Clothesline","Armaments+1"],"picked":"Flame Barrier+1","floor":28.0},{"not_picked":["Shrug It Off","Thunderclap"],"picked":"Spot Weakness","floor":29.0},{"not_picked":["Sword Boomerang","Entrench"],"picked":"Headbutt+1","floor":31.0},{"not_picked":["Reaper","Corruption"],"picked":"Feed","floor":33.0},{"not_picked":["Pommel Strike+1","Anger+1","Rupture"],"picked":"SKIP","floor":35},{"not_picked":["Headbutt+1","Dropkick","Clothesline+1"],"picked":"SKIP","floor":38},{"not_picked":["Rage","Dual Wield"],"picked":"Feel No Pain","floor":40},{"not_picked":["Clash","Headbutt+1"],"picked":"Bloodletting+1","floor":41},{"not_picked":["Perfected Strike+1","Sword Boomerang","Dual Wield+1"],"picked":"SKIP","floor":42},{"not_picked":["Heavy Blade","Clothesline+1"],"picked":"Fire Breathing","floor":44},{"not_picked":["Panache","Deep Breath"],"picked":"Dark Shackles","floor":47},{"not_picked":["Clash","Heavy Blade"],"picked":"Iron Wave+1","floor":48}],"player_experience":8818,"relics_obtained":[{"floor":7.0,"key":"Ancient Tea Set"},{"floor":9.0,"key":"Potion Belt"},{"floor":11.0,"key":"Odd Mushroom"},{"floor":13.0,"key":"Red Skull"},{"floor":17.0,"key":"Orichalcum"},{"floor":17.0,"key":"Pantograph"},{"floor":17.0,"key":"Incense Burner"},{"floor":26.0,"key":"StoneCalendar"},{"floor":27.0,"key":"Sundial"},{"floor":31.0,"key":"Pen Nib"},{"floor":40,"key":"White Beast Statue"},{"floor":40,"key":"Lantern"},{"floor":43,"key":"Toy Ornithopter"},{"floor":44,"key":"Paper Frog"},{"floor":44,"key":"Happy Flower"},{"floor":48,"key":"Unceasing Top"}],"event_choices":[{"damage_healed":0.0,"max_hp_gain":5.0,"max_hp_loss":0.0,"gold_gain":0.0,"event_name":"Big Fish","player_choice":"Donut","floor":5.0,"gold_loss":0.0,"damage_taken":0.0},{"damage_healed":0.0,"max_hp_gain":0.0,"max_hp_loss":0.0,"gold_gain":0.0,"event_name":"Mushrooms","player_choice":"Fought Mushrooms","floor":11.0,"gold_loss":0.0,"damage_taken":0.0},{"cards_removed":["Strike_R"],"damage_healed":0.0,"max_hp_gain":0.0,"max_hp_loss":0.0,"gold_gain":0.0,"event_name":"Designer","player_choice":"Upgrade and Remove","floor":19.0,"gold_loss":90.0,"damage_taken":0.0,"cards_upgraded":["Strike_R"]},{"damage_healed":0.0,"max_hp_gain":0.0,"max_hp_loss":0.0,"gold_gain":0.0,"event_name":"Vampires","player_choice":"Ignored","floor":30.0,"gold_loss":0.0,"damage_taken":0.0},{"damage_healed":0,"gold_gain":0,"player_choice":"Got Potions","damage_taken":0,"max_hp_gain":0,"max_hp_loss":0,"event_name":"Lab","floor":37,"gold_loss":0},{"cards_removed":["Feed"],"damage_healed":0,"gold_gain":0,"player_choice":"Removed Attack","damage_taken":0,"max_hp_gain":0,"max_hp_loss":0,"event_name":"Falling","floor":39,"gold_loss":0},{"damage_healed":0,"gold_gain":0,"player_choice":"Max HP","damage_taken":0,"max_hp_gain":0,"max_hp_loss":4,"event_name":"Winding Halls","floor":46,"gold_loss":0},{"damage_healed":0,"gold_gain":0,"player_choice":"Memory 1","damage_taken":0,"max_hp_gain":0,"max_hp_loss":0,"event_name":"SensoryStone","floor":47,"gold_loss":0},{"damage_healed":0,"gold_gain":0,"player_choice":"Fight","damage_taken":0,"max_hp_gain":0,"max_hp_loss":0,"event_name":"MindBloom","floor":48,"gold_loss":0}],"is_beta":false,"boss_relics":[{"not_picked":["Coffee Dripper","Astrolabe"],"picked":"Calling Bell"},{"not_picked":["Black Blood","SacredBark"],"picked":"Black Star"}],"items_purged_floors":[8,36,45],"is_endless":false,"potions_floor_spawned":[1,6,10,14,16,20,22,27,28,31,40,41,42,44,48],"ascension_level":0}}