{"host":"ox77rn1xcurm2t5a","time":1614381993,"event":{"mods":["2.2 Compatiblity","AchievementEnabler","Act Like it!","Aspiration","BaseMod","Best Route Mod","Better Match","Better Note","Better Sensory Stone","Block Reminder","Colored Map","Colored Powertips","Conjunction","Conspire","Custom Start","Energized Spire","GifTheSpireLib","Gold Saver","Gremlin Skip","Halation","Highlight Path","Hubris","Infinite Spire","Minty Spire (QoL Compilation)","Pale of the Ancients","Quick Restart","Reliquary","Replay The Spire","Reworked Bosses","ShortenTheSpire","Spire Exporter","StSLib","Stuff the Spire","Wandering Minibosses"],"gold_per_floor":[5934,5934,6002,6017,6008,6008,6018,6039,6109,76,176,188,203,223,223,319,319,338,347,362,1119,1219,1244,1244,1276,1303,1318,37,37,66,34,34,129,129,139,139,153,173,192,221,240,240,266,298,298,313,340,340,340,340,340,340,29,54,54],"floor_reached":56,"language":"ENG","playtime":1449,"items_purged":["Strike_R","Strike_R"],"score":2602,"play_id":"44836fec-897b-4d3a-8b36-2a6dd6959b5c","local_time":"20210227012633","is_ascension_mode":true,"campfire_choices":[{"floor":6.0,"key":"RECALL"},{"data":"Perfected Strike","floor":15,"key":"SMITH"},{"data":"Limit Break","floor":24,"key":"SMITH"},{"data":"Rage","floor":29,"key":"SMITH"},{"data":"Metallicize","floor":32,"key":"SMITH"},{"data":"Bash","floor":42,"key":"SMITH"},{"data":"Thunderclap","floor":49,"key":"SMITH"},{"data":"Cleave","floor":52,"key":"SMITH"}],"circlet_count":0,"master_deck":["AscendersBane","Strike_R","Strike_R+1","Defend_R+1","Defend_R+1","Defend_R+1","Bash+1","Clash+1","Dropkick+1","Cleave+1","Thunderclap","Perfected Strike+1","Cleave+1","Limit Break+1","Heavy Blade+1","Rage+1","Pommel Strike+1","Metallicize+1","Heavy Blade+1","Thunderclap+1","Disarm+1","Clash"],"relics":["Burning Blood","ReplayTheSpireMod:Ninjato","The Courier","ReplayFunnel","Guide Book","aspiration:TomeofQuesting","Replay:Baseball","Omamori","conspire:TopHat","hubris:SphereOfDissonance","reliquary:PrincelyHelmet","reliquary:PurpleTingedLeaf","StuffTheSpire:Gunfinga","War Paint","reliquary:Spinner","StuffTheSpire:RubySignet","Unceasing Top","Boot","aspiration:AnachronicSnailShell","StoneCalendar","infinitespire:Beetle Shell","StuffTheSpire:Barrel","Charon\u0027s Ashes","StuffTheSpire:BottledHeartBeat","Nunchaku","infinitespire:Lucky Rock","halation:SelfBoilingWater","StuffTheSpire:PointBlank","reliquary:Knoch","reliquary:SilkGlove","Ancient Tea Set","conspire:Flyswatter","halation:PromiseList","StuffTheSpire:Experiment12","infinitespire:ShieldingShard","Pear","hubris:SlimyHat","StuffTheSpire:Nightcore","aspiration:ChemicalBlood","Paper Frog","wanderingMiniBosses:MasterThiefsPresence","reliquary:Boomerang","reliquary:Vitrine","Replay:Wax Seal","Vajra","Incense Burner","Gremlin Food","Art of War","Simple Rune","Lantern","StuffTheSpire:GrapeVine","Pondfish Scales","halation:LostSnail","Blue Doll","Toy Ornithopter","infinitespire:Satchel","Frozen Egg 2","reliquary:MedicineBall","TheAbacus","halation:KoshaPiece"],"acts_visited":["Exordium","TheCity","TheBeyond","TheEnding"],"potions_floor_usage":[12,16,19,44,55,55],"damage_taken":[{"damage":7.0,"enemies":"2 Louse","floor":1.0,"turns":3.0},{"damage":0.0,"enemies":"Jaw Worm","floor":4.0,"turns":2.0},{"damage":5.0,"enemies":"infinitespire:Voidling","floor":5.0,"turns":6.0},{"damage":6.0,"enemies":"Gremlin Gang","floor":7.0,"turns":4.0},{"damage":50,"enemies":"3 Sentries","floor":8,"turns":11},{"damage":0,"enemies":"2 Fungi Beasts","floor":12,"turns":2},{"damage":0,"enemies":"Looter","floor":13,"turns":1},{"damage":0,"enemies":"Exordium Wildlife","floor":14,"turns":1},{"damage":0,"enemies":"The Guardian","floor":16,"turns":2},{"damage":0,"enemies":"3 Byrds","floor":18,"turns":2},{"damage":0,"enemies":"conspire:FuzzyDice","floor":19,"turns":2},{"damage":1,"enemies":"Centurion and Healer","floor":20,"turns":2},{"damage":0,"enemies":"Shelled Parasite and Fungi","floor":21,"turns":6},{"damage":0,"enemies":"Book of Stabbing","floor":23,"turns":2},{"damage":0,"enemies":"conspire:SneckoGhost","floor":25,"turns":2},{"damage":0,"enemies":"3 Cultists","floor":27,"turns":1},{"damage":0,"enemies":"Replay:Snechameleon","floor":30,"turns":2},{"damage":0,"enemies":"bossMod:newChamp","floor":33,"turns":4},{"damage":0,"enemies":"Orb Walker","floor":35,"turns":2},{"damage":0,"enemies":"3 Darklings","floor":37,"turns":3},{"damage":0,"enemies":"Sphere and 2 Shapes","floor":38,"turns":2},{"damage":0,"enemies":"Spire Growth","floor":39,"turns":2},{"damage":0,"enemies":"Nemesis","floor":40,"turns":3},{"damage":0,"enemies":"Jaw Worm Horde","floor":41,"turns":2},{"damage":0,"enemies":"Giant Head","floor":44,"turns":4},{"damage":0,"enemies":"Transient","floor":46,"turns":5},{"damage":0,"enemies":"R_Hoarder","floor":47,"turns":3},{"damage":0,"enemies":"bossMod:newShapes","floor":50,"turns":4},{"damage":0,"enemies":"Shield and Spear","floor":54,"turns":2},{"damage":0,"enemies":"The Heart","floor":55,"turns":4}],"seed_played":"-3053097114977312367","potions_obtained":[{"floor":0.0,"key":"LifebloodPotion"},{"floor":0.0,"key":"Conjunction:LightningMarble"},{"floor":12,"key":"Strength Potion"},{"floor":13,"key":"ElixirPotion"},{"floor":14,"key":"DuplicationPotion"},{"floor":16,"key":"Fruit Juice"},{"floor":20,"key":"SmokeBomb"},{"floor":23,"key":"Languid Potion"},{"floor":45,"key":"FairyPotion"},{"floor":45,"key":"Strength Potion"},{"floor":54,"key":"Block Potion"}],"is_trial":false,"path_per_floor":["M","?","T","M","M","R","M","E","T","$","?","M","M","M","R","B",null,"M","M","M","M","?","E","R","E","T","M","$","R","E","$","R","B",null,"M","AVR","M","M","M","E","M","R","T","E","?","M","E","?","R","B",null,"R","$","E","B",null],"character_chosen":"IRONCLAD","items_purchased":["ReplayFunnel","Guide Book","aspiration:TomeofQuesting","Replay:Baseball","Omamori","conspire:TopHat","hubris:SphereOfDissonance","reliquary:PrincelyHelmet","reliquary:PurpleTingedLeaf","StuffTheSpire:Gunfinga","War Paint","reliquary:Spinner","StuffTheSpire:RubySignet","Unceasing Top","Boot","aspiration:AnachronicSnailShell","StoneCalendar","infinitespire:Beetle Shell","StuffTheSpire:Barrel","Charon\u0027s Ashes","StuffTheSpire:BottledHeartBeat","Nunchaku","infinitespire:Lucky Rock","halation:SelfBoilingWater","StuffTheSpire:PointBlank","reliquary:Knoch","reliquary:SilkGlove","Ancient Tea Set","conspire:Flyswatter","halation:PromiseList","StuffTheSpire:Experiment12","infinitespire:ShieldingShard","Pear","hubris:SlimyHat","StuffTheSpire:Nightcore","aspiration:ChemicalBlood","Paper Frog","HeartOfIron","Vajra","Incense Burner","Gremlin Food","Art of War","Simple Rune","Lantern","StuffTheSpire:GrapeVine","Pondfish Scales","Metallicize","reliquary:MedicineBall","TheAbacus"],"campfire_rested":0,"item_purchase_floors":[10,10,10,10,10,10,10,10,10,10,10,10,10,10,10,10,10,10,10,10,10,10,10,10,10,10,10,10,10,10,10,10,10,10,10,10,10,10,28,28,28,28,28,28,28,28,31,53,53],"current_hp_per_floor":[71,71,71,77,80,80,80,36,36,46,46,54,61,67,67,79,91,95,95,95,95,95,95,95,95,95,95,95,95,95,95,95,95,95,95,95,95,95,95,95,95,95,95,95,95,95,95,95,95,95,95,95,95,95,95],"gold":54,"neow_bonus":"THREE_SMALL_POTIONS","is_daily":false,"chose_seed":false,"campfire_upgraded":7,"win_rate":0.0,"timestamp":1614381993,"path_taken":["M","?","?","M","M","R","M","E","T","$","?","M","?","M","R","BOSS","M","M","M","?","?","E","R","E","T","M","$","R","E","?","R","BOSS","M","AVR","M","M","M","E","M","R","T","E","?","?","E","?","R","BOSS","R","$","E","BOSS"],"items_purchased_type":["Relic","Relic","Relic","Relic","Relic","Relic","Relic","Relic","Relic","Relic","Relic","Relic","Relic","Relic","Relic","Relic","Relic","Relic","Relic","Relic","Relic","Relic","Relic","Relic","Relic","Relic","Relic","Relic","Relic","Relic","Relic","Relic","Relic","Relic","Relic","Relic","Relic","Potion","Relic","Relic","Relic","Relic","Relic","Relic","Relic","Relic","Card","Relic","Relic"],"build_version":"2020-12-22","purchased_purges":2,"victory":true,"max_hp_per_floor":[80,80,80,80,80,80,80,80,80,90,90,90,90,90,90,95,95,95,95,95,95,95,95,95,95,95,95,95,95,95,95,95,95,95,95,95,95,95,95,95,95,95,95,95,95,95,95,95,95,95,95,95,95,95,95],"card_choices":[{"not_picked":["Run Through","Sword Boomerang"],"picked":"Clash","floor":1.0},{"not_picked":["Pommel Strike","Sentinel"],"picked":"Cleave","floor":4.0},{"not_picked":["StuffTheSpire:Incineration","True Grit","Combust"],"picked":"SKIP","floor":5.0},{"not_picked":["Dual Wield","ReplayTheSpireMod:Corrosion Curse","Dark Embrace"],"picked":"SKIP","floor":7.0},{"not_picked":["Run Through","Flame Barrier"],"picked":"Thunderclap","floor":8},{"not_picked":["True Grit","Warcry","Hemokinesis"],"picked":"SKIP","floor":12},{"not_picked":["Havoc","hubris:ReadiedAction"],"picked":"Perfected Strike","floor":13},{"not_picked":["StuffTheSpire:RockThrow","Life Link"],"picked":"Cleave","floor":14},{"not_picked":["Immolate","Demonic Infusion"],"picked":"Limit Break","floor":16},{"not_picked":["Sword Boomerang","Clothesline"],"picked":"Heavy Blade+1","floor":18},{"not_picked":["Shrug It Off+1","Carnage","Flame Barrier"],"picked":"SKIP","floor":19},{"not_picked":["Wild Strike","Iron Wave","Flame Barrier"],"picked":"SKIP","floor":20},{"not_picked":["hubris:ReadiedAction","Run Through","Iron Wave"],"picked":"SKIP","floor":21},{"not_picked":["Warcry","Searing Blow","hubris:ReadiedAction"],"picked":"SKIP","floor":23},{"not_picked":["Corruption","hubris:StunningStrike"],"picked":"Rage","floor":25},{"not_picked":["True Grit","Infernal Blade","Twin Strike"],"picked":"SKIP","floor":27},{"not_picked":["StuffTheSpire:RagingBull","Sever Soul"],"picked":"Pommel Strike+1","floor":30},{"not_picked":["conspire:ExplosiveBarrier","Seeing Red","Flex"],"picked":"SKIP","floor":35},{"not_picked":["StuffTheSpire:Slingshot","Body Slam","Flex"],"picked":"SKIP","floor":37},{"not_picked":["Run Through","Replay:Undeath\u0027s Touch+1"],"picked":"Heavy Blade+1","floor":38},{"not_picked":["Headbutt","Replay:Undeath\u0027s Touch","Feel No Pain+1"],"picked":"SKIP","floor":39},{"not_picked":["Burning Pact","Massacre+1","True Grit"],"picked":"SKIP","floor":40},{"not_picked":["Run Through","Heavy Blade","StuffTheSpire:RockThrow"],"picked":"SKIP","floor":41},{"not_picked":["Havoc+1","StuffTheSpire:BloodClot","Thunderclap"],"picked":"SKIP","floor":44},{"not_picked":["Havoc+1","StuffTheSpire:BloodClot"],"picked":"Thunderclap","floor":44},{"not_picked":["hubris:ReadiedAction","Demonic Infusion"],"picked":"Disarm","floor":46},{"not_picked":["Warcry","Replay:Undeath\u0027s Touch","Burning Pact"],"picked":"SKIP","floor":47},{"not_picked":["StuffTheSpire:BloodClot","Second Wind"],"picked":"Clash","floor":54}],"player_experience":3282978,"relics_obtained":[{"floor":3.0,"key":"ReplayTheSpireMod:Ninjato"},{"floor":8,"key":"The Courier"},{"floor":21,"key":"wanderingMiniBosses:MasterThiefsPresence"},{"floor":23,"key":"reliquary:Boomerang"},{"floor":25,"key":"reliquary:Vitrine"},{"floor":26,"key":"Replay:Wax Seal"},{"floor":40,"key":"Blue Doll"},{"floor":43,"key":"Toy Ornithopter"},{"floor":44,"key":"infinitespire:Satchel"},{"floor":47,"key":"Frozen Egg 2"},{"floor":54,"key":"halation:KoshaPiece"}],"event_choices":[{"damage_healed":0,"gold_gain":100,"player_choice":"Pray","damage_taken":0,"max_hp_gain":0,"max_hp_loss":0,"event_name":"Golden Shrine","floor":11,"gold_loss":0},{"damage_healed":0,"gold_gain":100,"player_choice":"Pray","damage_taken":0,"max_hp_gain":0,"max_hp_loss":0,"event_name":"Golden Shrine","floor":22,"gold_loss":0},{"damage_healed":0,"gold_gain":0,"player_choice":"Got Potions","damage_taken":0,"max_hp_gain":0,"max_hp_loss":0,"event_name":"Lab","floor":45,"gold_loss":0},{"damage_healed":0,"gold_gain":0,"player_choice":"Upgraded","damage_taken":0,"max_hp_gain":0,"max_hp_loss":0,"event_name":"Upgrade Shrine","floor":48,"gold_loss":0,"cards_upgraded":["Disarm"]}],"is_beta":false,"boss_relics":[{"not_picked":["infinitespire:Burning Sword","halation:Yufonium","reliquary:WritOfMandamus"]},{"not_picked":["hubris:GrandSneckoEye","halation:LoveArrow","hubris:Stopwatch"]}],"items_purged_floors":[10,28],"is_endless":false,"potions_floor_spawned":[12,13,14,16,20,23,27,33,38,39,41,54],"ascension_level":12}}