{"host":"bg8va46pgqgvtzim","time":1614328574,"event":{"mods":["BaseMod","Minty Spire (QoL Compilation)","Quick Restart","StSLib","SuperFastMode"],"gold_per_floor":[117,117,134,145,145,70,80,80,80,96,124,124,136,136,136,161,181,181,36,36,64,77,77,77,177,177,191,202,127,138,138,148,148,183,194,208,208,208,224,323,323,333,345,362,382,382,382,482,482,493,510,510,145,157,173,173,207,207,236,262,276,289,308,308,183,183,94,112,159,159,159,159,159,134,159,159],"floor_reached":77,"language":"ZHS","playtime":3915,"items_purged":["Strike_G","Defend_G","Outmaneuver+1"],"score":1664,"play_id":"24360af9-0f9c-4762-b5aa-47de3ecaea16","local_time":"20210226163614","is_ascension_mode":true,"campfire_choices":[{"data":"Accuracy","floor":9.0,"key":"SMITH"},{"data":"Blade Dance","floor":12.0,"key":"SMITH"},{"data":"Accuracy","floor":18.0,"key":"SMITH"},{"data":"Setup","floor":20.0,"key":"SMITH"},{"data":"Acrobatics","floor":23.0,"key":"SMITH"},{"data":"Neutralize","floor":24.0,"key":"SMITH"},{"data":"Outmaneuver","floor":33.0,"key":"SMITH"},{"data":"Malaise","floor":37.0,"key":"SMITH"},{"data":"Prepared","floor":46.0,"key":"SMITH"},{"data":"Acrobatics","floor":47.0,"key":"SMITH"},{"data":"Reflex","floor":56.0,"key":"SMITH"},{"data":"Well Laid Plans","floor":58.0,"key":"SMITH"},{"floor":70.0,"key":"RECALL"},{"data":"Madness","floor":73.0,"key":"SMITH"}],"circlet_count":0,"master_deck":["Defend_G+1","Survivor","Neutralize+1","Accuracy+1","Blade Dance+1","Acrobatics+1","Accuracy+1","Escape Plan","Acrobatics+1","Setup+1","Malaise+1","Blur+1","Malaise+1","Acrobatics+1","Prepared+1","Reflex+1","Well Laid Plans+1","Prepared+1","Madness","Madness+1","Purity","Underhanded Strike"],"relics":["Ring of the Snake","Vajra","Omamori","Potion Belt","War Paint","Orrery","Bag of Preparation","Empty Cage","White Beast Statue","Coffee Dripper","Anchor","Lantern","Bottled Tornado","Snake Skull","Lizard Tail","Mercury Hourglass"],"acts_visited":["Exordium","TheCity","TheBeyond","TheEnding"],"potions_floor_usage":[76,76,76,76,76],"damage_taken":[{"damage":0.0,"enemies":"Jaw Worm","floor":1.0,"turns":7.0},{"damage":0.0,"enemies":"Cultist","floor":3.0,"turns":4.0},{"damage":0.0,"enemies":"Small Slimes","floor":4.0,"turns":3.0},{"damage":2.0,"enemies":"Exordium Thugs","floor":7.0,"turns":4.0},{"damage":0.0,"enemies":"2 Fungi Beasts","floor":10.0,"turns":3.0},{"damage":1.0,"enemies":"3 Sentries","floor":11.0,"turns":9.0},{"damage":0.0,"enemies":"Red Slaver","floor":13.0,"turns":3.0},{"damage":0.0,"enemies":"Gremlin Nob","floor":16.0,"turns":3.0},{"damage":0.0,"enemies":"Looter","floor":17.0,"turns":3.0},{"damage":0.0,"enemies":"Lagavulin","floor":21.0,"turns":2.0},{"damage":0.0,"enemies":"Large Slime","floor":22.0,"turns":3.0},{"damage":2.0,"enemies":"Hexaghost","floor":25.0,"turns":5.0},{"damage":0.0,"enemies":"Shell Parasite","floor":27.0,"turns":4.0},{"damage":0.0,"enemies":"Chosen","floor":28.0,"turns":3.0},{"damage":4.0,"enemies":"Snake Plant","floor":30.0,"turns":5.0},{"damage":0.0,"enemies":"Centurion and Healer","floor":32.0,"turns":4.0},{"damage":0.0,"enemies":"Book of Stabbing","floor":34.0,"turns":6.0},{"damage":0.0,"enemies":"Chosen and Byrds","floor":35.0,"turns":5.0},{"damage":0.0,"enemies":"Snake Plant","floor":36.0,"turns":5.0},{"damage":0.0,"enemies":"Cultist and Chosen","floor":39.0,"turns":5.0},{"damage":2.0,"enemies":"Centurion and Healer","floor":42.0,"turns":4.0},{"damage":0.0,"enemies":"Snake Plant","floor":43.0,"turns":4.0},{"damage":0.0,"enemies":"3 Cultists","floor":44.0,"turns":5.0},{"damage":0.0,"enemies":"Chosen and Byrds","floor":45.0,"turns":6.0},{"damage":0.0,"enemies":"Automaton","floor":48.0,"turns":7.0},{"damage":0.0,"enemies":"3 Shapes","floor":50.0,"turns":3.0},{"damage":0.0,"enemies":"3 Darklings","floor":51.0,"turns":3.0},{"damage":0.0,"enemies":"4 Shapes","floor":54.0,"turns":3.0},{"damage":0.0,"enemies":"Maw","floor":55.0,"turns":5.0},{"damage":0.0,"enemies":"Reptomancer","floor":57.0,"turns":3.0},{"damage":0.0,"enemies":"Nemesis","floor":59.0,"turns":3.0},{"damage":0.0,"enemies":"3 Darklings","floor":61.0,"turns":2.0},{"damage":0.0,"enemies":"Transient","floor":62.0,"turns":4.0},{"damage":0.0,"enemies":"Maw","floor":63.0,"turns":3.0},{"damage":0.0,"enemies":"Sphere and 2 Shapes","floor":68.0,"turns":2.0},{"damage":0.0,"enemies":"2 Orb Walkers","floor":69.0,"turns":2.0},{"damage":3.0,"enemies":"Time Eater","floor":71.0,"turns":11.0},{"damage":6,"enemies":"Shield and Spear","floor":75,"turns":2},{"damage":0,"enemies":"The Heart","floor":76,"turns":4}],"seed_played":"680234630144494549","potions_obtained":[{"floor":4.0,"key":"DuplicationPotion"},{"floor":7.0,"key":"Poison Potion"},{"floor":10.0,"key":"Strength Potion"},{"floor":16.0,"key":"Dexterity Potion"},{"floor":21.0,"key":"CunningPotion"},{"floor":30.0,"key":"FearPotion"},{"floor":34.0,"key":"Fruit Juice"},{"floor":35.0,"key":"Ancient Potion"},{"floor":39.0,"key":"SteroidPotion"},{"floor":42.0,"key":"Fruit Juice"},{"floor":43.0,"key":"SteroidPotion"},{"floor":45.0,"key":"Strength Potion"},{"floor":52.0,"key":"Ancient Potion"},{"floor":52.0,"key":"LiquidMemories"},{"floor":54.0,"key":"DistilledChaos"},{"floor":61.0,"key":"Energy Potion"}],"is_trial":false,"path_per_floor":["M","?","M","M","?","$","M","$","R","M","E","R","M","T","T","E","M","R","$","R","E","M","R","R","B",null,"M","M","?","M","?","M","R","E","M","M","R","T","M","?","?","M","M","M","M","R","R","B",null,"M","M","?","$","M","M","R","E","R","E","T","M","M","M","?","$","?","$","M","?","R","B",null,"R","$","E","B",null],"character_chosen":"THE_SILENT","items_purchased":["Orrery","Reflex","Anchor","Well Laid Plans","Purity","Underhanded Strike"],"campfire_rested":0,"item_purchase_floors":[19,53,53,53,67,74],"current_hp_per_floor":[63,56,56,56,56,56,54,54,54,54,53,53,53,53,53,53,53,53,53,53,53,53,53,53,51,63,63,63,63,59,59,59,59,59,59,59,59,59,59,59,59,62,67,67,67,67,67,67,73,73,73,73,73,73,73,73,73,73,73,73,73,73,73,64,64,64,64,64,64,64,61,73,73,73,67,67],"gold":159,"neow_bonus":"REMOVE_TWO","is_daily":false,"chose_seed":false,"campfire_upgraded":13,"win_rate":0.0,"timestamp":1614328574,"path_taken":["M","?","M","M","?","?","M","$","R","M","E","R","M","T","T","E","M","R","$","R","E","M","R","R","BOSS","BOSS","M","M","?","M","?","M","R","E","?","M","R","T","M","?","?","M","M","M","?","R","R","BOSS","M","M","?","$","M","M","R","E","R","E","T","?","M","M","?","?","?","$","M","?","R","BOSS","R","$","E","BOSS"],"items_purchased_type":["Relic","Card","Relic","Card","Card","Card"],"build_version":"2020-12-22","purchased_purges":3,"victory":true,"max_hp_per_floor":[63,63,63,63,63,63,63,63,63,63,63,63,63,63,63,63,63,63,63,63,63,63,63,63,63,63,63,63,63,63,63,63,63,63,63,63,63,63,63,63,63,68,73,73,73,73,73,73,73,73,73,73,73,73,73,73,73,73,73,73,73,73,73,73,73,73,73,73,73,73,73,73,73,73,73,73],"card_choices":[{"not_picked":["Outmaneuver","Deflect"],"picked":"Dash","floor":1.0},{"not_picked":["Backflip","Flying Knee"],"picked":"Accuracy","floor":3.0},{"not_picked":["Riddle With Holes","Flechettes"],"picked":"Blade Dance","floor":4.0},{"not_picked":["Skewer","Underhanded Strike"],"picked":"Acrobatics","floor":7.0},{"not_picked":["Dagger Throw","Glass Knife","Poisoned Stab"],"picked":"SKIP","floor":10.0},{"not_picked":["Poisoned Stab","Quick Slash","Dagger Spray"],"picked":"SKIP","floor":11.0},{"not_picked":["Bane","Underhanded Strike","Crippling Poison"],"picked":"SKIP","floor":13.0},{"not_picked":["Quick Slash","Cloak And Dagger"],"picked":"Accuracy","floor":16.0},{"not_picked":["Quick Slash","Backflip"],"picked":"Escape Plan","floor":17.0},{"not_picked":["PiercingWail","Outmaneuver"],"picked":"Acrobatics","floor":19.0},{"not_picked":["Reflex","Well Laid Plans"],"picked":"Setup","floor":19.0},{"not_picked":["Masterful Stab","Deflect","Deadly Poison"],"picked":"SKIP","floor":21.0},{"not_picked":["Slice","Outmaneuver","Setup"],"picked":"SKIP","floor":22.0},{"not_picked":["Unload","Tools of the Trade"],"picked":"Malaise","floor":25.0},{"not_picked":["Blade Dance","Dash"],"picked":"Blur+1","floor":27.0},{"not_picked":["Distraction+1","Dodge and Roll","Setup"],"picked":"SKIP","floor":28.0},{"not_picked":["Backflip","Slice+1","Escape Plan"],"picked":"SKIP","floor":30.0},{"not_picked":["Deadly Poison+1","Sucker Punch"],"picked":"Outmaneuver","floor":32.0},{"not_picked":["Poisoned Stab","Accuracy+1","Sucker Punch"],"picked":"SKIP","floor":34.0},{"not_picked":["Finisher","Flying Knee","Outmaneuver"],"picked":"SKIP","floor":35.0},{"not_picked":["Underhanded Strike","Slice","Infinite Blades"],"picked":"SKIP","floor":36.0},{"not_picked":["Sucker Punch","Dodge and Roll"],"picked":"Acrobatics","floor":39.0},{"not_picked":["Flying Knee","Eviscerate","Malaise"],"picked":"SKIP","floor":42.0},{"not_picked":["PiercingWail","All Out Attack+1","Slice"],"picked":"SKIP","floor":43.0},{"not_picked":["Acrobatics","Outmaneuver"],"picked":"Prepared","floor":44.0},{"not_picked":["Deflect","Accuracy","Poisoned Stab+1"],"picked":"SKIP","floor":45.0},{"not_picked":["Flying Knee+1","Catalyst","Riddle With Holes"],"picked":"SKIP","floor":50.0},{"not_picked":["Concentrate","Eviscerate+1","Distraction+1"],"picked":"SKIP","floor":51.0},{"not_picked":["Concentrate","Poisoned Stab"],"picked":"Prepared+1","floor":54.0},{"not_picked":["Leg Sweep+1","Escape Plan","Flying Knee"],"picked":"SKIP","floor":55.0},{"not_picked":["Outmaneuver","Backflip","Skewer"],"picked":"SKIP","floor":57.0},{"not_picked":["Bane","Envenom","Deflect"],"picked":"SKIP","floor":59.0},{"not_picked":["PiercingWail","Flying Knee","Dash"],"picked":"SKIP","floor":61.0},{"not_picked":["Flying Knee","Outmaneuver+1","Deadly Poison+1"],"picked":"SKIP","floor":62.0},{"not_picked":["Eviscerate","Masterful Stab+1","Endless Agony+1"],"picked":"SKIP","floor":63.0},{"not_picked":["Backstab","Quick Slash+1","Slice"],"picked":"SKIP","floor":68.0},{"not_picked":["Slice+1","Skewer+1","Noxious Fumes+1"],"picked":"SKIP","floor":75}],"player_experience":2571218,"relics_obtained":[{"floor":11.0,"key":"Vajra"},{"floor":14.0,"key":"Omamori"},{"floor":15.0,"key":"Potion Belt"},{"floor":16.0,"key":"War Paint"},{"floor":21.0,"key":"Bag of Preparation"},{"floor":34.0,"key":"White Beast Statue"},{"floor":57.0,"key":"Lantern"},{"floor":59.0,"key":"Bottled Tornado"},{"floor":60.0,"key":"Snake Skull"},{"floor":69.0,"key":"Lizard Tail"},{"floor":75,"key":"Mercury Hourglass"}],"event_choices":[{"cards_removed":["Defend_G"],"damage_healed":0.0,"max_hp_gain":0.0,"max_hp_loss":0.0,"gold_gain":0.0,"event_name":"Golden Wing","player_choice":"Card Removal","floor":2.0,"gold_loss":0.0,"damage_taken":7.0},{"cards_removed":["Strike_G"],"damage_healed":0.0,"max_hp_gain":0.0,"max_hp_loss":0.0,"gold_gain":0.0,"event_name":"Living Wall","player_choice":"Forget","floor":5.0,"gold_loss":0.0,"damage_taken":0.0},{"cards_removed":["Defend_G"],"damage_healed":0.0,"max_hp_gain":0.0,"max_hp_loss":0.0,"gold_gain":0.0,"event_name":"Beggar","player_choice":"Gave Gold","floor":29.0,"gold_loss":75.0,"damage_taken":0.0},{"damage_healed":0.0,"max_hp_gain":0.0,"max_hp_loss":0.0,"gold_gain":0.0,"cards_transformed":["Defend_G"],"event_name":"Transmorgrifier","player_choice":"Transformed","floor":31.0,"gold_loss":0.0,"damage_taken":0.0,"cards_obtained":["Malaise"]},{"damage_healed":0.0,"max_hp_gain":0.0,"max_hp_loss":0.0,"gold_gain":99.0,"event_name":"Nest","player_choice":"Stole From Cult","floor":40.0,"gold_loss":0.0,"damage_taken":0.0},{"damage_healed":0.0,"max_hp_gain":0.0,"max_hp_loss":0.0,"gold_gain":0.0,"event_name":"Accursed Blacksmith","player_choice":"Forge","floor":41.0,"gold_loss":0.0,"damage_taken":0.0,"cards_upgraded":["Malaise"]},{"damage_healed":0.0,"max_hp_gain":0.0,"max_hp_loss":0.0,"gold_gain":0.0,"event_name":"Lab","player_choice":"Got Potions","floor":52.0,"gold_loss":0.0,"damage_taken":0.0},{"damage_healed":0.0,"max_hp_gain":0.0,"max_hp_loss":0.0,"gold_gain":0.0,"event_name":"Winding Halls","player_choice":"Embrace Madness","floor":64.0,"gold_loss":0.0,"damage_taken":9.0,"cards_obtained":["Madness","Madness"]},{"damage_healed":0.0,"max_hp_gain":0.0,"max_hp_loss":0.0,"gold_gain":0.0,"event_name":"Tomb of Lord Red Mask","player_choice":"Ignored","floor":66.0,"gold_loss":0.0,"damage_taken":0.0},{"damage_healed":0.0,"max_hp_gain":0.0,"max_hp_loss":0.0,"gold_gain":0.0,"event_name":"Mysterious Sphere","player_choice":"Fight","floor":69.0,"gold_loss":0.0,"damage_taken":0.0}],"is_beta":false,"boss_relics":[{"not_picked":["Sozu","Black Star"],"picked":"Empty Cage"},{"not_picked":["SacredBark","Runic Dome"],"picked":"Coffee Dripper"}],"items_purged_floors":[6,53,65],"is_endless":false,"potions_floor_spawned":[4,7,10,16,21,25,30,34,35,36,39,42,43,44,45,48,50,51,54,55,57,59,61,62,63,68,69,75],"ascension_level":1}}