{"host":"Doisman","time":1614363277,"event":{"mods":["AchievementEnabler","BaseMod","Better Note","Curses Come First","Minty Spire (QoL Compilation)","Permanent Neow","Quick Restart","Relic Stats","Replay The Spire","StSLib","slay the spire mod where everything is the same but ironclad has a cowboy hat"],"gold_per_floor":[112,112,135,210,225,261,261,302,379,42,80,80,96,114,114,239,239,257,270,270,288,166,166,91,124,124,167,167,292,292,306,306,405,405,405],"floor_reached":34,"language":"ENG","playtime":1196,"items_purged":["Strike_R","Strike_R"],"score":428,"play_id":"d91c8e0e-709f-40dc-ad20-1814ae7dd176","local_time":"20210226121437","is_ascension_mode":true,"campfire_choices":[{"floor":7,"key":"REST"},{"data":"True Grit","floor":15,"key":"SMITH"},{"data":"Fire Breathing","floor":23,"key":"SMITH"},{"data":"Sword Boomerang","floor":28,"key":"SMITH"},{"floor":32,"key":"REST"}],"circlet_count":0,"master_deck":["Defend_R","Defend_R","Defend_R","Defend_R","Bash","Sword Boomerang","Ghostly Armor","Fire Breathing+1","Sword Boomerang+1","Shrug It Off","True Grit+1","Demon Form","Shrug It Off","Shrug It Off","Rampage+1","Fire Breathing+1","Burning Pact","Reaper"],"relics":["ChewingGum","Bloody Idol","Champion Belt","Dream Catcher","ReplayTheSpireMod:Ninjato","Membership Card","Iron Hammer","Blue Candle","Mirror","Empty Cage","King of Hearts","White Beast Statue","Frozen Egg 2","Tiny Chest","Unceasing Top","Paper Frog"],"acts_visited":["Exordium","TheCity"],"potions_floor_usage":[13,19,25,25,27,29,33,33,33],"damage_taken":[{"damage":2,"enemies":"Small Slimes","floor":1,"turns":3},{"damage":0,"enemies":"2 Louse","floor":3,"turns":2},{"damage":0,"enemies":"Jaw Worm","floor":5,"turns":4},{"damage":15,"enemies":"Gremlin Nob","floor":6,"turns":4},{"damage":11,"enemies":"3 Sentries","floor":8,"turns":6},{"damage":2,"enemies":"Gremlin Nob","floor":11,"turns":3},{"damage":5,"enemies":"Exordium Thugs","floor":13,"turns":4},{"damage":0,"enemies":"2 Fungi Beasts","floor":14,"turns":4},{"damage":18,"enemies":"Fading Forest","floor":16,"turns":11},{"damage":8,"enemies":"Shell Parasite","floor":18,"turns":6},{"damage":0,"enemies":"3 Byrds","floor":19,"turns":4},{"damage":7,"enemies":"Centurion and Healer","floor":21,"turns":5},{"damage":13,"enemies":"Slavers","floor":25,"turns":4},{"damage":26,"enemies":"Book of Stabbing","floor":27,"turns":5},{"damage":1,"enemies":"Colosseum Slavers","floor":29,"turns":5},{"damage":46,"enemies":"Colosseum Nobs","floor":29,"turns":5},{"damage":3,"enemies":"Shelled Parasite and Fungi","floor":31,"turns":7},{"damage":18,"enemies":"Pondfish","floor":33,"turns":7}],"seed_played":"-8716089293191647043","potions_obtained":[{"floor":3,"key":"DuplicationPotion"},{"floor":8,"key":"Regen Potion"},{"floor":13,"key":"Energy Potion"},{"floor":16,"key":"DistilledChaos"},{"floor":19,"key":"Adrenaline Potion"},{"floor":25,"key":"BloodPotion"},{"floor":27,"key":"Languid Potion"},{"floor":29,"key":"EntropicBrew"},{"floor":31,"key":"FairyPotion"},{"floor":33,"key":"Energy Potion"}],"is_trial":false,"path_per_floor":["M","?","M","?","M","E","R","E","T","$","E","T","M","M","R","B",null,"M","M","?","M","$","R","?","E","T","E","R","?","?","M","R","B",null],"character_chosen":"IRONCLAD","items_purchased":["Membership Card","Iron Hammer","Shrug It Off","King of Hearts"],"campfire_rested":2,"item_purchase_floors":[10,10,10,22],"current_hp_per_floor":[78,58,58,47,47,32,56,45,45,45,43,43,38,38,38,42,80,72,72,72,65,65,65,65,52,52,42,42,9,9,11,35,22,22,22],"gold":405,"neow_bonus":"BOSS_RELIC","is_daily":false,"chose_seed":false,"campfire_upgraded":3,"win_rate":0.0,"timestamp":1614363277,"path_taken":["M","?","M","?","M","E","R","E","T","$","E","?","?","M","R","BOSS","M","M","?","M","$","R","?","E","T","E","R","?","?","M","R","BOSS"],"items_purchased_type":["Relic","Relic","Card","Relic"],"build_version":"2020-12-18","purchased_purges":2,"victory":false,"max_hp_per_floor":[80,80,80,80,80,80,80,80,80,80,80,80,80,80,80,80,80,80,80,80,80,80,80,80,80,80,80,80,80,80,80,80,80,80,80],"relic_stats":{"Dream Catcher":1,"counters":[18,89],"Bloody Idol":10,"Blue Candle":[0],"Tiny Chest":0,"Champion Belt":[17],"obtain_stats":[{"ReplayTheSpireMod:Ninjato":9,"Golden Idol":2,"Blue Candle":11,"King of Hearts":22,"Frozen Egg 2":26,"Empty Cage":17,"Burning Blood":0,"White Beast Statue":25,"Dream Catcher":8,"Bloody Idol":30,"ChewingGum":0,"Tiny Chest":27,"Iron Hammer":10,"Champion Belt":6,"Membership Card":10,"Mirror":12,"Unceasing Top":29,"Paper Frog":29},{"ReplayTheSpireMod:Ninjato":5,"Golden Idol":1,"Blue Candle":6,"King of Hearts":12,"Frozen Egg 2":13,"Empty Cage":9,"Burning Blood":0,"White Beast Statue":13,"Dream Catcher":5,"Bloody Idol":16,"ChewingGum":0,"Tiny Chest":14,"Iron Hammer":5,"Champion Belt":4,"Membership Card":5,"Mirror":6,"Unceasing Top":16,"Paper Frog":16},{"ReplayTheSpireMod:Ninjato":19,"Golden Idol":3,"Blue Candle":22,"King of Hearts":56,"Frozen Egg 2":60,"Empty Cage":41,"Burning Blood":0,"White Beast Statue":60,"Dream Catcher":19,"Bloody Idol":75,"ChewingGum":0,"Tiny Chest":65,"Iron Hammer":19,"Champion Belt":13,"Membership Card":19,"Mirror":22,"Unceasing Top":75,"Paper Frog":75}],"Unceasing Top":[1]},"card_choices":[{"not_picked":["Havoc","Iron Wave"],"picked":"Sword Boomerang","floor":1},{"not_picked":["Twin Strike","Cleave"],"picked":"Ghostly Armor","floor":3},{"not_picked":["Heavy Blade","Battle Trance"],"picked":"Fire Breathing","floor":5},{"not_picked":["Double Tap","ReplayTheSpireMod:LeadingStrike","Dropkick"],"picked":"SKIP","floor":6},{"not_picked":["Rage","Wild Strike"],"picked":"Sword Boomerang","floor":8},{"not_picked":["Searing Blow","Thunderclap","Ghostly Armor"],"picked":"SKIP","floor":11},{"not_picked":["Heavy Blade","Sword Boomerang"],"picked":"True Grit","floor":13},{"not_picked":["Sword Boomerang","Flex","True Grit"],"picked":"SKIP","floor":14},{"not_picked":["Hemogenesis","Fiend Fire"],"picked":"Demon Form","floor":16},{"not_picked":["Havoc+1","Hemokinesis"],"picked":"Shrug It Off","floor":18},{"not_picked":["Flex","Abandon","Run Through"],"picked":"SKIP","floor":19},{"not_picked":["Anger","Body Slam+1","Run Through"],"picked":"SKIP","floor":21},{"not_picked":["Replay:Undeath\u0027s Touch","Flex+1"],"picked":"Shrug It Off","floor":25},{"not_picked":["Impervious","Run Through"],"picked":"Rampage+1","floor":27},{"not_picked":["ReplayReversal+1","ReplayTheSpireMod:Strike From Hell+1"],"picked":"Fire Breathing+1","floor":31},{"not_picked":["Seeing Red+1","Twin Strike"],"picked":"Burning Pact","floor":32},{"not_picked":["Brutality+1","Demon Form+1"],"picked":"Reaper","floor":33}],"player_experience":802382,"relics_obtained":[{"floor":6,"key":"Champion Belt"},{"floor":8,"key":"Dream Catcher"},{"floor":9,"key":"ReplayTheSpireMod:Ninjato"},{"floor":11,"key":"Blue Candle"},{"floor":12,"key":"Mirror"},{"floor":25,"key":"White Beast Statue"},{"floor":26,"key":"Frozen Egg 2"},{"floor":27,"key":"Tiny Chest"},{"floor":29,"key":"Unceasing Top"},{"floor":29,"key":"Paper Frog"}],"event_choices":[{"damage_healed":0,"gold_gain":0,"player_choice":"Take Damage","damage_taken":20,"relics_obtained":["Golden Idol"],"max_hp_gain":0,"max_hp_loss":0,"event_name":"Golden Idol","floor":2,"gold_loss":0},{"damage_healed":0,"gold_gain":75,"player_choice":"Gather Gold","damage_taken":11,"max_hp_gain":0,"max_hp_loss":0,"event_name":"World of Goop","floor":4,"gold_loss":0},{"damage_healed":0,"gold_gain":0,"player_choice":"Ignored","damage_taken":0,"max_hp_gain":0,"max_hp_loss":0,"event_name":"betterNote:BetterNote","floor":20,"gold_loss":0,"cards_obtained":["Die Die Die"]},{"cards_removed":["Strike_R"],"damage_healed":0,"gold_gain":0,"player_choice":"Gave Gold","damage_taken":0,"max_hp_gain":0,"max_hp_loss":0,"event_name":"Beggar","floor":24,"gold_loss":75},{"damage_healed":0,"gold_gain":0,"player_choice":"Fight","damage_taken":0,"max_hp_gain":0,"max_hp_loss":0,"event_name":"Colosseum","floor":29,"gold_loss":0},{"damage_healed":0,"gold_gain":0,"player_choice":"Fought Nobs","damage_taken":0,"max_hp_gain":0,"max_hp_loss":0,"event_name":"Colosseum","floor":29,"gold_loss":0},{"damage_healed":0,"gold_gain":0,"player_choice":"Gave Idol","damage_taken":0,"relics_obtained":["Bloody Idol"],"max_hp_gain":0,"max_hp_loss":0,"event_name":"Forgotten Altar","floor":30,"relics_lost":["Golden Idol"],"gold_loss":0}],"is_beta":true,"boss_relics":[{"not_picked":["Abe\u0027s Treasure","Tiny House"],"picked":"Empty Cage"}],"items_purged_floors":[10,22],"is_endless":false,"potions_floor_spawned":[3,8,13,16,19,25,27,29,29,31,33],"ascension_level":1}}