{"host":"9gxprskaw0c5jpbt","time":1614381350,"event":{"mods":["AchievementEnabler","BaseMod","Colored Map","Highlight Path","KOR Keyword Fix","Minty Spire (QoL Compilation)","Rare Cards Sparkle","StSLib","SuperFastMode","everything is the same but u backflip on backflip"],"gold_per_floor":[109,119,131,131,96,96,7,7,23,23,23,23,49,49,63,63,138,138,165,188,209,229,255,255,279,279,279,279,46,46,46],"floor_reached":30,"language":"KOR","playtime":606,"items_purged":["Strike_B"],"score":441,"play_id":"bf053659-f62f-4b07-b072-5870e406de4b","local_time":"20210227081550","is_ascension_mode":true,"campfire_choices":[{"data":"Dualcast","floor":6.0,"key":"SMITH"},{"data":"Conserve Battery","floor":11.0,"key":"SMITH"},{"floor":14.0,"key":"REST"},{"floor":16.0,"key":"REST"},{"floor":24,"key":"REST"},{"data":"Turbo","floor":26,"key":"SMITH"}],"circlet_count":0,"master_deck":["AscendersBane","Strike_B","Strike_B","Strike_B+1","Defend_B","Defend_B","Defend_B","Defend_B","Zap+1","Dualcast+1","Rebound+1","Coolheaded+1","Electrodynamics","Heatsinks","Conserve Battery+1","Auto Shields","Hologram","Rainbow","CurseOfTheBell","Hologram","Turbo+1","Redo","Conserve Battery","Undo","BootSequence"],"relics":["Cracked Core","NeowsBlessing","Whetstone","Letter Opener","Calling Bell","CeramicFish","HornCleat","Turnip","InkBottle","MutagenicStrength","Runic Capacitor"],"acts_visited":["Exordium","TheCity"],"potions_floor_usage":[25,30],"damage_taken":[{"damage":0.0,"enemies":"Cultist","floor":1.0,"turns":1.0},{"damage":0.0,"enemies":"Small Slimes","floor":2.0,"turns":1.0},{"damage":0.0,"enemies":"Jaw Worm","floor":3.0,"turns":1.0},{"damage":9.0,"enemies":"2 Fungi Beasts","floor":9.0,"turns":3.0},{"damage":23.0,"enemies":"Lagavulin","floor":13.0,"turns":5.0},{"damage":36.0,"enemies":"Exordium Thugs","floor":15.0,"turns":4.0},{"damage":8.0,"enemies":"Slime Boss","floor":17.0,"turns":10.0},{"damage":8.0,"enemies":"Shell Parasite","floor":19.0,"turns":5.0},{"damage":0.0,"enemies":"Spheric Guardian","floor":20.0,"turns":3.0},{"damage":0,"enemies":"Snake Plant","floor":21,"turns":3},{"damage":1,"enemies":"Cultist and Chosen","floor":22,"turns":5},{"damage":39,"enemies":"Snecko","floor":23,"turns":6},{"damage":11,"enemies":"Snake Plant","floor":25,"turns":3},{"damage":31,"enemies":"Gremlin Leader","floor":30,"turns":2}],"seed_played":"1912372387047024419","potions_obtained":[{"floor":9.0,"key":"Fire Potion"},{"floor":13.0,"key":"DistilledChaos"},{"floor":19.0,"key":"PotionOfCapacity"},{"floor":20.0,"key":"ColorlessPotion"},{"floor":25,"key":"PowerPotion"}],"is_trial":false,"path_per_floor":["M","M","M","?","?","R","$","$","M","T","R","$","E","R","M","R","B",null,"M","M","M","M","M","R","M","R","T","?","$","E"],"character_chosen":"DEFECT","items_purchased":["Heatsinks","Runic Capacitor"],"campfire_rested":3,"item_purchase_floors":[7,29],"current_hp_per_floor":[64,64,64,43,60,60,60,60,51,51,51,51,28,49,13,34,26,60,52,52,52,51,12,33,22,22,22,22,22,0,0],"gold":46,"neow_bonus":"THREE_ENEMY_KILL","is_daily":false,"chose_seed":false,"campfire_upgraded":3,"win_rate":0.0,"timestamp":1614381350,"path_taken":["M","M","?","?","?","R","$","$","?","T","R","$","E","R","M","R","BOSS","M","M","M","M","M","R","M","R","T","?","?","E"],"items_purchased_type":["Card","Relic"],"build_version":"2020-12-22","purchased_purges":1,"victory":false,"max_hp_per_floor":[71,71,71,71,71,71,71,71,71,71,71,71,71,71,71,71,71,71,71,71,71,71,71,71,71,71,71,71,71,71,71],"card_choices":[{"not_picked":["Gash","Barrage"],"picked":"Rebound","floor":1.0},{"not_picked":["Sweeping Beam","Blizzard"],"picked":"Coolheaded","floor":2.0},{"not_picked":["Sunder","Barrage"],"picked":"Electrodynamics","floor":3.0},{"not_picked":["Hologram","Beam Cell"],"picked":"Conserve Battery","floor":9.0},{"not_picked":["Go for the Eyes","Steam Power"],"picked":"Auto Shields","floor":13.0},{"not_picked":["Barrage","Recycle"],"picked":"Hologram","floor":15.0},{"not_picked":["Hyperbeam","Multi-Cast"],"picked":"Rainbow","floor":17.0},{"not_picked":["Sweeping Beam+1","Chaos"],"picked":"Hologram","floor":19.0},{"not_picked":["Glacier","Leap"],"picked":"Turbo","floor":20.0},{"not_picked":["Sweeping Beam","Chill"],"picked":"Redo","floor":21},{"not_picked":["Reinforced Body","Gash"],"picked":"Conserve Battery","floor":22},{"not_picked":["Redo","Fusion"],"picked":"Undo","floor":23},{"not_picked":["Turbo","Beam Cell+1"],"picked":"BootSequence","floor":25}],"player_experience":996350,"relics_obtained":[{"floor":10.0,"key":"Whetstone"},{"floor":13.0,"key":"Letter Opener"},{"floor":18.0,"key":"CeramicFish"},{"floor":18.0,"key":"HornCleat"},{"floor":18.0,"key":"Turnip"},{"floor":27,"key":"InkBottle"}],"event_choices":[{"damage_healed":0.0,"max_hp_gain":0.0,"max_hp_loss":0.0,"gold_gain":0.0,"event_name":"Shining Light","player_choice":"Entered Light","floor":4.0,"gold_loss":0.0,"damage_taken":21.0,"cards_upgraded":["Zap","Coolheaded"]},{"damage_healed":17.0,"max_hp_gain":0.0,"max_hp_loss":0.0,"gold_gain":0.0,"event_name":"The Cleric","player_choice":"Healed","floor":5.0,"gold_loss":35.0,"damage_taken":0.0},{"damage_healed":0,"gold_gain":0,"player_choice":"Inject Mutagens","damage_taken":0,"relics_obtained":["MutagenicStrength"],"max_hp_gain":0,"max_hp_loss":0,"event_name":"Drug Dealer","floor":28,"gold_loss":0}],"is_beta":false,"boss_relics":[{"not_picked":["Philosopher\u0027s Stone","Astrolabe"],"picked":"Calling Bell"}],"items_purged_floors":[29],"is_endless":false,"potions_floor_spawned":[9,13,15,19,20,22,25],"killed_by":"Gremlin Leader","ascension_level":18}}