{"host":"nihqlga4zpmrcpl9","time":1614311255,"event":{"mods":["BaseMod","LagranYue(拉格朗・月)","Marisa（F雨　魔理沙）","Minty Spire (QoL Compilation)","Replay The Spire","Shop Mod","StSLib","The Bug Knight","The Cursed","The Hierophant","The Servant 0.9.4"],"gold_per_floor":[110,121,134,209,221,254,273,299,299,328,328,328,60,71,71,171,171,191,210,210,210],"floor_reached":20,"language":"ZHS","playtime":1598,"items_purged":[],"score":255,"play_id":"6eb0c098-7dd5-43af-bbad-a7c783bbaddc","local_time":"20210226114735","is_ascension_mode":true,"campfire_choices":[{"data":"Loop","floor":15,"key":"SMITH"}],"circlet_count":0,"master_deck":["Strike_B","Strike_B","Strike_B","Strike_B","Defend_B","Defend_B","Defend_B","Defend_B+1","Zap","Dualcast","Clumsy","BasicCrystalCard","Conserve Battery","Beam Cell","Leap","Coolheaded","Hello World","Chaos","Go for the Eyes","Loop+1","Streamline","Thunder Strike","Crystallizer","Leap"],"relics":["Cracked Core","LagranYue:RandomDrawCardRelic","Thread and Needle","MealTicket","Blood Vial","Mirror","MerchantsRug","Pet Ghost","LagranYue:SoulBurningRelic"],"acts_visited":["Exordium","TheCity"],"potions_floor_usage":[],"damage_taken":[{"damage":0,"enemies":"Jaw Worm","floor":1,"turns":3},{"damage":0,"enemies":"Cultist","floor":2,"turns":4},{"damage":0,"enemies":"2 Louse","floor":3,"turns":2},{"damage":3,"enemies":"Exordium Wildlife","floor":5,"turns":4},{"damage":5,"enemies":"Replay:BlueRogue","floor":6,"turns":7},{"damage":4,"enemies":"Blue Slaver","floor":7,"turns":3},{"damage":20,"enemies":"3 Sentries","floor":8,"turns":10},{"damage":3,"enemies":"HollowMod:MossKnight","floor":10,"turns":16},{"damage":0,"enemies":"Large Slime","floor":14,"turns":6},{"damage":15,"enemies":"The Guardian","floor":16,"turns":13},{"damage":6,"enemies":"3 Byrds","floor":18,"turns":5},{"damage":1,"enemies":"Chosen and Byrds","floor":19,"turns":7},{"damage":8,"enemies":"3 Cultists","floor":20,"turns":4}],"seed_played":"7127013574629789119","potions_obtained":[{"floor":1,"key":"Adrenaline Potion"},{"floor":2,"key":"FocusPotion"},{"floor":10,"key":"ColorlessPotion"},{"floor":14,"key":"Reflective Coating"},{"floor":18,"key":"DuplicationPotion"},{"floor":19,"key":"SpeedPotion"}],"is_trial":false,"path_per_floor":["M","M","M","?","M","E","M","E","T","E","?","?","$","M","R","B",null,"M","M","M"],"character_chosen":"DEFECT","items_purchased":["Loop","MerchantsRug","Pet Ghost"],"campfire_rested":0,"item_purchase_floors":[13,13,13],"current_hp_per_floor":[68,68,68,61,58,53,49,29,29,35,35,35,50,52,52,39,70,65,65,58,58],"gold":210,"neow_bonus":"ONE_RARE_RELIC","is_daily":false,"chose_seed":false,"campfire_upgraded":1,"win_rate":0.0,"timestamp":1614311255,"path_taken":["M","M","M","?","M","E","?","E","T","E","?","?","$","M","R","BOSS","M","M","M"],"items_purchased_type":["Card","Relic","Relic"],"build_version":"2020-12-22","purchased_purges":0,"victory":false,"max_hp_per_floor":[75,75,75,75,75,75,75,75,75,82,82,82,82,82,82,82,82,82,82,82,82],"card_choices":[{"not_picked":["Stack","ReplayTheSpireMod:GoodbyeWorld"],"picked":"BasicCrystalCard","floor":1},{"not_picked":["Leap","Beam Cell"],"picked":"Conserve Battery","floor":2},{"not_picked":["Hologram","BasicCrystalCard"],"picked":"Beam Cell","floor":3},{"not_picked":["Gash","ReplayGash"],"picked":"Leap","floor":5},{"not_picked":["ReplayGash","Stack"],"picked":"Coolheaded","floor":6},{"not_picked":["Fusion","Coolheaded"],"picked":"Hello World","floor":7},{"not_picked":["Hologram","BasicCrystalCard"],"picked":"ReplayTheSpireMod:Repulse","floor":8},{"not_picked":["ReplayTheSpireMod:System Scan","Blizzard"],"picked":"Chaos","floor":10},{"not_picked":["Darkness","Reprogram"],"picked":"Streamline","floor":14},{"not_picked":["Hyperbeam","Multi-Cast"],"picked":"Thunder Strike","floor":16},{"not_picked":["Ball Lightning","Sunder"],"picked":"Crystallizer","floor":18},{"not_picked":["Coolheaded","Darkness+1"],"picked":"Leap","floor":19}],"player_experience":834927,"relics_obtained":[{"floor":6,"key":"MealTicket"},{"floor":8,"key":"Blood Vial"},{"floor":9,"key":"Mirror"},{"floor":10,"key":"Strawberry"}],"event_choices":[{"damage_healed":0,"gold_gain":75,"player_choice":"Touch","damage_taken":7,"max_hp_gain":0,"max_hp_loss":0,"event_name":"FaceTrader","floor":4,"gold_loss":0},{"damage_healed":0,"gold_gain":0,"cards_transformed":["ReplayTheSpireMod:Repulse"],"player_choice":"Transformed","damage_taken":0,"max_hp_gain":0,"max_hp_loss":0,"event_name":"Transmorgrifier","floor":12,"gold_loss":0,"cards_obtained":["Go for the Eyes"]}],"is_beta":false,"boss_relics":[{"not_picked":["Black Star","LagranYue:ContractPerformanceRelic"],"picked":"LagranYue:SoulBurningRelic"}],"items_purged_floors":[],"is_endless":false,"potions_floor_spawned":[1,2,10,14,18,19],"killed_by":"3 Cultists","ascension_level":6}}