{"host":"v86vpwf004p2esb7","time":1614327974,"event":{"mods":["AchievementEnabler","BaseMod","BetterRewards","Colored Powertips","Minty Spire (QoL Compilation)","Quick Restart","StSLib","Transform Curses"],"gold_per_floor":[109,128,138,138,153,187,207,207,207,207,224,224,257,432,432,534,534,545,545,561,572,572,604,604,631,655,302,334,351,401,413,413,513,513,528,555,555,573,388,388,417,417,468,194,206,234,247,247,247,247,247,247,14,45,45],"floor_reached":56,"language":"ENG","playtime":2362,"items_purged":[],"score":1700,"play_id":"a49b1cc9-ac5c-426c-86fc-71526b2315a7","local_time":"20210226002614","is_ascension_mode":true,"campfire_choices":[{"floor":8,"key":"REST"},{"data":"Armaments","floor":12,"key":"SMITH"},{"data":"Fire Breathing","floor":15,"key":"SMITH"},{"data":"Limit Break","floor":24,"key":"SMITH"},{"floor":32,"key":"RECALL"},{"data":"Berserk","floor":40,"key":"SMITH"},{"data":"Double Tap","floor":42,"key":"SMITH"},{"data":"Infernal Blade","floor":49,"key":"SMITH"},{"data":"Sever Soul","floor":52,"key":"SMITH"}],"circlet_count":0,"master_deck":["Strike_R","Strike_R","Strike_R","Strike_R","Defend_R","Defend_R","Defend_R","Defend_R","Bash","Flex","Iron Wave","Flex","Infernal Blade+1","Perfected Strike","Fire Breathing+1","Battle Trance","Twin Strike","Twin Strike","Armaments+1","Iron Wave","Doubt","Limit Break+1","Perfected Strike+1","Flame Barrier+1","Ghostly","Ghostly","Ghostly","Ghostly","Ghostly","Armaments+1","Bandage Up","Flex","Anger","Flex","Wild Strike","Berserk+1","Spot Weakness+1","Rage+1","Anger","Sever Soul+1","Double Tap+1","Rage+1","Fire Breathing+1"],"relics":["Burning Blood","Orichalcum","Membership Card","Calipers","Kunai","Singing Bowl","Happy Flower","Bag of Marbles","Gremlin Horn","Mark of Pain","Omamori","Charon\u0027s Ashes","Pen Nib","MealTicket","Unceasing Top","Ginger","Black Star","Anchor","DollysMirror","Magic Flower","StrikeDummy","Dream Catcher","Bottled Lightning","Thread and Needle","StoneCalendar","Lantern","Toxic Egg 2","Pear","Bronze Scales","Red Skull","Blood Vial"],"acts_visited":["Exordium","TheCity","TheBeyond","TheEnding"],"potions_floor_usage":[11,21,23,23,23,31,33,33,50,55,55],"damage_taken":[{"damage":3,"enemies":"Jaw Worm","floor":1,"turns":3},{"damage":0,"enemies":"Cultist","floor":2,"turns":2},{"damage":0,"enemies":"2 Louse","floor":3,"turns":2},{"damage":9,"enemies":"Blue Slaver","floor":5,"turns":4},{"damage":22,"enemies":"Gremlin Nob","floor":6,"turns":4},{"damage":12,"enemies":"Large Slime","floor":7,"turns":4},{"damage":7,"enemies":"Gremlin Gang","floor":11,"turns":3},{"damage":20,"enemies":"3 Sentries","floor":13,"turns":4},{"damage":34,"enemies":"Hexaghost","floor":16,"turns":10},{"damage":0,"enemies":"2 Thieves","floor":18,"turns":3},{"damage":1,"enemies":"Spheric Guardian","floor":20,"turns":3},{"damage":0,"enemies":"Snecko","floor":21,"turns":2},{"damage":13,"enemies":"Slavers","floor":23,"turns":7},{"damage":9,"enemies":"Book of Stabbing","floor":25,"turns":5},{"damage":10,"enemies":"Slavers","floor":28,"turns":5},{"damage":0,"enemies":"Cultist and Chosen","floor":29,"turns":5},{"damage":10,"enemies":"Centurion and Healer","floor":31,"turns":4},{"damage":0,"enemies":"Collector","floor":33,"turns":7},{"damage":5,"enemies":"Orb Walker","floor":35,"turns":2},{"damage":11,"enemies":"3 Shapes","floor":38,"turns":3},{"damage":2,"enemies":"Reptomancer","floor":41,"turns":7},{"damage":0,"enemies":"Transient","floor":45,"turns":5},{"damage":6,"enemies":"Giant Head","floor":46,"turns":8},{"damage":0,"enemies":"Jaw Worm Horde","floor":47,"turns":2},{"damage":39,"enemies":"Donu and Deca","floor":50,"turns":7},{"damage":18,"enemies":"Shield and Spear","floor":54,"turns":7},{"damage":124,"enemies":"The Heart","floor":55,"turns":9}],"seed_played":"-8847871641003753519","potions_obtained":[{"floor":1,"key":"DuplicationPotion"},{"floor":3,"key":"Dexterity Potion"},{"floor":6,"key":"PowerPotion"},{"floor":11,"key":"Dexterity Potion"},{"floor":13,"key":"FairyPotion"},{"floor":18,"key":"SkillPotion"},{"floor":23,"key":"Fruit Juice"},{"floor":28,"key":"PowerPotion"},{"floor":29,"key":"AttackPotion"},{"floor":31,"key":"PowerPotion"},{"floor":35,"key":"DuplicationPotion"},{"floor":41,"key":"Block Potion"}],"is_trial":false,"path_per_floor":["M","M","M","?","M","E","M","R","T","?","M","R","E","?","R","B",null,"M","?","M","M","?","E","R","E","T","$","E","M","?","M","R","B",null,"M","T","?","M","$","R","E","R","T","$","M","E","M","T","R","B",null,"R","$","E","B",null],"character_chosen":"IRONCLAD","items_purchased":["Orichalcum","Membership Card","Calipers","Kunai","Flex","Iron Wave","Flex","Infernal Blade","MealTicket","Unceasing Top","Bandage Up","FairyPotion","Flex","Anchor","DollysMirror","Sever Soul","Bottled Lightning","Thread and Needle","BlessingOfTheForge","Pear","Bronze Scales"],"campfire_rested":1,"item_purchase_floors":[0,0,0,0,0,0,0,0,27,27,27,27,27,39,39,39,44,44,53,53,53],"current_hp_per_floor":[47,53,59,59,56,42,36,59,59,47,46,46,32,32,32,29,65,71,65,70,76,38,36,36,35,35,35,35,41,41,41,41,45,45,45,45,45,40,45,45,45,45,45,45,47,47,47,47,47,23,41,41,57,50,11],"gold":45,"neow_bonus":"","is_daily":false,"chose_seed":false,"campfire_upgraded":7,"win_rate":0.0,"timestamp":1614327974,"path_taken":["M","M","M","?","M","E","?","R","T","?","M","R","E","?","R","BOSS","M","?","?","M","?","E","R","E","T","$","E","M","?","M","R","BOSS","M","?","?","M","$","R","E","R","T","?","M","E","M","?","R","BOSS","R","$","E","BOSS"],"items_purchased_type":["Relic","Relic","Relic","Relic","Card","Card","Card","Card","Relic","Relic","Card","Potion","Card","Relic","Relic","Card","Relic","Relic","Potion","Relic","Relic"],"build_version":"2020-12-22","purchased_purges":0,"victory":true,"max_hp_per_floor":[75,75,75,75,75,77,77,77,77,77,77,77,77,77,77,77,77,77,77,77,77,38,43,43,45,45,45,45,45,45,45,45,45,45,45,45,45,45,45,45,45,45,45,45,47,47,47,47,47,47,47,47,57,59,59],"card_choices":[{"not_picked":["True Grit","Bloodletting"],"picked":"Perfected Strike","floor":1},{"not_picked":["Cleave","Hemokinesis"],"picked":"Fire Breathing","floor":2},{"not_picked":["Cleave","Evolve"],"picked":"Battle Trance","floor":3},{"not_picked":["Heavy Blade","Sever Soul"],"picked":"Twin Strike","floor":5},{"not_picked":["Blood for Blood","Double Tap","Sentinel"],"picked":"Singing Bowl","floor":6},{"not_picked":["Thunderclap","Carnage"],"picked":"Twin Strike","floor":7},{"not_picked":["Seeing Red","Shrug It Off"],"picked":"Armaments","floor":11},{"not_picked":["Reaper","Reckless Charge"],"picked":"Iron Wave","floor":13},{"not_picked":["Corruption","Reaper"],"picked":"Limit Break","floor":16},{"not_picked":["Sentinel","Thunderclap+1"],"picked":"Twin Strike","floor":18},{"not_picked":["Shrug It Off+1","Feel No Pain"],"picked":"Perfected Strike+1","floor":20},{"not_picked":["Immolate","Thunderclap"],"picked":"Flame Barrier+1","floor":21},{"not_picked":["Warcry","Reckless Charge"],"picked":"Armaments+1","floor":23},{"not_picked":["Searing Blow","Bludgeon","Headbutt+1"],"picked":"Singing Bowl","floor":25},{"not_picked":["Armaments","Warcry"],"picked":"Anger","floor":28},{"not_picked":["Pommel Strike","Shrug It Off"],"picked":"Flex","floor":29},{"not_picked":["Perfected Strike","Heavy Blade"],"picked":"Wild Strike","floor":31},{"not_picked":["Impervious","Bludgeon"],"picked":"Berserk","floor":33},{"not_picked":["Perfected Strike","Twin Strike+1"],"picked":"Spot Weakness+1","floor":35},{"not_picked":["Body Slam","Metallicize+1"],"picked":"Rage+1","floor":38},{"not_picked":["Sentinel","Thunderclap"],"picked":"Double Tap","floor":41},{"not_picked":["Shockwave+1","Pummel","Shrug It Off+1"],"picked":"Singing Bowl","floor":45},{"not_picked":["Armaments+1","Thunderclap+1"],"picked":"Rage+1","floor":46},{"not_picked":["Sever Soul","Clothesline+1"],"picked":"Fire Breathing+1","floor":47},{"not_picked":["Burning Pact+1","Headbutt","Pommel Strike"],"picked":"Singing Bowl","floor":54}],"player_experience":217696,"relics_obtained":[{"floor":6,"key":"Singing Bowl"},{"floor":9,"key":"Happy Flower"},{"floor":13,"key":"Gremlin Horn"},{"floor":23,"key":"Omamori"},{"floor":25,"key":"Charon\u0027s Ashes"},{"floor":26,"key":"Pen Nib"},{"floor":28,"key":"Ginger"},{"floor":41,"key":"Magic Flower"},{"floor":41,"key":"StrikeDummy"},{"floor":43,"key":"Dream Catcher"},{"floor":46,"key":"StoneCalendar"},{"floor":46,"key":"Lantern"},{"floor":48,"key":"Toxic Egg 2"},{"floor":54,"key":"Red Skull"},{"floor":54,"key":"Blood Vial"}],"event_choices":[{"cards_removed":["Strike_R"],"damage_healed":0,"gold_gain":0,"player_choice":"Offered Basic","damage_taken":0,"max_hp_gain":0,"max_hp_loss":0,"event_name":"Bonfire Elementals","floor":4,"gold_loss":0},{"damage_healed":0,"gold_gain":0,"player_choice":"Success","damage_taken":12,"relics_obtained":["Bag of Marbles"],"max_hp_gain":0,"max_hp_loss":0,"event_name":"Scrap Ooze","floor":10,"gold_loss":0},{"damage_healed":0,"gold_gain":175,"player_choice":"AGREE","damage_taken":0,"max_hp_gain":0,"max_hp_loss":0,"event_name":"Liars Game","floor":14,"gold_loss":0,"cards_obtained":["Doubt"]},{"damage_healed":0,"gold_gain":0,"player_choice":"","damage_taken":6,"max_hp_gain":0,"max_hp_loss":0,"event_name":"Knowing Skull","floor":19,"potions_obtained":[],"gold_loss":0,"cards_obtained":[]},{"damage_healed":0,"gold_gain":0,"player_choice":"Became a Ghost","damage_taken":0,"max_hp_gain":0,"max_hp_loss":39,"event_name":"Ghosts","floor":22,"gold_loss":0,"cards_obtained":["Ghostly","Ghostly","Ghostly","Ghostly","Ghostly"]},{"damage_healed":0,"gold_gain":100,"player_choice":"Bet on Murderer","damage_taken":0,"max_hp_gain":0,"max_hp_loss":0,"event_name":"The Joust","floor":30,"gold_loss":50},{"cards_removed":["Twin Strike"],"damage_healed":0,"gold_gain":0,"player_choice":"Removed Attack","damage_taken":0,"max_hp_gain":0,"max_hp_loss":0,"event_name":"Falling","floor":37,"gold_loss":0}],"is_beta":false,"boss_relics":[{"not_picked":["Busted Crown","Cursed Key"],"picked":"Mark of Pain"},{"not_picked":["Runic Cube","Runic Pyramid"],"picked":"Black Star"}],"items_purged_floors":[],"is_endless":false,"potions_floor_spawned":[1,3,6,11,13,18,23,28,29,31,35,41,45],"ascension_level":5}}