{"host":"wbn3xdfsa5pc2kse","time":1614358235,"event":{"mods":["AchievementEnabler","BaseMod","Bestiary","Better Altar","Better Match","Better Note","Better Sensory Stone","Better Skull","Better Third Choice","Colored Map","Colored Powertips","Curses Come First","Highlight Path","Minty Spire (QoL Compilation)","Permanent Neow","Rare Cards Sparkle","Relic Stats","Replay The Spire","StSLib"],"gold_per_floor":[219,232,72,37,0,32,51,80,131,161,172,1,1,17,17,17,17],"floor_reached":16,"language":"ENG","playtime":1074,"items_purged":["Strike_R"],"score":216,"play_id":"9fe33406-1a4f-4345-a77f-3e0ce8ffc2e4","local_time":"20210227005035","is_ascension_mode":true,"campfire_choices":[{"data":"Inflame","floor":13,"key":"SMITH"},{"data":"Bash","floor":15,"key":"SMITH"}],"circlet_count":0,"master_deck":["AscendersBane","Strike_R","Strike_R+1","Strike_R","Strike_R","Defend_R","Defend_R","Defend_R+1","Defend_R","Bash+1","ReplayTheSpireMod:Stacked","Replay:Undeath\u0027s Touch","Pommel Strike","Enlightenment","Twin Strike","Clash","Anger","Inflame+1","ReplayTheSpireMod:Corrosion Curse"],"relics":["Burning Blood","Replay:Bottled Snecko","Simple Rune","Lantern","Snack Pack","Boot"],"acts_visited":["Exordium"],"potions_floor_usage":[6,10,10,10,10,10,10,10,10,10,10,11,14,16],"damage_taken":[{"damage":5,"enemies":"2 Louse","floor":1,"turns":4},{"damage":5,"enemies":"Small Slimes","floor":2,"turns":4},{"damage":29,"enemies":"Replay:BlueRogue","floor":6,"turns":11},{"damage":4,"enemies":"Jaw Worm","floor":7,"turns":4},{"damage":40,"enemies":"3 Sentries","floor":8,"turns":13},{"damage":4,"enemies":"Replay:BlueRogue","floor":10,"turns":11},{"damage":10,"enemies":"Lots of Slimes","floor":11,"turns":4},{"damage":0,"enemies":"Looter","floor":14,"turns":1},{"damage":59,"enemies":"The Guardian","floor":16,"turns":14}],"seed_played":"7651994425422017203","potions_obtained":[{"floor":2,"key":"Elixir"},{"floor":8,"key":"ColorlessPotion"},{"floor":10,"key":"Adrenaline Potion"},{"floor":11,"key":"Elixir"}],"is_trial":false,"path_per_floor":["M","M","$","?","?","E","M","E","T","E","M","$","R","M","R_BF","B"],"character_chosen":"IRONCLAD","items_purchased":["Pommel Strike","PowerPotion","Boot"],"campfire_rested":0,"item_purchase_floors":[3,3,12],"current_hp_per_floor":[69,70,70,75,81,58,60,26,26,44,44,44,44,52,52,0,0],"gold":17,"neow_bonus":"HUNDRED_GOLD","is_daily":false,"chose_seed":false,"campfire_upgraded":2,"win_rate":0.0,"timestamp":1614358235,"path_taken":["M","M","$","?","?","E","?","E","T","E","M","$","R","M","R_BF","BOSS"],"items_purchased_type":["Card","Potion","Relic"],"build_version":"2020-12-22","purchased_purges":1,"victory":false,"max_hp_per_floor":[75,75,75,75,81,81,81,81,81,81,81,81,81,81,81,81,81],"relic_stats":{"counters":[9,66],"Boot":[15],"obtain_stats":[{"Lantern":9,"Simple Rune":8,"Snack Pack":10,"Replay:Bottled Snecko":6,"Boot":12,"Burning Blood":0},{"Lantern":5,"Simple Rune":5,"Snack Pack":6,"Replay:Bottled Snecko":3,"Boot":7,"Burning Blood":0},{"Lantern":36,"Simple Rune":36,"Snack Pack":47,"Replay:Bottled Snecko":19,"Boot":51,"Burning Blood":0}],"Burning Blood":48},"card_choices":[{"not_picked":["Iron Wave","Power Through"],"picked":"ReplayTheSpireMod:Stacked","floor":1},{"not_picked":["Whirlwind","Pommel Strike"],"picked":"Replay:Undeath\u0027s Touch","floor":2},{"not_picked":["Wild Strike","Flex"],"picked":"Twin Strike","floor":6},{"not_picked":["Bloodletting","Defy Death"],"picked":"Clash","floor":7},{"not_picked":["Armaments","Searing Blow"],"picked":"Anger","floor":8},{"not_picked":["Perfected Strike","Reckless Charge"],"picked":"Inflame","floor":10},{"not_picked":["Anger","Entrench","Hemokinesis"],"picked":"SKIP","floor":11},{"not_picked":["Reckless Charge","Whirlwind"],"picked":"ReplayTheSpireMod:Corrosion Curse","floor":14}],"player_experience":904118,"relics_obtained":[{"floor":6,"key":"Replay:Bottled Snecko"},{"floor":8,"key":"Simple Rune"},{"floor":9,"key":"Lantern"},{"floor":10,"key":"Snack Pack"}],"event_choices":[{"damage_healed":18,"gold_gain":0,"player_choice":"Healed","damage_taken":0,"max_hp_gain":0,"max_hp_loss":0,"event_name":"The Cleric","floor":4,"gold_loss":35},{"damage_healed":0,"gold_gain":0,"player_choice":"RENOUNCE","damage_taken":37,"max_hp_gain":0,"max_hp_loss":0,"event_name":"betterThird:BetterSerpent","floor":5,"gold_loss":37,"cards_obtained":["Enlightenment"]}],"is_beta":false,"boss_relics":[],"items_purged_floors":[3],"is_endless":false,"potions_floor_spawned":[2,8,10,11],"killed_by":"The Guardian","ascension_level":16}}