{"host":"wppa8gky53tnknhf","time":1614378039,"event":{"mods":["AchievementEnabler","Act Like it!","BaseMod","Beaked The Cultist","Better Third Choice","BetterRewards","Card Forge","Colored Powertips","Hubris","Infinite Spire","Marked Mod","Minty Spire (QoL Compilation)","Permanent Neow","Quick Restart","Rare Cards Sparkle","Relic Stats","Reliquary","Remove Card Discount Mod","Replay The Spire","Spikes Relics","Spire Birthday Party","StSLib","Wandering Minibosses"],"gold_per_floor":[112,127,143,143,161,161,161,204,252,252,268,416,416,459,459,578,578,606,632,632,632,632,678,678,719,743,743,726,759,776,833,833,967,967,999,1047,1118,1118,1201,1243,1262,1308,1308,1332,1355,1355,1402,1453,1453,1459,1459,1459,1413,1453,1461],"floor_reached":56,"language":"ENG","playtime":2676,"items_purged":["hubris:Greed"],"score":1407,"play_id":"8c9d718c-530c-4b09-96b0-293c0ba471a9","local_time":"20210226222039","is_ascension_mode":true,"campfire_choices":[{"floor":6,"key":"RECALL"},{"floor":10,"key":"REST"},{"data":"beaked:Hexing","floor":15,"key":"SMITH"},{"data":"1","floor":24,"key":"LIFT"},{"data":"2","floor":32,"key":"LIFT"},{"data":"3","floor":46,"key":"LIFT"},{"floor":49,"key":"REST"},{"floor":52,"key":"REST"}],"circlet_count":0,"master_deck":["beaked:Strike_Y+1","beaked:Strike_Y+1","beaked:Strike_Y+1","beaked:Strike_Y+1","beaked:Strike_Y+1","beaked:Strike_Y+1","beaked:Defend_Y+1","beaked:Defend_Y+1","beaked:Defend_Y+1","beaked:Defend_Y+1","beaked:Ceremony+1","beaked:Ceremony+1","beaked:Ceremony+1","beaked:Brace+1","beaked:MimicWarrior+1","beaked:BounceBack+1","beaked:Hexing+1","beaked:KnowThyFoe+1","beaked:MachineEssence+1","infinitespire:Gouge+1","infinitespire:Punishment+1","beaked:ScreechingChant+1","beaked:AwakenedForm+1","beaked:BraceForImpact+1","beaked:BraceForImpact+1","beaked:KnowThyFoe+1","beaked:AwakenedForm+1","beaked:BraceForImpact+1","beaked:KnowThyFoe+1","beaked:Brace+1"],"relics":["beaked:MendingPlumage","Seething Fire","Anvil of the Gods","Thread and Needle","ReplayTheSpireMod:Ring of Exchange","Golden Idol","BrokenLever","ReplayTheSpireMod:CursedCoin","Replay:Bandana","hubris:CrackedHourglass","Girya","CaptainsWheel","Happy Flower","reliquary:TuningFork","infinitespire:Bottled Soul","beaked:SacredDeck","reliquary:PorcupineQuills","Calipers","Hammer of Thor","infinitespire:CheckeredPen","Replay:Wax Seal","hubris:MobiusCoin","Strawberry","reliquary:Knoch"],"acts_visited":["Exordium","TheCity","TheBeyond","TheEnding"],"potions_floor_usage":[16,23,28,28,33,39,39,39,42,47],"damage_taken":[{"damage":0,"enemies":"2 Louse","floor":1,"turns":4},{"damage":7,"enemies":"Jaw Worm","floor":2,"turns":3},{"damage":0,"enemies":"Small Slimes","floor":3,"turns":5},{"damage":18,"enemies":"3 Louse","floor":5,"turns":5},{"damage":29,"enemies":"Lagavulin","floor":8,"turns":8},{"damage":0,"enemies":"Looter","floor":11,"turns":4},{"damage":12,"enemies":"Replay:BlueRogue","floor":14,"turns":7},{"damage":20,"enemies":"The Guardian","floor":16,"turns":9},{"damage":16,"enemies":"2 Thieves","floor":18,"turns":4},{"damage":14,"enemies":"Shell Parasite","floor":19,"turns":6},{"damage":10,"enemies":"Book of Stabbing","floor":23,"turns":5},{"damage":12,"enemies":"Slavers","floor":25,"turns":6},{"damage":8,"enemies":"3 Cultists","floor":28,"turns":6},{"damage":5,"enemies":"Centurion and Healer","floor":29,"turns":6},{"damage":4,"enemies":"Snecko","floor":30,"turns":6},{"damage":0,"enemies":"Nightmare","floor":31,"turns":6},{"damage":15,"enemies":"Automaton","floor":33,"turns":9},{"damage":15,"enemies":"3 Darklings","floor":35,"turns":8},{"damage":0,"enemies":"Mind Bloom Boss Battle","floor":37,"turns":9},{"damage":0,"enemies":"3 Shapes","floor":39,"turns":3},{"damage":1,"enemies":"Giant Head","floor":40,"turns":7},{"damage":59,"enemies":"Writhing Mass","floor":41,"turns":5},{"damage":5,"enemies":"Nightmare","floor":42,"turns":7},{"damage":16,"enemies":"3 Darklings","floor":44,"turns":3},{"damage":0,"enemies":"Spire Growth","floor":45,"turns":4},{"damage":34,"enemies":"Reptomancer","floor":47,"turns":5},{"damage":26,"enemies":"Time Eater","floor":50,"turns":10},{"damage":53,"enemies":"Shield and Spear","floor":54,"turns":8},{"damage":79,"enemies":"The Heart","floor":55,"turns":9}],"seed_played":"-7197347632801918033","potions_obtained":[{"floor":1,"key":"Elixir"},{"floor":3,"key":"SneckoOil"},{"floor":8,"key":"Block Potion"},{"floor":14,"key":"PowerPotion"},{"floor":18,"key":"Explosive Potion"},{"floor":25,"key":"Dexterity Potion"},{"floor":27,"key":"infinitespire:BlackPotion"},{"floor":29,"key":"Explosive Potion"},{"floor":35,"key":"AttackPotion"},{"floor":37,"key":"Explosive Potion"},{"floor":41,"key":"DistilledChaos"},{"floor":45,"key":"AttackPotion"},{"floor":47,"key":"SpeedPotion"}],"is_trial":false,"path_per_floor":["M","M","M","?","M","R","?","E","T","R","M","$","?","E","R","B",null,"M","M","AVR","?","?","E","R","E","T","?","M","M","M","NM","R","B",null,"M","T","?","$","M","E","M","NM","T","M","M","R","E","T","R","B",null,"R","$","E","B",null],"character_chosen":"BEAKED_THE_CULTIST","items_purchased":["ReplayTheSpireMod:CursedCoin","beaked:Brace"],"campfire_rested":3,"item_purchase_floors":[12,53],"current_hp_per_floor":[50,49,50,50,42,42,42,32,32,47,50,50,50,48,48,50,50,45,49,49,33,25,49,49,55,55,55,55,55,55,55,55,55,55,55,55,55,55,55,55,12,55,55,46,55,55,55,62,62,62,62,62,62,44,42],"gold":1461,"neow_bonus":"ONE_RARE_RELIC","is_daily":false,"chose_seed":false,"campfire_upgraded":1,"win_rate":0.0,"timestamp":1614378039,"path_taken":["M","M","M","?","M","R","?","E","T","R","M","$","?","E","R","BOSS","M","M","AVR","?","?","E","R","E","T","?","M","M","M","NM","R","BOSS","M","?","?","?","?","E","M","NM","T","M","M","R","E","?","R","BOSS","R","$","E","BOSS"],"items_purchased_type":["Relic","Card"],"build_version":"2020-12-22","purchased_purges":1,"victory":true,"max_hp_per_floor":[50,50,50,50,50,50,50,50,50,50,50,50,50,50,50,50,50,50,50,50,50,55,55,55,55,55,55,55,55,55,55,55,55,55,55,55,55,55,55,55,55,55,55,55,55,55,55,62,62,62,62,62,62,62,62],"relic_stats":{"Happy Flower":[37],"counters":[29,176],"Golden Idol":223,"obtain_stats":[{"ReplayTheSpireMod:Ring of Exchange":4,"Girya":20,"hubris:MobiusCoin":47,"Calipers":37,"Happy Flower":25,"Golden Idol":7,"ReplayTheSpireMod:CursedCoin":12,"Thread and Needle":0,"BrokenLever":8,"Hammer of Thor":0,"Seething Fire":0,"infinitespire:CheckeredPen":40,"Replay:Bandana":14,"CaptainsWheel":23,"reliquary:PorcupineQuills":36,"Anvil of the Gods":0,"infinitespire:Bottled Soul":31,"Strawberry":48,"beaked:SacredDeck":34,"reliquary:TuningFork":26,"reliquary:Knoch":54,"beaked:MendingPlumage":0,"hubris:CrackedHourglass":17,"Replay:Wax Seal":43},{"ReplayTheSpireMod:Ring of Exchange":3,"Girya":10,"hubris:MobiusCoin":26,"Calipers":19,"Happy Flower":12,"Golden Idol":4,"ReplayTheSpireMod:CursedCoin":6,"Thread and Needle":0,"BrokenLever":5,"Hammer of Thor":0,"Seething Fire":0,"infinitespire:CheckeredPen":21,"Replay:Bandana":7,"CaptainsWheel":11,"reliquary:PorcupineQuills":18,"Anvil of the Gods":0,"infinitespire:Bottled Soul":16,"Strawberry":26,"beaked:SacredDeck":17,"reliquary:TuningFork":12,"reliquary:Knoch":28,"beaked:MendingPlumage":0,"hubris:CrackedHourglass":8,"Replay:Wax Seal":23},{"ReplayTheSpireMod:Ring of Exchange":12,"Girya":55,"hubris:MobiusCoin":149,"Calipers":115,"Happy Flower":66,"Golden Idol":17,"ReplayTheSpireMod:CursedCoin":29,"Thread and Needle":0,"BrokenLever":25,"Hammer of Thor":0,"Seething Fire":0,"infinitespire:CheckeredPen":125,"Replay:Bandana":36,"CaptainsWheel":60,"reliquary:PorcupineQuills":106,"Anvil of the Gods":0,"infinitespire:Bottled Soul":89,"Strawberry":149,"beaked:SacredDeck":98,"reliquary:TuningFork":66,"reliquary:Knoch":167,"beaked:MendingPlumage":0,"hubris:CrackedHourglass":45,"Replay:Wax Seal":137}]},"card_choices":[{"not_picked":["ReplayTheSpireMod:Wings of Steel","beaked:VigorBurst"],"picked":"beaked:Brace","floor":1},{"not_picked":["beaked:HuntressSpirit","beaked:DigDeep","beaked:CursingBlood"],"picked":"SKIP","floor":2},{"not_picked":["beaked:MaddeningMurmurs","beaked:WarriorEssence"],"picked":"beaked:MimicWarrior","floor":3},{"not_picked":["beaked:Pecker","beaked:Overpower"],"picked":"beaked:BounceBack","floor":5},{"not_picked":["beaked:WindBringer","beaked:FeelMyPain","beaked:StunningBlow"],"picked":"SKIP","floor":8},{"not_picked":["beaked:DigDeeper","ReplayTheSpireMod:Wings of Steel"],"picked":"beaked:Hexing","floor":11},{"not_picked":["beaked:HuntressSpirit","beaked:Tweet"],"picked":"beaked:KnowThyFoe","floor":14},{"not_picked":["beaked:Brainwash","beaked:ShadowFade"],"picked":"beaked:MachineEssence","floor":16},{"not_picked":["beaked:RuinSticks+1","beaked:CursingBlood","beaked:SurvivalInstinct"],"picked":"SKIP","floor":18},{"not_picked":["beaked:Mantra","beaked:BloodForTheGods","beaked:FeelMyPain"],"picked":"SKIP","floor":19},{"not_picked":["beaked:Foresight","beaked:LiftOff"],"picked":"beaked:ScreechingChant","floor":23},{"not_picked":["beaked:SurvivalInstinct","beaked:Daydream"],"picked":"beaked:AwakenedForm","floor":25},{"not_picked":["beaked:Flinch","beaked:Daydream"],"picked":"beaked:BraceForImpact","floor":28},{"not_picked":["beaked:Windmill+1","beaked:Flinch","beaked:Tweet"],"picked":"SKIP","floor":29},{"not_picked":["beaked:Negation","beaked:Insight"],"picked":"beaked:BraceForImpact","floor":30},{"not_picked":["beaked:StickSmack","beaked:FeelMyPain","beaked:Brace"],"picked":"SKIP","floor":31},{"not_picked":["beaked:Caw","beaked:CheekyTricks"],"picked":"beaked:KnowThyFoe","floor":33},{"not_picked":["ReplayTheSpireMod:Prepare the Ceremony","beaked:Flinch","beaked:DigDeep+1"],"picked":"SKIP","floor":35},{"not_picked":["beaked:Insight","beaked:Windmill+1","beaked:DigDeep"],"picked":"SKIP","floor":39},{"not_picked":["beaked:Overpower","beaked:BloodForTheGods+1","beaked:HuntressEssence+1"],"picked":"SKIP","floor":40},{"not_picked":["beaked:Tradeoff+1","beaked:Redirect+1","beaked:FeelMyPain+1"],"picked":"SKIP","floor":41},{"not_picked":["beaked:Flinch+1","beaked:SacrificialAttack+1","beaked:FeelMyPain+1"],"picked":"SKIP","floor":42},{"not_picked":["beaked:Overpower+1","ReplayTheSpireMod:Prepare the Ceremony","beaked:TuckingFeathers"],"picked":"SKIP","floor":44},{"not_picked":["beaked:Redirect+1","beaked:Cower+1"],"picked":"beaked:BraceForImpact","floor":45},{"not_picked":["beaked:DarkPact","beaked:MaddeningMurmurs"],"picked":"beaked:KnowThyFoe","floor":47},{"not_picked":["beaked:SacrificialAttack+1","ReplayTheSpireMod:Prepare the Ceremony","beaked:Flinch+1"],"picked":"SKIP","floor":54}],"player_experience":815469,"relics_obtained":[{"floor":4,"key":"ReplayTheSpireMod:Ring of Exchange"},{"floor":8,"key":"BrokenLever"},{"floor":14,"key":"Replay:Bandana"},{"floor":23,"key":"CaptainsWheel"},{"floor":25,"key":"Happy Flower"},{"floor":26,"key":"reliquary:TuningFork"},{"floor":31,"key":"infinitespire:Bottled Soul"},{"floor":36,"key":"reliquary:PorcupineQuills"},{"floor":37,"key":"Calipers"},{"floor":39,"key":"Hammer of Thor"},{"floor":40,"key":"infinitespire:CheckeredPen"},{"floor":43,"key":"Replay:Wax Seal"},{"floor":47,"key":"hubris:MobiusCoin"},{"floor":48,"key":"Strawberry"},{"floor":54,"key":"reliquary:Knoch"}],"event_choices":[{"damage_healed":0,"gold_gain":0,"player_choice":"Take Wound","damage_taken":0,"relics_obtained":["Golden Idol"],"max_hp_gain":0,"max_hp_loss":0,"event_name":"Golden Idol","floor":7,"gold_loss":0,"cards_obtained":["Injury"]},{"damage_healed":0,"gold_gain":0,"player_choice":"Ignored","damage_taken":0,"max_hp_gain":0,"max_hp_loss":0,"event_name":"Golden Wing","floor":13,"gold_loss":0},{"damage_healed":0,"gold_gain":0,"player_choice":"Obtained Book","damage_taken":16,"max_hp_gain":0,"max_hp_loss":0,"event_name":"Cursed Tome","floor":21,"gold_loss":0},{"damage_healed":0,"gold_gain":0,"player_choice":"Shed Blood","damage_taken":13,"max_hp_gain":5,"max_hp_loss":0,"event_name":"Forgotten Altar","floor":22,"gold_loss":0},{"damage_healed":0,"gold_gain":0,"player_choice":"Got Potions","damage_taken":0,"max_hp_gain":0,"max_hp_loss":0,"event_name":"Lab","floor":27,"gold_loss":0},{"damage_healed":0,"gold_gain":0,"player_choice":"Fight","damage_taken":0,"max_hp_gain":0,"max_hp_loss":0,"event_name":"MindBloom","floor":37,"gold_loss":0}],"is_beta":false,"boss_relics":[{"not_picked":["hubris:RunicObelisk","ReplayTheSpireMod:SealedPack"],"picked":"hubris:CrackedHourglass"},{"not_picked":["Philosopher\u0027s Stone","Replay:Lucky Slots"],"picked":"beaked:SacredDeck"}],"items_purged_floors":[12],"is_endless":false,"potions_floor_spawned":[1,3,8,14,18,25,29,35,37,41,45,47],"ascension_level":1}}