{"host":"mm0v83pkg2fvsdgl","time":1614380099,"event":{"mods":["2.2 Compatiblity","Alarm Clock","AlwaysNeverKeys","BaseMod","Beaked The Cultist","Bestiary","Better Altar","Better Match","Better Note","Better Sensory Stone","Better Silent Start","Better Third Choice","Clawfect","Displayed Cursed Tome","Energized Spire","Friendly Minions","Highlight Path","Ironclad Rager","Keyboard Shortcuts","Lotus Mark","Marisa????????","Marked Mod","Mimic Mod","Minty Spire (QoL Compilation)","Permanent Neow","Railgun Mod","Remove Card Discount Mod","Shade Mod","Somnambulant","Spicy Shops","StSLib","Swap Starting Deck Mod","The Construct","The Disciple","The Dragon Tamer","TheHeartMod","TheVacant","Transform Curses","Unceasing Turn Reminder","Wandering Minibosses"],"gold_per_floor":[115,130,6,6,6,36,36,66,116,146,111,111,51,90,90,199,199,214,229,253,268,101,140,145,145,170,50,65,65,89,128,128,228,228,243,258,82,100,100,100,130,154,179,209,236,248,290,524,536,548],"floor_reached":51,"language":"ENG","playtime":5490,"items_purged":["Eruption","Bash","Strike_R","Defend_R","Strike_G","Strike_B","Writhe","TheRailgun:Recharge"],"score":1074,"play_id":"521e971f-1844-4fa0-aa9a-cf860a5b5b24","local_time":"20210226175459","daily_mods":["Chimera","Red Cards","Elite Swarm"],"is_ascension_mode":false,"campfire_choices":[{"data":"TheRailgun:Push","floor":7.0,"key":"SMITH"},{"data":"Zap","floor":12.0,"key":"SMITH"},{"data":"TheRailgun:Level_6","floor":15.0,"key":"SMITH"},{"data":"TheRailgun:Supercharge","floor":25.0,"key":"SMITH"},{"data":"TheRailgun:Battery_Pack","floor":29.0,"key":"SMITH"},{"data":"TheRailgun:Sister_Noise","floor":32.0,"key":"SMITH"}],"circlet_count":0,"master_deck":["Survivor","Zap+1","Defend_G","Defend_P","TheRailgun:Push+1","TheRailgun:Battery_Pack","TheRailgun:Iron_Dust_Field","Perseverance+1","Finesse","TheRailgun:Magnetic_Flight","TheRailgun:Supercharge+1","TheRailgun:Level_6+1","TheRailgun:Level_6","TheRailgun:Iron_Dust_Field","TheRailgun:Sister_Noise+1","TheRailgun:Magnetic_Flight","TheRailgun:Battery_Pack+1","TheRailgun:Pull","TheRailgun:Level_6","TheRailgun:Battery_Pack","TheRailgun:Heroinism","Madness","Madness","Parasite"],"relics":["TheRailgun:CoinRelic","Art of War","Vajra","Bag of Preparation","Potion Belt","CeramicFish","TungstenRod","StoneCalendar","Coffee Dripper","Mango","Juzu Bracelet","Red Mask","Oddly Smooth Stone","Boot","Letter Opener","Fusion Hammer","Membership Card","Happy Flower","Regal Pillow","MawBank","Blue Candle"],"acts_visited":["Exordium","TheCity","TheBeyond"],"potions_floor_usage":[50,50,50,50,50,50,50,50,50],"damage_taken":[{"damage":0.0,"enemies":"2 Louse","floor":1.0,"turns":4.0},{"damage":0.0,"enemies":"Small Slimes","floor":2.0,"turns":3.0},{"damage":27.0,"enemies":"Gremlin Nob","floor":6.0,"turns":4.0},{"damage":1.0,"enemies":"3 Sentries","floor":8.0,"turns":7.0},{"damage":3.0,"enemies":"Gremlin Nob","floor":10.0,"turns":4.0},{"damage":5.0,"enemies":"3 Sentries","floor":14.0,"turns":5.0},{"damage":0.0,"enemies":"The Guardian","floor":16.0,"turns":7.0},{"damage":0.0,"enemies":"Chosen","floor":18.0,"turns":3.0},{"damage":0.0,"enemies":"Shell Parasite","floor":19.0,"turns":4.0},{"damage":0.0,"enemies":"Shelled Parasite and Fungi","floor":20.0,"turns":5.0},{"damage":0.0,"enemies":"Snecko","floor":21.0,"turns":5.0},{"damage":0.0,"enemies":"Book of Stabbing","floor":23.0,"turns":5.0},{"damage":0.0,"enemies":"Masked Bandits","floor":24.0,"turns":4.0},{"damage":0.0,"enemies":"Centurion and Healer","floor":28.0,"turns":7.0},{"damage":0.0,"enemies":"Shelled Parasite and Fungi","floor":30.0,"turns":5.0},{"damage":0.0,"enemies":"Slavers","floor":31.0,"turns":5.0},{"damage":0.0,"enemies":"Automaton","floor":33.0,"turns":8.0},{"damage":0.0,"enemies":"3 Darklings","floor":35.0,"turns":4.0},{"damage":0.0,"enemies":"3 Shapes","floor":36.0,"turns":4.0},{"damage":0.0,"enemies":"Reptomancer","floor":41.0,"turns":7.0},{"damage":0,"enemies":"Writhing Mass","floor":42,"turns":5},{"damage":0,"enemies":"Giant Head","floor":44,"turns":10},{"damage":0,"enemies":"Transient","floor":45,"turns":5},{"damage":7,"enemies":"Reptomancer","floor":47,"turns":6},{"damage":0,"enemies":"Time Eater","floor":50,"turns":7}],"seed_played":"4728103701414758894","potions_obtained":[{"floor":2.0,"key":"Weak Potion"},{"floor":6.0,"key":"EntropicBrew"},{"floor":14.0,"key":"Fire Potion"},{"floor":16.0,"key":"AttackPotion"},{"floor":20.0,"key":"Block Potion"},{"floor":21.0,"key":"AttackPotion"}],"is_trial":false,"path_per_floor":["M","M","$","?","?","E","R","E","T","E","?","R","$","E","R","B",null,"M","M","M","M","$","E","?","R","T","$","M","R","M","E","R","B",null,"M","M","$","?","$","R","E","M","T","E","M","R","E","?","R","B",null],"character_chosen":"THE_DEFAULT","items_purchased":["TheRailgun:Iron_Dust_Field","Art of War","TheRailgun:Recharge","TheRailgun:Sister_Noise","Mango","TheRailgun:Battery_Pack","Boot","Membership Card","TheRailgun:Battery_Pack","TheRailgun:Heroinism"],"campfire_rested":0,"item_purchase_floors":[3,3,13,22,22,27,27,37,37,37],"current_hp_per_floor":[70,70,70,61,61,34,34,33,33,30,47,47,47,42,42,56,70,70,70,70,70,84,84,84,84,84,84,84,84,84,84,84,84,84,84,84,84,74,74,74,84,84,84,84,84,84,84,84,84,84],"gold":560,"neow_bonus":"","is_daily":true,"chose_seed":false,"campfire_upgraded":6,"win_rate":0.0,"timestamp":1614380099,"path_taken":["M","M","$","?","?","E","R","E","T","E","?","R","?","E","R","BOSS","M","M","M","M","$","E","?","R","T","$","M","R","M","E","R","BOSS","M","M","$","?","$","R","E","M","T","E","M","R","E","?","R","BOSS"],"items_purchased_type":["Card","Relic","Card","Card","Relic","Card","Relic","Relic","Card","Card"],"build_version":"2020-12-22","purchased_purges":8,"victory":true,"max_hp_per_floor":[70,70,70,70,70,70,70,70,70,70,70,70,70,70,70,70,70,70,70,70,70,84,84,84,84,84,84,84,84,84,84,84,84,84,84,84,84,84,84,84,84,84,84,84,84,84,84,84,84,84],"card_choices":[{"not_picked":["TheRailgun:Positive_Field","TheRailgun:Gekotamania"],"picked":"TheRailgun:Push","floor":1.0},{"not_picked":["TheRailgun:Pull","TheRailgun:Iron_Dust_Field"],"picked":"TheRailgun:Battery_Pack","floor":2.0},{"not_picked":["Metamorphosis","Transmutation"],"picked":"Finesse","floor":5.0},{"not_picked":["TheRailgun:Rewiring","TheRailgun:Judgement_Officer"],"picked":"TheRailgun:Magnetic_Flight","floor":6.0},{"not_picked":["TheRailgun:Rewiring","TheRailgun:Railgun"],"picked":"TheRailgun:Supercharge","floor":8.0},{"not_picked":["TheRailgun:Rewiring","TheRailgun:Supercharge","TheRailgun:Magnetic_Flight"],"picked":"SKIP","floor":10.0},{"not_picked":["TheRailgun:Judgement_Officer","TheRailgun:Thundervolt"],"picked":"TheRailgun:Level_6","floor":14.0},{"not_picked":["TheRailgun:Circuitous","TheRailgun:Rewiring"],"picked":"TheRailgun:Level_6","floor":16.0},{"not_picked":["TheRailgun:Gekotamania","TheRailgun:Gekota_Phone","TheRailgun:Scatter_Railgun"],"picked":"SKIP","floor":18.0},{"not_picked":["TheRailgun:Positive_Field","TheRailgun:Coin_Flip","TheRailgun:Overload"],"picked":"SKIP","floor":19.0},{"not_picked":["TheRailgun:Electrical_Storm","TheRailgun:Sister_Network+1"],"picked":"TheRailgun:Iron_Dust_Field","floor":20.0},{"not_picked":["TheRailgun:Hypercharge+1","TheRailgun:Teleporter","TheRailgun:Spark"],"picked":"SKIP","floor":21.0},{"not_picked":["TheRailgun:Railgun","TheRailgun:Rewiring"],"picked":"TheRailgun:Magnetic_Flight","floor":23.0},{"not_picked":["TheRailgun:Static","TheRailgun:Crackle+1","TheRailgun:Thundershock+1"],"picked":"SKIP","floor":28.0},{"not_picked":["TheRailgun:Hypercharge","TheRailgun:Positive_Field+1"],"picked":"TheRailgun:Pull","floor":30.0},{"not_picked":["TheRailgun:Railgun","TheRailgun:Overload"],"picked":"TheRailgun:Level_6","floor":31.0},{"not_picked":["TheRailgun:Iron_Dust_Vial","TheRailgun:Coin_Flip","TheRailgun:Thunderbolt+1"],"picked":"SKIP","floor":35.0},{"not_picked":["TheRailgun:Circuit_Breaker+1","TheRailgun:Iron_Dust_Sword+1","TheRailgun:Iron_Dust_Vial+1"],"picked":"SKIP","floor":36.0},{"not_picked":["TheRailgun:Circuit_Breaker+1","TheRailgun:Iron_Dust_Sword+1","TheRailgun:Iron_Dust_Vial+1"],"picked":"SKIP","floor":36.0},{"not_picked":["TheRailgun:Supercharge","TheRailgun:Thundervolt","TheRailgun:Rewiring"],"picked":"SKIP","floor":41},{"not_picked":["TheRailgun:Supercharge","TheRailgun:Thundervolt","TheRailgun:Rewiring"],"picked":"SKIP","floor":41},{"not_picked":["TheRailgun:Charge","TheRailgun:Biribiri","TheRailgun:Scatter_Railgun+1"],"picked":"SKIP","floor":42},{"not_picked":["TheRailgun:Thunder","TheRailgun:Supercharge","TheRailgun:Railgun"],"picked":"SKIP","floor":44},{"not_picked":["TheRailgun:Stun_Shock+1","TheRailgun:Lightningbolt+1","TheRailgun:Biribiri+1"],"picked":"SKIP","floor":45},{"not_picked":["TheRailgun:Thundervolt","TheRailgun:Thunder","TheRailgun:Railgun"],"picked":"SKIP","floor":47}],"player_experience":678649,"relics_obtained":[{"floor":6.0,"key":"Bag of Preparation"},{"floor":8.0,"key":"Potion Belt"},{"floor":9.0,"key":"CeramicFish"},{"floor":10.0,"key":"TungstenRod"},{"floor":14.0,"key":"StoneCalendar"},{"floor":23.0,"key":"Juzu Bracelet"},{"floor":24.0,"key":"Red Mask"},{"floor":26.0,"key":"Oddly Smooth Stone"},{"floor":31.0,"key":"Letter Opener"},{"floor":41,"key":"Happy Flower"},{"floor":43,"key":"Regal Pillow"},{"floor":44,"key":"MawBank"},{"floor":47,"key":"Blue Candle"}],"event_choices":[{"damage_healed":0.0,"max_hp_gain":0.0,"max_hp_loss":0.0,"gold_gain":1.0,"event_name":"betterStone:BetterStone","player_choice":"1","floor":5.0,"gold_loss":0.0,"damage_taken":0.0},{"damage_healed":17.0,"max_hp_gain":0.0,"max_hp_loss":0.0,"gold_gain":0.0,"event_name":"The Cleric","player_choice":"Healed","floor":11.0,"gold_loss":35.0,"damage_taken":0.0},{"damage_healed":0.0,"max_hp_gain":0.0,"max_hp_loss":0.0,"gold_gain":0.0,"event_name":"Masked Bandits","player_choice":"Fought Bandits","floor":24.0,"gold_loss":0.0,"damage_taken":0.0},{"damage_healed":0.0,"max_hp_gain":0.0,"max_hp_loss":0.0,"gold_gain":0.0,"event_name":"Winding Halls","player_choice":"Embrace Madness","floor":38.0,"gold_loss":0.0,"damage_taken":11.0,"cards_obtained":["Madness","Madness"]},{"damage_healed":0,"gold_gain":222,"player_choice":"Wore Mask","damage_taken":0,"max_hp_gain":0,"max_hp_loss":0,"event_name":"Tomb of Lord Red Mask","floor":48,"gold_loss":0}],"is_beta":false,"boss_relics":[{"not_picked":["construct:WeddingRing","SlaversCollar"],"picked":"Coffee Dripper"},{"not_picked":["energizedSpire:EnergizedDie","energizedSpire:StickyHand"],"picked":"Fusion Hammer"}],"items_purged_floors":[3,3,3,3,13,13,22,37],"is_endless":false,"potions_floor_spawned":[2,6,14,16,20,21,24,28,33,35,41,42],"ascension_level":0}}