{"host":"yawnmhdh5u4s0p8o","time":1614311600,"event":{"mods":["AchievementEnabler","Aspiration","BaseMod","BetterRewards","Colored Powertips","Conspire","Downfall","Friendly Minions","GifTheSpireLib","Gremlin Mod","Hermit","Hubris","Infinite Spire","Ironclad Rager","Minty Spire (QoL Compilation)","Permanent Neow","Reliquary","Replay The Spire","Robot Space Explorer","Shop Mod","Spicy Shops","StSLib","The Construct","The Cursed","The Disciple","The Gatherer","The Hierophant","The Marked","The Necromancer","The Runesmith","The Wild Card"],"gold_per_floor":[112,112,112,122,49,75,75,86,86,115,115,127,140,58,58,163,163,178,27,27,27,27,27,54,69,69,69,69,69,85,85,85,184,184,202,202,217,3,19,19,29,29,105,130,130,150,170,182,182,182],"floor_reached":51,"language":"ENG","playtime":3563,"items_purged":[],"score":780,"play_id":"e1e3ed8e-de3a-45d9-a644-616cc311639f","local_time":"20210226145320","is_ascension_mode":false,"campfire_choices":[{"data":"theMarked:SoldierOfQuellstein","floor":7,"key":"SMITH"},{"data":"theMarked:Friction","floor":11,"key":"SMITH"},{"data":"theMarked:EmpowerWeapon","floor":23,"key":"SMITH"},{"floor":27,"key":"REST"},{"floor":29,"key":"REST"},{"data":"theMarked:ComboAttacks","floor":32,"key":"SMITH"},{"floor":40,"key":"REST"},{"floor":42,"key":"REST"},{"floor":49,"key":"REST"}],"circlet_count":0,"master_deck":["theMarked:Strike","theMarked:Strike","theMarked:Strike","theMarked:Strike","theMarked:Strike","theMarked:Defend","theMarked:Defend","theMarked:Defend+1","theMarked:Defend+1","theMarked:SoldierOfQuellstein+1","theMarked:OneWithTheBlade+1","theMarked:ChainLightning","theMarked:Memento","theMarked:Determination","theMarked:RepellingDischarge","theMarked:Panic","theMarked:LightningStrikesTwice+1","theMarked:WardOff+1","theMarked:Friction+1","theMarked:Overcharge","theMarked:ChainLightning+1","theMarked:ComboAttacks+1","theMarked:MagusForm","theMarked:EmpowerWeapon+1","Hallucinations","theMarked:SwordAndMagic+1","theMarked:BanishingStrike+1","theMarked:BanishingStrike+1","theMarked:DispelDoubt+1","theMarked:EmpowerWeapon+1","theMarked:ResourceFulStrike+1","theMarked:Static","theMarked:Overcharge","theMarked:SwordAndMagic+1","theMarked:ResourceFulStrike+1","theMarked:Overcharge+1"],"relics":["theMarked:ArtifactOfAir","MerchantsRug","Lee\u0027s Waffle","conspire:TreasureMap","reliquary:Stiletto","reliquary:PorcupineQuills","Molten Egg 2","hubris:GlazedTorus","Bronze Scales","Iron Hammer","Ice Cream","aspiration:MobileForge","Ring of Fury","War Paint","reliquary:HotPoker","aspiration:RitualDagger","Pocketwatch","Fusion Hammer","conspire:RunicOctahedron","infinitespire:Lucky Rock","Shuriken","Garlic","reliquary:ExpiredCoupon"],"acts_visited":["Exordium","TheCity","TheBeyond"],"potions_floor_usage":[],"damage_taken":[{"damage":17,"enemies":"Small Slimes","floor":1,"turns":3},{"damage":2,"enemies":"2 Louse","floor":4,"turns":4},{"damage":18,"enemies":"Lagavulin","floor":6,"turns":6},{"damage":0,"enemies":"Cultist","floor":8,"turns":2},{"damage":0,"enemies":"Replay:BlueRogue","floor":10,"turns":6},{"damage":0,"enemies":"Exordium Thugs","floor":12,"turns":3},{"damage":0,"enemies":"Blue Slaver","floor":13,"turns":2},{"damage":4,"enemies":"Fading Forest","floor":16,"turns":11},{"damage":9,"enemies":"3 Byrds","floor":18,"turns":3},{"damage":39,"enemies":"Book of Stabbing","floor":24,"turns":4},{"damage":14,"enemies":"Shell Parasite","floor":25,"turns":3},{"damage":8,"enemies":"Centurion and Healer","floor":30,"turns":3},{"damage":75,"enemies":"conspire:MysteriousRune","floor":33,"turns":7},{"damage":21,"enemies":"Orb Walker","floor":35,"turns":2},{"damage":34,"enemies":"3 Darklings","floor":37,"turns":3},{"damage":20,"enemies":"Jaw Worm Horde","floor":39,"turns":2},{"damage":51,"enemies":"Writhing Mass","floor":41,"turns":1},{"damage":27,"enemies":"R_Hoarder","floor":44,"turns":5},{"damage":21,"enemies":"3 Darklings","floor":46,"turns":2},{"damage":39,"enemies":"Maw","floor":47,"turns":3},{"damage":6,"enemies":"Jaw Worm Horde","floor":48,"turns":2},{"damage":12,"enemies":"Time Eater","floor":50,"turns":4}],"seed_played":"-8746910115506773754","potions_obtained":[{"floor":6,"key":"Weak Potion"},{"floor":8,"key":"Toxic Potion"},{"floor":16,"key":"EssenceOfSteel"}],"is_trial":false,"path_per_floor":["M","?","?","M","$","E","R","M","T","E","R","M","M","$","R","B",null,"M","$","?","?","$","R","E","M","T","R","?","R","M","AVR","R","B",null,"M","AVR","M","$","M","R","M","R","T","E","?","M","M","M","R","B",null],"character_chosen":"THE_DEFAULT","items_purchased":["MerchantsRug","Lee\u0027s Waffle","conspire:TreasureMap","reliquary:Stiletto","reliquary:PorcupineQuills","theMarked:OneWithTheBlade","theMarked:ChainLightning","theMarked:Memento","theMarked:Determination","hubris:GlazedTorus","theMarked:ComboAttacks","hubris:HerbalPaste","Shuriken"],"campfire_rested":5,"item_purchase_floors":[0,0,0,0,0,0,0,0,0,5,14,19,38],"current_hp_per_floor":[62,62,62,60,60,42,42,42,42,42,42,42,42,42,65,71,79,70,70,70,70,70,70,37,28,28,51,36,61,58,58,58,83,84,70,70,55,55,49,74,39,64,64,71,71,68,59,67,84,84],"gold":182,"neow_bonus":"","is_daily":false,"chose_seed":false,"campfire_upgraded":4,"win_rate":0.0,"timestamp":1614311600,"path_taken":["M","?","?","?","$","E","R","M","T","E","R","M","M","?","R","BOSS","M","$","?","?","?","R","E","M","T","R","?","R","M","AVR","R","BOSS","M","AVR","M","$","M","R","M","R","T","E","?","M","M","M","R","BOSS"],"items_purchased_type":["Relic","Relic","Relic","Relic","Relic","Card","Card","Card","Card","Relic","Card","Relic","Relic"],"build_version":"2020-12-22","purchased_purges":0,"victory":true,"max_hp_per_floor":[79,79,79,79,79,79,79,79,79,79,79,79,79,79,79,79,79,79,79,79,79,79,79,79,79,79,79,84,84,84,84,84,84,84,84,84,84,84,84,84,84,84,84,84,84,84,84,84,84,84],"card_choices":[{"not_picked":["theMarked:Aftermath","theMarked:ShockingTouch"],"picked":"theMarked:RepellingDischarge","floor":1},{"not_picked":["theMarked:RepellingDischarge","theMarked:Pokerface"],"picked":"theMarked:Panic","floor":4},{"not_picked":["theMarked:Memento","theMarked:ChainLightning+1"],"picked":"theMarked:LightningStrikesTwice+1","floor":6},{"not_picked":["theMarked:Determination","theMarked:ContemptForTheProud+1"],"picked":"theMarked:WardOff","floor":8},{"not_picked":["theMarked:SelfDefenseTraining+1","theMarked:RepellingDischarge"],"picked":"theMarked:Friction","floor":10},{"not_picked":["theMarked:KeepCalmAndFight+1","theMarked:Standoff"],"picked":"theMarked:Overcharge","floor":12},{"not_picked":["theMarked:Memento","theMarked:ContemptForTheProud+1"],"picked":"theMarked:ChainLightning+1","floor":13},{"not_picked":["theMarked:UnarmedFury+1","theMarked:Levitate"],"picked":"theMarked:MagusForm","floor":16},{"not_picked":["theMarked:Maelstrom","theMarked:ChainLightning+1"],"picked":"theMarked:EmpowerWeapon","floor":18},{"not_picked":["theMarked:TunnelVision+1","theMarked:ResourceFulStrike+1"],"picked":"theMarked:SwordAndMagic+1","floor":24},{"not_picked":["theMarked:OneWithTheBlade","theMarked:EnhanceMovement"],"picked":"theMarked:BanishingStrike+1","floor":25},{"not_picked":["theMarked:HeightenedSenses","theMarked:RepellingDischarge"],"picked":"theMarked:BanishingStrike+1","floor":30},{"not_picked":["theMarked:Abjuration+1","theMarked:MagusForm"],"picked":"theMarked:DispelDoubt+1","floor":33},{"not_picked":["theMarked:WastefulAttack+1","theMarked:RepellingDischarge+1"],"picked":"theMarked:EmpowerWeapon+1","floor":35},{"not_picked":["theMarked:Aftermath+1","theMarked:RepellingDischarge","theMarked:Frustration+1"],"picked":"SKIP","floor":37},{"not_picked":["theMarked:ChainLightning+1","theMarked:EnhanceMovement+1"],"picked":"theMarked:ResourceFulStrike+1","floor":39},{"not_picked":["theMarked:RepellingDischarge","theMarked:TwofoldDefense"],"picked":"theMarked:Static","floor":41},{"not_picked":["theMarked:Pokerface+1","theMarked:Parkour+1"],"picked":"theMarked:Overcharge","floor":44},{"not_picked":["theMarked:BanishingStrike+1","theMarked:ResourceFulStrike+1"],"picked":"theMarked:SwordAndMagic+1","floor":46},{"not_picked":["theMarked:Snap+1","theMarked:PowerFlow+1"],"picked":"theMarked:ResourceFulStrike+1","floor":47},{"not_picked":["theMarked:TunnelVision+1","theMarked:Frustration+1"],"picked":"theMarked:Overcharge+1","floor":48}],"player_experience":142427,"relics_obtained":[{"floor":2,"key":"Molten Egg 2"},{"floor":6,"key":"Bronze Scales"},{"floor":9,"key":"Iron Hammer"},{"floor":10,"key":"Ice Cream"},{"floor":21,"key":"Ring of Fury"},{"floor":24,"key":"War Paint"},{"floor":26,"key":"reliquary:HotPoker"},{"floor":43,"key":"Garlic"},{"floor":44,"key":"reliquary:ExpiredCoupon"}],"event_choices":[{"damage_healed":0,"gold_gain":0,"player_choice":"Upgraded","damage_taken":0,"max_hp_gain":0,"max_hp_loss":0,"event_name":"Upgrade Shrine","floor":3,"gold_loss":0,"cards_upgraded":["theMarked:OneWithTheBlade"]},{"damage_healed":0,"gold_gain":0,"player_choice":"Ignored","damage_taken":0,"max_hp_gain":0,"max_hp_loss":0,"event_name":"Vampires","floor":20,"gold_loss":0},{"damage_healed":0,"gold_gain":0,"player_choice":"Shed Blood","damage_taken":20,"max_hp_gain":5,"max_hp_loss":0,"event_name":"Forgotten Altar","floor":28,"gold_loss":0},{"damage_healed":0,"gold_gain":0,"player_choice":"Bought 0 Potions","damage_taken":0,"max_hp_gain":0,"max_hp_loss":0,"event_name":"The Woman in Blue","floor":45,"gold_loss":0}],"is_beta":false,"boss_relics":[{"not_picked":["Abe\u0027s Treasure","Coffee Dripper"],"picked":"aspiration:MobileForge"},{"not_picked":["aspiration:WatcherSkillbook","Runic Dome"],"picked":"Fusion Hammer"}],"items_purged_floors":[],"is_endless":false,"potions_floor_spawned":[6,8,16,24,33,37,41,44,48],"ascension_level":0}}