{"host":"qc8p2flj7wsy3zpg","time":1614364077,"event":{"mods":["BaseMod","Highlight Path","Minty Spire (QoL Compilation)","Monster List Patch","Relic Stats","StSLib"],"gold_per_floor":[116,136,136,160,160,196,196,209,209,209,228,261,261,261,261,261,261],"floor_reached":16,"language":"ENG","playtime":791,"items_purged":[],"score":220,"play_id":"8fe20abc-ae4c-4fb1-9ad1-7b72a9c70b1d","local_time":"20210226122757","is_ascension_mode":true,"campfire_choices":[{"floor":7,"key":"REST"},{"floor":10,"key":"REST"},{"data":"Crippling Poison","floor":13,"key":"SMITH"},{"data":"Blade Dance","floor":15,"key":"SMITH"}],"circlet_count":0,"master_deck":["AscendersBane","Strike_G","Strike_G","Strike_G","Strike_G","Defend_G","Defend_G","Defend_G","Defend_G+1","Defend_G","Survivor+1","Neutralize","Secret Technique","Crippling Poison+1","Quick Slash","Deadly Poison","Blade Dance+1","Dagger Throw","Dagger Spray","Accuracy"],"relics":["Ring of the Snake","Golden Idol","War Paint","Strawberry","Toxic Egg 2"],"acts_visited":["Exordium"],"potions_floor_usage":[6,12,12],"damage_taken":[{"damage":1,"enemies":"Small Slimes","floor":1,"turns":6},{"damage":5,"enemies":"2 Louse","floor":2,"turns":3},{"damage":2,"enemies":"Jaw Worm","floor":4,"turns":5},{"damage":28,"enemies":"Lagavulin","floor":6,"turns":8},{"damage":7,"enemies":"3 Louse","floor":8,"turns":3},{"damage":1,"enemies":"2 Fungi Beasts","floor":11,"turns":3},{"damage":10,"enemies":"3 Sentries","floor":12,"turns":6},{"damage":42,"enemies":"Hexaghost","floor":16,"turns":9}],"seed_played":"5708737479319037594","potions_obtained":[{"floor":1,"key":"ColorlessPotion"},{"floor":4,"key":"Weak Potion"},{"floor":6,"key":"AttackPotion"}],"is_trial":false,"path_per_floor":["M","M","?","M","?","E","R","M","T","R","M","E","R","?","R","B"],"character_chosen":"THE_SILENT","items_purchased":[],"campfire_rested":2,"item_purchase_floors":[],"current_hp_per_floor":[58,53,53,51,51,23,39,32,39,57,56,46,46,39,39,0,0],"gold":261,"neow_bonus":"RANDOM_COLORLESS_2","is_daily":false,"chose_seed":false,"campfire_upgraded":2,"win_rate":0.0,"timestamp":1614364077,"path_taken":["M","M","?","M","?","E","R","M","T","R","M","E","R","?","R","BOSS"],"items_purchased_type":[],"build_version":"2020-12-22","purchased_purges":0,"victory":false,"max_hp_per_floor":[60,60,54,54,54,54,54,54,61,61,61,61,61,61,61,61,61],"relic_stats":{"counters":[8,43],"Golden Idol":26,"War Paint":["Survivor","Defend_G"],"obtain_stats":[{"Golden Idol":3,"Strawberry":9,"War Paint":6,"Toxic Egg 2":12,"Ring of the Snake":0},{"Golden Idol":2,"Strawberry":5,"War Paint":4,"Toxic Egg 2":7,"Ring of the Snake":0},{"Golden Idol":9,"Strawberry":25,"War Paint":22,"Toxic Egg 2":34,"Ring of the Snake":0}],"Ring of the Snake":[16]},"card_choices":[{"not_picked":["Metamorphosis","Mayhem"],"picked":"Secret Technique","floor":0},{"not_picked":["Choke","Underhanded Strike"],"picked":"Crippling Poison","floor":1},{"not_picked":["Calculated Gamble","Bane"],"picked":"Quick Slash","floor":2},{"not_picked":["Envenom","Underhanded Strike"],"picked":"Deadly Poison","floor":4},{"not_picked":["Backflip","Calculated Gamble"],"picked":"Blade Dance","floor":6},{"not_picked":["All Out Attack","Masterful Stab"],"picked":"Dagger Throw","floor":8},{"not_picked":["Terror","Acrobatics"],"picked":"Dagger Spray","floor":11},{"not_picked":["Dagger Spray","Dash"],"picked":"Accuracy","floor":12}],"player_experience":2441609,"relics_obtained":[{"floor":6,"key":"War Paint"},{"floor":9,"key":"Strawberry"},{"floor":12,"key":"Toxic Egg 2"}],"event_choices":[{"damage_healed":0,"gold_gain":0,"player_choice":"Lose Max HP","damage_taken":0,"relics_obtained":["Golden Idol"],"max_hp_gain":0,"max_hp_loss":6,"event_name":"Golden Idol","floor":3,"gold_loss":0},{"damage_healed":0,"gold_gain":0,"player_choice":"Ignored","damage_taken":0,"max_hp_gain":0,"max_hp_loss":0,"event_name":"Liars Game","floor":5,"gold_loss":0},{"cards_removed":["Strike_G"],"damage_healed":0,"gold_gain":0,"player_choice":"Card Removal","damage_taken":7,"max_hp_gain":0,"max_hp_loss":0,"event_name":"Golden Wing","floor":14,"gold_loss":0}],"is_beta":false,"boss_relics":[],"items_purged_floors":[],"is_endless":false,"potions_floor_spawned":[1,4,6],"killed_by":"Hexaghost","ascension_level":20}}