{"host":"0cm5wy4nhuju7tij","time":1614340198,"event":{"mods":["2.2 Compatiblity","AchievementEnabler","BaseMod","Better Third Choice","BetterRewards","Colored Powertips","Curses Come First","Custom Start","Displayed Cursed Tome","Downfall","Energized Spire","Evolution","Filter the Spire","Fireblade Mod","Highlight Path","Jess\u0027s Bottle","KinomotoSakuraMod(????)","Minty Spire (QoL Compilation)","Permanent Neow","Poor People Problems","Relic Filter Mod","Relic Stats","Shop Mod","Spicy Shops","StSLib","The Cursed","The Servant 0.9.4","TheSwordswoman","TheVacant","Weighted Paths"],"gold_per_floor":[112,130,150,170,186,219,219,253,253,273,273,291,303,378,378,483,483,493,506,28,48,60,85,85,85,85,85,85,117,117,117,117,213,213,232,232,232,232],"floor_reached":37,"language":"ENG","playtime":3818,"items_purged":["ClowCardTheSword"],"score":425,"play_id":"65f74962-cb5a-496e-8a01-26a5f70851de","local_time":"20210226064958","is_ascension_mode":false,"campfire_choices":[{"data":"ClowCardTheShot","floor":7,"key":"SMITH"},{"floor":11,"key":"REST"},{"floor":15,"key":"REST"},{"data":"ClowCardTheMaze","floor":25,"key":"SMITH"},{"floor":27,"key":"REST"},{"floor":30,"key":"REST"},{"floor":32,"key":"RECALL"}],"circlet_count":0,"master_deck":["ClowCardTheWood","ClowCardTheRain","ClowCardTheGlow","ClowCardTheFight","ClowCardTheSong","SakuraCardTheShot+","ClowCardTheShadow","ClowCardTheSand","ClowCardTheFight","ClowCardTheStorm","SakuraCardTheSand+","SpellCardSeal+1","SpellCardRelease","ClowCardTheStorm","ClowCardTheShot","ClowCardTheWood","ClowCardTheLibra","ClowCardTheBubbles","ClowCardTheSilent","ClowCardThePower","ClowCardTheMaze+1","ClowCardTheThunder","ClowCardTheShot+1","ClowCardTheWave","ClowCardTheRain","ClowCardTheSand","ClowCardTheJump","ClowCardTheSweet+1","ClowCardTheShot","ClowCardTheShadow+1","ClowCardTheMist","ClowCardTheThunder","ClowCardThePower+1"],"relics":["KSMOD_SealedBook","KSMOD_SealedWand","EVO:Axolotl","KSMOD_Cerberus","Strawberry","energizedSpire:EnergizedDie","KSMOD_Compass","Whetstone","Dead Branch","Shovel","Calipers","Pandora\u0027s Box"],"acts_visited":["Exordium","TheCity","TheBeyond"],"potions_floor_usage":[29,29,29],"damage_taken":[{"damage":0,"enemies":"2 Louse","floor":1,"turns":2},{"damage":6,"enemies":"Jaw Worm","floor":2,"turns":4},{"damage":0,"enemies":"Small Slimes","floor":3,"turns":3},{"damage":0,"enemies":"Blue Slaver","floor":4,"turns":1},{"damage":25,"enemies":"Gremlin Gang","floor":5,"turns":4},{"damage":6,"enemies":"Gremlin Nob","floor":6,"turns":3},{"damage":22,"enemies":"Lagavulin","floor":8,"turns":4},{"damage":3,"enemies":"Red Slaver","floor":10,"turns":2},{"damage":4,"enemies":"Exordium Wildlife","floor":12,"turns":4},{"damage":0,"enemies":"Large Slime","floor":13,"turns":6},{"damage":17,"enemies":"The Guardian","floor":16,"turns":7},{"damage":0,"enemies":"Chosen","floor":18,"turns":3},{"damage":0,"enemies":"Shell Parasite","floor":19,"turns":3},{"damage":5,"enemies":"Snake Plant","floor":21,"turns":3},{"damage":7,"enemies":"3 Cultists","floor":22,"turns":3},{"damage":23,"enemies":"Slavers","floor":23,"turns":4},{"damage":7,"enemies":"Shelled Parasite and Fungi","floor":24,"turns":4},{"damage":51,"enemies":"Gremlin Leader","floor":29,"turns":4},{"damage":6,"enemies":"Chosen and Byrds","floor":31,"turns":4},{"damage":5,"enemies":"Collector","floor":33,"turns":8},{"damage":53,"enemies":"3 Darklings","floor":35,"turns":5},{"damage":82,"enemies":"2 Orb Walkers","floor":37,"turns":5}],"seed_played":"4904323391020420498","potions_obtained":[{"floor":1,"key":"Swift Potion"},{"floor":2,"key":"Dexterity Potion"},{"floor":13,"key":"LiquidBronze"},{"floor":16,"key":"SneckoOil"},{"floor":24,"key":"Fruit Juice"},{"floor":31,"key":"Fire Potion"}],"is_trial":false,"path_per_floor":["M","M","M","M","M","E","R","E","T","M","R","M","M","?","R","B",null,"M","M","$","M","M","E","M","R","T","R","?","E","R","M","R","B",null,"M","?","?"],"character_chosen":"KINOMOTOSAKURA","items_purchased":["KSMOD_Compass","Whetstone"],"campfire_rested":4,"item_purchase_floors":[20,20],"current_hp_per_floor":[70,64,64,64,39,33,33,18,18,15,38,34,34,23,46,29,77,77,77,77,72,65,42,35,35,35,58,58,12,36,30,30,30,82,29,72,0,0],"gold":232,"neow_bonus":"UPGRADE_CARD","is_daily":false,"chose_seed":false,"campfire_upgraded":2,"win_rate":0.0,"timestamp":1614340198,"path_taken":["M","M","M","M","M","E","R","E","T","M","R","M","M","?","R","BOSS","M","M","$","M","M","E","M","R","T","R","?","E","R","M","R","BOSS","M","?","?"],"items_purchased_type":["Relic","Relic"],"build_version":"2020-12-22","purchased_purges":1,"victory":false,"max_hp_per_floor":[70,70,70,70,70,70,70,77,77,77,77,77,77,77,77,77,77,77,77,77,77,77,77,77,77,77,77,77,82,82,82,82,82,82,82,72,72,72],"relic_stats":{"Shovel":0,"counters":[22,86],"Dead Branch":[42],"Pandora\u0027s Box":["ClowCardTheLittle","ClowCardTheMove","ClowCardTheCloud","ClowCardTheFlower","ClowCardTheFloat","ClowCardTheDream","ClowCardTheThunder"],"Whetstone":["ClowCardTheShot","ClowCardTheSword"],"obtain_stats":[{"KSMOD_Compass":20,"Shovel":26,"Calipers":29,"KSMOD_SealedBook":0,"Strawberry":8,"Dead Branch":23,"energizedSpire:EnergizedDie":17,"Pandora\u0027s Box":34,"KSMOD_SealedWand":0,"EVO:Axolotl":0,"Whetstone":20,"KSMOD_Cerberus":6},{"KSMOD_Compass":13,"Shovel":17,"Calipers":18,"KSMOD_SealedBook":0,"Strawberry":7,"Dead Branch":16,"energizedSpire:EnergizedDie":11,"Pandora\u0027s Box":20,"KSMOD_SealedWand":0,"EVO:Axolotl":0,"Whetstone":13,"KSMOD_Cerberus":6},{"KSMOD_Compass":46,"Shovel":60,"Calipers":64,"KSMOD_SealedBook":0,"Strawberry":21,"Dead Branch":56,"energizedSpire:EnergizedDie":40,"Pandora\u0027s Box":76,"KSMOD_SealedWand":0,"EVO:Axolotl":0,"Whetstone":46,"KSMOD_Cerberus":17}]},"card_choices":[{"not_picked":["ClowCardTheWave","ClowCardTheMirror"],"picked":"ClowCardTheStorm","floor":1},{"not_picked":["ClowCardTheVoice","ClowCardTheLock"],"picked":"ClowCardTheSand","floor":2},{"not_picked":["ClowCardThePower","ClowCardTheMove"],"picked":"ClowCardTheShot","floor":3},{"not_picked":["ClowCardTheDream","ClowCardTheLittle"],"picked":"ClowCardTheShot","floor":4},{"not_picked":["ClowCardTheIllusion","ClowCardTheLight"],"picked":"ClowCardTheWood","floor":5},{"not_picked":["ClowCardTheWood","ClowCardTheEarthy"],"picked":"ClowCardTheLibra","floor":6},{"not_picked":["ClowCardTheChange","ClowCardTheLoop"],"picked":"ClowCardTheBubbles","floor":8},{"not_picked":["ClowCardTheCloud","ClowCardTheWatery"],"picked":"ClowCardTheSilent","floor":10},{"not_picked":["ClowCardTheCloud","ClowCardTheRain"],"picked":"ClowCardThePower","floor":12},{"not_picked":["ClowCardTheShot","ClowCardTheLibra"],"picked":"ClowCardTheMaze","floor":13},{"not_picked":["ClowCardTheCreate","ClowCardTheLight"],"picked":"ClowCardTheThunder","floor":16},{"not_picked":["ClowCardTheVoice","ClowCardTheDream"],"picked":"ClowCardTheShot","floor":18},{"not_picked":["ClowCardTheFirey","ClowCardTheLock"],"picked":"ClowCardTheWave","floor":19},{"not_picked":["ClowCardTheWave","ClowCardTheStorm+1"],"picked":"ClowCardTheRain","floor":21},{"not_picked":["ClowCardTheDream","ClowCardTheMist"],"picked":"ClowCardTheSand","floor":22},{"not_picked":["ClowCardTheThunder","ClowCardTheDream"],"picked":"ClowCardTheJump","floor":23},{"not_picked":["ClowCardTheWatery","ClowCardTheLock"],"picked":"ClowCardTheSweet+1","floor":24},{"not_picked":["ClowCardTheErase","ClowCardTheFirey"],"picked":"ClowCardTheShadow+1","floor":29},{"not_picked":["ClowCardTheShot","ClowCardTheWatery"],"picked":"ClowCardTheMist","floor":31},{"not_picked":["ClowCardTheCreate","ClowCardTheReturn"],"picked":"ClowCardTheThunder","floor":33},{"not_picked":["ClowCardTheRain","ClowCardTheArrow"],"picked":"ClowCardThePower+1","floor":35}],"player_experience":457573,"relics_obtained":[{"floor":6,"key":"KSMOD_Cerberus"},{"floor":8,"key":"Strawberry"},{"floor":23,"key":"Dead Branch"},{"floor":26,"key":"Shovel"},{"floor":29,"key":"Calipers"}],"event_choices":[{"damage_healed":0,"gold_gain":75,"player_choice":"Gold","damage_taken":11,"max_hp_gain":0,"max_hp_loss":0,"event_name":"betterThird:BetterGoop","floor":14,"gold_loss":0},{"damage_healed":0,"gold_gain":0,"player_choice":"Read","damage_taken":0,"max_hp_gain":0,"max_hp_loss":0,"event_name":"The Library","floor":28,"gold_loss":0,"cards_obtained":["ClowCardTheShot"]},{"damage_healed":72,"gold_gain":0,"player_choice":"Heal","damage_taken":0,"max_hp_gain":0,"max_hp_loss":10,"event_name":"The Moai Head","floor":36,"gold_loss":0},{"damage_healed":0,"gold_gain":0,"player_choice":"Fight","damage_taken":0,"max_hp_gain":0,"max_hp_loss":0,"event_name":"Mysterious Sphere","floor":37,"gold_loss":0}],"is_beta":false,"boss_relics":[{"not_picked":["Busted Crown","Velvet Choker"],"picked":"energizedSpire:EnergizedDie"},{"not_picked":["SacredBark","energizedSpire:SpiderWeb"],"picked":"Pandora\u0027s Box"}],"items_purged_floors":[20],"is_endless":false,"potions_floor_spawned":[1,2,8,13,16,22,23,24,31,35],"killed_by":"2 Orb Walkers","ascension_level":0}}