{"host":"xdbac5uiks898er5","time":1614344776,"event":{"mods":["2.2 Compatiblity","BaseMod","Become a monster ???","Lobotomy","LobotomyExtend","Minty Spire (QoL Compilation)","Spire Arcade","StSLib","SuperFastMode","Unknown Chances"],"gold_per_floor":[109,109,123,123,138,138,173,173,173,252,252,283,307,324,324,423,423,439,439,406,421,421,453,453,463,487,500,208,208,235,252,252,349,349,362,362,380,380,380,380,380],"floor_reached":40,"language":"ENG","playtime":888,"items_purged":[],"score":432,"play_id":"82a6b36b-fc11-4864-a00a-c8202fb23d6e","local_time":"20210226140616","is_ascension_mode":false,"campfire_choices":[{"data":"Pummel","floor":6.0,"key":"SMITH"},{"data":"Inflame","floor":8.0,"key":"SMITH"},{"data":"Disarm","floor":15,"key":"SMITH"},{"data":"Disarm","floor":24,"key":"SMITH"},{"data":"Bash","floor":29,"key":"SMITH"},{"data":"Metallicize","floor":32,"key":"SMITH"}],"circlet_count":0,"master_deck":["Strike_R","Strike_R","Strike_R","Strike_R","Defend_R","Defend_R","Defend_R","Defend_R","Bash+1","Combust+1","Pummel+1","Inflame+1","Disarm+1","Disarm+1","Sword Boomerang+1","Double Tap","Ghostly Armor+1","Twin Strike","Metallicize+1","Impervious","Disarm+1","Secret Technique","Pummel"],"relics":["Burning Blood","LetterFromLob","Thread and Needle","Darkstone Periapt","Gremlin Horn","Bird Faced Urn","Odd Mushroom","SlaversCollar","Orichalcum","Ancient Tea Set","Bag of Preparation","Strawberry","Letter Opener","Black Star"],"acts_visited":["TheCity","TheBeyond"],"potions_floor_usage":[18],"damage_taken":[{"damage":7.0,"enemies":"Small Slimes","floor":1.0,"turns":4.0},{"damage":4.0,"enemies":"Jaw Worm","floor":3.0,"turns":3.0},{"damage":12.0,"enemies":"2 Louse","floor":5.0,"turns":3.0},{"damage":35.0,"enemies":"Lagavulin","floor":7.0,"turns":6.0},{"damage":12,"enemies":"Gremlin Nob","floor":12,"turns":3},{"damage":6,"enemies":"The Mushroom Lair","floor":13,"turns":2},{"damage":7,"enemies":"Looter","floor":14,"turns":2},{"damage":40,"enemies":"The Guardian","floor":16,"turns":12},{"damage":6,"enemies":"3 Byrds","floor":18,"turns":5},{"damage":23,"enemies":"Spheric Guardian","floor":21,"turns":4},{"damage":23,"enemies":"Book of Stabbing","floor":23,"turns":7},{"damage":4,"enemies":"Shelled Parasite and Fungi","floor":25,"turns":5},{"damage":3,"enemies":"Snake Plant","floor":27,"turns":5},{"damage":28,"enemies":"Slavers","floor":30,"turns":5},{"damage":3,"enemies":"Centurion and Healer","floor":31,"turns":6},{"damage":42,"enemies":"Champ","floor":33,"turns":9},{"damage":29,"enemies":"3 Darklings","floor":35,"turns":8},{"damage":47,"enemies":"3 Shapes","floor":37,"turns":10},{"damage":39,"enemies":"Reptomancer","floor":40,"turns":2}],"seed_played":"3011164097591722403","potions_obtained":[{"floor":5.0,"key":"Fruit Juice"},{"floor":13,"key":"DistilledChaos"},{"floor":21,"key":"Ancient Potion"},{"floor":25,"key":"ElixirPotion"},{"floor":27,"key":"SpeedPotion"}],"is_trial":false,"path_per_floor":["M","?","M","$","M","R","E","R","T","T","?","E","?","M","R","B",null,"M","?","$","M","?","E","R","M","T","M","$","R","E","M","R","B",null,"M","?","M","?","?","E"],"character_chosen":"IRONCLAD","items_purchased":["Disarm","Bag of Preparation","Strawberry"],"campfire_rested":0,"item_purchase_floors":[20,28,28],"current_hp_per_floor":[79,79,80,80,79,79,50,50,50,50,50,44,48,49,49,19,85,85,85,85,69,69,56,56,62,62,69,76,76,58,65,65,35,92,71,71,34,34,34,0,0],"gold":380,"neow_bonus":"","is_daily":false,"chose_seed":false,"campfire_upgraded":6,"win_rate":0.0,"timestamp":1614344776,"path_taken":["M","?","M","$","M","R","E","R","T","?","?","E","?","M","R","BOSS","M","?","$","M","?","E","R","M","T","M","$","R","E","M","R","BOSS","M","?","M","?","?","E"],"items_purchased_type":["Card","Relic","Relic"],"build_version":"2020-12-22","purchased_purges":0,"victory":false,"max_hp_per_floor":[80,80,80,80,85,85,85,85,85,85,85,85,85,85,85,85,85,85,85,85,85,85,85,85,85,85,85,92,92,92,92,92,92,92,92,92,92,92,87,87,87],"card_choices":[{"not_picked":["Perfected Strike","Pommel Strike"],"picked":"Combust","floor":1.0},{"not_picked":["Hemokinesis","Warcry"],"picked":"Pummel","floor":3.0},{"not_picked":["Shockwave","Anger","Body Slam"],"picked":"SKIP","floor":5.0},{"not_picked":["Pommel Strike","Shrug It Off"],"picked":"Inflame","floor":7.0},{"not_picked":["Headbutt","Battle Trance","Carnage"],"picked":"SKIP","floor":12},{"not_picked":["Blood for Blood","Dual Wield"],"picked":"Disarm","floor":14},{"not_picked":["Thunderclap+1","Intimidate","Headbutt"],"picked":"SKIP","floor":18},{"not_picked":["Clash","Cleave","Warcry+1"],"picked":"SKIP","floor":21},{"not_picked":["Carnage","Armaments"],"picked":"Sword Boomerang+1","floor":23},{"not_picked":["Clash","Dropkick"],"picked":"Double Tap","floor":25},{"not_picked":["Flex","Cleave"],"picked":"Ghostly Armor+1","floor":27},{"not_picked":["Cleave","Impervious"],"picked":"Twin Strike","floor":30},{"not_picked":["Whirlwind","Body Slam"],"picked":"Metallicize","floor":31},{"not_picked":["Double Tap","Bludgeon"],"picked":"Impervious","floor":33},{"not_picked":["True Grit","Twin Strike"],"picked":"Disarm+1","floor":35},{"not_picked":["Dramatic Entrance","Purity"],"picked":"Secret Technique","floor":36},{"not_picked":["Pommel Strike+1","Dual Wield+1"],"picked":"Pummel","floor":37}],"player_experience":0,"relics_obtained":[{"floor":1.0,"key":"LetterFromLob"},{"floor":7.0,"key":"Thread and Needle"},{"floor":9.0,"key":"Darkstone Periapt"},{"floor":10.0,"key":"Gremlin Horn"},{"floor":12,"key":"Bird Faced Urn"},{"floor":13,"key":"Odd Mushroom"},{"floor":23,"key":"Orichalcum"},{"floor":26,"key":"Ancient Tea Set"},{"floor":30,"key":"Letter Opener"}],"event_choices":[{"damage_healed":0.0,"max_hp_gain":0.0,"max_hp_loss":0.0,"gold_gain":0.0,"event_name":"Living Wall","player_choice":"Grow","floor":2.0,"gold_loss":0.0,"damage_taken":0.0,"cards_upgraded":["Combust"]},{"damage_healed":0,"gold_gain":0,"player_choice":"Leave","damage_taken":0,"max_hp_gain":0,"max_hp_loss":0,"event_name":"The Cleric","floor":11,"gold_loss":0},{"damage_healed":0,"gold_gain":0,"player_choice":"Fought Mushrooms","damage_taken":0,"max_hp_gain":0,"max_hp_loss":0,"event_name":"Mushrooms","floor":13,"gold_loss":0},{"cards_removed":["Strike_R"],"damage_healed":0,"gold_gain":0,"player_choice":"Elegance","damage_taken":0,"max_hp_gain":0,"max_hp_loss":0,"event_name":"Back to Basics","floor":22,"gold_loss":0},{"damage_healed":0,"gold_gain":0,"player_choice":"Memory 1","damage_taken":0,"max_hp_gain":0,"max_hp_loss":0,"event_name":"SensoryStone","floor":36,"gold_loss":0},{"damage_healed":0,"gold_gain":0,"player_choice":"Max HP","damage_taken":0,"max_hp_gain":0,"max_hp_loss":5,"event_name":"Winding Halls","floor":39,"gold_loss":0}],"is_beta":false,"boss_relics":[{"not_picked":["Runic Cube","Empty Cage"],"picked":"SlaversCollar"},{"not_picked":["Fusion Hammer","Black Blood"],"picked":"Black Star"}],"items_purged_floors":[],"is_endless":false,"potions_floor_spawned":[5,13,21,25,27,30,31],"killed_by":"Reptomancer","ascension_level":0}}