{"host":"xm0tf1maiknh0fp9","time":1614303445,"event":{"mods":["BaseMod","Colored Map","Colored Powertips","Googly Eyes","Minty Spire (QoL Compilation)","Replay The Spire","StSLib"],"gold_per_floor":[14,14,14,14,31,31,31,31,57,57,78,130,142,67,67,168,168,180,180,72,84,0,0,13,13,13,13,39,39,51,51,51,154,154,172,172,172,192,211,211,243,243,243,259,58,93,117,141,153,165],"floor_reached":51,"language":"ENG","playtime":1897,"items_purged":["Sweeping Beam","Strike_B+1"],"score":894,"play_id":"fb93ddd6-bf96-4172-ace3-87e203decef1","local_time":"20210225203725","is_ascension_mode":true,"campfire_choices":[{"data":"Redo","floor":6.0,"key":"SMITH"},{"floor":8.0,"key":"DIG"},{"floor":10.0,"key":"DIG"},{"floor":15.0,"key":"DIG"},{"floor":23.0,"key":"DIG"},{"floor":27.0,"key":"DIG"},{"floor":29.0,"key":"DIG"},{"floor":32,"key":"DIG"},{"floor":40,"key":"DIG"},{"floor":42,"key":"DIG"},{"floor":49,"key":"DIG"}],"circlet_count":0,"master_deck":["Strike_B+1","Strike_B+1","Defend_B+1","Defend_B+1","Defend_B+1","Defend_B+1","Zap+1","Dualcast","Master of Strategy","Defragment+1","Redo+1","Gash","Redo","ReplayRNGCard","All For One+1","Redo+1","Gash+1","Scrape","Fission","BasicCrystalCard+1","Gash+1","Gash+1","Skim"],"relics":["FrozenCore","Shovel","Gremlin Food","Bronze Scales","StrikeDummy","Odd Mushroom","Pantograph","White Beast Statue","Inserter","Frozen Egg 2","Replay:Rubber Ducky","Bottled Lightning","Mercury Hourglass","Geode","Lantern","Gambling Chip","Potion Belt","Divine Protection","Prayer Wheel","Pet Ghost","Vajra","PreservedInsect","Membership Card","MealTicket","MawBank","Replay:Ringing Soul"],"acts_visited":["Exordium","TheCity","TheBeyond"],"potions_floor_usage":[33,33,50,50,50,50],"damage_taken":[{"damage":2.0,"enemies":"2 Louse","floor":1.0,"turns":2.0},{"damage":0.0,"enemies":"Small Slimes","floor":5.0,"turns":2.0},{"damage":0.0,"enemies":"The Mushroom Lair","floor":11.0,"turns":2.0},{"damage":1.0,"enemies":"Cultist","floor":13.0,"turns":2.0},{"damage":26.0,"enemies":"Hexaghost","floor":16.0,"turns":8.0},{"damage":10.0,"enemies":"Chosen","floor":18.0,"turns":4.0},{"damage":5.0,"enemies":"Spheric Guardian","floor":21.0,"turns":3.0},{"damage":14.0,"enemies":"Centurion and Healer","floor":24.0,"turns":3.0},{"damage":7.0,"enemies":"Replay:Snechameleon","floor":28.0,"turns":4.0},{"damage":3.0,"enemies":"Sentry and Sphere","floor":30.0,"turns":2.0},{"damage":23,"enemies":"Pondfish","floor":33,"turns":8},{"damage":2,"enemies":"3 Shapes","floor":35,"turns":4},{"damage":7,"enemies":"Orb Walker","floor":38,"turns":2},{"damage":5,"enemies":"3 Darklings","floor":39,"turns":4},{"damage":0,"enemies":"R_Hoarder","floor":41,"turns":7},{"damage":0,"enemies":"Transient","floor":44,"turns":5},{"damage":0,"enemies":"Giant Head","floor":46,"turns":6},{"damage":4,"enemies":"Spire Growth","floor":48,"turns":4},{"damage":63,"enemies":"Donu and Deca","floor":50,"turns":7}],"seed_played":"3770083969810442938","potions_obtained":[{"floor":1.0,"key":"FearPotion"},{"floor":4.0,"key":"Block Potion"},{"floor":4.0,"key":"SpeedPotion"},{"floor":16.0,"key":"DuplicationPotion"},{"floor":18.0,"key":"Fire Potion"},{"floor":28.0,"key":"EssenceOfSteel"},{"floor":30,"key":"Fire Potion"},{"floor":33,"key":"Strength Potion"},{"floor":35,"key":"SteroidPotion"},{"floor":38,"key":"Adrenaline Potion"},{"floor":39,"key":"FearPotion"},{"floor":41,"key":"LiquidBronze"}],"is_trial":false,"path_per_floor":["M","?","?","?","M","R","T","R","T","R","?","?","M","$","R","B",null,"M","T","$","M","?","R","M","?","T","R","E","R","M","?","R","B",null,"M","?","?","M","M","R","E","R","T","M","$","E","T","M","R","B",null],"character_chosen":"DEFECT","items_purchased":["All For One+1","Membership Card"],"campfire_rested":0,"item_purchase_floors":[20,45],"current_hp_per_floor":[73,73,73,73,73,73,73,73,73,73,73,73,72,72,72,49,75,65,65,65,60,60,60,46,46,46,46,39,39,36,36,36,38,75,73,73,71,64,59,59,59,59,59,59,59,59,59,55,55,8],"gold":177,"neow_bonus":"RANDOM_COLORLESS_2","is_daily":false,"chose_seed":false,"campfire_upgraded":1,"win_rate":0.0,"timestamp":1614303445,"path_taken":["M","?","?","?","?","R","?","R","T","R","?","?","M","?","R","BOSS","M","?","$","?","?","R","M","?","T","R","E","R","M","?","R","BOSS","M","?","?","M","M","R","E","R","T","M","$","E","?","M","R","BOSS"],"items_purchased_type":["Card","Relic"],"build_version":"2020-12-22","purchased_purges":2,"victory":true,"max_hp_per_floor":[75,75,75,75,75,75,75,75,75,75,75,75,75,75,75,75,75,75,75,75,75,75,75,75,75,75,75,75,75,75,75,75,75,75,75,75,71,71,71,71,71,71,71,71,71,71,71,71,71,71],"card_choices":[{"not_picked":["Crow Ritual","Thinking Ahead"],"picked":"Master of Strategy","floor":0.0},{"not_picked":["Heatsinks","Compile Driver"],"picked":"Sweeping Beam","floor":1.0},{"not_picked":["BasicCrystalCard","ReplaySolidLightProjector"],"picked":"Redo","floor":5.0},{"not_picked":["All For One","Conserve Battery"],"picked":"Gash","floor":12.0},{"not_picked":["Time Bomb","Stack"],"picked":"Redo","floor":12.0},{"not_picked":["Panic Button","Steam","FIFO Queue"],"picked":"SKIP","floor":13.0},{"not_picked":["Mirror Shield","Echo Form"],"picked":"ReplayRNGCard","floor":16.0},{"not_picked":["Go for the Eyes+1","Time Bomb+1","Coolheaded"],"picked":"SKIP","floor":18.0},{"not_picked":["Coolheaded","Go for the Eyes"],"picked":"Redo+1","floor":21.0},{"not_picked":["FTL","Melter"],"picked":"Gash+1","floor":24.0},{"not_picked":["Electrodynamics+1","Leap+1"],"picked":"Scrape","floor":28.0},{"not_picked":["FIFO Queue+1","Recycle","Melter"],"picked":"SKIP","floor":30},{"not_picked":["Multi-Cast","Hyperbeam"],"picked":"Fission","floor":33},{"not_picked":["Consume","Heatsinks+1","Turbo+1"],"picked":"SKIP","floor":35},{"not_picked":["Stack+1","Leap+1"],"picked":"BasicCrystalCard+1","floor":38},{"not_picked":["Leap+1","Redo"],"picked":"Gash+1","floor":39},{"not_picked":["Go for the Eyes+1","Coolheaded","Echo Form+1"],"picked":"SKIP","floor":41},{"not_picked":["Storm+1","Tempest"],"picked":"Gash+1","floor":44},{"not_picked":["Static Discharge+1","Coolheaded"],"picked":"Skim","floor":44},{"not_picked":["Sweeping Beam+1","Hologram+1","Chaos+1"],"picked":"SKIP","floor":46},{"not_picked":["Streamline+1","ReplaySort","Conserve Battery+1"],"picked":"SKIP","floor":48},{"not_picked":["Leap+1","Coolheaded","Go for the Eyes"],"picked":"SKIP","floor":48}],"player_experience":189204,"relics_obtained":[{"floor":7.0,"key":"Shovel"},{"floor":8.0,"key":"Gremlin Food"},{"floor":9.0,"key":"Bronze Scales"},{"floor":10.0,"key":"StrikeDummy"},{"floor":11.0,"key":"Odd Mushroom"},{"floor":12.0,"key":"Pantograph"},{"floor":15.0,"key":"White Beast Statue"},{"floor":19.0,"key":"Frozen Egg 2"},{"floor":23.0,"key":"Replay:Rubber Ducky"},{"floor":26.0,"key":"Bottled Lightning"},{"floor":27.0,"key":"Mercury Hourglass"},{"floor":28.0,"key":"Geode"},{"floor":29.0,"key":"Lantern"},{"floor":32,"key":"Potion Belt"},{"floor":40,"key":"Divine Protection"},{"floor":41,"key":"Pet Ghost"},{"floor":42,"key":"Vajra"},{"floor":43,"key":"PreservedInsect"},{"floor":46,"key":"MealTicket"},{"floor":47,"key":"MawBank"},{"floor":49,"key":"Replay:Ringing Soul"}],"event_choices":[{"damage_healed":0.0,"max_hp_gain":0.0,"max_hp_loss":0.0,"gold_gain":0.0,"event_name":"Living Wall","player_choice":"Grow","floor":3.0,"gold_loss":0.0,"damage_taken":0.0,"cards_upgraded":["Zap"]},{"damage_healed":0.0,"max_hp_gain":0.0,"max_hp_loss":0.0,"gold_gain":0.0,"event_name":"Lab","player_choice":"Got Potions","floor":4.0,"gold_loss":0.0,"damage_taken":0.0},{"damage_healed":0.0,"max_hp_gain":0.0,"max_hp_loss":0.0,"gold_gain":0.0,"event_name":"Mushrooms","player_choice":"Fought Mushrooms","floor":11.0,"gold_loss":0.0,"damage_taken":0.0},{"damage_healed":0.0,"max_hp_gain":0.0,"max_hp_loss":0.0,"gold_gain":0.0,"event_name":"Masked Bandits","player_choice":"Paid Fearfully","floor":22.0,"gold_loss":84.0,"damage_taken":0.0},{"damage_healed":0.0,"max_hp_gain":0.0,"max_hp_loss":0.0,"gold_gain":0.0,"event_name":"Back to Basics","player_choice":"Simplicity","floor":25.0,"gold_loss":0.0,"damage_taken":0.0,"cards_upgraded":["Strike_B","Strike_B","Strike_B","Defend_B","Defend_B","Defend_B","Defend_B"]},{"damage_healed":0,"gold_gain":0,"player_choice":"Ignored","damage_taken":0,"max_hp_gain":0,"max_hp_loss":0,"event_name":"Mysterious Sphere","floor":36,"gold_loss":0},{"damage_healed":0,"gold_gain":0,"player_choice":"Max HP","damage_taken":0,"max_hp_gain":0,"max_hp_loss":4,"event_name":"Winding Halls","floor":37,"gold_loss":0}],"is_beta":false,"boss_relics":[{"not_picked":["Replay:Bronze Core","Runic Dome"],"picked":"Inserter"},{"not_picked":["Replay:Drink Me","Cursed Key"],"picked":"FrozenCore"}],"items_purged_floors":[14,45],"is_endless":false,"potions_floor_spawned":[1,13,16,18,21,24,28,30,33,35,38,39,41,44,46,48],"ascension_level":1}}