{"host":"cdbhaz9p3iutjbyx","time":1614365719,"event":{"mods":["AchievementEnabler","BaseMod","Downfall","GifTheSpireLib","Hubris","Minty Spire (QoL Compilation)","Rare Cards Sparkle","StSLib","The Disciple","The Senshi"],"gold_per_floor":[115,131,131,131,141,141,174,186,251,263,275,301,325,355,367,475,487,517,629,655,683,695,695],"floor_reached":22,"language":"ENG","playtime":1923,"items_purged":[],"score":188,"play_id":"645f6d32-edd5-40b5-8ef7-f54a726e74c8","local_time":"20210226195519","is_ascension_mode":false,"campfire_choices":[{"data":"Weave","floor":6.0,"key":"SMITH"},{"floor":8.0,"key":"REST"},{"floor":10.0,"key":"REST"},{"floor":15,"key":"REST"}],"circlet_count":0,"master_deck":["Strike_P","Strike_P","Strike_P","Strike_P","Defend_P","Defend_P","Defend_P","Defend_P","Eruption","Vigilance","Perseverance","Weave+1","JustLucky","WindmillStrike","FlyingSleeves","ThirdEye","Perseverance","Establishment","Collect+1","PathToVictory","FollowUp+1"],"relics":["PureWater","hubris:Towel","CultistMask","MawBank","Blood Vial","Fusion Hammer"],"acts_visited":["Exordium","TheCity"],"potions_floor_usage":[13,16,18,21,22],"damage_taken":[{"damage":2.0,"enemies":"Cultist","floor":1.0,"turns":3.0},{"damage":4.0,"enemies":"Jaw Worm","floor":2.0,"turns":5.0},{"damage":0.0,"enemies":"Small Slimes","floor":5.0,"turns":3.0},{"damage":62.0,"enemies":"Gremlin Nob","floor":7.0,"turns":5.0},{"damage":15.0,"enemies":"Gremlin Gang","floor":12.0,"turns":5.0},{"damage":0,"enemies":"3 Louse","floor":13,"turns":2},{"damage":1,"enemies":"2 Fungi Beasts","floor":14,"turns":3},{"damage":62,"enemies":"Hexaghost","floor":16,"turns":10},{"damage":10,"enemies":"2 Thieves","floor":18,"turns":4},{"damage":3,"enemies":"Spheric Guardian","floor":20,"turns":3},{"damage":58,"enemies":"Chosen and Byrds","floor":21,"turns":7},{"damage":64,"enemies":"Shelled Parasite and Fungi","floor":22,"turns":3}],"seed_played":"-7199454593247069761","potions_obtained":[{"floor":2.0,"key":"Explosive Potion"},{"floor":5.0,"key":"DistilledChaos"},{"floor":7.0,"key":"Slimebound:ThreeZeroPotion"},{"floor":12,"key":"EntropicBrew"},{"floor":21,"key":"Explosive Potion"}],"is_trial":false,"path_per_floor":["M","M","?","?","M","R","E","R","T","R","$","M","M","M","R","B",null,"M","?","M","M","M"],"character_chosen":"WATCHER","items_purchased":[],"campfire_rested":3,"item_purchase_floors":[],"current_hp_per_floor":[77,73,73,73,73,73,11,34,34,57,57,44,46,47,70,10,79,69,69,68,12,0,0],"gold":695,"neow_bonus":"TEN_PERCENT_HP_BONUS","is_daily":false,"chose_seed":false,"campfire_upgraded":1,"win_rate":0.0,"timestamp":1614365719,"path_taken":["M","M","?","?","M","R","E","R","T","R","$","M","M","?","R","BOSS","M","?","?","M","M"],"items_purchased_type":[],"build_version":"2020-12-22","purchased_purges":0,"victory":false,"max_hp_per_floor":[79,79,79,79,79,79,79,79,79,79,79,79,79,79,79,79,79,79,79,79,79,79,79],"card_choices":[{"not_picked":["Crescendo","ThirdEye"],"picked":"Perseverance","floor":1.0},{"not_picked":["ClearTheMind","PathToVictory"],"picked":"Weave","floor":2.0},{"not_picked":["Sanctity","ThirdEye"],"picked":"JustLucky","floor":5.0},{"not_picked":["LikeWater","Halt"],"picked":"WindmillStrike","floor":7.0},{"not_picked":["Consecrate","EmptyFist"],"picked":"FlyingSleeves","floor":12},{"not_picked":["FollowUp","Fasting2"],"picked":"ThirdEye","floor":13},{"not_picked":["CrushJoints","EmptyBody"],"picked":"Perseverance","floor":14},{"not_picked":["Judgement","Vault"],"picked":"Establishment","floor":16},{"not_picked":["Conclude","InnerPeace"],"picked":"Collect+1","floor":18},{"not_picked":["Evaluate","BowlingBash"],"picked":"PathToVictory","floor":20},{"not_picked":["Consecrate","WheelKick"],"picked":"FollowUp+1","floor":21}],"player_experience":21325,"relics_obtained":[{"floor":7.0,"key":"MawBank"},{"floor":9.0,"key":"Blood Vial"}],"event_choices":[{"damage_healed":0.0,"max_hp_gain":0.0,"max_hp_loss":0.0,"gold_gain":0.0,"event_name":"FaceTrader","player_choice":"Trade","floor":4.0,"gold_loss":0.0,"damage_taken":0.0,"relics_obtained":["CultistMask"]},{"damage_healed":0,"gold_gain":100,"player_choice":"Pray","damage_taken":0,"max_hp_gain":0,"max_hp_loss":0,"event_name":"Golden Shrine","floor":19,"gold_loss":0}],"is_beta":false,"boss_relics":[{"not_picked":["Snecko Eye","hubris:ScarierMask"],"picked":"Fusion Hammer"}],"items_purged_floors":[],"is_endless":false,"potions_floor_spawned":[2,5,7,12,21],"killed_by":"Shelled Parasite and Fungi","ascension_level":0}}