{"host":"z3m7ofiwbo1p8b5b","time":1614361940,"event":{"mods":["BaseMod","BetterRewards","Downfall","Minty Spire (QoL Compilation)","Replay The Spire","StSLib"],"gold_per_floor":[114,114,131,145,145,177,177,177,177,177,188,201,218,323,323,424,424,434,448,448,448,364,375,276,276,301,301,312,312,312,326,326,428,428,439,439,367,418,418,445,445,445,445,465,465,465,19,36,36,36],"floor_reached":51,"language":"ENG","playtime":2870,"items_purged":["ReplayTheSpireMod:Doomed"],"score":650,"play_id":"9c52f9d1-ec21-4d18-8c87-82a3250996f8","local_time":"20210226125220","is_ascension_mode":false,"campfire_choices":[{"floor":7,"key":"REST"},{"floor":10,"key":"REST"},{"floor":15,"key":"REST"},{"data":"Sadistic Nature","floor":25,"key":"SMITH"},{"data":"Apotheosis","floor":29,"key":"SMITH"},{"floor":32,"key":"REST"},{"floor":41,"key":"REST"},{"floor":46,"key":"DIG"},{"data":"Footwork","floor":49,"key":"SMITH"}],"circlet_count":0,"master_deck":["Strike_G+1","Strike_G+1","Strike_G+1","Strike_G+1","Strike_G+1","Defend_G+1","Defend_G+1","Defend_G+1","Defend_G+1","Defend_G+1","Survivor","Neutralize+1","ReplayTheSpireMod:Faulty Equipment","Sadistic Nature+1","Flying Knee","Corpse Explosion","Toxin Wave","Sucker Punch+1","Deflect","PiercingWail","Sucker Punch","Envenom","PiercingWail","Heel Hook+1","Apotheosis+1","Footwork+1","Toxin Wave+1","Writhe","Noxious Fumes","Terror+1"],"relics":["Ring of the Snake","Byrd Skull","InkBottle","Busted Crown","Ring of Peace","Ring of Fangs","ReplayTheSpireMod:CursedCoin","Whetstone","SlaversCollar","Replay:Multitool","Art of War","ReplayTheSpireMod:TigerMarble","Ginger","The Specimen"],"acts_visited":["Exordium","TheCity","TheBeyond"],"potions_floor_usage":[6,16,19,19,28,33,35,38,48],"damage_taken":[{"damage":0,"enemies":"Small Slimes","floor":1,"turns":3},{"damage":0,"enemies":"Cultist","floor":3,"turns":4},{"damage":0,"enemies":"2 Louse","floor":4,"turns":3},{"damage":42,"enemies":"Gremlin Nob","floor":6,"turns":5},{"damage":0,"enemies":"2 Fungi Beasts","floor":11,"turns":3},{"damage":12,"enemies":"Exordium Thugs","floor":12,"turns":4},{"damage":7,"enemies":"Looter","floor":13,"turns":3},{"damage":11,"enemies":"Hexaghost","floor":16,"turns":10},{"damage":0,"enemies":"Chosen","floor":18,"turns":4},{"damage":0,"enemies":"2 Thieves","floor":19,"turns":2},{"damage":0,"enemies":"Snecko","floor":22,"turns":5},{"damage":0,"enemies":"Shelled Parasite and Fungi","floor":23,"turns":7},{"damage":0,"enemies":"Snake Plant","floor":28,"turns":4},{"damage":8,"enemies":"Sentry and Sphere","floor":31,"turns":4},{"damage":14,"enemies":"Champ","floor":33,"turns":11},{"damage":0,"enemies":"Orb Walker","floor":35,"turns":2},{"damage":17,"enemies":"2 Orb Walkers","floor":38,"turns":4},{"damage":37,"enemies":"Giant Head","floor":40,"turns":9},{"damage":0,"enemies":"3 Darklings","floor":44,"turns":4},{"damage":4,"enemies":"Spire Growth","floor":48,"turns":5},{"damage":62,"enemies":"Awakened One","floor":50,"turns":13}],"seed_played":"1292083603859780980","potions_obtained":[{"floor":1,"key":"ColorlessPotion"},{"floor":11,"key":"SteroidPotion"},{"floor":12,"key":"Strength Potion"},{"floor":16,"key":"Energy Potion"},{"floor":18,"key":"ColorlessPotion"},{"floor":19,"key":"Doom Potion"},{"floor":33,"key":"FearPotion"},{"floor":35,"key":"SkillPotion"}],"is_trial":false,"path_per_floor":["M","?","M","M","$","E","R","$","T","R","M","M","M","?","R","B",null,"M","M","?","?","M","M","$","R","T","$","M","R","?","M","R","B",null,"M","?","$","?","?","E","R","?","T","M","?","R","$","M","R","B",null],"character_chosen":"THE_SILENT","items_purchased":["ReplayTheSpireMod:CursedCoin","Apotheosis","Footwork","The Specimen","Regen Potion","Noxious Fumes"],"campfire_rested":5,"item_purchase_floors":[24,24,37,47,47,47],"current_hp_per_floor":[70,70,70,70,70,28,49,49,49,70,70,58,51,34,55,44,70,70,70,70,70,70,70,70,70,70,70,70,70,57,49,71,57,75,75,75,75,58,58,21,43,62,62,62,62,62,62,72,72,10],"gold":36,"neow_bonus":"RANDOM_COLORLESS_2","is_daily":false,"chose_seed":false,"campfire_upgraded":3,"win_rate":0.0,"timestamp":1614361940,"path_taken":["M","?","?","M","$","E","R","$","T","R","M","?","M","?","R","BOSS","M","M","?","?","?","M","$","R","T","$","M","R","?","M","R","BOSS","M","?","$","?","?","E","R","?","T","M","?","R","?","M","R","BOSS"],"items_purchased_type":["Relic","Card","Card","Relic","Potion","Card"],"build_version":"2020-12-22","purchased_purges":1,"victory":true,"max_hp_per_floor":[70,70,70,70,70,70,70,70,70,70,70,70,70,70,70,70,70,70,70,70,70,70,70,70,70,70,70,70,70,75,75,75,75,75,75,75,75,75,75,75,75,75,75,75,75,75,75,75,75,75],"card_choices":[{"not_picked":["Midas Touch","Violence"],"picked":"Sadistic Nature","floor":0},{"not_picked":["Acrobatics","Cloak And Dagger"],"picked":"Hidden Blade","floor":1},{"not_picked":["ReplayTheSpireMod:Scrap Shanks","Dagger Spray"],"picked":"Flying Knee","floor":3},{"not_picked":["ReplayTheSpireMod:The Works","Flying Knee","Underhanded Strike"],"picked":"SKIP","floor":4},{"not_picked":["Reflex","Heel Hook"],"picked":"Corpse Explosion","floor":6},{"not_picked":["Dagger Spray","Setup"],"picked":"Toxin Wave","floor":11},{"not_picked":["Fluid Movement","Dagger Throw"],"picked":"Sucker Punch","floor":12},{"not_picked":["Blade Dance","Predator","ReplayTheSpireMod:Shiv Toss"],"picked":"SKIP","floor":13},{"not_picked":["Acrobatics","Footwork"],"picked":"Deflect","floor":14},{"not_picked":["Footwork","Calculated Gamble"],"picked":"PiercingWail","floor":14},{"not_picked":["Caltrops","Dagger Spray"],"picked":"Sucker Punch","floor":14},{"not_picked":["Burst","After Image"],"picked":"Envenom","floor":16},{"not_picked":[],"picked":"PiercingWail","floor":18},{"not_picked":[],"picked":"Dagger Spray+1","floor":19},{"not_picked":[],"picked":"Heel Hook+1","floor":22},{"not_picked":["All Out Attack"],"picked":"SKIP","floor":23},{"not_picked":["Expertise"],"picked":"SKIP","floor":28},{"not_picked":["Outmaneuver+1"],"picked":"SKIP","floor":31},{"not_picked":["Setup"],"picked":"SKIP","floor":35},{"not_picked":[],"picked":"Toxin Wave+1","floor":38},{"not_picked":["Acrobatics+1"],"picked":"SKIP","floor":40},{"not_picked":["Quick Slash"],"picked":"SKIP","floor":44},{"not_picked":[],"picked":"Terror+1","floor":48}],"player_experience":226833,"relics_obtained":[{"floor":6,"key":"Byrd Skull"},{"floor":9,"key":"InkBottle"},{"floor":20,"key":"Ring of Peace"},{"floor":20,"key":"Ring of Fangs"},{"floor":26,"key":"Whetstone"},{"floor":38,"key":"Replay:Multitool"},{"floor":40,"key":"Art of War"},{"floor":43,"key":"ReplayTheSpireMod:TigerMarble"},{"floor":46,"key":"Ginger"}],"event_choices":[{"cards_removed":["Hidden Blade"],"damage_healed":5,"gold_gain":0,"player_choice":"Offered Common","damage_taken":0,"max_hp_gain":0,"max_hp_loss":0,"event_name":"Bonfire Elementals","floor":2,"gold_loss":0},{"cards_removed":["Hidden Blade"],"damage_healed":5,"gold_gain":0,"player_choice":"Offered Special","damage_taken":0,"max_hp_gain":0,"max_hp_loss":0,"event_name":"Bonfire Elementals","floor":2,"gold_loss":0},{"damage_healed":0,"gold_gain":0,"player_choice":"Simplicity","damage_taken":0,"max_hp_gain":0,"max_hp_loss":0,"event_name":"Back to Basics","floor":21,"gold_loss":0,"cards_upgraded":["Strike_G","Strike_G","Strike_G","Strike_G","Strike_G","Defend_G","Defend_G","Defend_G","Defend_G","Defend_G"]},{"damage_healed":0,"gold_gain":0,"player_choice":"Shed Blood","damage_taken":18,"max_hp_gain":5,"max_hp_loss":0,"event_name":"Forgotten Altar","floor":30,"gold_loss":0},{"damage_healed":0,"gold_gain":0,"player_choice":"Ignored","damage_taken":0,"max_hp_gain":0,"max_hp_loss":0,"event_name":"Tomb of Lord Red Mask","floor":36,"gold_loss":0},{"damage_healed":0,"gold_gain":0,"player_choice":"Fight","damage_taken":0,"max_hp_gain":0,"max_hp_loss":0,"event_name":"Mysterious Sphere","floor":38,"gold_loss":0},{"cards_removed":["Dagger Spray"],"damage_healed":0,"gold_gain":0,"player_choice":"Removed Attack","damage_taken":0,"max_hp_gain":0,"max_hp_loss":0,"event_name":"Falling","floor":39,"gold_loss":0},{"damage_healed":19,"gold_gain":0,"player_choice":"Writhe","damage_taken":0,"max_hp_gain":0,"max_hp_loss":0,"event_name":"Winding Halls","floor":42,"gold_loss":0,"cards_obtained":["Writhe"]},{"damage_healed":0,"gold_gain":0,"player_choice":"Memory 1","damage_taken":0,"max_hp_gain":0,"max_hp_loss":0,"event_name":"SensoryStone","floor":45,"gold_loss":0}],"is_beta":false,"boss_relics":[{"not_picked":["Honey Jar","Snecko Eye"],"picked":"Busted Crown"},{"not_picked":["HoveringKite","Snecko Scales"],"picked":"SlaversCollar"}],"items_purged_floors":[24],"is_endless":false,"potions_floor_spawned":[1,11,12,16,18,19,33,35],"ascension_level":0}}