{"host":"dlqyscxstsnu98l1","time":1614365247,"event":{"mods":["AchievementEnabler","BaseMod","Colored Map","Colored Powertips","GifTheSpireLib","Highlight Path","Minty Spire (QoL Compilation)","Random Character Button","SacredBarkPlus","StSLib","everything is the same but u backflip on backflip"],"gold_per_floor":[110,121,135,147,165,165,191,203,203,203,203],"floor_reached":10,"language":"ENG","playtime":425,"items_purged":[],"score":94,"play_id":"baf80a17-0c85-4772-aeeb-f946e177dfe0","local_time":"20210226124727","is_ascension_mode":true,"campfire_choices":[{"data":"LikeWater","floor":6,"key":"SMITH"}],"circlet_count":0,"master_deck":["Strike_P","Strike_P","Strike_P","Strike_P","Defend_P","Defend_P","Defend_P","Defend_P","Eruption","Vigilance","Alpha","Nirvana","PathToVictory","LikeWater+1","JustLucky","PathToVictory","JustLucky"],"relics":["PureWater","Mercury Hourglass"],"acts_visited":["Exordium"],"potions_floor_usage":[5,8,10,10],"damage_taken":[{"damage":2,"enemies":"Cultist","floor":1,"turns":3},{"damage":0,"enemies":"Jaw Worm","floor":2,"turns":3},{"damage":0,"enemies":"Small Slimes","floor":3,"turns":2},{"damage":11,"enemies":"Blue Slaver","floor":4,"turns":5},{"damage":7,"enemies":"Looter","floor":5,"turns":4},{"damage":13,"enemies":"Lagavulin","floor":7,"turns":5},{"damage":7,"enemies":"2 Fungi Beasts","floor":8,"turns":4},{"damage":31,"enemies":"Gremlin Nob","floor":10,"turns":3}],"seed_played":"7007979570352828086","potions_obtained":[{"floor":1,"key":"Strength Potion"},{"floor":3,"key":"Fire Potion"},{"floor":5,"key":"DuplicationPotion"},{"floor":7,"key":"PowerPotion"}],"is_trial":false,"path_per_floor":["M","M","M","M","M","R","E","M","T","E"],"character_chosen":"WATCHER","items_purchased":[],"campfire_rested":0,"item_purchase_floors":[],"current_hp_per_floor":[63,63,63,52,45,45,32,25,25,0,0],"gold":203,"neow_bonus":"ONE_RANDOM_RARE_CARD","is_daily":false,"chose_seed":false,"campfire_upgraded":1,"win_rate":0.0,"timestamp":1614365247,"path_taken":["M","M","M","M","M","R","E","?","T","E"],"items_purchased_type":[],"build_version":"2020-12-22","purchased_purges":0,"victory":false,"max_hp_per_floor":[72,72,72,72,72,72,72,72,72,72,72],"card_choices":[{"not_picked":["Vengeance","Conclude"],"picked":"Nirvana","floor":1},{"not_picked":["Prostrate","Wallop"],"picked":"PathToVictory","floor":2},{"not_picked":["Adaptation","SashWhip"],"picked":"LikeWater","floor":3},{"not_picked":["EmptyBody","DeceiveReality","EmptyFist"],"picked":"SKIP","floor":4},{"not_picked":["BattleHymn","ReachHeaven"],"picked":"JustLucky","floor":5},{"not_picked":["Worship","ConjureBlade"],"picked":"PathToVictory","floor":7},{"not_picked":["Indignation","Prostrate"],"picked":"JustLucky","floor":8}],"player_experience":286407,"relics_obtained":[{"floor":7,"key":"Mercury Hourglass"}],"event_choices":[],"is_beta":false,"boss_relics":[],"items_purged_floors":[],"is_endless":false,"potions_floor_spawned":[1,3,5,7],"killed_by":"Gremlin Nob","ascension_level":6}}