{"host":"0awa854l6bexpjrv","time":1614370929,"event":{"mods":["BaseMod","Block Reminder","Colored Map","Colored Powertips","Downfall","Highlight Path","Minty Spire (QoL Compilation)","Quick Restart","Rare Cards Sparkle","StSLib","SuperFastMode"],"gold_per_floor":[365,365,376,4,19,19,46,46,99,112,77,96,109,184,184,281,281,293,311,327,327,327],"floor_reached":21,"language":"ENG","playtime":954,"items_purged":["Strike_G"],"score":210,"play_id":"8bc246e8-c201-42c6-82bb-843539ec1617","local_time":"20210226122209","is_ascension_mode":true,"campfire_choices":[{"data":"Neutralize","floor":6.0,"key":"SMITH"},{"data":"A Thousand Cuts","floor":8.0,"key":"SMITH"},{"floor":15.0,"key":"REST"}],"circlet_count":0,"master_deck":["Strike_G","Strike_G","Strike_G","Strike_G","Defend_G","Defend_G","Defend_G","Defend_G","Defend_G","Survivor","Neutralize+1","Prepared","Underhanded Strike","Sucker Punch","A Thousand Cuts+1","PiercingWail","Backflip","All Out Attack","A Thousand Cuts","Crippling Poison","Skewer","Dagger Throw"],"relics":["Ring of the Snake","Lizard Tail","Bag of Marbles","Centennial Puzzle","Cursed Key"],"acts_visited":["Exordium","TheCity"],"potions_floor_usage":[],"damage_taken":[{"damage":0.0,"enemies":"Small Slimes","floor":1.0,"turns":3.0},{"damage":1.0,"enemies":"Jaw Worm","floor":3.0,"turns":5.0},{"damage":4.0,"enemies":"2 Louse","floor":5.0,"turns":3.0},{"damage":15.0,"enemies":"Gremlin Nob","floor":7.0,"turns":5.0},{"damage":9.0,"enemies":"Blue Slaver","floor":10.0,"turns":3.0},{"damage":6.0,"enemies":"3 Louse","floor":12.0,"turns":4.0},{"damage":0.0,"enemies":"Looter","floor":13.0,"turns":5.0},{"damage":23.0,"enemies":"The Guardian","floor":16.0,"turns":11.0},{"damage":20.0,"enemies":"Shell Parasite","floor":18.0,"turns":7.0},{"damage":12.0,"enemies":"2 Thieves","floor":19.0,"turns":4.0},{"damage":28.0,"enemies":"Chosen and Byrds","floor":20.0,"turns":8.0},{"damage":46,"enemies":"Masked Bandits","floor":21,"turns":2}],"seed_played":"-6169291175834398705","potions_obtained":[{"floor":3.0,"key":"Energy Potion"},{"floor":12.0,"key":"Strength Potion"},{"floor":13.0,"key":"Dexterity Potion"},{"floor":20.0,"key":"ColorlessPotion"}],"is_trial":false,"path_per_floor":["M","?","M","$","M","R","E","R","T","M","?","M","M","?","R","B",null,"M","M","M","?"],"character_chosen":"THE_SILENT","items_purchased":["Lizard Tail"],"campfire_rested":1,"item_purchase_floors":[4],"current_hp_per_floor":[63,68,67,67,63,63,48,48,48,39,56,50,50,39,59,36,68,48,36,8,0,0],"gold":327,"neow_bonus":"TWO_FIFTY_GOLD","is_daily":false,"chose_seed":false,"campfire_upgraded":2,"win_rate":0.0,"timestamp":1614370929,"path_taken":["M","?","M","$","M","R","E","R","T","M","?","M","M","?","R","BOSS","M","M","M","?"],"items_purchased_type":["Relic"],"build_version":"2020-12-22","purchased_purges":1,"victory":false,"max_hp_per_floor":[63,68,68,68,68,68,68,68,68,68,68,68,68,68,68,68,68,68,68,68,68,68],"card_choices":[{"not_picked":["Outmaneuver","Tactician"],"picked":"Prepared","floor":1.0},{"not_picked":["Quick Slash","All Out Attack"],"picked":"Underhanded Strike","floor":3.0},{"not_picked":["Dagger Spray","Reflex"],"picked":"Sucker Punch","floor":5.0},{"not_picked":["Quick Slash","Dodge and Roll"],"picked":"A Thousand Cuts","floor":7.0},{"not_picked":["Setup","Finisher"],"picked":"PiercingWail","floor":10.0},{"not_picked":["PiercingWail","Bane"],"picked":"Backflip","floor":12.0},{"not_picked":["Bane","Heel Hook"],"picked":"All Out Attack","floor":13.0},{"not_picked":["Venomology","Die Die Die"],"picked":"A Thousand Cuts","floor":16.0},{"not_picked":["Dagger Spray+1","PiercingWail"],"picked":"Crippling Poison","floor":18.0},{"not_picked":["Dodge and Roll","Deadly Poison"],"picked":"Skewer","floor":19.0},{"not_picked":["Poisoned Stab","Acrobatics"],"picked":"Dagger Throw","floor":20.0}],"player_experience":812841,"relics_obtained":[{"floor":7.0,"key":"Bag of Marbles"},{"floor":9.0,"key":"Centennial Puzzle"}],"event_choices":[{"damage_healed":0.0,"max_hp_gain":5.0,"max_hp_loss":0.0,"gold_gain":0.0,"event_name":"Big Fish","player_choice":"Donut","floor":2.0,"gold_loss":0.0,"damage_taken":0.0},{"damage_healed":17.0,"max_hp_gain":0.0,"max_hp_loss":0.0,"gold_gain":0.0,"event_name":"The Cleric","player_choice":"Healed","floor":11.0,"gold_loss":35.0,"damage_taken":0.0},{"damage_healed":0.0,"max_hp_gain":0.0,"max_hp_loss":0.0,"gold_gain":75.0,"event_name":"World of Goop","player_choice":"Gather Gold","floor":14.0,"gold_loss":0.0,"damage_taken":11.0},{"damage_healed":0,"gold_gain":0,"player_choice":"Fought Bandits","damage_taken":0,"max_hp_gain":0,"max_hp_loss":0,"event_name":"Masked Bandits","floor":21,"gold_loss":0}],"is_beta":false,"boss_relics":[{"not_picked":["Snecko Eye","SacredBark"],"picked":"Cursed Key"}],"items_purged_floors":[4],"is_endless":false,"potions_floor_spawned":[3,12,13,20],"killed_by":"Masked Bandits","ascension_level":3}}