{"host":"ur0n4z0x1lffzzdd","time":1614377159,"event":{"mods":["AchievementEnabler","BaseMod","Bestiary","Better Third Choice","BetterRewards","Colored Powertips","Downfall","Minty Spire (QoL Compilation)","StSLib","The Jungle","The Runesmith"],"gold_per_floor":[212,212,223,234,234,234,267,267,291,291,291,291,291,307,307,436,436,456,26,39,62,77,77,117,56,110,133,133,133,167,167,167],"floor_reached":31,"language":"ENG","playtime":3056,"items_purged":[],"score":273,"play_id":"9785e951-1a4b-44bf-a2c8-c552db2ed4c1","local_time":"20210226160559","is_ascension_mode":false,"campfire_choices":[{"data":"Runesmith:CraftFirestone","floor":6,"key":"SMITH"},{"data":"Runesmith:Fortify","floor":8,"key":"SMITH"},{"floor":11,"key":"REST"},{"data":"Runesmith:HeatedChisel","floor":13,"key":"SMITH"},{"floor":15,"key":"RECALL"},{"floor":23,"key":"REST"},{"floor":29,"key":"REST"}],"circlet_count":0,"master_deck":["Runesmith:Strike_RS","Runesmith:Strike_RS+1","Runesmith:Defend_RS+1","Runesmith:Defend_RS","Runesmith:Defend_RS","Runesmith:CraftFirestone+1","Runesmith:Fortify+1","Runesmith:CraftMagma","Runesmith:CraftSpiculum","Runesmith:HeatedChisel+1","Runesmith:CreatorForm","Runesmith:HammerAndChisel+1","Runesmith:Augment+1","Runesmith:LithiumIon+1","Runesmith:CraftIncendium","Runesmith:EnergizedChisel+1","Runesmith:RuneHurl+1","Runesmith:GoWithTheFlow+1","Runesmith:FissionHammer+1","Runesmith:CraftMagma","Runesmith:RuneHurl+1","Runesmith:CraftIndustria","Runesmith:CraftObretio","Runesmith:CraftMagma+1"],"relics":["Runesmith:BrokenRuby","Bag of Preparation","Golden Idol","Astrolabe","Molten Egg 2","Membership Card","Bottled Flame","Nunchaku","Red Mask"],"acts_visited":["Exordium","TheCity"],"potions_floor_usage":[7,7,20,20,27,28,31],"damage_taken":[{"damage":0.0,"enemies":"Jaw Worm","floor":1.0,"turns":5.0},{"damage":0.0,"enemies":"Small Slimes","floor":3.0,"turns":4.0},{"damage":2.0,"enemies":"Cultist","floor":4.0,"turns":4.0},{"damage":11,"enemies":"Lagavulin","floor":7,"turns":6},{"damage":4,"enemies":"Exordium Wildlife","floor":14,"turns":3},{"damage":25,"enemies":"Slime Boss","floor":16,"turns":9},{"damage":17,"enemies":"Spheric Guardian","floor":18,"turns":4},{"damage":15,"enemies":"2 Thieves","floor":20,"turns":4},{"damage":5,"enemies":"3 Cultists","floor":21,"turns":4},{"damage":3,"enemies":"Snake Plant","floor":22,"turns":4},{"damage":33,"enemies":"Slavers","floor":24,"turns":4},{"damage":11,"enemies":"Centurion and Healer","floor":27,"turns":5},{"damage":6,"enemies":"Gremlin Leader","floor":28,"turns":3},{"damage":14,"enemies":"Masked Bandits","floor":30,"turns":4},{"damage":8,"enemies":"Sentry and Sphere","floor":31,"turns":3}],"seed_played":"3942752247098374587","potions_obtained":[{"floor":1.0,"key":"Ancient Potion"},{"floor":3.0,"key":"SteroidPotion"},{"floor":16,"key":"SpeedPotion"},{"floor":18,"key":"Explosive Potion"},{"floor":20,"key":"SmokeBomb"},{"floor":21,"key":"EssenceOfSteel"},{"floor":30,"key":"Weak Potion"}],"is_trial":false,"path_per_floor":["M","$","M","M","?","R","E","R","T","?","R","?","R","M","R","B",null,"M","$","M","M","M","R","E","$","T","M","E","R","?","M"],"character_chosen":"RUNESMITH_CLASS","items_purchased":["Molten Egg 2","Membership Card","Runesmith:EnergizedChisel+1","Runesmith:RuneHurl+1","Runesmith:CraftIndustria"],"campfire_rested":3,"item_purchase_floors":[19,19,19,25,25],"current_hp_per_floor":[70,70,70,68,54,54,43,43,43,26,47,47,47,43,43,18,70,53,53,38,33,30,51,18,18,18,7,1,22,8,0,0],"gold":167,"neow_bonus":"HUNDRED_GOLD","is_daily":false,"chose_seed":false,"campfire_upgraded":3,"win_rate":0.0,"timestamp":1614377159,"path_taken":["M","$","M","M","?","R","E","R","T","?","R","?","R","M","R","BOSS","M","$","M","M","M","R","E","$","T","M","E","R","?","M"],"items_purchased_type":["Relic","Relic","Card","Card","Card"],"build_version":"2020-12-22","purchased_purges":0,"victory":false,"max_hp_per_floor":[70,70,70,70,70,70,70,70,70,70,70,70,70,70,70,70,70,70,70,70,70,70,70,70,70,70,70,70,70,70,70,70],"card_choices":[{"not_picked":["Runesmith:Discharge","Runesmith:HeatExchange"],"picked":"Runesmith:CraftMagma","floor":1.0},{"not_picked":["Runesmith:ShiftingStrike","Runesmith:Discharge"],"picked":"Runesmith:CraftSpiculum","floor":3.0},{"not_picked":["Runesmith:CraftReservo","Runesmith:Terraform"],"picked":"Runesmith:CraftSpiculum","floor":4.0},{"not_picked":["Runesmith:FieryHammer","Runesmith:ShiftingStrike"],"picked":"Runesmith:HeatedChisel","floor":7},{"not_picked":["Runesmith:Augment","Runesmith:CraftSpiculum","Runesmith:UnstableHammer"],"picked":"SKIP","floor":14},{"not_picked":["Runesmith:GenerateForcefield","Runesmith:CraftPrismatica"],"picked":"Runesmith:CreatorForm","floor":16},{"not_picked":["Runesmith:ChaoticBlast","Runesmith:BackupBattery"],"picked":"Runesmith:CraftIncendium","floor":18},{"not_picked":["Runesmith:CraftProtectio","Runesmith:EnergizedChisel+1"],"picked":"Runesmith:RuneHurl+1","floor":20},{"not_picked":["Runesmith:CraftProtectio","Runesmith:CraftMagma"],"picked":"Runesmith:GoWithTheFlow+1","floor":21},{"not_picked":["Runesmith:CraftProtectio","Runesmith:ShiftingStrike+1"],"picked":"Runesmith:FissionHammer+1","floor":22},{"not_picked":["Runesmith:HeatExchange+1","Runesmith:Augment"],"picked":"Runesmith:CraftMagma","floor":24},{"not_picked":["Runesmith:ShiftingStrike+1","Runesmith:ChaoticBlast+1"],"picked":"Runesmith:CraftObretio","floor":27},{"not_picked":["Runesmith:NanitesCloud","Runesmith:CraftSpiculum+1"],"picked":"Runesmith:CraftMagma+1","floor":30}],"player_experience":388563,"relics_obtained":[{"floor":7,"key":"Bag of Preparation"},{"floor":24,"key":"Bottled Flame"},{"floor":26,"key":"Nunchaku"},{"floor":30,"key":"Red Mask"}],"event_choices":[{"damage_healed":68,"gold_gain":0,"player_choice":"Upgrade","damage_taken":14,"max_hp_gain":0,"max_hp_loss":70,"event_name":"betterThird:BetterShining","floor":5,"gold_loss":0,"cards_upgraded":["Runesmith:Defend_RS","Runesmith:Strike_RS"]},{"damage_healed":0,"gold_gain":0,"player_choice":"Take Damage","damage_taken":17,"relics_obtained":["Golden Idol"],"max_hp_gain":0,"max_hp_loss":0,"event_name":"Golden Idol","floor":10,"gold_loss":0},{"cards_removed":["Runesmith:Strike_RS"],"damage_healed":0,"gold_gain":0,"player_choice":"Forget","damage_taken":0,"max_hp_gain":0,"max_hp_loss":0,"event_name":"Living Wall","floor":12,"gold_loss":0},{"damage_healed":0,"gold_gain":0,"player_choice":"Fought Bandits","damage_taken":0,"max_hp_gain":0,"max_hp_loss":0,"event_name":"Masked Bandits","floor":30,"gold_loss":0}],"is_beta":false,"boss_relics":[{"not_picked":["Runesmith:PocketReactor","Philosopher\u0027s Stone"],"picked":"Astrolabe"}],"items_purged_floors":[],"is_endless":false,"potions_floor_spawned":[1,3,16,18,20,21,30],"killed_by":"Sentry and Sphere","ascension_level":0}}