{"host":"lwys0gbp6t40j7jh","time":1614339027,"event":{"mods":["BaseMod","Minty Spire (QoL Compilation)","StSLib","SuperFastMode"],"gold_per_floor":[119,132,145,156,170,170,203,218,244,262,288,238,238,114,114,217,267,284,296,306,156,173,205,205,235,259,259,269,285,285,160,160,258,258,274,285,135,135,135],"floor_reached":38,"language":"ENG","playtime":1152,"items_purged":["Strike_P","Strike_P","Defend_P","Defend_P"],"score":548,"play_id":"4d63d62f-3d34-46a7-80f5-862790e6b48c","local_time":"20210226123027","is_ascension_mode":true,"campfire_choices":[{"data":"Eruption","floor":6,"key":"SMITH"},{"data":"BattleHymn","floor":13,"key":"SMITH"},{"floor":15,"key":"REST"},{"data":"BowlingBash","floor":24,"key":"SMITH"},{"floor":32,"key":"REST"}],"circlet_count":0,"master_deck":["Strike_P","Defend_P+1","Defend_P+1","Eruption+1","Vigilance","Indignation","EmptyFist","BattleHymn+1","FollowUp","EmptyBody","Conclude","DeceiveReality+1","FollowUp","BowlingBash+1","ThirdEye","Evaluate","EmptyBody+1","FollowUp+1","EmptyBody+1"],"relics":["HolyWater","Oddly Smooth Stone","Bag of Preparation","Lantern","Pear","Tiny House","Damaru","Art of War","War Paint","MutagenicStrength"],"acts_visited":["Exordium","TheCity","TheBeyond"],"potions_floor_usage":[7,7,11,11,11,16,16,20,25,25,25,33,33,38],"damage_taken":[{"damage":20,"enemies":"Cultist","floor":1,"turns":5},{"damage":6,"enemies":"Jaw Worm","floor":2,"turns":3},{"damage":0,"enemies":"2 Louse","floor":3,"turns":2},{"damage":0,"enemies":"Large Slime","floor":4,"turns":5},{"damage":0,"enemies":"Exordium Wildlife","floor":5,"turns":2},{"damage":19,"enemies":"Lagavulin","floor":7,"turns":4},{"damage":2,"enemies":"Looter","floor":8,"turns":2},{"damage":0,"enemies":"3 Louse","floor":10,"turns":1},{"damage":0,"enemies":"Gremlin Nob","floor":11,"turns":2},{"damage":9,"enemies":"Hexaghost","floor":16,"turns":5},{"damage":14,"enemies":"Shell Parasite","floor":18,"turns":7},{"damage":0,"enemies":"3 Byrds","floor":19,"turns":2},{"damage":0,"enemies":"Cultist and Chosen","floor":20,"turns":3},{"damage":0,"enemies":"3 Cultists","floor":22,"turns":2},{"damage":26,"enemies":"Gremlin Leader","floor":23,"turns":5},{"damage":10,"enemies":"Slavers","floor":25,"turns":6},{"damage":1,"enemies":"Centurion and Healer","floor":28,"turns":2},{"damage":2,"enemies":"Sentry and Sphere","floor":29,"turns":4},{"damage":38,"enemies":"Automaton","floor":33,"turns":10},{"damage":74,"enemies":"3 Darklings","floor":35,"turns":3},{"damage":4,"enemies":"3 Shapes","floor":36,"turns":7},{"damage":28,"enemies":"Transient","floor":38,"turns":4}],"seed_played":"403801462476349691","potions_obtained":[{"floor":1,"key":"AttackPotion"},{"floor":5,"key":"Fire Potion"},{"floor":7,"key":"EssenceOfSteel"},{"floor":8,"key":"EntropicBrew"},{"floor":16,"key":"Swift Potion"},{"floor":17,"key":"LiquidMemories"},{"floor":20,"key":"Dexterity Potion"},{"floor":28,"key":"Energy Potion"},{"floor":29,"key":"Fire Potion"},{"floor":33,"key":"Strength Potion"},{"floor":35,"key":"SpeedPotion"}],"is_trial":false,"path_per_floor":["M","M","M","M","M","R","E","M","T","M","E","?","R","$","R","B",null,"M","M","M","$","M","E","R","E","T","?","M","M","?","$","R","B",null,"M","M","$","M"],"character_chosen":"WATCHER","items_purchased":["FollowUp","Strength Potion"],"campfire_rested":2,"item_purchase_floors":[14,21],"current_hp_per_floor":[52,46,46,46,46,46,27,25,25,25,35,35,35,35,59,50,87,73,73,73,73,73,47,47,37,37,37,36,34,34,34,60,22,87,13,9,9,0,0],"gold":135,"neow_bonus":"RANDOM_COMMON_RELIC","is_daily":false,"chose_seed":false,"campfire_upgraded":3,"win_rate":0.0,"timestamp":1614339027,"path_taken":["M","M","M","?","M","R","E","M","T","M","E","?","R","$","R","BOSS","M","M","M","$","M","E","R","E","T","?","M","M","?","?","R","BOSS","M","M","$","M"],"items_purchased_type":["Card","Potion"],"build_version":"2020-12-22","purchased_purges":4,"victory":false,"max_hp_per_floor":[72,72,72,72,72,72,72,72,72,72,82,82,82,82,82,82,87,87,87,87,87,87,87,87,87,87,87,87,87,87,87,87,87,87,87,87,87,87,87],"card_choices":[{"not_picked":["Adaptation","EmptyFist"],"picked":"Indignation","floor":1},{"not_picked":["Protect","WaveOfTheHand"],"picked":"EmptyFist","floor":2},{"not_picked":["Vengeance","Evaluate"],"picked":"BattleHymn","floor":3},{"not_picked":["ThirdEye","FlyingSleeves","Study"],"picked":"SKIP","floor":4},{"not_picked":["MentalFortress","Wallop"],"picked":"FollowUp","floor":5},{"not_picked":["BattleHymn","FlurryOfBlows"],"picked":"EmptyBody","floor":7},{"not_picked":["FollowUp","Wireheading"],"picked":"Conclude","floor":8},{"not_picked":["Wallop","FlyingSleeves","SpiritShield"],"picked":"SKIP","floor":10},{"not_picked":["Wireheading","Crescendo"],"picked":"DeceiveReality","floor":11},{"not_picked":["Meditate","WindmillStrike"],"picked":"BowlingBash","floor":17},{"not_picked":["Evaluate","PathToVictory"],"picked":"ThirdEye","floor":18},{"not_picked":["FlyingSleeves","CrushJoints","Swivel+1"],"picked":"SKIP","floor":19},{"not_picked":["Pray","FlurryOfBlows"],"picked":"Evaluate","floor":20},{"not_picked":["FlyingSleeves","PathToVictory","Collect"],"picked":"SKIP","floor":22},{"not_picked":["Nirvana+1","EmptyFist"],"picked":"EmptyBody+1","floor":23},{"not_picked":["Pray","Study","FollowUp"],"picked":"SKIP","floor":25},{"not_picked":["JustLucky","ForeignInfluence+1","Worship"],"picked":"SKIP","floor":28},{"not_picked":["Wireheading","Consecrate","Meditate+1"],"picked":"SKIP","floor":29},{"not_picked":["ThirdEye+1","Perseverance"],"picked":"FollowUp+1","floor":35},{"not_picked":["FlyingSleeves","Adaptation+1"],"picked":"EmptyBody+1","floor":36}],"player_experience":1227740,"relics_obtained":[{"floor":7,"key":"Bag of Preparation"},{"floor":9,"key":"Lantern"},{"floor":11,"key":"Pear"},{"floor":23,"key":"Damaru"},{"floor":25,"key":"Art of War"},{"floor":26,"key":"War Paint"}],"event_choices":[{"cards_removed":["Strike_P"],"damage_healed":0,"gold_gain":0,"player_choice":"Card Removal","damage_taken":0,"max_hp_gain":0,"max_hp_loss":0,"event_name":"The Cleric","floor":12,"gold_loss":50},{"damage_healed":0,"gold_gain":0,"player_choice":"Ignored","damage_taken":0,"max_hp_gain":0,"max_hp_loss":0,"event_name":"Ghosts","floor":27,"gold_loss":0},{"damage_healed":0,"gold_gain":0,"player_choice":"Inject Mutagens","damage_taken":0,"relics_obtained":["MutagenicStrength"],"max_hp_gain":0,"max_hp_loss":0,"event_name":"Drug Dealer","floor":30,"gold_loss":0}],"is_beta":false,"boss_relics":[{"not_picked":["VioletLotus","Astrolabe"],"picked":"Tiny House"},{"not_picked":["Pandora\u0027s Box","Snecko Eye"],"picked":"HolyWater"}],"items_purged_floors":[14,21,31,37],"is_endless":false,"potions_floor_spawned":[1,5,7,8,16,20,28,29,33,35],"killed_by":"Transient","ascension_level":3}}