{"host":"746m694if73h3gai","time":1614361225,"event":{"mods":["2.2 Compatiblity","AchievementEnabler","Act Like it!","BaseMod","Colored Map","Colored Powertips","Marked Mod","Minty Spire (QoL Compilation)","Morshu Shopkeeper","Quick Restart","Rare Cards Sparkle","Relic Stats","Ruina","StSLib","everything is the same but u backflip on backflip","slay the spire mod where everything is the same but ironclad has a cowboy hat"],"gold_per_floor":[116,116,128,148,47,47,72,98,98,98,98,98],"floor_reached":11,"language":"ENG","playtime":379,"items_purged":[],"score":78,"play_id":"63abe068-78d6-498e-acc7-7157f9b6d565","local_time":"20210226184025","is_ascension_mode":true,"campfire_choices":[{"data":"Wallop","floor":6.0,"key":"SMITH"},{"floor":10,"key":"REST"}],"circlet_count":0,"master_deck":["Strike_P","Strike_P","Strike_P","Strike_P","Defend_P","Defend_P","Defend_P","Defend_P","Eruption+1","Vigilance","ThirdEye","Wallop+1","WaveOfTheHand","FlurryOfBlows+1","MarkedMod:Acupuncture","ClearTheMind"],"relics":["Black Star","MarkedMod:AcupunctureKit","Whetstone","Odd Mushroom","Kunai"],"acts_visited":["Exordium"],"potions_floor_usage":[8],"damage_taken":[{"damage":0.0,"enemies":"Small Slimes","floor":1.0,"turns":3.0},{"damage":4.0,"enemies":"2 Louse","floor":3.0,"turns":3.0},{"damage":2.0,"enemies":"Jaw Worm","floor":4.0,"turns":4.0},{"damage":31.0,"enemies":"3 Sentries","floor":7.0,"turns":9.0},{"damage":28,"enemies":"The Mushroom Lair","floor":8,"turns":4},{"damage":41,"enemies":"Gremlin Nob","floor":11,"turns":3}],"seed_played":"-5122977105640568794","potions_obtained":[{"floor":7.0,"key":"PowerPotion"}],"is_trial":false,"path_per_floor":["M","?","M","M","$","R","E","?","T","R","E"],"character_chosen":"WATCHER","items_purchased":["WaveOfTheHand","FlurryOfBlows"],"campfire_rested":1,"item_purchase_floors":[5,5],"current_hp_per_floor":[72,77,73,71,71,71,40,12,12,35,0,0],"gold":98,"neow_bonus":"BOSS_RELIC","is_daily":false,"chose_seed":false,"campfire_upgraded":1,"win_rate":0.0,"timestamp":1614361225,"path_taken":["M","?","M","M","$","R","E","?","T","R","E"],"items_purchased_type":["Card","Card"],"build_version":"2020-12-22","purchased_purges":0,"victory":false,"max_hp_per_floor":[72,77,77,77,77,77,77,77,77,77,77,77],"relic_stats":{"counters":[6,26],"Black Star":1,"Whetstone":["FlurryOfBlows","Eruption"],"Kunai":[2],"obtain_stats":[{"Black Star":0,"Whetstone":7,"Kunai":9,"PureWater":0,"Odd Mushroom":8,"MarkedMod:AcupunctureKit":7},{"Black Star":0,"Whetstone":4,"Kunai":5,"PureWater":0,"Odd Mushroom":5,"MarkedMod:AcupunctureKit":4},{"Black Star":0,"Whetstone":19,"Kunai":23,"PureWater":0,"Odd Mushroom":23,"MarkedMod:AcupunctureKit":19}]},"card_choices":[{"not_picked":["JustLucky","SashWhip"],"picked":"ThirdEye","floor":1.0},{"not_picked":["Pray","SignatureMove","ForeignInfluence"],"picked":"SKIP","floor":3.0},{"not_picked":["Halt","Perseverance"],"picked":"Wallop","floor":4.0},{"not_picked":["Protect","MarkedMod:GentlePulse"],"picked":"MarkedMod:Acupuncture","floor":7.0},{"not_picked":["Evaluate","FlurryOfBlows"],"picked":"ClearTheMind","floor":8}],"player_experience":96337,"relics_obtained":[{"floor":7.0,"key":"MarkedMod:AcupunctureKit"},{"floor":7.0,"key":"Whetstone"},{"floor":8,"key":"Odd Mushroom"},{"floor":9,"key":"Kunai"}],"event_choices":[{"damage_healed":0.0,"max_hp_gain":5.0,"max_hp_loss":0.0,"gold_gain":0.0,"event_name":"Big Fish","player_choice":"Donut","floor":2.0,"gold_loss":0.0,"damage_taken":0.0},{"damage_healed":0,"gold_gain":0,"player_choice":"Fought Mushrooms","damage_taken":0,"max_hp_gain":0,"max_hp_loss":0,"event_name":"Mushrooms","floor":8,"gold_loss":0}],"is_beta":false,"boss_relics":[],"items_purged_floors":[],"is_endless":false,"potions_floor_spawned":[7],"killed_by":"Gremlin Nob","ascension_level":2}}