{"host":"jsd6g3c2vo13e69c","time":1614382952,"event":{"mods":["2.2 Compatiblity","Act Like it!","BaseMod","Better Altar","Better Match","Better Note","Better Sensory Stone","Better Third Choice","BetterRewards","Colored Map","Colored Powertips","Downfall","Friendly Minions","GifTheSpireLib","Googly Eyes","Gremlin Mod","Hermit","Hubris","Infinite Spire","Melee Mod","Minty Spire (QoL Compilation)","Permanent Neow","Quick Restart","Random Character Button","Replay The Spire","Shop Mod","Spire Arcade","StSLib","The Cursed","The Disciple","The Forsaken","thorton"],"gold_per_floor":[99,111,122,142,155,155,155,167,67,3,15,15,29,29,39,144,144,144,162,174,174,188,288,288,273,273,273],"floor_reached":25,"language":"ENG","playtime":1357,"items_purged":["hexamod:Strike"],"score":222,"play_id":"c1c55540-eaa7-4193-a7b1-fe39a99160a4","local_time":"20210226184232","is_ascension_mode":false,"campfire_choices":[{"data":"Discovery","floor":1,"key":"SMITH"},{"data":"hexamod:Sear","floor":6,"key":"SMITH"},{"data":"hexamod:BurningTouch","floor":9,"key":"SMITH"},{"data":"hexamod:Float","floor":12,"key":"SMITH"},{"data":"hexamod:ForkedFlame","floor":18,"key":"SMITH"}],"circlet_count":0,"master_deck":["hexamod:Strike","hexamod:Strike","hexamod:Strike","hexamod:Defend","hexamod:Defend","hexamod:Defend","hexamod:Defend","hexamod:Sear+1","hexamod:Float+1","Discovery+1","hexamod:DynamicBlow","hexamod:DynamicBlow","hexamod:PowerFromBeyond","hexamod:BurningTouch+1","hexamod:FlamesFromBeyond","hexamod:FlamesFromBeyond","hexamod:ForkedFlame+1","hexamod:PowerFromBeyond","hexamod:FifthSeal","hexamod:FirstSeal","hexamod:RainOfEmbers","ReplayTheSpireMod:Echoes of Time","hexamod:ThirdSeal","hexamod:BacktrackSmack","hexamod:RetreatToShadows"],"relics":["hexamod:SpiritBrand","downfall:HeartBlessingBlue","Bottled Lightning","Black Star","Potion Belt","WingedGreaves"],"acts_visited":["Exordium","TheCity"],"potions_floor_usage":[15,22,23],"damage_taken":[{"damage":0,"enemies":"Cultist","floor":2,"turns":3},{"damage":6,"enemies":"Jaw Worm","floor":3,"turns":3},{"damage":0,"enemies":"2 Louse","floor":4,"turns":2},{"damage":12,"enemies":"Exordium Thugs","floor":5,"turns":4},{"damage":3,"enemies":"2 Fungi Beasts","floor":8,"turns":3},{"damage":5,"enemies":"downfall:FleeingMerchant","floor":10,"turns":4},{"damage":10,"enemies":"3 Louse","floor":11,"turns":3},{"damage":5,"enemies":"downfall:LooterAlt","floor":13,"turns":3},{"damage":0,"enemies":"Gremlin Gang","floor":15,"turns":3},{"damage":7,"enemies":"SI_SHIV_ARCHETYPE","floor":16,"turns":4},{"damage":7,"enemies":"Shell Parasite","floor":19,"turns":3},{"damage":10,"enemies":"downfall:LooterAlt2","floor":20,"turns":5},{"damage":0,"enemies":"Centurion and Healer","floor":22,"turns":5},{"damage":45,"enemies":"downfall:LadyInBlue","floor":23,"turns":9},{"damage":10,"enemies":"downfall:FleeingMerchant","floor":25,"turns":4}],"seed_played":"6345442712847995884","potions_obtained":[{"floor":5,"key":"SpeedPotion"},{"floor":8,"key":"champ:CounterPotion"},{"floor":11,"key":"Energy Potion"},{"floor":22,"key":"AttackPotion"},{"floor":23,"key":"hexamod:DoubleChargePotion"},{"floor":23,"key":"Guardian:BlockOnCardUsePotion"},{"floor":23,"key":"SteroidPotion"}],"is_trial":false,"path_per_floor":["R_BF","M","M","M","M","R","T","M","R","$","M","R","M","?","M","B",null,"R","M","M","AVR","M","?","T","$"],"character_chosen":"THE_SPIRIT","items_purchased":["hexamod:FlamesFromBeyond"],"campfire_rested":0,"item_purchase_floors":[10],"current_hp_per_floor":[70,70,64,64,52,52,52,49,59,54,44,44,39,39,39,32,80,80,73,70,70,77,39,39,36,36,36],"gold":273,"neow_bonus":"RANDOM_COLORLESS","is_daily":false,"chose_seed":false,"campfire_upgraded":5,"win_rate":0.0,"timestamp":1614382952,"path_taken":["R_BF","M","M","M","M","R","T","M","R","$","M","R","M","?","M","BOSS","R","M","M","AVR","M","?","T","?"],"items_purchased_type":["Card"],"build_version":"2020-12-22","purchased_purges":1,"victory":false,"max_hp_per_floor":[70,70,70,70,70,70,70,70,80,80,80,80,80,80,80,80,80,80,80,80,80,80,80,80,80,80,80],"card_choices":[{"not_picked":["PanicButton","Replay:Bootleg Shield Generator"],"picked":"Discovery","floor":0},{"not_picked":["hexamod:FastForward","hexamod:GhostOfSpireFuture"],"picked":"hexamod:DynamicBlow","floor":2},{"not_picked":["hexamod:SwordOfDarkness","hexamod:BacktrackSmack"],"picked":"hexamod:DynamicBlow","floor":3},{"not_picked":["hexamod:HauntingEcho","hexamod:SwordOfDarkness","hexamod:ShieldOfDarkness"],"picked":"SKIP","floor":4},{"not_picked":["hexamod:BurningTouch","hexamod:SwordOfDarkness"],"picked":"hexamod:PowerFromBeyond","floor":5},{"not_picked":["hexamod:NightmareStrike","hexamod:ThermalTransfer"],"picked":"hexamod:BurningTouch","floor":8},{"not_picked":["hexamod:ChargedBarrage","hexamod:GhostShield"],"picked":"hexamod:FlamesFromBeyond","floor":10},{"not_picked":["hexamod:ThermalTransfer","hexamod:SecondSeal","hexamod:ShieldOfDarkness"],"picked":"SKIP","floor":11},{"not_picked":["hexamod:SuperheatedStrike","hexamod:SwordOfDarkness"],"picked":"hexamod:ForkedFlame","floor":13},{"not_picked":["hexamod:SwordOfDarkness","hexamod:Incineration"],"picked":"hexamod:PowerFromBeyond","floor":15},{"not_picked":["hexamod:ParanormalForm","hexamod:TurnItUp"],"picked":"hexamod:FifthSeal","floor":16},{"not_picked":["hexamod:FourthSeal","hexamod:SixthSeal"],"picked":"hexamod:FirstSeal","floor":19},{"not_picked":["hexamod:HauntingEcho","hexamod:ThermalTransfer"],"picked":"hexamod:RainOfEmbers","floor":19},{"not_picked":["hexamod:PhantomCloak","hexamod:GhostShield","hexamod:SuperheatedStrike+1"],"picked":"SKIP","floor":20},{"not_picked":["hexamod:SixthSeal","hexamod:FourthSeal"],"picked":"hexamod:ThirdSeal","floor":22},{"not_picked":["hexamod:GhostShield","hexamod:EmpoweredFlame"],"picked":"hexamod:BacktrackSmack","floor":22},{"not_picked":["hexamod:ParanormalForm","hexamod:AdvancingGuard"],"picked":"hexamod:RetreatToShadows","floor":25}],"player_experience":511683,"relics_obtained":[{"floor":14,"key":"Bottled Lightning"},{"floor":23,"key":"Potion Belt"},{"floor":24,"key":"WingedGreaves"}],"event_choices":[],"is_beta":false,"boss_relics":[{"not_picked":["thethorton:GreedFountain","Runic Dome"],"picked":"Black Star"}],"items_purged_floors":[21],"is_endless":false,"potions_floor_spawned":[5,8,11,22],"ascension_level":0}}