{"host":"adv1uqz3812gqgbw","time":1614375536,"event":{"mods":["BaseMod","Better Note","Colored Powertips","Custom Start","GifTheSpireLib","Hermit","Minty Spire (QoL Compilation)","SacredBarkPlus","StSLib","The Runesmith","Uncapped"],"gold_per_floor":[110,110,124,135,135,135,15,15,38,38,57,68,88,103,103,203,203,219,230,245,245,160,160,175,189,212,13,24,51,0,15,15,15,15],"floor_reached":33,"language":"ENG","playtime":1548,"items_purged":["Defend_R"],"score":313,"play_id":"61f1e73d-b2f1-4705-a917-5818699c08b9","local_time":"20210226183856","is_ascension_mode":false,"campfire_choices":[{"data":"Infernal Blade","floor":6,"key":"SMITH"},{"data":"Seeing Red","floor":8,"key":"SMITH"},{"data":"Iron Wave","floor":15,"key":"SMITH"},{"data":"Dropkick","floor":23,"key":"SMITH"},{"floor":32,"key":"REST"}],"circlet_count":0,"master_deck":["Strike_R","Strike_R","Strike_R","Strike_R","Defend_R","Defend_R","Defend_R","Bash","Dropkick+1","Twin Strike","Infernal Blade+1","Seeing Red+1","Iron Wave+1","Clash","Flex+1","Finesse+1","Anger+1"],"relics":["Burning Blood","Bag of Marbles","Nunchaku","Runic Pyramid","Self Forming Clay","Smiling Mask","Orichalcum","MealTicket"],"acts_visited":["Exordium","TheCity"],"potions_floor_usage":[16,16,16,24,33,33],"damage_taken":[{"damage":5,"enemies":"2 Louse","floor":1,"turns":3},{"damage":0,"enemies":"Cultist","floor":3,"turns":2},{"damage":6,"enemies":"Jaw Worm","floor":4,"turns":2},{"damage":6,"enemies":"Exordium Thugs","floor":11,"turns":3},{"damage":5,"enemies":"Looter","floor":12,"turns":3},{"damage":5,"enemies":"Lots of Slimes","floor":13,"turns":3},{"damage":10,"enemies":"Exordium Thugs","floor":14,"turns":2},{"damage":0,"enemies":"Slime Boss","floor":16,"turns":2},{"damage":0,"enemies":"Chosen","floor":18,"turns":3},{"damage":10,"enemies":"Shell Parasite","floor":19,"turns":2},{"damage":3,"enemies":"Snecko","floor":20,"turns":4},{"damage":24,"enemies":"Cultist and Chosen","floor":24,"turns":6},{"damage":5,"enemies":"Chosen and Byrds","floor":25,"turns":4},{"damage":12,"enemies":"Shelled Parasite and Fungi","floor":28,"turns":3},{"damage":27,"enemies":"Slavers","floor":29,"turns":4},{"damage":10,"enemies":"Centurion and Healer","floor":31,"turns":4},{"damage":57,"enemies":"Champ","floor":33,"turns":7}],"seed_played":"7232162201069179461","potions_obtained":[{"floor":3,"key":"GamblersBrew"},{"floor":4,"key":"AttackPotion"},{"floor":12,"key":"ColorlessPotion"},{"floor":19,"key":"BlessingOfTheForge"},{"floor":25,"key":"Weak Potion"},{"floor":28,"key":"Swift Potion"}],"is_trial":false,"path_per_floor":["M","?","M","M","?","R","$","R","T","$","M","M","M","M","R","B",null,"M","M","M","?","?","R","M","M","T","$","M","E","?","M","R","B"],"character_chosen":"IRONCLAD","items_purchased":["SteroidPotion","Seeing Red","Orichalcum"],"campfire_rested":1,"item_purchase_floors":[7,7,27],"current_hp_per_floor":[80,80,80,80,80,80,80,80,80,80,80,80,80,76,76,80,80,80,76,79,79,79,79,61,62,62,62,56,35,35,31,55,0,0],"gold":15,"neow_bonus":"RANDOM_COMMON_RELIC","is_daily":false,"chose_seed":false,"campfire_upgraded":4,"win_rate":0.0,"timestamp":1614375536,"path_taken":["M","?","?","M","?","R","$","R","T","?","M","M","M","M","R","BOSS","M","M","M","?","?","R","?","M","T","$","M","E","?","M","R","BOSS"],"items_purchased_type":["Potion","Card","Relic"],"build_version":"2020-12-22","purchased_purges":1,"victory":false,"max_hp_per_floor":[80,80,80,80,80,80,80,80,80,80,80,80,80,80,80,80,80,80,80,80,80,80,80,80,80,80,80,80,80,80,80,80,80,80],"card_choices":[{"not_picked":["Pommel Strike","Headbutt"],"picked":"Dropkick","floor":1},{"not_picked":["Reckless Charge","Sword Boomerang"],"picked":"Twin Strike","floor":3},{"not_picked":["Warcry","Burning Pact"],"picked":"Infernal Blade","floor":4},{"not_picked":["Havoc","Cleave"],"picked":"Iron Wave","floor":11},{"not_picked":["Iron Wave","Shockwave"],"picked":"Clash","floor":12},{"not_picked":["Clash","Exhume","Heavy Blade"],"picked":"SKIP","floor":13},{"not_picked":["Heavy Blade","Cleave","Shrug It Off"],"picked":"SKIP","floor":14},{"not_picked":["Infernal Blade+1","Thunderclap"],"picked":"Flex+1","floor":18},{"not_picked":["Clothesline+1","Sentinel","True Grit+1"],"picked":"SKIP","floor":19},{"not_picked":["True Grit","Twin Strike+1","Wild Strike"],"picked":"SKIP","floor":20},{"not_picked":["Searing Blow","Flex+1"],"picked":"Anger+1","floor":24},{"not_picked":["Hemokinesis","Heavy Blade","Berserk"],"picked":"SKIP","floor":25},{"not_picked":["Clash","Dual Wield+1","Rupture+1"],"picked":"SKIP","floor":28},{"not_picked":["Intimidate","Havoc","True Grit+1"],"picked":"SKIP","floor":29},{"not_picked":["Twin Strike+1","Uppercut","Heavy Blade"],"picked":"SKIP","floor":31}],"player_experience":375859,"relics_obtained":[{"floor":9,"key":"Nunchaku"},{"floor":26,"key":"Smiling Mask"},{"floor":29,"key":"MealTicket"}],"event_choices":[{"cards_removed":["Strike_R"],"damage_healed":0,"gold_gain":0,"player_choice":"Offered Basic","damage_taken":0,"max_hp_gain":0,"max_hp_loss":0,"event_name":"Bonfire Elementals","floor":2,"gold_loss":0},{"damage_healed":0,"gold_gain":0,"player_choice":"Leave","damage_taken":0,"max_hp_gain":0,"max_hp_loss":0,"event_name":"The Cleric","floor":5,"gold_loss":0},{"cards_removed":["Seeing Red"],"damage_healed":0,"gold_gain":0,"player_choice":"Take \u0026 Give","damage_taken":0,"max_hp_gain":0,"max_hp_loss":0,"event_name":"betterNote:BetterNote","floor":21,"gold_loss":0,"cards_obtained":["Finesse"]},{"damage_healed":0,"gold_gain":0,"player_choice":"Obtained Relic","damage_taken":0,"relics_obtained":["Self Forming Clay"],"max_hp_gain":0,"max_hp_loss":0,"event_name":"Addict","floor":22,"gold_loss":85},{"damage_healed":0,"gold_gain":0,"player_choice":"Paid Fearfully","damage_taken":0,"max_hp_gain":0,"max_hp_loss":0,"event_name":"Masked Bandits","floor":30,"gold_loss":51}],"is_beta":false,"boss_relics":[{"not_picked":["Coffee Dripper","Busted Crown"],"picked":"Runic Pyramid"}],"items_purged_floors":[27],"is_endless":false,"potions_floor_spawned":[3,4,12,13,19,25,28],"killed_by":"Champ","ascension_level":0}}