{"host":"uyfpom4rlahfoee4","time":1614302682,"event":{"mods":["BaseMod","Downfall","Minty Spire (QoL Compilation)","StSLib"],"gold_per_floor":[99,113,133,146,160,160,160,160,160,175,204,223,237,14,26,26,26,26],"floor_reached":16,"language":"ENG","playtime":561,"items_purged":[],"score":106,"play_id":"5735eed5-d755-4b59-a7f5-c3c489a242c3","local_time":"20210225172442","is_ascension_mode":false,"campfire_choices":[{"data":"bronze:Replicate","floor":1,"key":"SMITH"},{"data":"bronze:WhirlingStrike","floor":6,"key":"SMITH"},{"floor":9,"key":"REST"}],"circlet_count":0,"master_deck":["bronze:Strike","bronze:Strike","bronze:Strike","bronze:Strike","bronze:Defend","bronze:Defend","bronze:Defend","bronze:Defend","bronze:Replicate+1","bronze:Goto","bronze:Overheat","bronze:WhirlingStrike","bronze:ChildClass","bronze:WhirlingStrike+1","bronze:Fortify","bronze:DigitalCarnage","bronze:Optimize","bronze:ChosenStrike","bronze:Overheat","bronze:WhirlingStrike","bronze:Iterate","bronze:HyperBeam"],"relics":["bronze:BronzeCore","Torii","bronze:CableSpool","Blood Vial"],"acts_visited":["Exordium"],"potions_floor_usage":[16],"damage_taken":[{"damage":0,"enemies":"Small Slimes","floor":2,"turns":3},{"damage":0,"enemies":"Cultist","floor":3,"turns":3},{"damage":0,"enemies":"Jaw Worm","floor":4,"turns":2},{"damage":7,"enemies":"3 Louse","floor":5,"turns":2},{"damage":8,"enemies":"Red Slaver","floor":10,"turns":2},{"damage":17,"enemies":"3 Sentries","floor":11,"turns":3},{"damage":1,"enemies":"Exordium Thugs","floor":12,"turns":5},{"damage":0,"enemies":"Lots of Slimes","floor":13,"turns":1},{"damage":0,"enemies":"downfall:FleeingMerchant","floor":14,"turns":4},{"damage":12,"enemies":"2 Fungi Beasts","floor":15,"turns":3},{"damage":24,"enemies":"DF_ARCHETYPE_STREAMLINE","floor":16,"turns":4}],"seed_played":"-4187423095645407052","potions_obtained":[{"floor":4,"key":"hexamod:SoulburnPotion"},{"floor":5,"key":"Guardian:BlockOnCardUsePotion"},{"floor":10,"key":"LiquidMemories"},{"floor":15,"key":"Fire Potion"}],"is_trial":false,"path_per_floor":["R","M","M","M","M","R","T","?","R","M","E","M","M","$","M","B"],"character_chosen":"THE_AUTOMATON","items_purchased":["Blood Vial","bronze:Iterate"],"campfire_rested":1,"item_purchase_floors":[14,14],"current_hp_per_floor":[70,70,70,70,63,63,63,38,59,51,34,33,33,33,23,1,1,1],"gold":26,"neow_bonus":"THREE_CARDS","is_daily":false,"chose_seed":false,"campfire_upgraded":2,"win_rate":0.0,"timestamp":1614302682,"path_taken":["R","M","M","M","M","R","T","?","R","M","E","M","M","$","M","BOSS"],"items_purchased_type":["Relic","Card"],"build_version":"2020-12-22","purchased_purges":0,"victory":false,"max_hp_per_floor":[70,70,70,70,70,70,70,70,70,70,70,70,70,70,70,70,70,70],"card_choices":[{"not_picked":["bronze:WildBeam","bronze:Philosophize"],"picked":"bronze:Overheat","floor":0},{"not_picked":["bronze:Repulsor","bronze:OilSpill"],"picked":"bronze:WhirlingStrike","floor":2},{"not_picked":["bronze:Philosophize","bronze:Shield"],"picked":"bronze:ChildClass","floor":3},{"not_picked":["bronze:OilSpill","bronze:BugBarrage"],"picked":"bronze:WhirlingStrike","floor":4},{"not_picked":["bronze:Optimize","bronze:BuggyMess"],"picked":"bronze:Fortify","floor":5},{"not_picked":["bronze:DelayedSlice","bronze:ForceShield"],"picked":"bronze:DigitalCarnage","floor":10},{"not_picked":["bronze:FollowUp","bronze:Frontload"],"picked":"bronze:Optimize","floor":11},{"not_picked":["bronze:Deprecate","bronze:Safeguard"],"picked":"bronze:ChosenStrike","floor":12},{"not_picked":["bronze:Branch","bronze:Optimize"],"picked":"bronze:Overheat","floor":13},{"not_picked":["bronze:DigitalCarnage","bronze:BronzeArmor"],"picked":"bronze:WhirlingStrike","floor":14},{"not_picked":["bronze:FineTuning","bronze:BugBarrage"],"picked":"bronze:HyperBeam","floor":15}],"player_experience":223284,"relics_obtained":[{"floor":7,"key":"Torii"},{"floor":11,"key":"bronze:CableSpool"}],"event_choices":[{"damage_healed":0,"gold_gain":0,"player_choice":"Fled","damage_taken":25,"max_hp_gain":0,"max_hp_loss":0,"event_name":"Scrap Ooze","floor":8,"gold_loss":0}],"is_beta":false,"boss_relics":[],"items_purged_floors":[],"is_endless":false,"potions_floor_spawned":[4,5,10,12,15],"killed_by":"DF_ARCHETYPE_STREAMLINE","ascension_level":0}}