{"host":"cfv8orgc8997ql4r","time":1614349730,"event":{"mods":["AchievementEnabler","BaseMod","DeckTracker","Keyboard Shortcuts","Minty Spire (QoL Compilation)"],"gold_per_floor":[114,114,114,125,137,169,233,233,258,258,273,283,458,475,475,475,475],"floor_reached":16,"language":"KOR","playtime":385,"items_purged":[],"score":143,"play_id":"6a2af944-e848-4d0e-b7ae-99e296f88a1c","local_time":"20210226232850","is_ascension_mode":true,"campfire_choices":[{"floor":8,"key":"REST"},{"data":"Blade Dance","floor":10,"key":"SMITH"},{"floor":15,"key":"REST"}],"circlet_count":0,"master_deck":["Strike_G","Strike_G","Strike_G","Strike_G","Strike_G","Defend_G","Defend_G","Defend_G","Defend_G","Defend_G","Survivor","Neutralize","Escape Plan","Blade Dance+1","Finisher","Envenom","Poisoned Stab","Doubt","Blade Dance"],"relics":["Ring of the Snake","NeowsBlessing","Anchor","Ancient Tea Set","Centennial Puzzle","Tiny Chest"],"acts_visited":["Exordium"],"potions_floor_usage":[6,6,14,14,16],"damage_taken":[{"damage":0,"enemies":"Cultist","floor":1,"turns":1},{"damage":0,"enemies":"Small Slimes","floor":4,"turns":1},{"damage":0,"enemies":"Jaw Worm","floor":5,"turns":1},{"damage":25,"enemies":"3 Sentries","floor":6,"turns":7},{"damage":24,"enemies":"Gremlin Nob","floor":7,"turns":4},{"damage":12,"enemies":"Large Slime","floor":11,"turns":5},{"damage":4,"enemies":"Looter","floor":12,"turns":4},{"damage":17,"enemies":"Exordium Wildlife","floor":14,"turns":3},{"damage":34,"enemies":"The Guardian","floor":16,"turns":8}],"seed_played":"7925243981826433307","potions_obtained":[{"floor":1,"key":"AttackPotion"},{"floor":4,"key":"LiquidBronze"},{"floor":11,"key":"PowerPotion"},{"floor":12,"key":"Regen Potion"},{"floor":14,"key":"LiquidMemories"}],"is_trial":false,"path_per_floor":["M","$","T","M","M","E","?","R","T","R","M","M","?","M","R","B"],"character_chosen":"THE_SILENT","items_purchased":[],"campfire_rested":2,"item_purchase_floors":[],"current_hp_per_floor":[63,63,63,63,63,38,14,35,35,35,23,19,19,11,32,0,0],"gold":475,"neow_bonus":"THREE_ENEMY_KILL","is_daily":false,"chose_seed":false,"campfire_upgraded":1,"win_rate":0.0,"timestamp":1614349730,"path_taken":["M","$","?","M","?","E","?","R","T","R","M","M","?","M","R","BOSS"],"items_purchased_type":[],"build_version":"2020-12-22","purchased_purges":0,"victory":false,"max_hp_per_floor":[70,70,70,70,70,70,70,70,70,70,70,70,70,70,70,70,70],"card_choices":[{"not_picked":["Dagger Spray","Footwork"],"picked":"Escape Plan","floor":1},{"not_picked":["Calculated Gamble","Sucker Punch"],"picked":"Blade Dance","floor":4},{"not_picked":["Heel Hook","Footwork"],"picked":"Finisher","floor":5},{"not_picked":["Underhanded Strike","Blur"],"picked":"Envenom","floor":6},{"not_picked":["Prepared","Choke"],"picked":"Poisoned Stab","floor":7},{"not_picked":["Backstab","Quick Slash","Leg Sweep"],"picked":"SKIP","floor":11},{"not_picked":["Dodge and Roll","Underhanded Strike","Blur"],"picked":"SKIP","floor":12},{"not_picked":["Escape Plan","Well Laid Plans"],"picked":"Blade Dance","floor":14}],"player_experience":216522,"relics_obtained":[{"floor":3,"key":"Anchor"},{"floor":6,"key":"Ancient Tea Set"},{"floor":7,"key":"Centennial Puzzle"},{"floor":9,"key":"Tiny Chest"}],"event_choices":[{"damage_healed":0,"gold_gain":0,"player_choice":"Searched \u00271\u0027 times","damage_taken":0,"max_hp_gain":0,"max_hp_loss":0,"event_name":"Dead Adventurer","floor":7,"gold_loss":0},{"damage_healed":0,"gold_gain":175,"player_choice":"AGREE","damage_taken":0,"max_hp_gain":0,"max_hp_loss":0,"event_name":"Liars Game","floor":13,"gold_loss":0,"cards_obtained":["Doubt"]}],"is_beta":false,"boss_relics":[],"items_purged_floors":[],"is_endless":false,"potions_floor_spawned":[1,4,11,12,14],"killed_by":"The Guardian","ascension_level":8}}