{"host":"Keegz","time":1614306048,"event":{"mods":["BaseMod","Bestiary","Colored Powertips","Highlight Path","Minty Spire (QoL Compilation)","Relic Stats","Slay the Relics Exporter"],"gold_per_floor":[111,129,144,158,173,173,198,217,230,230,230,246,246,8,8,41,41,119,119,119,193,193,203,203,221,221,62,89,89,89,89,89,103,121,121,138,138,158,158,235,235,235,311,311,331,346,346,67,78,106,106,131,131,131,159,175,175,175,228,228,228,228,228],"floor_reached":62,"language":"ENG","playtime":2284,"items_purged":["Strike_G","Writhe"],"score":1981,"play_id":"521ed47f-3862-4074-b9aa-57362edff6d2","local_time":"20210226152048","is_ascension_mode":true,"campfire_choices":[{"floor":6.0,"key":"REST"},{"data":"1","floor":13,"key":"LIFT"},{"floor":15,"key":"REST"},{"floor":17,"key":"REST"},{"floor":20,"key":"REST"},{"data":"2","floor":30,"key":"LIFT"},{"data":"3","floor":32,"key":"LIFT"},{"floor":35,"key":"REST"},{"data":"Adrenaline","floor":37,"key":"SMITH"},{"data":"A Thousand Cuts","floor":39,"key":"SMITH"},{"data":"A Thousand Cuts","floor":42,"key":"SMITH"},{"data":"Terror","floor":51,"key":"SMITH"},{"floor":54,"key":"REST"},{"floor":60,"key":"REST"},{"floor":61,"key":"RECALL"}],"circlet_count":0,"master_deck":["AscendersBane","Survivor","Neutralize","Dash","Backstab","Slice","Glass Knife","Leg Sweep","Endless Agony","A Thousand Cuts+1","Caltrops","Backstab","A Thousand Cuts+1","Slice","A Thousand Cuts+1","Adrenaline+1","Envenom","Blade Dance","Footwork","Footwork","Backstab+1","Writhe","Terror+1","Prepared","Footwork+1"],"relics":["Ring of the Snake","Dream Catcher","Girya","Question Card","Strawberry","Vajra","Pocketwatch","SacredBark","Pandora\u0027s Box","MealTicket","Singing Bowl","Tiny Chest","Philosopher\u0027s Stone","Calling Bell","Pen Nib","Pantograph","CaptainsWheel","Medical Kit","Happy Flower","Blood Vial","Eternal Feather","White Beast Statue"],"acts_visited":["Exordium","TheCity","TheBeyond"],"potions_floor_usage":[9,18,25,36,40,43,49,50,50,56,58],"damage_taken":[{"damage":1.0,"enemies":"Cultist","floor":1.0,"turns":4.0},{"damage":0.0,"enemies":"Jaw Worm","floor":2.0,"turns":4.0},{"damage":12.0,"enemies":"Small Slimes","floor":3.0,"turns":4.0},{"damage":0.0,"enemies":"2 Fungi Beasts","floor":4.0,"turns":3.0},{"damage":14.0,"enemies":"Red Slaver","floor":5.0,"turns":3.0},{"damage":46.0,"enemies":"Gremlin Nob","floor":7.0,"turns":6.0},{"damage":2.0,"enemies":"Large Slime","floor":8.0,"turns":4.0},{"damage":11,"enemies":"Lots of Slimes","floor":9,"turns":6},{"damage":2,"enemies":"Exordium Wildlife","floor":12,"turns":2},{"damage":12,"enemies":"3 Sentries","floor":16,"turns":4},{"damage":27,"enemies":"Slime Boss","floor":18,"turns":9},{"damage":18,"enemies":"Slime Boss","floor":21,"turns":6},{"damage":15,"enemies":"3 Byrds","floor":23,"turns":3},{"damage":14,"enemies":"Shell Parasite","floor":25,"turns":3},{"damage":35,"enemies":"Slavers","floor":28,"turns":5},{"damage":0,"enemies":"Snake Plant","floor":33,"turns":3},{"damage":0,"enemies":"3 Cultists","floor":34,"turns":4},{"damage":0,"enemies":"Sentry and Sphere","floor":36,"turns":3},{"damage":0,"enemies":"Snecko","floor":38,"turns":3},{"damage":18,"enemies":"Collector","floor":40,"turns":7},{"damage":46,"enemies":"Collector","floor":43,"turns":6},{"damage":0,"enemies":"Orb Walker","floor":45,"turns":2},{"damage":0,"enemies":"3 Darklings","floor":46,"turns":3},{"damage":30,"enemies":"Jaw Worm Horde","floor":49,"turns":3},{"damage":16,"enemies":"Giant Head","floor":50,"turns":5},{"damage":36,"enemies":"Nemesis","floor":52,"turns":5},{"damage":0,"enemies":"Reptomancer","floor":55,"turns":3},{"damage":31,"enemies":"Spire Growth","floor":56,"turns":4},{"damage":0,"enemies":"Transient","floor":58,"turns":2},{"damage":114,"enemies":"Time Eater","floor":62,"turns":9}],"seed_played":"3585936469422483022","potions_obtained":[{"floor":3.0,"key":"Energy Potion"},{"floor":7.0,"key":"PowerPotion"},{"floor":8.0,"key":"Regen Potion"},{"floor":9,"key":"Swift Potion"},{"floor":16,"key":"PowerPotion"},{"floor":21,"key":"SpeedPotion"},{"floor":25,"key":"Swift Potion"},{"floor":36,"key":"Swift Potion"},{"floor":40,"key":"Regen Potion"},{"floor":43,"key":"Weak Potion"},{"floor":46,"key":"Energy Potion"},{"floor":49,"key":"LiquidMemories"},{"floor":50,"key":"SmokeBomb"},{"floor":52,"key":"Fire Potion"},{"floor":56,"key":"Dexterity Potion"}],"is_trial":false,"path_per_floor":["M","M","M","M","M","R","E","M","M","T","T","M","R","$","R","E","R","B",null,"R","B",null,"M","?","M","?","$","E","?","R","T","R","M","M","R","M","R","M","R","B",null,"R","B",null,"M","M","?","$","M","E","R","E","T","R","E","M","?","M","T","R","R","B"],"character_chosen":"THE_SILENT","items_purchased":["Vajra","Blade Dance","Terror","Medical Kit","Prepared"],"campfire_rested":7,"item_purchase_floors":[14,27,48,48,48],"current_hp_per_floor":[58,58,46,46,32,51,5,3,7,7,14,12,12,12,33,21,42,15,15,36,18,59,44,44,30,45,60,27,21,21,21,21,21,21,45,45,45,47,47,31,31,31,27,69,71,73,87,87,57,43,43,9,9,53,57,30,30,32,32,78,93,0,0],"gold":228,"neow_bonus":"RANDOM_COMMON_RELIC","is_daily":false,"chose_seed":false,"campfire_upgraded":4,"win_rate":0.0,"timestamp":1614306048,"path_taken":["M","?","?","M","M","R","E","M","M","T","T","M","R","?","R","E","R","BOSS","R","BOSS","M","?","M","?","$","E","?","R","T","R","M","M","R","M","R","M","R","BOSS","R","BOSS","M","M","?","$","M","E","R","E","T","R","E","M","?","?","?","R","R","BOSS"],"items_purchased_type":["Relic","Card","Card","Relic","Card"],"build_version":"2020-12-18","purchased_purges":2,"victory":false,"max_hp_per_floor":[66,66,66,66,66,66,66,66,66,66,73,73,73,73,73,73,73,73,73,73,73,73,73,73,73,73,73,75,75,75,75,75,75,75,77,77,77,79,79,81,81,81,83,83,85,87,87,87,87,89,89,91,91,93,95,97,97,97,97,99,99,99,99],"relic_stats":{"Singing Bowl":26,"Happy Flower":[7],"counters":[30,128],"Eternal Feather":45,"Pen Nib":[10],"Question Card":27,"Medical Kit":[0],"Blood Vial":8,"Dream Catcher":7,"Pantograph":4,"Pandora\u0027s Box":["Envenom","A Thousand Cuts","Escape Plan","Finisher","Poisoned Stab","Expertise","Cloak And Dagger","Calculated Gamble","Bouncing Flask"],"MealTicket":15,"Tiny Chest":1,"obtain_stats":[{"Girya":7,"Singing Bowl":28,"Happy Flower":50,"SacredBark":19,"Vajra":14,"Eternal Feather":53,"Pen Nib":44,"Question Card":10,"Medical Kit":48,"White Beast Statue":55,"Calling Bell":44,"Blood Vial":52,"Dream Catcher":0,"CaptainsWheel":44,"Strawberry":11,"Pantograph":44,"Pandora\u0027s Box":22,"MealTicket":24,"Tiny Chest":31,"Philosopher\u0027s Stone":41,"Ring of the Snake":0,"Pocketwatch":16},{"Girya":6,"Singing Bowl":15,"Happy Flower":25,"SacredBark":11,"Vajra":9,"Eternal Feather":26,"Pen Nib":21,"Question Card":8,"Medical Kit":23,"White Beast Statue":27,"Calling Bell":21,"Blood Vial":26,"Dream Catcher":0,"CaptainsWheel":21,"Strawberry":8,"Pantograph":21,"Pandora\u0027s Box":12,"MealTicket":13,"Tiny Chest":15,"Philosopher\u0027s Stone":20,"Ring of the Snake":0,"Pocketwatch":10},{"Girya":24,"Singing Bowl":66,"Happy Flower":105,"SacredBark":49,"Vajra":36,"Eternal Feather":110,"Pen Nib":92,"Question Card":34,"Medical Kit":97,"White Beast Statue":113,"Calling Bell":92,"Blood Vial":110,"Dream Catcher":0,"CaptainsWheel":92,"Strawberry":34,"Pantograph":92,"Pandora\u0027s Box":55,"MealTicket":58,"Tiny Chest":66,"Philosopher\u0027s Stone":86,"Ring of the Snake":0,"Pocketwatch":40}],"Ring of the Snake":[62],"Pocketwatch":[55]},"card_choices":[{"not_picked":["Dagger Spray","Expertise"],"picked":"Dash","floor":1.0},{"not_picked":["PiercingWail","Dodge and Roll","Bane"],"picked":"SKIP","floor":2.0},{"not_picked":["Deadly Poison","Riddle With Holes"],"picked":"Backstab","floor":3.0},{"not_picked":["Underhanded Strike","Finisher"],"picked":"Slice","floor":4.0},{"not_picked":["Acrobatics","Endless Agony"],"picked":"Glass Knife","floor":5.0},{"not_picked":["Dodge and Roll","Outmaneuver"],"picked":"Leg Sweep","floor":6.0},{"not_picked":["PiercingWail","Bane"],"picked":"Endless Agony","floor":7.0},{"not_picked":["Acrobatics","Prepared"],"picked":"A Thousand Cuts","floor":8.0},{"not_picked":["Underhanded Strike","Bane"],"picked":"Caltrops","floor":9},{"not_picked":["Heel Hook","Cloak And Dagger","Backflip"],"picked":"Backstab","floor":12},{"not_picked":["Outmaneuver","Deflect","Sucker Punch"],"picked":"A Thousand Cuts","floor":15},{"not_picked":["Predator","Dagger Throw","PiercingWail","Underhanded Strike"],"picked":"SKIP","floor":16},{"not_picked":["Expertise","Prepared","Outmaneuver"],"picked":"Slice","floor":17},{"not_picked":["Doppelganger","Tools of the Trade","Night Terror"],"picked":"A Thousand Cuts","floor":18},{"not_picked":["Wraith Form v2","Die Die Die","Venomology"],"picked":"Adrenaline","floor":21},{"not_picked":["Poisoned Stab","Sucker Punch","Bane","Accuracy"],"picked":"SKIP","floor":23},{"not_picked":["Predator","PiercingWail","Sucker Punch"],"picked":"Envenom","floor":25},{"not_picked":["Distraction","Blade Dance","Grand Finale","Sucker Punch"],"picked":"Singing Bowl","floor":28},{"not_picked":["Underhanded Strike+1","Prepared","All Out Attack"],"picked":"Footwork","floor":33},{"not_picked":["Crippling Poison","Blade Dance","Flechettes"],"picked":"Footwork","floor":34},{"not_picked":["PiercingWail","Deadly Poison","Quick Slash","Predator"],"picked":"Singing Bowl","floor":35},{"not_picked":["Deflect","Bane","Dagger Spray"],"picked":"Backstab+1","floor":36},{"not_picked":["Quick Slash","Noxious Fumes","Deflect","Slice"],"picked":"Singing Bowl","floor":38},{"not_picked":["Glass Knife","Die Die Die","Burst","Grand Finale"],"picked":"Singing Bowl","floor":40},{"not_picked":["Grand Finale","Glass Knife","Storm of Steel","Burst"],"picked":"Singing Bowl","floor":43},{"not_picked":["Bane+1","Reflex","Infinite Blades","Choke"],"picked":"Singing Bowl","floor":45},{"not_picked":["Outmaneuver","Slice","Tactician","Sucker Punch+1"],"picked":"Singing Bowl","floor":46},{"not_picked":["Deadly Poison+1","Concentrate+1","Flying Knee"],"picked":"Footwork+1","floor":49},{"not_picked":["Caltrops","Bullet Time","Dagger Throw","Concentrate"],"picked":"Singing Bowl","floor":50},{"not_picked":["Flechettes","Distraction+1","Catalyst","Terror"],"picked":"Singing Bowl","floor":52},{"not_picked":["Acrobatics","Crippling Poison","Catalyst","Outmaneuver"],"picked":"Singing Bowl","floor":54},{"not_picked":["Cloak And Dagger+1","Backflip","Acrobatics","Dodge and Roll+1"],"picked":"Singing Bowl","floor":55},{"not_picked":["Concentrate+1","Deflect","Poisoned Stab","Escape Plan"],"picked":"Singing Bowl","floor":56},{"not_picked":["Deflect","Escape Plan","Well Laid Plans+1","Acrobatics"],"picked":"Singing Bowl","floor":60}],"player_experience":1527507,"relics_obtained":[{"floor":7.0,"key":"Girya"},{"floor":10,"key":"Question Card"},{"floor":11,"key":"Strawberry"},{"floor":16,"key":"Pocketwatch"},{"floor":28,"key":"Singing Bowl"},{"floor":31,"key":"Tiny Chest"},{"floor":44,"key":"Pen Nib"},{"floor":44,"key":"Pantograph"},{"floor":44,"key":"CaptainsWheel"},{"floor":50,"key":"Happy Flower"},{"floor":52,"key":"Blood Vial"},{"floor":53,"key":"Eternal Feather"},{"floor":55,"key":"White Beast Statue"}],"event_choices":[{"damage_healed":0,"gold_gain":0,"player_choice":"Opened","damage_taken":0,"relics_obtained":["MealTicket"],"max_hp_gain":0,"max_hp_loss":0,"event_name":"The Mausoleum","floor":24,"gold_loss":0,"cards_obtained":["Writhe"]},{"damage_healed":15,"gold_gain":0,"player_choice":"Heal","damage_taken":0,"max_hp_gain":0,"max_hp_loss":0,"event_name":"The Library","floor":26,"gold_loss":0},{"damage_healed":0,"gold_gain":0,"player_choice":"","damage_taken":6,"max_hp_gain":0,"max_hp_loss":0,"event_name":"Knowing Skull","floor":29,"potions_obtained":[],"gold_loss":0,"cards_obtained":[]},{"damage_healed":17,"gold_gain":0,"player_choice":"Writhe","damage_taken":0,"max_hp_gain":0,"max_hp_loss":0,"event_name":"Winding Halls","floor":47,"gold_loss":0,"cards_obtained":["Writhe"]},{"damage_healed":0,"gold_gain":0,"player_choice":"Upgraded","damage_taken":0,"max_hp_gain":0,"max_hp_loss":0,"event_name":"Upgrade Shrine","floor":57,"gold_loss":0,"cards_upgraded":["A Thousand Cuts"]}],"is_beta":true,"boss_relics":[{"not_picked":["Astrolabe","HoveringKite"],"picked":"SacredBark"},{"not_picked":["Tiny House","Sozu"],"picked":"Pandora\u0027s Box"},{"not_picked":["Black Star","Coffee Dripper"],"picked":"Philosopher\u0027s Stone"},{"not_picked":["Ring of the Serpent","Runic Pyramid"],"picked":"Calling Bell"}],"items_purged_floors":[14,27],"is_endless":false,"potions_floor_spawned":[3,7,8,9,16,21,25,36,40,43,46,49,50,52,56,58],"killed_by":"Time Eater","ascension_level":19}}