{"host":"gm50ke85n5jz306u","time":1614360992,"event":{"mods":["AchievementEnabler","AlwaysNeverKeys","Aspiration","BaseMod","Beaked The Cultist","Bestiary","Better Altar","Better Match","Better Note","Better Sensory Stone","Better Skull","Better Third Choice","Better Vampires","Better-Laid Plans","BetterRewards","Colored Powertips","Curses Come First","DNKmod","Defuse TimeMaze Blight","Disable Question Mark Monsters","Displayed Cursed Tome","Downfall","Emptier Cage","Extra Virgin Snecko Oil","Filter the Spire","Friendly Minions","Gremlin Skip","Hermit","Hubris","Hyrulean Relics","Ironclad Rager","Koishi","Lobotomy","Marisa????????","Marked Mod","Minty Spire (QoL Compilation)","Permanent Neow","Poor People Problems","Quick Restart","Reimu??????","Relic Filter Mod","Relic Sorter","Remove Card Discount Mod","Reorder Act Four","Replay The Spire","Shop Mod","StSLib","Synergy Search","Td1madao Mod","The Administrix","The Animator","The Blue Laboratory","The Bug Knight","The Construct","The Cursed","The Disciple","The Hierophant","The Necromancer","The Runesmith","The Senshi","The Servant 0.9.4","Thieving Mod","Transform Curses","WarShipGirlsR/????R mod"],"gold_per_floor":[10018,10018,10018,9347,9430,9430,8863,8863,8863,8863,8875,8887,8251,8266,8266,8367,8367,8379,8379,8393,8412,7695,7695,7727,7727,7774,7785,7300,7300,7300,7300,7300,7404,7404,7422,7347,7031,7042,6422,6422,6441,5882,5882,5896,5896,5922,5932,5359,5359,5359],"floor_reached":51,"language":"ENG","playtime":3230,"items_purged":["Strike_G","Strike_G","Strike_G","Strike_G","Strike_G","Tactician","Dagger Throw","Survivor","Sucker Punch","Poisoned Stab+1","Slice","Defend_G","Toxin Wave","Toxin Wave","Slice","Slice+1","Defend_G","Defend_G","Defend_G","Defend_G+1","Cloak And Dagger+1","Cloak And Dagger","Blade Dance","Backflip"],"score":916,"play_id":"4ced7461-0668-4819-8adf-63fc9ca4f1ec","local_time":"20210226183632","is_ascension_mode":true,"campfire_choices":[{"data":"Neutralize","floor":6.0,"key":"SMITH"},{"data":"Poisoned Stab","floor":8.0,"key":"SMITH"},{"data":"Escape Plan","floor":15.0,"key":"SMITH"},{"data":"Infinite Blades","floor":29,"key":"SMITH"},{"data":"Blade Dance","floor":32,"key":"SMITH"},{"data":"Accuracy","floor":40,"key":"SMITH"},{"data":"Escape Plan","floor":45,"key":"SMITH"},{"data":"Footwork","floor":49,"key":"SMITH"}],"circlet_count":0,"master_deck":["Neutralize+1","Escape Plan+1","Blade Dance+1","Infinite Blades+1","Escape Plan+1","Accuracy+1","Master of Strategy+1","Accuracy+1","Backflip","Footwork+1","Footwork+1"],"relics":["Ring of the Snake","aspiration:DSix","Snack Pack","Happy Flower","aspiration:ArtOfWarUpgrade","ReplayFunnel","aspiration:EmptySkull","PureWhite:ReiMu","TwistedFunnel","Medical Kit","Mirror","Bag of Marbles","hubris:SphereOfDissonance","Anchor","Chemical X","MerchantsRug","hubris:Icosahedron","theSenshi:FeatherClipsRelic","Sling","Nloth\u0027s Gift","Vajra","Juzu Bracelet","hubris:SlimyHat","hubris:PeanutButter","Toy Ornithopter","hubris:Towel","ReplayTheSpireMod:ShopPack","Oddly Smooth Stone","Mango","Guide Book"],"acts_visited":["Exordium","TheCity","TheBeyond"],"potions_floor_usage":[16,16,24,38],"damage_taken":[{"damage":0.0,"enemies":"Jaw Worm","floor":1.0,"turns":5.0},{"damage":0.0,"enemies":"2 Louse","floor":11.0,"turns":1.0},{"damage":0.0,"enemies":"Small Slimes","floor":12.0,"turns":1.0},{"damage":0.0,"enemies":"Blue Slaver","floor":14.0,"turns":2.0},{"damage":21,"enemies":"Slime Boss","floor":16,"turns":8},{"damage":0,"enemies":"Chosen","floor":18,"turns":3},{"damage":6,"enemies":"3 Byrds","floor":20,"turns":3},{"damage":4,"enemies":"3 Cultists","floor":21,"turns":4},{"damage":7,"enemies":"Replay:Snechameleon","floor":24,"turns":5},{"damage":4,"enemies":"Cultist and Chosen","floor":27,"turns":4},{"damage":55,"enemies":"Automaton","floor":33,"turns":10},{"damage":0,"enemies":"Orb Walker","floor":35,"turns":3},{"damage":0,"enemies":"3 Darklings","floor":38,"turns":2},{"damage":0,"enemies":"Jaw Worm Horde","floor":41,"turns":2},{"damage":0,"enemies":"4 Shapes","floor":44,"turns":2},{"damage":0,"enemies":"Giant Head","floor":46,"turns":2},{"damage":0,"enemies":"Maw","floor":47,"turns":2},{"damage":0,"enemies":"Time Eater","floor":50,"turns":4}],"seed_played":"-2903180890130045718","potions_obtained":[{"floor":1.0,"key":"BlessingOfTheForge"},{"floor":12.0,"key":"Dexterity Potion"},{"floor":16,"key":"Elixir"},{"floor":21,"key":"Block Potion"},{"floor":38,"key":"bronze:BurnAndBuffPotion"}],"is_trial":false,"path_per_floor":["M","?","?","$","?","R","$","R","T","?","M","M","$","M","R","B",null,"M","?","M","M","$","R","E","R","T","M","$","R","?","?","R","B",null,"M","?","$","M","$","R","M","$","T","M","R","E","M","$","R","B",null],"character_chosen":"THE_SILENT","items_purchased":["TwistedFunnel","hubris:TenFootPole","Poisoned Stab","Dagger Throw","blueLaboratory:SuffocatingSmog","Poison Potion","MerchantsRug","Bag of Marbles","Snack Pack","Chemical X","theSenshi:FeatherClipsRelic","Sling","Art of War","Escape Plan","Blade Dance","Slice","Sucker Punch","Vajra","Strange Spoon","Juzu Bracelet","blueLaboratory:EmptyBottle","Explosive Potion","Infinite Blades","hubris:PeanutButter","Toy Ornithopter","Fire Potion","ReplayFunnel","FearPotion","ReplayTheSpireMod:ShopPack","Happy Flower","Medical Kit","hubris:SphereOfDissonance","GamblersBrew","Adrenaline Potion","Cloak And Dagger","Backflip","PureWhite:ReiMu","aspiration:EmptySkull","blueLaboratory:FruitPunch","Footwork","Mango","Backflip","Guide Book"],"campfire_rested":0,"item_purchase_floors":[4,4,4,4,4,4,4,7,7,7,13,13,13,13,22,22,22,22,22,22,22,22,28,28,28,28,37,37,37,39,39,39,39,39,42,42,42,42,48,48,48,48,48],"current_hp_per_floor":[70,70,70,70,62,62,62,62,62,62,64,66,66,70,70,59,70,70,70,70,70,70,70,70,70,70,70,70,70,70,70,70,34,70,70,70,70,70,70,70,70,70,70,70,70,70,70,84,84,84],"gold":5359,"neow_bonus":"DSIX","is_daily":false,"chose_seed":false,"campfire_upgraded":8,"win_rate":0.0,"timestamp":1614360992,"path_taken":["M","?","?","$","?","R","?","R","T","?","M","M","$","M","R","BOSS","M","?","M","M","$","R","E","R","T","M","$","R","?","?","R","BOSS","M","?","?","M","$","R","M","$","T","M","R","E","M","$","R","BOSS"],"items_purchased_type":["Relic","Relic","Card","Card","Potion","Potion","Relic","Relic","Relic","Relic","Relic","Relic","Relic","Card","Card","Card","Card","Relic","Relic","Relic","Potion","Potion","Card","Relic","Relic","Potion","Relic","Potion","Relic","Relic","Relic","Relic","Potion","Potion","Card","Card","Relic","Relic","Potion","Card","Relic","Card","Relic"],"build_version":"2020-12-22","purchased_purges":24,"victory":true,"max_hp_per_floor":[70,70,70,70,70,70,70,70,70,70,70,70,70,70,70,70,70,70,70,70,70,70,70,70,70,70,70,70,70,70,70,70,70,70,70,70,70,70,70,70,70,70,70,70,70,70,70,84,84,84],"card_choices":[{"not_picked":["Fluid Movement","Expertise","Sucker Punch"],"picked":"SKIP","floor":1.0},{"not_picked":["Flying Knee","Riddle With Holes"],"picked":"Toxin Wave","floor":5.0},{"not_picked":["Sucker Punch","Dodge and Roll"],"picked":"Toxin Wave","floor":11.0},{"not_picked":["Flechettes","Cloak And Dagger"],"picked":"Slice","floor":12.0},{"not_picked":["Leg Sweep","Flying Knee","Dodge and Roll"],"picked":"SKIP","floor":14.0},{"not_picked":["hubris:Counter","Cloak And Dagger+1","Sucker Punch"],"picked":"SKIP","floor":18},{"not_picked":["Noxious Fumes","Cloak And Dagger"],"picked":"Tactician","floor":20},{"not_picked":["Prepared","Catalyst"],"picked":"Slice+1","floor":21},{"not_picked":["hubris:TrickCloak","Leg Sweep","ReplayTheSpireMod:From All Sides"],"picked":"SKIP","floor":24},{"not_picked":["hubris:SlightOfHand+1","Dodge and Roll+1"],"picked":"Blade Dance","floor":27},{"not_picked":["Backflip","Underhanded Strike+1"],"picked":"Escape Plan","floor":35},{"not_picked":["Reflex","Tactician"],"picked":"Accuracy","floor":36},{"not_picked":["Transmutation","Poisoned Strike"],"picked":"Master of Strategy","floor":37},{"not_picked":["Cloak And Dagger+1","Unload"],"picked":"Accuracy+1","floor":38},{"not_picked":["hubris:SlightOfHand+1","Dagger Throw"],"picked":"Cloak And Dagger+1","floor":41},{"not_picked":["Flechettes","Calculated Gamble","Blade Dance"],"picked":"SKIP","floor":44},{"not_picked":["Deadly Poison","Leg Sweep","Bullet Time"],"picked":"SKIP","floor":46},{"not_picked":["Slice","Wraith Form v2","Concentrate+1"],"picked":"SKIP","floor":47}],"player_experience":508097,"relics_obtained":[{"floor":5.0,"key":"Anchor"},{"floor":24,"key":"Pet Ghost"},{"floor":26,"key":"hubris:SlimyHat"},{"floor":43,"key":"Oddly Smooth Stone"},{"floor":46,"key":"Mirror"}],"event_choices":[{"damage_healed":0.0,"max_hp_gain":0.0,"max_hp_loss":0.0,"gold_gain":0.0,"event_name":"The Cleric","player_choice":"Leave","floor":3.0,"gold_loss":0.0,"damage_taken":0.0},{"damage_healed":0,"gold_gain":0,"player_choice":"Traded Relic","damage_taken":0,"relics_obtained":["Nloth\u0027s Gift"],"max_hp_gain":0,"max_hp_loss":0,"event_name":"N\u0027loth","floor":19,"relics_lost":["hubris:TenFootPole"],"gold_loss":0},{"damage_healed":0,"gold_gain":0,"player_choice":"Ignored","damage_taken":0,"max_hp_gain":0,"max_hp_loss":0,"event_name":"betterNote:BetterNote","floor":30,"gold_loss":0,"cards_obtained":["Apotheosis"]},{"damage_healed":0,"gold_gain":0,"player_choice":"1","damage_taken":0,"max_hp_gain":0,"max_hp_loss":0,"event_name":"betterMatch:BetterMatch","floor":36,"gold_loss":0,"cards_obtained":["betterMatch:CommonCard","betterMatch:RareCard","betterMatch:UncommonCard"]}],"is_beta":false,"boss_relics":[{"not_picked":["Calling Bell","Snecko Scales","aspiration:RitualDagger"]},{"not_picked":["hubris:CrackedHourglass","Sozu","hubris:BlackHole"]}],"items_purged_floors":[4,4,22,22,22,37,37,37,37,37,37,37,37,37,39,39,42,42,42,42,48,48,48,48],"is_endless":false,"potions_floor_spawned":[1,12,16,20,21,38,46,47],"ascension_level":3}}