{"host":"y9c31ugcc5enwcvp","time":1614322237,"event":{"mods":["Act Like it!","BaseMod","Better Match","Better Note","Colored Powertips","Downfall","Gremlin Skip","Minty Spire (QoL Compilation)","Rare Cards Sparkle","Smile Girya","Spire Arcade","StSLib","Unceasing Turn Reminder","Waifu the Spire"],"gold_per_floor":[99,110,24,34,50,70,70,95,95,120,140,40,95,110,123,123,123,123],"floor_reached":16,"language":"ENG","playtime":1229,"items_purged":[],"score":104,"play_id":"6ee9b52d-b1b6-4f23-af67-d900961a088a","local_time":"20210226005037","is_ascension_mode":false,"campfire_choices":[{"floor":1,"key":"RECALL"},{"data":"bronze:Terminator","floor":9,"key":"SMITH"},{"data":"bronze:Goto","floor":12,"key":"SMITH"}],"circlet_count":0,"master_deck":["bronze:Strike","bronze:Strike","bronze:Strike","bronze:Strike","bronze:Defend","bronze:Defend","bronze:Defend","bronze:Defend","bronze:Replicate","bronze:Goto+1","bronze:OilSpill","bronze:CleanCode","bronze:OilSpill","bronze:Iterate","bronze:Separator","bronze:Terminator+1","bronze:FineTuning","bronze:ChildClass","bronze:GetLatest","bronze:Iterate","bronze:Branch"],"relics":["bronze:BronzeCore","Centennial Puzzle","Boot","Eternal Feather","downfall:HeartBlessingRed","Toy Ornithopter"],"acts_visited":["Exordium"],"potions_floor_usage":[5,11,15],"damage_taken":[{"damage":1,"enemies":"Cultist","floor":2,"turns":4},{"damage":5,"enemies":"downfall:FleeingMerchant","floor":3,"turns":4},{"damage":5,"enemies":"2 Louse","floor":4,"turns":2},{"damage":0,"enemies":"Jaw Worm","floor":5,"turns":3},{"damage":0,"enemies":"2 Fungi Beasts","floor":6,"turns":2},{"damage":25,"enemies":"3 Sentries","floor":10,"turns":6},{"damage":8,"enemies":"Gremlin Gang","floor":11,"turns":3},{"damage":12,"enemies":"Lagavulin Event","floor":13,"turns":3},{"damage":0,"enemies":"downfall:LooterAlt","floor":14,"turns":1},{"damage":10,"enemies":"Exordium Thugs","floor":15,"turns":2},{"damage":20,"enemies":"SI_SHIV_ARCHETYPE","floor":16,"turns":3}],"seed_played":"4003643327405996092","potions_obtained":[{"floor":4,"key":"SkillPotion"},{"floor":5,"key":"Block Potion"},{"floor":10,"key":"Swift Potion"},{"floor":13,"key":"bronze:BurnAndBuffPotion"},{"floor":14,"key":"ColorlessPotion"}],"is_trial":false,"path_per_floor":["R","M","$","M","M","M","T","T","R","E","M","R","?","M","M","B"],"character_chosen":"THE_AUTOMATON","items_purchased":["bronze:OilSpill","bronze:Iterate"],"campfire_rested":0,"item_purchase_floors":[3,3],"current_hp_per_floor":[70,69,64,59,59,59,59,59,59,34,26,35,23,23,18,0,0,0],"gold":123,"neow_bonus":"RANDOM_COMMON_RELIC","is_daily":false,"chose_seed":false,"campfire_upgraded":2,"win_rate":0.0,"timestamp":1614322237,"path_taken":["R","M","$","M","?","M","T","?","R","E","M","R","?","M","M","BOSS"],"items_purchased_type":["Card","Card"],"build_version":"2020-12-22","purchased_purges":0,"victory":false,"max_hp_per_floor":[70,70,70,70,70,70,70,70,70,70,70,70,70,70,70,70,70,70],"card_choices":[{"not_picked":["bronze:Shield","bronze:WildBeam"],"picked":"bronze:OilSpill","floor":2},{"not_picked":["bronze:NullPointer","bronze:WildBeam"],"picked":"bronze:CleanCode","floor":3},{"not_picked":["bronze:Repulsor","bronze:BitShift"],"picked":"bronze:Separator","floor":4},{"not_picked":["bronze:BugBarrage","bronze:BitShift","bronze:DelayedGuard"],"picked":"SKIP","floor":5},{"not_picked":["bronze:WhirlingStrike","bronze:NullPointer"],"picked":"bronze:Terminator","floor":6},{"not_picked":["bronze:CloningBeam","bronze:Backtrace"],"picked":"bronze:FineTuning","floor":10},{"not_picked":["bronze:Invalidate","bronze:Turbo"],"picked":"bronze:ChildClass","floor":11},{"not_picked":["bronze:DigitalCarnage","bronze:Assembly"],"picked":"bronze:GetLatest","floor":13},{"not_picked":["bronze:CutThrough","bronze:BuggyMess"],"picked":"bronze:Iterate","floor":14},{"not_picked":["bronze:Deprecate","bronze:ItsAFeature"],"picked":"bronze:Branch","floor":15}],"player_experience":158065,"relics_obtained":[{"floor":8,"key":"Boot"},{"floor":10,"key":"Eternal Feather"}],"event_choices":[],"is_beta":false,"boss_relics":[],"items_purged_floors":[],"is_endless":false,"potions_floor_spawned":[4,5,10,13,14],"killed_by":"SI_SHIV_ARCHETYPE","ascension_level":0}}