{"host":"8jwif9mna8ud19ho","time":1614337059,"event":{"mods":["BaseMod","Better Vampires","Marisa£¨ìFÓê¡¡Ä§ÀíÉ³£©","Minty Spire (QoL Compilation)","Reimu£¨²©ÀöÁéÃÎ£©","RumiaBox-Â¶Ã×æ«µÄÉñÃØºÐ×Ó","StSLib","¡¾ÒÅÎï¿¨ÅÆ¡¿REMEMod"],"gold_per_floor":[118,43,60,60,60,87,87,112,137,166,196,243,271,283,295,385,397,424,107,117,167,167,194,194,221,244,269,279,279,279,298,298,373,373,392,392,392,412,429,454,454,483,483,514,559,594,544,561,561,561,561,561,561,16,48,48,48],"floor_reached":56,"language":"ZHS","playtime":2492,"items_purged":["Strike_B","Strike_B+1","Defend_B"],"score":2282,"play_id":"f5096c4b-1258-4997-af23-4725bbfe60c4","local_time":"20210226185739","is_ascension_mode":true,"campfire_choices":[{"data":"Apotheosis","floor":7.0,"key":"SMITH"},{"data":"Seek","floor":15.0,"key":"SMITH"},{"data":"Defragment","floor":24,"key":"SMITH"},{"data":"Seek","floor":29,"key":"SMITH"},{"floor":32,"key":"RECALL"},{"data":"Turbo","floor":41,"key":"SMITH"},{"floor":49,"key":"REST"},{"floor":53,"key":"REST"}],"circlet_count":0,"master_deck":["AscendersBane","Defend_B","Defend_B","Zap","Dualcast","Apotheosis+1","Seek+1","Electrodynamics","Skim","Loop","Ball Lightning+1","Glacier","Seek+1","Defragment+1","Ball Lightning+1","Coolheaded","Turbo+1","Storm","Machine Learning","Ball Lightning+1","Coolheaded"],"relics":["Cracked Core","REME_ComplimentaryCards","NeowsBlessing","Blood Vial","Smiling Mask","Bag of Preparation","MawBank","Molten Egg 2","Black Star","Meat on the Bone","Centennial Puzzle","InkBottle","Whetstone","Juzu Bracelet","Kunai","MagicDraw4","SoulBox","ZombieArmy","REME_HandOfSuture","Bottled Lightning","Pen Nib","Shuriken","Frozen Egg 2","Oddly Smooth Stone","Turnip","Tea:ReiMu","Incense Burner","Mummified Hand","Toolbox","PlanX","REME_HourglassOfDeath"],"acts_visited":["Exordium","TheCity","TheBeyond","TheEnding"],"potions_floor_usage":[27,34,56],"damage_taken":[{"damage":0.0,"enemies":"Jaw Worm","floor":1.0,"turns":1.0},{"damage":0.0,"enemies":"Small Slimes","floor":3.0,"turns":1.0},{"damage":0.0,"enemies":"Lagavulin","floor":6.0,"turns":1.0},{"damage":26.0,"enemies":"Gremlin Nob","floor":8.0,"turns":4.0},{"damage":0.0,"enemies":"Cultist","floor":10.0,"turns":2.0},{"damage":4.0,"enemies":"Looter","floor":11.0,"turns":3.0},{"damage":10.0,"enemies":"3 Sentries","floor":12.0,"turns":2.0},{"damage":0.0,"enemies":"2 Fungi Beasts","floor":13.0,"turns":2.0},{"damage":15.0,"enemies":"Slime Boss","floor":16.0,"turns":7.0},{"damage":0,"enemies":"3 Byrds","floor":18,"turns":1},{"damage":3,"enemies":"Spheric Guardian","floor":20,"turns":4},{"damage":28,"enemies":"REME_1_Revenger","floor":23,"turns":5},{"damage":15,"enemies":"Gremlin Leader","floor":25,"turns":4},{"damage":34,"enemies":"Slavers","floor":27,"turns":2},{"damage":2,"enemies":"Snecko","floor":28,"turns":5},{"damage":0,"enemies":"Chosen and Byrds","floor":31,"turns":3},{"damage":38,"enemies":"Collector","floor":33,"turns":8},{"damage":0,"enemies":"3 Shapes","floor":35,"turns":2},{"damage":0,"enemies":"Orb Walker","floor":38,"turns":3},{"damage":0,"enemies":"Jaw Worm Horde","floor":39,"turns":2},{"damage":24,"enemies":"Reptomancer","floor":40,"turns":4},{"damage":29,"enemies":"Nemesis","floor":42,"turns":7},{"damage":0,"enemies":"Reptomancer","floor":44,"turns":5},{"damage":26,"enemies":"2 Orb Walkers","floor":45,"turns":3},{"damage":3,"enemies":"Nemesis","floor":46,"turns":9},{"damage":0,"enemies":"3 Darklings","floor":48,"turns":1},{"damage":5,"enemies":"Donu and Deca","floor":50,"turns":5},{"damage":58,"enemies":"Awakened One","floor":51,"turns":8},{"damage":0,"enemies":"Shield and Spear","floor":55,"turns":2},{"damage":105,"enemies":"The Heart","floor":56,"turns":6}],"seed_played":"5790863385157361782","potions_obtained":[{"floor":1.0,"key":"EntropicBrew"},{"floor":3.0,"key":"BlessingOfTheForge"},{"floor":6.0,"key":"Block Potion"},{"floor":10.0,"key":"Energy Potion"},{"floor":16.0,"key":"DistilledChaos"},{"floor":31,"key":"FairyPotion"},{"floor":33,"key":"Fruit Juice"},{"floor":38,"key":"Dexterity Potion"},{"floor":40,"key":"SkillPotion"}],"is_trial":false,"path_per_floor":["M","?","M","?","?","E","R","E","T","M","M","E","M","?","R","B",null,"M","$","M","?","?","E","R","E","T","E","M","R","?","M","R","B",null,"M","?","?","M","M","E","R","E","T","E","?","E","$","M","R","B","B",null,"R","$","E","B"],"character_chosen":"DEFECT","items_purchased":["Meat on the Bone","Mummified Hand","Toolbox","Coolheaded"],"campfire_rested":2,"item_purchase_floors":[19,54,54,54],"current_hp_per_floor":[64,64,64,64,53,55,55,31,31,33,31,23,25,25,25,12,56,58,58,57,57,57,43,43,42,42,22,34,34,34,36,36,14,62,64,64,64,66,70,48,48,35,35,37,27,40,40,44,65,64,22,60,72,72,72,0,0],"gold":48,"neow_bonus":"THREE_ENEMY_KILL","is_daily":false,"chose_seed":false,"campfire_upgraded":5,"win_rate":0.0,"timestamp":1614337059,"path_taken":["M","?","M","?","?","E","R","E","T","M","?","E","M","?","R","BOSS","M","$","M","?","?","E","R","E","T","E","M","R","?","M","R","BOSS","M","?","?","M","M","E","R","E","T","E","?","E","$","M","R","BOSS","BOSS","R","$","E","BOSS"],"items_purchased_type":["Relic","Relic","Relic","Card"],"build_version":"2020-12-22","purchased_purges":3,"victory":false,"max_hp_per_floor":[71,71,71,71,71,71,71,71,71,71,71,71,71,71,71,71,71,71,71,71,71,71,71,71,71,71,71,71,71,71,71,71,71,76,76,72,72,72,72,72,72,72,72,72,72,72,72,72,72,72,72,72,72,72,72,72,72],"card_choices":[{"not_picked":["Barrage","Capacitor","Gash"],"picked":"SKIP","floor":1.0},{"not_picked":["Sweeping Beam","Compile Driver","Leap"],"picked":"SKIP","floor":3.0},{"not_picked":["Streamline","Go for the Eyes"],"picked":"Electrodynamics","floor":6.0},{"not_picked":["Gash","Compile Driver"],"picked":"Skim","floor":8.0},{"not_picked":["Streamline","Redo"],"picked":"Loop","floor":10.0},{"not_picked":["Fusion","Undo"],"picked":"Ball Lightning","floor":11.0},{"not_picked":["REME_Whirling","Gash+1"],"picked":"Glacier","floor":12.0},{"not_picked":["Steam","Undo","FTL+1"],"picked":"SKIP","floor":13.0},{"not_picked":["Machine Learning","Amplify"],"picked":"Seek","floor":16.0},{"not_picked":["Stack","Chaos","Redo"],"picked":"SKIP","floor":18},{"not_picked":["Chill","Turbo"],"picked":"Defragment","floor":20},{"not_picked":["Beam Cell+1","Cold Snap+1"],"picked":"Ball Lightning+1","floor":23},{"not_picked":["Beam Cell+1","Stack+1","Rebound+1"],"picked":"SKIP","floor":25},{"not_picked":["Capacitor","Go for the Eyes+1","Force Field"],"picked":"SKIP","floor":27},{"not_picked":["Gash+1","Ball Lightning+1"],"picked":"Coolheaded","floor":28},{"not_picked":["Fission","Sunder+1"],"picked":"Storm","floor":31},{"not_picked":["Seek","Meteor Strike+1"],"picked":"Machine Learning","floor":33},{"not_picked":["Tempest","Reinforced Body","Cold Snap+1"],"picked":"SKIP","floor":35},{"not_picked":["Rebound+1","Steam","Force Field"],"picked":"SKIP","floor":38},{"not_picked":["REME_Whirling","Gash+1","Self Repair"],"picked":"SKIP","floor":39},{"not_picked":["Compile Driver+1","Rebound+1","Go for the Eyes+1"],"picked":"SKIP","floor":40},{"not_picked":["Streamline+1","Genetic Algorithm","Static Discharge+1"],"picked":"SKIP","floor":42},{"not_picked":["Sweeping Beam+1","Aggregate+1","Streamline+1"],"picked":"SKIP","floor":44},{"not_picked":["Rebound+1","BootSequence","Cold Snap+1"],"picked":"SKIP","floor":46},{"not_picked":["Doom and Gloom+1","Hologram"],"picked":"Ball Lightning+1","floor":48},{"not_picked":["Blizzard+1","Turbo","Beam Cell+1"],"picked":"SKIP","floor":55}],"player_experience":1139711,"relics_obtained":[{"floor":6.0,"key":"Smiling Mask"},{"floor":8.0,"key":"Bag of Preparation"},{"floor":9.0,"key":"MawBank"},{"floor":12.0,"key":"Molten Egg 2"},{"floor":23,"key":"Centennial Puzzle"},{"floor":23,"key":"InkBottle"},{"floor":25,"key":"Whetstone"},{"floor":25,"key":"Juzu Bracelet"},{"floor":27,"key":"Kunai"},{"floor":27,"key":"MagicDraw4"},{"floor":40,"key":"ZombieArmy"},{"floor":40,"key":"REME_HandOfSuture"},{"floor":42,"key":"Bottled Lightning"},{"floor":42,"key":"Pen Nib"},{"floor":43,"key":"Shuriken"},{"floor":44,"key":"Frozen Egg 2"},{"floor":44,"key":"Oddly Smooth Stone"},{"floor":45,"key":"Turnip"},{"floor":46,"key":"Tea:ReiMu"},{"floor":46,"key":"Incense Burner"},{"floor":55,"key":"PlanX"},{"floor":55,"key":"REME_HourglassOfDeath"}],"event_choices":[{"cards_removed":["Strike_B"],"damage_healed":0.0,"max_hp_gain":0.0,"max_hp_loss":0.0,"gold_gain":0.0,"event_name":"The Cleric","player_choice":"Card Removal","floor":2.0,"gold_loss":75.0,"damage_taken":0.0},{"damage_healed":0.0,"max_hp_gain":0.0,"max_hp_loss":0.0,"gold_gain":0.0,"cards_transformed":["Strike_B"],"event_name":"Living Wall","player_choice":"Change","floor":4.0,"gold_loss":0.0,"damage_taken":0.0,"cards_obtained":["Seek"]},{"damage_healed":0.0,"max_hp_gain":0.0,"max_hp_loss":0.0,"gold_gain":0.0,"event_name":"Scrap Ooze","player_choice":"Success","floor":5.0,"gold_loss":0.0,"damage_taken":11.0,"relics_obtained":["Blood Vial"]},{"damage_healed":0.0,"max_hp_gain":0.0,"max_hp_loss":0.0,"gold_gain":0.0,"event_name":"Lab","player_choice":"Got Potions","floor":14.0,"gold_loss":0.0,"damage_taken":0.0},{"damage_healed":0,"gold_gain":50,"player_choice":"Stole From Cult","damage_taken":0,"max_hp_gain":0,"max_hp_loss":0,"event_name":"Nest","floor":21,"gold_loss":0},{"damage_healed":0,"gold_gain":0,"player_choice":"Ignored","damage_taken":0,"max_hp_gain":0,"max_hp_loss":0,"event_name":"Vampires","floor":22,"gold_loss":0},{"damage_healed":0,"gold_gain":0,"player_choice":"Read","damage_taken":0,"max_hp_gain":0,"max_hp_loss":0,"event_name":"The Library","floor":30,"gold_loss":0,"cards_obtained":["Turbo"]},{"damage_healed":0,"gold_gain":0,"player_choice":"Max HP","damage_taken":0,"max_hp_gain":0,"max_hp_loss":4,"event_name":"Winding Halls","floor":36,"gold_loss":0},{"cards_removed":["Defend_B"],"damage_healed":0,"gold_gain":0,"player_choice":"Removed Skill","damage_taken":0,"max_hp_gain":0,"max_hp_loss":0,"event_name":"Falling","floor":37,"gold_loss":0},{"damage_healed":0,"gold_gain":0,"player_choice":"Fight","damage_taken":0,"max_hp_gain":0,"max_hp_loss":0,"event_name":"Mysterious Sphere","floor":45,"gold_loss":0}],"is_beta":false,"boss_relics":[{"not_picked":["Runic Dome","Philosopher\u0027s Stone"],"picked":"Black Star"},{"not_picked":["Sozu","Cursed Key"],"picked":"SoulBox"}],"items_purged_floors":[19,47,54],"is_endless":false,"potions_floor_spawned":[1,3,6,10,16,20,31,33,38,40,46,48,55],"killed_by":"The Heart","ascension_level":20}}