{"host":"eny0bxnatoru6fum","time":1614316528,"event":{"mods":["100% Spire Juice","A Magickal Journey","AchievementEnabler","AlwaysNeverKeys","Aspiration","BaseMod","Beaked The Cultist","Better Note","BetterRewards","Colored Map","Colored Powertips","Conspire","Curses Come First","DeckTracker","Duelist Mod","Energized Spire","Glutton Mod","Halation","Hubris","Infinite Spire","Jedi Mod","Lobotomy","LobotomyExtend","Marisa????????","Minty Spire (QoL Compilation)","Permanent Neow","Relic Sorter","Replay The Spire","Shop Mod","Spicy Shops","Spikes Relics","StSLib","Synergy Search","The Alterego","The Animator","The Blue Laboratory","The Bug Knight","The Cursed","The Hierophant","The Jungle","The Problem Sleuth","The Runesmith","The Sage","The Servant 0.9.4","The Spell Scribe","Waifu the Spire"],"gold_per_floor":[365,365,380,394,394,427,443,443,443,463,463,488,488,515,515,616,616,629,644,644,655,673,673,673,701,701,731,731,731,756,57,90,104,104,206,206,224,243,243,9,25,59,75,75,75,100,111,124,134,160,160,160,160,160,76,102,102],"floor_reached":58,"language":"ENG","playtime":12289,"items_purged":["Pain"],"score":1596,"play_id":"f7fb648b-beaf-4de0-ba5d-c293a7c7750f","local_time":"20210225231528","is_ascension_mode":true,"campfire_choices":[{"data":"alterego_mod:BrynhildrsRune","floor":11,"key":"SMITH"},{"floor":13,"key":"RECALL"},{"data":"alterego_mod:Bloomers","floor":15,"key":"SMITH"},{"data":"alterego_mod:Clones","floor":26,"key":"SMITH"},{"floor":54,"key":"DIG"}],"circlet_count":0,"master_deck":["alterego_mod:Strike","alterego_mod:Strike","alterego_mod:Strike","alterego_mod:Defend","alterego_mod:Defend","alterego_mod:Defend","alterego_mod:Defend","alterego_mod:Impale","alterego_mod:BigMeatyClaws","alterego_mod:BrynhildrsRune+1","Moonworks:Defend","TheCursedMod:Strike_TheCursed","alterego_mod:IndependentAction","alterego_mod:BiFurious","alterego_mod:Cushion","alterego_mod:Bloomers+1","alterego_mod:MagicResistance","alterego_mod:Weigh","hubris:Fate","alterego_mod:ChallengeComplete","alterego_mod:Bunnysuit","alterego_mod:Smother","alterego_mod:SakuraLabyrinth+1","alterego_mod:Clones+1","alterego_mod:Support+1","hubris:DuctTapeCard","alterego_mod:Mirror","alterego_mod:Cushion+1","alterego_mod:BiFurious+1","Doppelganger","alterego_mod:ChallengeComplete","alterego_mod:Rip+1","Flash of Steel","alterego_mod:DiscoLights+1","alterego_mod:BreastValley+1","alterego_mod:GachaTicket+1","alterego_mod:PurpleHair","alterego_mod:Table","alterego_mod:1TonWallop+1","Assess","alterego_mod:SakuraLabyrinth"],"relics":["alterego_mod:MasochisticConstitution","SpikesRelics:DaevaFist","infinitespire:Joker Card","hubris:Icosahedron","sagemod:Creepy_Carousel","Nunchaku","Omamori","aspiration:ArtOfWarUpgrade","Gaze_r","ShedSkin_r","WarpedTongs","conspire:BottledYoYo","Ring of Peace","Ring of Panic","Replay:Ringing Soul","halation:KoshaPiece","beaked:SacredDeck","jedi:arcanewood","Matryoshka","RoseTintedShades","hubris:DisguiseKit","infinitespire:BottledMercury","hubris:DuctTape","infinitespire:CheckeredPen","beaked:ShinyBauble","conspire:TopHat","Philosopher\u0027s Stone","LaetitiaHeart","Shovel","Counterbalance","jedi:firstaidkit","GiantMaggot","Replay:Bottled Flurry"],"acts_visited":["Exordium","TheCity","TheBeyond","TheEnding"],"potions_floor_usage":[10,21,21,22,43,52,57],"damage_taken":[{"damage":2,"enemies":"Small Slimes","floor":1,"turns":8},{"damage":4,"enemies":"infinitespire:Voidling","floor":3,"turns":6},{"damage":1,"enemies":"2 Louse","floor":4,"turns":5},{"damage":11,"enemies":"Replay:BlueRogue","floor":6,"turns":12},{"damage":42,"enemies":"Gremlin Gang","floor":7,"turns":14},{"damage":5,"enemies":"3 Louse","floor":10,"turns":6},{"damage":7,"enemies":"HollowMod:MossKnight","floor":12,"turns":13},{"damage":23,"enemies":"Slime Boss","floor":16,"turns":16},{"damage":18,"enemies":"3 Byrds","floor":18,"turns":6},{"damage":2,"enemies":"conspire:FuzzyDice","floor":19,"turns":10},{"damage":4,"enemies":"Centurion and Healer","floor":21,"turns":11},{"damage":13,"enemies":"conspire:HollyBat","floor":22,"turns":8},{"damage":5,"enemies":"theDuelist:KaibaA2","floor":25,"turns":7},{"damage":4,"enemies":"HollowMod:Nosk","floor":27,"turns":7},{"damage":31,"enemies":"conspire:SneckoGhost","floor":30,"turns":9},{"damage":48,"enemies":"Gremlin Leader","floor":32,"turns":6},{"damage":0,"enemies":"Snecko","floor":33,"turns":5},{"damage":14,"enemies":"Champ","floor":35,"turns":7},{"damage":8,"enemies":"3 Darklings","floor":37,"turns":9},{"damage":3,"enemies":"Orb Walker","floor":38,"turns":3},{"damage":0,"enemies":"Orb Walker","floor":39,"turns":2},{"damage":9,"enemies":"4 Shapes","floor":41,"turns":9},{"damage":0,"enemies":"beaked:SuperParasite","floor":42,"turns":5},{"damage":0,"enemies":"Spire Growth","floor":43,"turns":4},{"damage":14,"enemies":"R_Hoarder","floor":46,"turns":6},{"damage":0,"enemies":"Maw","floor":47,"turns":7},{"damage":7,"enemies":"3 Darklings","floor":48,"turns":8},{"damage":10,"enemies":"Jaw Worm Horde","floor":49,"turns":4},{"damage":1,"enemies":"HollowMod:StalkingDevout","floor":50,"turns":9},{"damage":30,"enemies":"Donu and Deca","floor":52,"turns":8},{"damage":74,"enemies":"Shield and Spear","floor":56,"turns":8},{"damage":21,"enemies":"The Heart","floor":57,"turns":8}],"seed_played":"8230141078019359764","potions_obtained":[{"floor":4,"key":"blueLaboratory:EnragingPotion"},{"floor":6,"key":"blueLaboratory:Moonshine"},{"floor":7,"key":"blueLaboratory:AbyssPotion"},{"floor":10,"key":"Block Potion"},{"floor":18,"key":"SkillPotion"},{"floor":19,"key":"Swift Potion"},{"floor":27,"key":"BlessingOfTheForge"},{"floor":32,"key":"Weak Potion"},{"floor":37,"key":"blueLaboratory:FrostheartPotion"},{"floor":41,"key":"Adrenaline Potion"},{"floor":46,"key":"Elixir"},{"floor":48,"key":"blueLaboratory:PhilterOfMotion"},{"floor":49,"key":"Milkshake"}],"is_trial":false,"path_per_floor":["M","?","M","M","?","E","M","?","T","M","R","E","R","T","R","B",null,"M","M","?","M","M","PTL","PTL","E","R","E","T","T","E","$","E","M","R","B",null,"M","M","?","$","M","E","M","?","T","E","M","M","M","E","R","B",null,"R","$","E","B",null],"character_chosen":"The_Alterego","items_purchased":["beaked:ShinyBauble","Omamori","Art of War","conspire:TopHat","infinitespire:Joker Card","Flash of Steel","Assess"],"campfire_rested":0,"item_purchase_floors":[31,31,31,31,40,40,55],"current_hp_per_floor":[71,71,72,73,73,70,50,50,50,53,53,57,57,57,57,59,87,73,89,89,99,97,97,97,103,103,110,110,113,86,86,70,80,80,70,129,125,133,133,136,144,144,147,147,147,137,140,158,159,163,163,154,164,164,167,142,139],"gold":102,"neow_bonus":"TWO_FIFTY_GOLD","is_daily":false,"chose_seed":false,"campfire_upgraded":3,"win_rate":0.0,"timestamp":1614316528,"path_taken":["M","?","?","M","?","E","?","?","T","M","R","E","R","?","R","BOSS","M","M","?","M","M","PTL","PTL","E","R","E","T","?","E","$","E","M","R","BOSS","M","M","?","?","M","E","M","?","T","E","M","M","M","E","R","BOSS","R","$","E","BOSS"],"items_purchased_type":["Relic","Relic","Relic","Relic","Relic","Card","Card"],"build_version":"2020-12-22","purchased_purges":1,"victory":true,"max_hp_per_floor":[71,71,72,73,73,74,75,75,75,76,76,80,80,80,80,84,87,91,95,95,99,103,103,103,107,107,111,111,114,118,118,122,125,125,129,129,133,137,137,140,144,144,147,147,147,151,154,158,159,163,163,164,164,164,167,171,172],"card_choices":[{"not_picked":["alterego_mod:Skirt","alterego_mod:MaintainEyeContact"],"picked":"alterego_mod:IndependentAction","floor":1},{"not_picked":["alterego_mod:Skirt","alterego_mod:DeftHands"],"picked":"alterego_mod:Pet","floor":3},{"not_picked":["alterego_mod:BustOut","alterego_mod:Undulate"],"picked":"alterego_mod:Bounce","floor":4},{"not_picked":["alterego_mod:Birthday","alterego_mod:Jiggle"],"picked":"alterego_mod:BiFurious","floor":6},{"not_picked":["alterego_mod:PerceptionDisorder","alterego_mod:DeftHands"],"picked":"alterego_mod:Cushion","floor":7},{"not_picked":["alterego_mod:Jiggle","alterego_mod:PerceptionDisorder"],"picked":"alterego_mod:Bloomers","floor":10},{"not_picked":["alterego_mod:Valentines","alterego_mod:Cushion"],"picked":"alterego_mod:MagicResistance","floor":12},{"not_picked":["alterego_mod:TrickOrTreatment","alterego_mod:Tantrum"],"picked":"alterego_mod:Weigh","floor":16},{"not_picked":["alterego_mod:GachaTicket","alterego_mod:Mirror+1"],"picked":"alterego_mod:ChallengeComplete","floor":18},{"not_picked":["alterego_mod:PresenceConcealment+1","alterego_mod:Table"],"picked":"alterego_mod:Bunnysuit","floor":19},{"not_picked":["alterego_mod:Cushion","alterego_mod:Cooking"],"picked":"alterego_mod:Smother","floor":21},{"not_picked":["alterego_mod:Pet+1","alterego_mod:DeftHands"],"picked":"alterego_mod:SakuraLabyrinth+1","floor":22},{"not_picked":["alterego_mod:MagicResistance","alterego_mod:Punishment"],"picked":"alterego_mod:Clones","floor":25},{"not_picked":["alterego_mod:Cooking","alterego_mod:DeftHands+1"],"picked":"alterego_mod:Support+1","floor":27},{"not_picked":["alterego_mod:Vow","alterego_mod:MagicResistance","Deflect"],"picked":"alterego_mod:Mirror","floor":30},{"not_picked":["alterego_mod:VirginLaserPalladion","alterego_mod:RocketPunch","Poisoned Stab"],"picked":"alterego_mod:Cushion+1","floor":32},{"not_picked":["alterego_mod:PerceptionDisorder","alterego_mod:SakuraLabyrinth","Prepared"],"picked":"alterego_mod:BiFurious+1","floor":33},{"not_picked":["alterego_mod:VirginLaserPalladion","alterego_mod:Valkyrie","alterego_mod:Palingenesis"],"picked":"Doppelganger","floor":35},{"not_picked":["alterego_mod:Undulate","alterego_mod:Belts+1","hubris:SlightOfHand"],"picked":"alterego_mod:ChallengeComplete","floor":37},{"not_picked":["alterego_mod:Punishment+1","alterego_mod:Bunnysuit+1","Quick Slash"],"picked":"alterego_mod:Rip+1","floor":38},{"not_picked":["alterego_mod:BeGentle","alterego_mod:Complex+1","Hidden Blade"],"picked":"alterego_mod:DiscoLights+1","floor":41},{"not_picked":["alterego_mod:Undulate+1","alterego_mod:Rip","alterego_mod:Jiggle","Hidden Blade"],"picked":"SKIP","floor":42},{"not_picked":["alterego_mod:BusterCard+1","alterego_mod:Punishment+1","Poisoned Stab"],"picked":"alterego_mod:BreastValley+1","floor":43},{"not_picked":["alterego_mod:BreastValley+1","alterego_mod:RidiculouslyBig+1","Backflip"],"picked":"alterego_mod:GachaTicket+1","floor":46},{"not_picked":["alterego_mod:Skirt","alterego_mod:TrashNCrash","Flechettes"],"picked":"alterego_mod:PurpleHair","floor":47},{"not_picked":["alterego_mod:Pet","alterego_mod:Clap+1","Bane"],"picked":"alterego_mod:Table","floor":48},{"not_picked":["alterego_mod:Vow","alterego_mod:Santa+1","alterego_mod:BiFurious+1","Sneak Up"],"picked":"SKIP","floor":49},{"not_picked":["alterego_mod:GoddessCore","alterego_mod:BiFurious","Caltrops"],"picked":"alterego_mod:1TonWallop+1","floor":50},{"not_picked":["alterego_mod:1TonWallop+1","alterego_mod:Birthday","Outmaneuver"],"picked":"alterego_mod:SakuraLabyrinth","floor":56}],"player_experience":647568,"relics_obtained":[{"floor":6,"key":"conspire:BottledYoYo"},{"floor":8,"key":"Ring of Peace"},{"floor":8,"key":"Ring of Panic"},{"floor":12,"key":"Replay:Ringing Soul"},{"floor":14,"key":"halation:KoshaPiece"},{"floor":20,"key":"Nunchaku"},{"floor":25,"key":"jedi:arcanewood"},{"floor":27,"key":"Matryoshka"},{"floor":28,"key":"RoseTintedShades"},{"floor":28,"key":"hubris:DisguiseKit"},{"floor":29,"key":"infinitespire:BottledMercury"},{"floor":29,"key":"hubris:DuctTape"},{"floor":30,"key":"infinitespire:CheckeredPen"},{"floor":32,"key":"sagemod:Creepy_Carousel"},{"floor":42,"key":"Shovel"},{"floor":45,"key":"Counterbalance"},{"floor":46,"key":"jedi:firstaidkit"},{"floor":50,"key":"SpikesRelics:DaevaFist"},{"floor":54,"key":"GiantMaggot"},{"floor":56,"key":"Replay:Bottled Flurry"}],"event_choices":[{"cards_removed":["alterego_mod:Strike"],"damage_healed":0,"gold_gain":0,"player_choice":"Purged","damage_taken":0,"max_hp_gain":0,"max_hp_loss":0,"event_name":"Purifier","floor":2,"gold_loss":0},{"damage_healed":0,"gold_gain":0,"player_choice":"Rummage","damage_taken":0,"relics_obtained":["WarpedTongs"],"max_hp_gain":0,"max_hp_loss":0,"event_name":"Accursed Blacksmith","floor":5,"gold_loss":0,"cards_obtained":["Pain"]}],"is_beta":false,"boss_relics":[{"not_picked":["hubris:Stopwatch","sagemod:Falmels_Amulet"],"picked":"beaked:SacredDeck"},{"not_picked":["SlaversCollar","Velvet Choker"],"picked":"Philosopher\u0027s Stone"}],"items_purged_floors":[40],"is_endless":false,"potions_floor_spawned":[4,6,7,10,18,19,27,32,37,41,46,47,48,49],"ascension_level":1}}