{"host":"i29s15dsg0c43zmx","time":1614358931,"event":{"mods":["AchievementEnabler","BaseMod","Colored Map","Minty Spire (QoL Compilation)","StSLib"],"gold_per_floor":[111,127,77,77,77,120,44,44,113,134,149,193,217,217,217,337,337,360,33,58,9,9,9,9,9],"floor_reached":24,"language":"ENG","playtime":729,"items_purged":[],"score":252,"play_id":"7bb54585-8f8a-4af7-ab68-f9f201991ac5","local_time":"20210226180211","is_ascension_mode":true,"campfire_choices":[{"data":"Accuracy","floor":8,"key":"SMITH"},{"floor":15,"key":"REST"},{"data":"Apotheosis","floor":23,"key":"SMITH"}],"circlet_count":0,"master_deck":["Strike_G","Strike_G","Defend_G","Defend_G+1","Defend_G","Defend_G+1","Survivor","Neutralize","Accuracy+1","Deadly Poison","Deadly Poison","Corpse Explosion","Noxious Fumes","Cloak And Dagger","Apotheosis+1","Backflip"],"relics":["Ring of the Snake","NeowsBlessing","Golden Idol","Snake Skull","StrikeDummy","War Paint","Question Card","Empty Cage","SsserpentHead"],"acts_visited":["Exordium","TheCity"],"potions_floor_usage":[],"damage_taken":[{"damage":0,"enemies":"Jaw Worm","floor":1,"turns":1},{"damage":0,"enemies":"2 Louse","floor":2,"turns":1},{"damage":0,"enemies":"Gremlin Nob","floor":6,"turns":1},{"damage":0,"enemies":"Cultist","floor":10,"turns":3},{"damage":1,"enemies":"2 Fungi Beasts","floor":11,"turns":3},{"damage":29,"enemies":"Lagavulin","floor":12,"turns":8},{"damage":2,"enemies":"Red Slaver","floor":13,"turns":5},{"damage":13,"enemies":"The Guardian","floor":16,"turns":9},{"damage":16,"enemies":"Chosen","floor":18,"turns":4},{"damage":30,"enemies":"3 Byrds","floor":20,"turns":3},{"damage":24,"enemies":"Shelled Parasite and Fungi","floor":24,"turns":6}],"seed_played":"8183214083755546246","potions_obtained":[{"floor":1,"key":"FearPotion"},{"floor":6,"key":"LiquidMemories"},{"floor":10,"key":"Strength Potion"}],"is_trial":false,"path_per_floor":["M","M","?","?","?","E","$","R","T","M","M","E","M","T","R","B",null,"M","$","M","$","?","R","M"],"character_chosen":"THE_SILENT","items_purchased":["Accuracy","Noxious Fumes","Cloak And Dagger","Apotheosis","Backflip"],"campfire_rested":1,"item_purchase_floors":[7,19,19,19,21],"current_hp_per_floor":[70,70,70,53,46,46,46,46,46,46,45,16,14,14,35,22,70,54,54,24,24,24,24,0,0],"gold":9,"neow_bonus":"THREE_ENEMY_KILL","is_daily":false,"chose_seed":false,"campfire_upgraded":2,"win_rate":0.0,"timestamp":1614358931,"path_taken":["M","M","?","?","?","E","?","R","T","M","M","E","M","?","R","BOSS","M","$","M","?","?","R","M"],"items_purchased_type":["Card","Card","Card","Card","Card"],"build_version":"2020-12-22","purchased_purges":0,"victory":false,"max_hp_per_floor":[70,70,70,70,70,70,70,70,70,70,70,70,70,70,70,70,70,70,70,70,70,70,70,70,70],"card_choices":[{"not_picked":["PiercingWail","Flying Knee","Skewer"],"picked":"SKIP","floor":1},{"not_picked":["Dagger Throw","Dagger Spray","Outmaneuver"],"picked":"SKIP","floor":2},{"not_picked":["All Out Attack","Unload","Outmaneuver"],"picked":"SKIP","floor":6},{"not_picked":["Acrobatics","Dagger Spray","Flying Knee"],"picked":"SKIP","floor":10},{"not_picked":["Grand Finale","Acrobatics"],"picked":"Deadly Poison","floor":11},{"not_picked":["Dodge and Roll","PiercingWail","Reflex"],"picked":"SKIP","floor":12},{"not_picked":["Underhanded Strike","Flying Knee"],"picked":"Deadly Poison","floor":13},{"not_picked":["Bullet Time","Die Die Die","Doppelganger"],"picked":"Corpse Explosion","floor":16},{"not_picked":["Heel Hook","Backflip","All Out Attack","Flying Knee"],"picked":"SKIP","floor":18},{"not_picked":["Skewer","All Out Attack","PiercingWail","Flechettes"],"picked":"SKIP","floor":20}],"player_experience":144640,"relics_obtained":[{"floor":6,"key":"Snake Skull"},{"floor":9,"key":"StrikeDummy"},{"floor":12,"key":"War Paint"},{"floor":14,"key":"Question Card"}],"event_choices":[{"cards_removed":["Strike_G"],"damage_healed":0,"gold_gain":0,"player_choice":"Card Removal","damage_taken":0,"max_hp_gain":0,"max_hp_loss":0,"event_name":"The Cleric","floor":3,"gold_loss":50},{"damage_healed":0,"gold_gain":0,"player_choice":"Take Damage","damage_taken":17,"relics_obtained":["Golden Idol"],"max_hp_gain":0,"max_hp_loss":0,"event_name":"Golden Idol","floor":4,"gold_loss":0},{"cards_removed":["Defend_G"],"damage_healed":0,"gold_gain":0,"player_choice":"Card Removal","damage_taken":7,"max_hp_gain":0,"max_hp_loss":0,"event_name":"Golden Wing","floor":5,"gold_loss":0},{"damage_healed":0,"gold_gain":0,"player_choice":"Trade","damage_taken":0,"relics_obtained":["SsserpentHead"],"max_hp_gain":0,"max_hp_loss":0,"event_name":"FaceTrader","floor":22,"gold_loss":0}],"is_beta":false,"boss_relics":[{"not_picked":["Calling Bell","Black Star"],"picked":"Empty Cage"}],"items_purged_floors":[],"is_endless":false,"potions_floor_spawned":[1,6,10,12,20],"killed_by":"Shelled Parasite and Fungi","ascension_level":2}}