{"host":"p0hktren06injwdf","time":1614336619,"event":{"mods":["AchievementEnabler","BaseMod","Colored Map","DeckTracker","Minty Spire (QoL Compilation)","Permanent Neow","StSLib","SuperFastMode"],"gold_per_floor":[116,96,107,117,130,130,155,167,191,211,211,211],"floor_reached":11,"language":"KOR","playtime":183,"items_purged":[],"score":154,"play_id":"c3e88be5-5787-4aee-a7b0-cac6aa9394e2","local_time":"20210226195019","is_ascension_mode":true,"campfire_choices":[{"data":"All Out Attack","floor":6.0,"key":"SMITH"}],"circlet_count":0,"master_deck":["AscendersBane","Strike_G","Strike_G","Strike_G","Strike_G","Strike_G","Defend_G","Defend_G","Defend_G+1","Defend_G","Defend_G","Survivor+1","Neutralize","Purity","All Out Attack+1","Predator","Poisoned Stab","Cloak And Dagger"],"relics":["Ring of the Snake","War Paint","Blood Vial"],"acts_visited":["Exordium"],"potions_floor_usage":[],"damage_taken":[{"damage":7.0,"enemies":"Jaw Worm","floor":1.0,"turns":6.0},{"damage":0.0,"enemies":"Cultist","floor":3.0,"turns":4.0},{"damage":3.0,"enemies":"Small Slimes","floor":4.0,"turns":3.0},{"damage":16.0,"enemies":"Exordium Wildlife","floor":5.0,"turns":4.0},{"damage":8.0,"enemies":"Gremlin Nob","floor":7.0,"turns":3.0},{"damage":8,"enemies":"Blue Slaver","floor":8,"turns":4},{"damage":0,"enemies":"Red Slaver","floor":10,"turns":4},{"damage":4,"enemies":"Lagavulin","floor":11,"turns":6}],"seed_played":"6348165586333219862","potions_obtained":[{"floor":1.0,"key":"FearPotion"},{"floor":2.0,"key":"DistilledChaos"},{"floor":3.0,"key":"Fire Potion"}],"is_trial":false,"path_per_floor":["M","?","M","M","M","R","E","M","T","M","E"],"character_chosen":"THE_SILENT","items_purchased":[],"campfire_rested":0,"item_purchase_floors":[],"current_hp_per_floor":[52,52,52,49,33,33,25,17,17,19,17,17],"gold":211,"neow_bonus":"RANDOM_COLORLESS","is_daily":false,"chose_seed":false,"campfire_upgraded":1,"win_rate":0.0,"timestamp":1614336619,"path_taken":["M","?","M","?","M","R","E","M","T","?","E"],"items_purchased_type":[],"build_version":"2020-12-22","purchased_purges":0,"victory":false,"max_hp_per_floor":[66,66,66,66,66,66,66,66,66,66,66,66],"card_choices":[{"not_picked":["Dark Shackles","Impatience"],"picked":"Purity","floor":0.0},{"not_picked":["Flying Knee","Bouncing Flask"],"picked":"All Out Attack","floor":1.0},{"not_picked":["Acrobatics","PiercingWail"],"picked":"Predator","floor":3.0},{"not_picked":["Dodge and Roll","Acrobatics"],"picked":"Poisoned Stab","floor":4.0},{"not_picked":["Flying Knee","Quick Slash","Night Terror"],"picked":"SKIP","floor":5.0},{"not_picked":["Acrobatics","Eviscerate","Endless Agony"],"picked":"SKIP","floor":7.0},{"not_picked":["Outmaneuver","Acrobatics"],"picked":"Cloak And Dagger","floor":8},{"not_picked":["Choke","Slice","Poisoned Stab"],"picked":"SKIP","floor":10}],"player_experience":1112869,"relics_obtained":[{"floor":7.0,"key":"War Paint"},{"floor":9,"key":"Blood Vial"}],"event_choices":[{"damage_healed":0.0,"max_hp_gain":0.0,"max_hp_loss":0.0,"gold_gain":0.0,"event_name":"The Woman in Blue","player_choice":"Bought 1 Potion","floor":2.0,"gold_loss":0.0,"damage_taken":0.0}],"is_beta":false,"boss_relics":[],"items_purged_floors":[],"is_endless":false,"potions_floor_spawned":[1,3],"killed_by":"Lagavulin","ascension_level":20}}