{"host":"11728qvdvolffudn","time":1614362423,"event":{"mods":["BaseMod","Block Reminder","Colored Powertips","Curses Come First","Custom Start","Displayed Cursed Tome","Highlight Path","Minty Spire (QoL Compilation)","Permanent Neow","Quick Restart","Rare Cards Sparkle","Relic Stats","StSLib","Weighted Paths"],"gold_per_floor":[116,116,116,131,147,147,164,177,200,200,79,79,29,48,48,144,144,159,159,209,219,119,119,119],"floor_reached":23,"language":"ENG","playtime":682,"items_purged":["Pain","Strike_R"],"score":199,"play_id":"c2e2b549-dada-4764-99a3-03cbff508d1b","local_time":"20210226180023","is_ascension_mode":true,"campfire_choices":[{"data":"Dramatic Entrance","floor":6,"key":"SMITH"},{"data":"Flex","floor":10,"key":"SMITH"},{"data":"Flex","floor":15,"key":"SMITH"}],"circlet_count":0,"master_deck":["Strike_R","Strike_R","Strike_R+1","Defend_R","Defend_R","Defend_R","Defend_R","Bash+1","Dramatic Entrance+1","Flex+1","Flex+1","Flex"],"relics":["Burning Blood","WarpedTongs","Ancient Tea Set","Philosopher\u0027s Stone"],"acts_visited":["Exordium","TheCity"],"potions_floor_usage":[16],"damage_taken":[{"damage":2,"enemies":"Jaw Worm","floor":1,"turns":3},{"damage":3,"enemies":"Cultist","floor":4,"turns":2},{"damage":2,"enemies":"2 Louse","floor":5,"turns":2},{"damage":10,"enemies":"Looter","floor":7,"turns":3},{"damage":0,"enemies":"3 Louse","floor":8,"turns":1},{"damage":0,"enemies":"Lots of Slimes","floor":14,"turns":1},{"damage":26,"enemies":"Slime Boss","floor":16,"turns":11},{"damage":23,"enemies":"Shell Parasite","floor":18,"turns":4},{"damage":5,"enemies":"Chosen","floor":21,"turns":5},{"damage":17,"enemies":"Gremlin Leader","floor":23,"turns":3}],"seed_played":"-4202148929641922634","potions_obtained":[{"floor":1,"key":"SpeedPotion"},{"floor":5,"key":"PowerPotion"},{"floor":16,"key":"Dexterity Potion"}],"is_trial":false,"path_per_floor":["M","?","?","M","M","R","M","M","T","R","$","$","?","M","R","B",null,"M","?","?","M","$","E"],"character_chosen":"IRONCLAD","items_purchased":["Flex"],"campfire_rested":0,"item_purchase_floors":[11],"current_hp_per_floor":[80,64,64,67,71,71,67,73,73,73,73,73,73,79,79,59,80,63,63,63,64,64,47,47],"gold":119,"neow_bonus":"RANDOM_COLORLESS","is_daily":false,"chose_seed":false,"campfire_upgraded":3,"win_rate":0.0,"timestamp":1614362423,"path_taken":["M","?","?","?","M","R","M","M","T","R","?","$","?","M","R","BOSS","M","?","?","M","$","E"],"items_purchased_type":["Card"],"build_version":"2020-12-22","purchased_purges":2,"victory":false,"max_hp_per_floor":[80,80,80,80,80,80,80,80,80,80,80,80,80,80,80,80,80,80,80,80,80,80,80,80],"relic_stats":{"counters":[10,35],"obtain_stats":[{"Philosopher\u0027s Stone":17,"Ancient Tea Set":9,"Burning Blood":0,"WarpedTongs":3},{"Philosopher\u0027s Stone":7,"Ancient Tea Set":5,"Burning Blood":0,"WarpedTongs":1},{"Philosopher\u0027s Stone":23,"Ancient Tea Set":11,"Burning Blood":0,"WarpedTongs":3}],"Burning Blood":50,"WarpedTongs":[28]},"card_choices":[{"not_picked":["Deep Breath","Discovery"],"picked":"Dramatic Entrance","floor":0},{"not_picked":["Armaments","Reckless Charge","Warcry"],"picked":"SKIP","floor":1},{"not_picked":["Clothesline","Body Slam","Iron Wave"],"picked":"SKIP","floor":4},{"not_picked":["Pommel Strike","Dropkick","Shockwave"],"picked":"SKIP","floor":5},{"not_picked":["Pommel Strike","Bloodletting"],"picked":"Flex","floor":7},{"not_picked":["Metallicize","True Grit","Headbutt"],"picked":"SKIP","floor":8},{"not_picked":["Thunderclap","Rage"],"picked":"Flex","floor":14},{"not_picked":["Armaments","Warcry","Bloodletting"],"picked":"SKIP","floor":18},{"not_picked":["Feel No Pain","Spot Weakness+1","Second Wind"],"picked":"SKIP","floor":21}],"player_experience":138693,"relics_obtained":[{"floor":9,"key":"Ancient Tea Set"}],"event_choices":[{"damage_healed":0,"gold_gain":0,"player_choice":"Entered Light","damage_taken":16,"max_hp_gain":0,"max_hp_loss":0,"event_name":"Shining Light","floor":2,"gold_loss":0,"cards_upgraded":["Bash","Strike_R"]},{"damage_healed":0,"gold_gain":0,"player_choice":"Rummage","damage_taken":0,"relics_obtained":["WarpedTongs"],"max_hp_gain":0,"max_hp_loss":0,"event_name":"Accursed Blacksmith","floor":3,"gold_loss":0,"cards_obtained":["Pain"]},{"cards_removed":["Strike_R"],"damage_healed":0,"gold_gain":0,"player_choice":"Card Removal","damage_taken":0,"max_hp_gain":0,"max_hp_loss":0,"event_name":"The Cleric","floor":13,"gold_loss":50},{"damage_healed":0,"gold_gain":0,"player_choice":"Ignored","damage_taken":0,"max_hp_gain":0,"max_hp_loss":0,"event_name":"Vampires","floor":19,"gold_loss":0},{"damage_healed":0,"gold_gain":100,"player_choice":"Bet on Murderer","damage_taken":0,"max_hp_gain":0,"max_hp_loss":0,"event_name":"The Joust","floor":20,"gold_loss":50}],"is_beta":false,"boss_relics":[{"not_picked":["Snecko Eye","Runic Cube"],"picked":"Philosopher\u0027s Stone"}],"items_purged_floors":[11,22],"is_endless":false,"potions_floor_spawned":[1,5,16],"killed_by":"Gremlin Leader","ascension_level":2}}