{"host":"7wi4qgm5yw4j7oz0","time":1614354714,"event":{"mods":["AchievementEnabler","BaseMod","Block Reminder","Colored Map","Colored Powertips","Highlight Path","Minty Spire (QoL Compilation)","Permanent Neow","Random Character Button","StSLib","SuperFastMode","everything is the same but u backflip on backflip"],"gold_per_floor":[117,136,136,155,168,168,200,200,200,225,235,246,246,95,95,167,167,185,201,43,54,54,88,88,88,111,26,26,45,45,71,71,71,71],"floor_reached":33,"language":"KOR","playtime":1422,"items_purged":["Strike_R"],"score":681,"play_id":"16c53638-cb41-49c6-a53f-09c69571e9ae","local_time":"20210227005154","is_ascension_mode":true,"campfire_choices":[{"data":"Flash of Steel","floor":6.0,"key":"SMITH"},{"data":"Fire Breathing","floor":8.0,"key":"SMITH"},{"data":"Offering","floor":13.0,"key":"SMITH"},{"data":"Entrench","floor":15.0,"key":"SMITH"},{"floor":24.0,"key":"REST"},{"data":"Armaments","floor":28.0,"key":"SMITH"},{"data":"Body Slam","floor":32.0,"key":"SMITH"}],"circlet_count":0,"master_deck":["AscendersBane","Strike_R","Strike_R","Strike_R","Strike_R","Defend_R","Defend_R","Defend_R","Defend_R","Bash","Flash of Steel+1","Whirlwind+1","Flame Barrier","Fire Breathing+1","Power Through","Offering+1","Body Slam+1","Entrench+1","Seeing Red","Offering","Second Wind","Feel No Pain","Armaments+1"],"relics":["Burning Blood","Self Forming Clay","Pear","Singing Bowl","Mark of Pain","PreservedInsect","Centennial Puzzle","Art of War","Bag of Preparation","Oddly Smooth Stone"],"acts_visited":["Exordium","TheCity"],"potions_floor_usage":[],"damage_taken":[{"damage":12.0,"enemies":"Jaw Worm","floor":1.0,"turns":2.0},{"damage":12.0,"enemies":"Cultist","floor":2.0,"turns":4.0},{"damage":12.0,"enemies":"Small Slimes","floor":4.0,"turns":3.0},{"damage":6.0,"enemies":"Looter","floor":5.0,"turns":3.0},{"damage":13.0,"enemies":"3 Sentries","floor":7.0,"turns":4.0},{"damage":21.0,"enemies":"Gremlin Nob","floor":10.0,"turns":4.0},{"damage":0.0,"enemies":"Exordium Wildlife","floor":11.0,"turns":2.0},{"damage":0.0,"enemies":"Gremlin Gang","floor":12.0,"turns":2.0},{"damage":42.0,"enemies":"Hexaghost","floor":16.0,"turns":10.0},{"damage":19.0,"enemies":"Shell Parasite","floor":18.0,"turns":4.0},{"damage":15.0,"enemies":"Chosen","floor":19.0,"turns":4.0},{"damage":31.0,"enemies":"Snake Plant","floor":21.0,"turns":3.0},{"damage":34.0,"enemies":"Gremlin Leader","floor":23.0,"turns":4.0},{"damage":6.0,"enemies":"Snecko","floor":29.0,"turns":2.0},{"damage":12.0,"enemies":"Book of Stabbing","floor":31.0,"turns":1.0},{"damage":53,"enemies":"Automaton","floor":33,"turns":6}],"seed_played":"6581968995105831271","potions_obtained":[{"floor":1.0,"key":"Block Potion"},{"floor":2.0,"key":"GamblersBrew"},{"floor":7.0,"key":"BloodPotion"},{"floor":11.0,"key":"Fruit Juice"},{"floor":12.0,"key":"Strength Potion"},{"floor":19.0,"key":"Strength Potion"},{"floor":23.0,"key":"Swift Potion"},{"floor":29.0,"key":"Energy Potion"}],"is_trial":false,"path_per_floor":["M","M","?","M","M","R","E","R","T","E","M","M","R","$","R","B",null,"M","M","$","M","$","E","R","?","T","?","R","M","$","E","R","B"],"character_chosen":"IRONCLAD","items_purchased":["Seeing Red","PreservedInsect"],"campfire_rested":1,"item_purchase_floors":[14,20],"current_hp_per_floor":[62,56,56,50,50,50,43,43,53,38,49,55,55,55,55,19,72,61,54,54,47,47,19,47,47,47,47,47,49,49,45,45,0,0],"gold":71,"neow_bonus":"RANDOM_COLORLESS","is_daily":false,"chose_seed":false,"campfire_upgraded":6,"win_rate":0.0,"timestamp":1614354714,"path_taken":["M","M","?","M","M","R","E","R","T","E","?","M","R","?","R","BOSS","M","M","$","M","$","E","R","?","T","?","R","M","?","E","R","BOSS"],"items_purchased_type":["Card","Relic"],"build_version":"2020-12-22","purchased_purges":1,"victory":false,"max_hp_per_floor":[75,75,75,75,75,75,75,75,85,85,90,90,90,90,90,90,90,92,94,94,94,94,94,94,94,94,94,94,96,96,98,98,98,98],"card_choices":[{"not_picked":["Impatience","Enlightenment"],"picked":"Flash of Steel","floor":0.0},{"not_picked":["Armaments","Iron Wave"],"picked":"Whirlwind","floor":1.0},{"not_picked":["Sword Boomerang","Heavy Blade"],"picked":"Flame Barrier","floor":2.0},{"not_picked":["Flex","Bloodletting"],"picked":"Fire Breathing","floor":4.0},{"not_picked":["Searing Blow","Iron Wave"],"picked":"Power Through","floor":5.0},{"not_picked":["Searing Blow","Sword Boomerang","Exhume"],"picked":"SKIP","floor":7.0},{"not_picked":["Iron Wave","Clash"],"picked":"Offering","floor":10.0},{"not_picked":["Warcry","Iron Wave"],"picked":"Body Slam","floor":11.0},{"not_picked":["Headbutt","Thunderclap"],"picked":"Entrench","floor":12.0},{"not_picked":["Brutality","Reaper"],"picked":"Offering","floor":16.0},{"not_picked":["Whirlwind","Perfected Strike","Sword Boomerang"],"picked":"Singing Bowl","floor":18.0},{"not_picked":["Clash+1","Blood for Blood","Sentinel"],"picked":"Singing Bowl","floor":19.0},{"not_picked":["Shrug It Off","Demon Form"],"picked":"Second Wind","floor":21.0},{"not_picked":["Power Through","Demon Form"],"picked":"Feel No Pain","floor":23.0},{"not_picked":["Heavy Blade+1","Havoc","Pummel"],"picked":"Singing Bowl","floor":29.0},{"not_picked":["Thunderclap","Inflame+1","Warcry"],"picked":"Singing Bowl","floor":31.0}],"player_experience":383764,"relics_obtained":[{"floor":7.0,"key":"Self Forming Clay"},{"floor":9.0,"key":"Pear"},{"floor":10.0,"key":"Singing Bowl"},{"floor":23.0,"key":"Centennial Puzzle"},{"floor":26.0,"key":"Art of War"},{"floor":31.0,"key":"Oddly Smooth Stone"}],"event_choices":[{"damage_healed":0.0,"max_hp_gain":0.0,"max_hp_loss":0.0,"gold_gain":0.0,"event_name":"Upgrade Shrine","player_choice":"Upgraded","floor":3.0,"gold_loss":0.0,"damage_taken":0.0,"cards_upgraded":["Whirlwind"]},{"damage_healed":0.0,"max_hp_gain":0.0,"max_hp_loss":0.0,"gold_gain":0.0,"event_name":"The Library","player_choice":"Read","floor":25.0,"gold_loss":0.0,"damage_taken":0.0,"cards_obtained":["Armaments"]},{"damage_healed":0.0,"max_hp_gain":0.0,"max_hp_loss":0.0,"gold_gain":0.0,"event_name":"Addict","player_choice":"Obtained Relic","floor":27.0,"gold_loss":85.0,"damage_taken":0.0,"relics_obtained":["Bag of Preparation"]}],"is_beta":false,"boss_relics":[{"not_picked":["Snecko Eye","Runic Pyramid"],"picked":"Mark of Pain"}],"items_purged_floors":[14],"is_endless":false,"potions_floor_spawned":[1,2,4,7,11,12,19,23,29],"killed_by":"Automaton","ascension_level":18}}