{"host":"jxmsv4d84jcvxth5","time":1614300931,"event":{"mods":["AchievementEnabler","BaseMod","Colored Map","Minty Spire (QoL Compilation)","Relic Stats","StSLib"],"gold_per_floor":[119,138,138,138,154,154,179,198,246,265,265,290,305,334,334,405,405,415,429,429,429],"floor_reached":20,"language":"ENG","playtime":1041,"items_purged":[],"score":392,"play_id":"3369bd73-6f1f-4b75-a16d-5bba7b048838","local_time":"20210225195531","is_ascension_mode":true,"campfire_choices":[{"data":"Barrage","floor":6,"key":"SMITH"},{"floor":11,"key":"REST"},{"data":"Static Discharge","floor":15,"key":"SMITH"}],"circlet_count":0,"master_deck":["AscendersBane","Strike_B","Strike_B","Strike_B","Defend_B","Defend_B","Defend_B","Defend_B","Zap","Dualcast","Ball Lightning","Barrage+1","Conserve Battery","Beam Cell","Cold Snap","Defragment","Static Discharge+1","Electrodynamics","Leap","Coolheaded"],"relics":["Cracked Core","Mummified Hand","Vajra","MealTicket","Dream Catcher","SlaversCollar"],"acts_visited":["Exordium","TheCity"],"potions_floor_usage":[8,10,12,20],"damage_taken":[{"damage":8,"enemies":"Small Slimes","floor":1,"turns":5},{"damage":0,"enemies":"2 Louse","floor":2,"turns":2},{"damage":0,"enemies":"Cultist","floor":5,"turns":2},{"damage":18,"enemies":"Lagavulin","floor":7,"turns":6},{"damage":2,"enemies":"3 Louse","floor":8,"turns":2},{"damage":7,"enemies":"Gremlin Gang","floor":10,"turns":6},{"damage":11,"enemies":"Gremlin Nob","floor":12,"turns":3},{"damage":7,"enemies":"Large Slime","floor":13,"turns":4},{"damage":15,"enemies":"Lagavulin","floor":14,"turns":5},{"damage":13,"enemies":"Hexaghost","floor":16,"turns":8},{"damage":32,"enemies":"2 Thieves","floor":18,"turns":4},{"damage":21,"enemies":"3 Byrds","floor":19,"turns":3},{"damage":11,"enemies":"Cultist and Chosen","floor":20,"turns":3}],"seed_played":"-2687870972773717584","potions_obtained":[{"floor":1,"key":"Explosive Potion"},{"floor":2,"key":"LiquidMemories"},{"floor":10,"key":"EssenceOfDarkness"},{"floor":19,"key":"Weak Potion"}],"is_trial":false,"path_per_floor":["M","M","?","?","M","R","E","M","T","M","R","E","M","E","R","B",null,"M","M","M"],"character_chosen":"DEFECT","items_purchased":[],"campfire_rested":1,"item_purchase_floors":[],"current_hp_per_floor":[63,63,52,52,52,52,34,32,32,25,48,37,30,15,15,2,59,27,6,0,0],"gold":429,"neow_bonus":"TEN_PERCENT_HP_BONUS","is_daily":false,"chose_seed":false,"campfire_upgraded":2,"win_rate":0.0,"timestamp":1614300931,"path_taken":["M","M","?","?","M","R","E","M","T","M","R","E","M","E","R","BOSS","M","M","M"],"items_purchased_type":[],"build_version":"2020-12-22","purchased_purges":0,"victory":false,"max_hp_per_floor":[78,78,78,78,78,78,78,78,78,78,78,78,78,78,78,78,78,78,78,78,78],"relic_stats":{"Dream Catcher":0,"counters":[13,53],"Mummified Hand":[13],"MealTicket":0,"obtain_stats":[{"SlaversCollar":17,"Dream Catcher":12,"Mummified Hand":3,"Vajra":7,"MealTicket":9,"Cracked Core":0},{"SlaversCollar":10,"Dream Catcher":7,"Mummified Hand":2,"Vajra":4,"MealTicket":5,"Cracked Core":0},{"SlaversCollar":43,"Dream Catcher":26,"Mummified Hand":7,"Vajra":15,"MealTicket":17,"Cracked Core":0}]},"card_choices":[{"not_picked":["Skim","Turbo"],"picked":"Ball Lightning","floor":1},{"not_picked":["Darkness","Leap"],"picked":"Barrage","floor":2},{"not_picked":["Redo","Double Energy"],"picked":"Conserve Battery","floor":5},{"not_picked":["Stack","Leap"],"picked":"Beam Cell","floor":7},{"not_picked":["Ball Lightning","Heatsinks"],"picked":"Cold Snap","floor":8},{"not_picked":["Turbo","Hologram"],"picked":"Defragment","floor":10},{"not_picked":["Hyperbeam","Compile Driver"],"picked":"Static Discharge","floor":12},{"not_picked":["Chaos","Storm","Steam Power"],"picked":"SKIP","floor":13},{"not_picked":["Gash","Streamline","Machine Learning"],"picked":"SKIP","floor":14},{"not_picked":["Echo Form","Amplify"],"picked":"Electrodynamics","floor":16},{"not_picked":["Gash","Hologram"],"picked":"Leap","floor":18},{"not_picked":["Blizzard","Stack"],"picked":"Coolheaded","floor":19}],"player_experience":1600777,"relics_obtained":[{"floor":7,"key":"Vajra"},{"floor":9,"key":"MealTicket"},{"floor":12,"key":"Dream Catcher"}],"event_choices":[{"damage_healed":0,"gold_gain":0,"player_choice":"Success","damage_taken":11,"relics_obtained":["Mummified Hand"],"max_hp_gain":0,"max_hp_loss":0,"event_name":"Scrap Ooze","floor":3,"gold_loss":0},{"cards_removed":["Strike_B"],"damage_healed":0,"gold_gain":0,"player_choice":"Offered Basic","damage_taken":0,"max_hp_gain":0,"max_hp_loss":0,"event_name":"Bonfire Elementals","floor":4,"gold_loss":0}],"is_beta":false,"boss_relics":[{"not_picked":["Busted Crown","Calling Bell"],"picked":"SlaversCollar"}],"items_purged_floors":[],"is_endless":false,"potions_floor_spawned":[1,2,7,10,19],"killed_by":"Cultist and Chosen","ascension_level":20}}