{"host":"jsd6g3c2vo13e69c","time":1614381575,"event":{"mods":["2.2 Compatiblity","Act Like it!","BaseMod","Better Altar","Better Match","Better Note","Better Sensory Stone","Better Third Choice","BetterRewards","Colored Map","Colored Powertips","Downfall","Friendly Minions","GifTheSpireLib","Googly Eyes","Gremlin Mod","Hermit","Hubris","Infinite Spire","Melee Mod","Minty Spire (QoL Compilation)","Permanent Neow","Quick Restart","Random Character Button","Replay The Spire","Shop Mod","Spire Arcade","StSLib","The Cursed","The Disciple","The Forsaken","thorton"],"gold_per_floor":[0,12,12,27,45,45,68,82,82,74,74,92,92,117,136,241,241,41,55,65,76,96,110,137,245,245,245,245],"floor_reached":26,"language":"ENG","playtime":1731,"items_purged":[],"score":237,"play_id":"3d0248e0-1855-451c-90d7-442552b2e45b","local_time":"20210226181935","is_ascension_mode":false,"campfire_choices":[{"floor":1,"key":"DIG"},{"data":"hexamod:GhostOfSpirePast","floor":6,"key":"SMITH"},{"data":"hexamod:ExtraCrispy","floor":9,"key":"SMITH"},{"data":"hexamod:Float","floor":11,"key":"SMITH"},{"data":"hexamod:Rewind","floor":13,"key":"SMITH"},{"floor":18,"key":"RECALL"}],"circlet_count":0,"master_deck":["hexamod:Sear","hexamod:Float+1","hexamod:TimeOfNeed+1","hexamod:GhostOfSpirePast+1","hexamod:RainOfEmbers","hexamod:ExtraCrispy+1","hexamod:Rewind+1","hexamod:SpectersWail","hexamod:SpectersWail","hexamod:ExtraCrispy","hexamod:FlamesFromBeyond","hexamod:TimeOfNeed","hexamod:SearingWound","hexamod:BurningTouch","hexamod:TurnItUp","hexamod:FlameSwitch","hexamod:UnlimitedPower","hexamod:PowerFromBeyond","hexamod:Hexaguard","hexamod:NightmareStrike","hexamod:RadiantFlame","hexamod:EmpoweredFlame","hexamod:NecessarySacrifice"],"relics":["hexamod:SpiritBrand","hubris:TenFootPole","Snack Pack","hexamod:TheBrokenSeal","Pandora\u0027s Box","downfall:HeartBlessingGreen","downfall:HeartBlessingBlue","Replay:Bandana","downfall:GremlinWheel"],"acts_visited":["Exordium","TheCity"],"potions_floor_usage":[15,16,21,26,26,26],"damage_taken":[{"damage":0,"enemies":"2 Louse","floor":2,"turns":4},{"damage":0,"enemies":"Jaw Worm","floor":4,"turns":4},{"damage":6,"enemies":"Cultist","floor":5,"turns":4},{"damage":16,"enemies":"Red Slaver","floor":8,"turns":4},{"damage":7,"enemies":"Large Slime","floor":12,"turns":7},{"damage":6,"enemies":"Lagavulin","floor":14,"turns":6},{"damage":8,"enemies":"3 Louse","floor":15,"turns":3},{"damage":39,"enemies":"IC_STATUS_ARCHETYPE","floor":16,"turns":9},{"damage":23,"enemies":"Spheric Guardian","floor":19,"turns":4},{"damage":14,"enemies":"Shell Parasite","floor":20,"turns":3},{"damage":10,"enemies":"Snecko","floor":21,"turns":4},{"damage":5,"enemies":"Cultist and Chosen","floor":22,"turns":4},{"damage":14,"enemies":"Centurion and Healer","floor":23,"turns":3},{"damage":5,"enemies":"Centurion and Healer","floor":25,"turns":3},{"damage":21,"enemies":"Snake Plant","floor":26,"turns":1}],"seed_played":"4196422767357919935","potions_obtained":[{"floor":8,"key":"PowerPotion"},{"floor":12,"key":"Toxic Potion"},{"floor":12,"key":"Ancient Potion"},{"floor":14,"key":"Doom Potion"},{"floor":14,"key":"SkillPotion"},{"floor":19,"key":"infinitespire:BlackPotion"},{"floor":23,"key":"Elixir"},{"floor":25,"key":"Toxic Potion"}],"is_trial":false,"path_per_floor":["R_BF","M","?","M","M","R","T","M","R","?","R","M","R","E","M","B",null,"R","M","M","M","M","M","T","?","M"],"character_chosen":"THE_SPIRIT","items_purchased":[],"campfire_rested":0,"item_purchase_floors":[],"current_hp_per_floor":[70,70,70,70,64,64,64,48,48,48,48,48,48,49,41,66,80,90,67,53,45,40,26,26,21,0,0,0],"gold":245,"neow_bonus":"TRANSFORM_TWO_CARDS","is_daily":false,"chose_seed":false,"campfire_upgraded":4,"win_rate":0.0,"timestamp":1614381575,"path_taken":["R_BF","M","?","M","M","R","T","M","R","?","R","M","R","E","M","BOSS","R","M","M","M","M","M","T","?","M"],"items_purchased_type":[],"build_version":"2020-12-22","purchased_purges":0,"victory":false,"max_hp_per_floor":[70,70,70,70,70,70,70,70,70,70,70,70,70,70,70,80,80,90,90,90,90,90,90,90,90,90,90,90],"card_choices":[{"not_picked":["hexamod:BurningTouch","hexamod:SuperheatedStrike","hexamod:GhostShield"],"picked":"SKIP","floor":2},{"not_picked":["hexamod:NightmareGuise","hexamod:GhostLash"],"picked":"hexamod:FifthSeal","floor":4},{"not_picked":["hexamod:FourthSeal","hexamod:SixthSeal"],"picked":"hexamod:ThirdSeal","floor":5},{"not_picked":["hexamod:BurningTouch","hexamod:SpectralSpark"],"picked":"hexamod:RainOfEmbers","floor":5},{"not_picked":["hexamod:RecurringNightmare","hexamod:GhostflameBarrier"],"picked":"hexamod:ExtraCrispy","floor":8},{"not_picked":["hexamod:SixthSeal","hexamod:SecondSeal"],"picked":"hexamod:FirstSeal","floor":8},{"not_picked":["hexamod:ShieldOfDarkness","hexamod:HeatMetal","hexamod:BurningTouch"],"picked":"SKIP","floor":8},{"not_picked":["hexamod:UnleashSpirits","hexamod:GhostLash"],"picked":"hexamod:Rewind","floor":12},{"not_picked":["hexamod:ShieldOfDarkness","hexamod:GhostLash"],"picked":"hexamod:SpectersWail","floor":12},{"not_picked":["hexamod:SecondSeal","hexamod:NightmareGuise"],"picked":"hexamod:SpectersWail","floor":14},{"not_picked":["hexamod:Firestarter","hexamod:FirstSeal"],"picked":"hexamod:ExtraCrispy","floor":14},{"not_picked":["hexamod:FirstSeal","hexamod:SecondSeal"],"picked":"hexamod:SixthSeal","floor":15},{"not_picked":["hexamod:HeatMetal","hexamod:GhostShield"],"picked":"hexamod:FlamesFromBeyond","floor":15},{"not_picked":["hexamod:SuperheatedStrike","hexamod:GhostOfSpireFuture","hexamod:BurningTouch"],"picked":"SKIP","floor":15},{"not_picked":["hexamod:UnlimitedPower","hexamod:TurnItUp"],"picked":"hexamod:TimeOfNeed","floor":16},{"not_picked":["hexamod:ForkedFlame","hexamod:UnlimitedPower"],"picked":"hexamod:SearingWound","floor":16},{"not_picked":["hexamod:BacktrackSmack","hexamod:HeatCrush","hexamod:InspiringFlames+1"],"picked":"SKIP","floor":19},{"not_picked":["hexamod:HeatShield","hexamod:SkipABeat+1"],"picked":"hexamod:NightmareStrike","floor":20},{"not_picked":["hexamod:RainOfEmbers","hexamod:SkipABeat"],"picked":"hexamod:RadiantFlame","floor":21},{"not_picked":["hexamod:SuperheatedStrike","hexamod:NightmareStrike"],"picked":"hexamod:EmpoweredFlame","floor":22},{"not_picked":["hexamod:RadiantFlame","hexamod:CatchUp"],"picked":"hexamod:NecessarySacrifice","floor":23}],"player_experience":509952,"relics_obtained":[{"floor":1,"key":"hubris:TenFootPole"},{"floor":14,"key":"Snack Pack"},{"floor":24,"key":"Replay:Bandana"},{"floor":25,"key":"downfall:GremlinWheel"}],"event_choices":[],"is_beta":false,"boss_relics":[{"not_picked":["SlaversCollar","Honey Jar"],"picked":"Pandora\u0027s Box"}],"items_purged_floors":[],"is_endless":false,"potions_floor_spawned":[8,12,14,19,23,25],"killed_by":"Snake Plant","ascension_level":0}}