{"host":"4pc4ysofexzh6wwj","time":1614355774,"event":{"mods":["BaseMod","Downfall","GifTheSpireLib","Good Game Mod","HololiveMod","Minty Spire (QoL Compilation)","Remilia£®¿Ÿ√◊¿Ú—«£©","Replay The Spire","Ryuuou¡˙Õı","StSLib","The Animator","UnlockEverythingMod","noobMod"],"gold_per_floor":[99,116,131,82,182,216,216,232,260,275,450,464,479,508,524,627,677,477,497,597,597,597,608,608,635,672,694,744,844,874,921,947,1061,1161,1161,1180,1212,1280,1280,1361,1361,1406,1431,1455,1455,1479,31,97,161,173,173,218,27,27,45,65],"floor_reached":57,"language":"ZHS","playtime":4534,"items_purged":[],"score":1592,"play_id":"bb39eedc-3c23-4f33-9c3c-9df91b8c162d","local_time":"20210227000934","is_ascension_mode":true,"campfire_choices":[{"floor":1.0,"key":"RECALL"},{"floor":18.0,"key":"REST"},{"floor":29.0,"key":"REST"},{"data":"Guardian:ConstructionForm","floor":35.0,"key":"SMITH"},{"data":"Guardian:MultiBeam","floor":45.0,"key":"SMITH"},{"floor":54,"key":"REST"}],"circlet_count":0,"master_deck":["Guardian:Strike_Guardian","Guardian:Strike_Guardian","Guardian:Defend_Guardian","Guardian:Defend_Guardian","Guardian:Defend_Guardian+1","Guardian:CurlUp","Guardian:TwinSlam+1","ScarletDream","Guardian:Incinerate","Guardian:RollAttack+1","Guardian:DonusPower","Guardian:GatlingBeam","Doubt","Guardian:TimeBomb+1","Guardian:ShieldCharger+1","Guardian:FierceBash+1","Guardian:Recover+1","Guardian:Recover+1","Guardian:CrystalBeam+1","J.A.X.","Guardian:PrismaticBarrier+1","Guardian:Preprogram+1","Guardian:TimeCapacitor","Guardian:HyperBeam_Guardian","Guardian:RollAttack","Guardian:RollAttack","Guardian:SphericShield+1","Guardian:ArmoredProtocol","Guardian:ShieldSpikes","Guardian:ConstructionForm+1","Guardian:BodySlam+1","Guardian:DecasProtection+1","Guardian:Orbwalk+1","Guardian:ShieldCharger","Guardian:MultiBeam+1","Guardian:CrystalBeam+1","Guardian:MultiBeam+1","Guardian:PiercingHide","Pot Of Greed","Pot Of Greed","Pot Of Greed","Pot Of Greed","Guardian:TimeBomb+1","Guardian:Suspension","Guardian:Incinerate+1","Guardian:PrimingBeam","Guardian:ChargeCore"],"relics":["ice","REME:ComplimentaryCards","ReplayTheSpireMod:DimensionalGlitch","downfall:GremlinWheel","Gambling Chip","Lantern","Gremlin Food","Odd Mushroom","Tiny House","downfall:HeartBlessingRed","downfall:HeartBlessingGreen","MutagenicStrength","Replay:Bandana","Guardian:SackOfGems","downfall:HeartBlessingBlue","Nunchaku","Replay:Wanted Poster","Ice Cream","HornCleat","The Courier","Oddly Smooth Stone","ClockworkSouvenir","Centennial Puzzle","Boot","Blue Candle","ReplayFunnel","Pet Ghost","War Paint","Grinning Jar","Regal Pillow","Art of War","Replay:Kaleidoscope","Iron Hammer","Whetstone","Replay:Baseball","BranchBurnRelic"],"acts_visited":["Exordium","TheCity","TheBeyond","TheEnding"],"potions_floor_usage":[56],"damage_taken":[{"damage":10.0,"enemies":"2 Louse","floor":2.0,"turns":3.0},{"damage":0.0,"enemies":"Cultist","floor":3.0,"turns":3.0},{"damage":7.0,"enemies":"downfall:FleeingMerchant","floor":4.0,"turns":4.0},{"damage":16.0,"enemies":"downfall:FleeingMerchant","floor":5.0,"turns":4.0},{"damage":16.0,"enemies":"Gremlin Nob","floor":6.0,"turns":4.0},{"damage":0.0,"enemies":"Small Slimes","floor":8.0,"turns":1.0},{"damage":15.0,"enemies":"Replay:BlueRogue","floor":9.0,"turns":3.0},{"damage":0.0,"enemies":"3 Louse","floor":10.0,"turns":1.0},{"damage":5.0,"enemies":"downfall:LooterAlt","floor":12.0,"turns":2.0},{"damage":3.0,"enemies":"2 Fungi Beasts","floor":13.0,"turns":2.0},{"damage":18.0,"enemies":"The Mushroom Lair","floor":14.0,"turns":3.0},{"damage":8.0,"enemies":"Blue Slaver","floor":15.0,"turns":3.0},{"damage":11.0,"enemies":"IC_STATUS_ARCHETYPE","floor":16.0,"turns":5.0},{"damage":0.0,"enemies":"Chosen","floor":19.0,"turns":3.0},{"damage":17.0,"enemies":"downfall:Augmenter","floor":20.0,"turns":5.0},{"damage":15.0,"enemies":"Spheric Guardian","floor":23.0,"turns":4.0},{"damage":32.0,"enemies":"Replay:Snechameleon","floor":25.0,"turns":4.0},{"damage":5.0,"enemies":"Snecko","floor":26.0,"turns":3.0},{"damage":23.0,"enemies":"Centurion and Healer","floor":27.0,"turns":5.0},{"damage":4.0,"enemies":"Book of Stabbing","floor":28.0,"turns":3.0},{"damage":2.0,"enemies":"Cultist and Chosen","floor":30.0,"turns":2.0},{"damage":2.0,"enemies":"Replay:Snechameleon","floor":31.0,"turns":3.0},{"damage":0.0,"enemies":"Snecko","floor":32.0,"turns":3.0},{"damage":0.0,"enemies":"WA_ARCHETYPE_CALM","floor":33.0,"turns":5.0},{"damage":0.0,"enemies":"Orb Walker","floor":36.0,"turns":1.0},{"damage":0.0,"enemies":"3 Darklings","floor":37.0,"turns":3.0},{"damage":9.0,"enemies":"3 Darklings","floor":38.0,"turns":4.0},{"damage":5.0,"enemies":"Nemesis","floor":42.0,"turns":3.0},{"damage":0.0,"enemies":"Maw","floor":43.0,"turns":4.0},{"damage":0.0,"enemies":"Transient","floor":44.0,"turns":5.0},{"damage":0.0,"enemies":"Spire Growth","floor":46.0,"turns":4.0},{"damage":0.0,"enemies":"downfall:FleeingMerchant","floor":47.0,"turns":3.0},{"damage":0.0,"enemies":"Giant Head","floor":48.0,"turns":3.0},{"damage":41.0,"enemies":"Maw","floor":49.0,"turns":3.0},{"damage":72,"enemies":"DF_ARCHETYPE_ORBS","floor":50,"turns":10},{"damage":24,"enemies":"downfall:CharBossMerchant","floor":52,"turns":6},{"damage":0,"enemies":"downfall:NeowBoss","floor":55,"turns":10},{"damage":24,"enemies":"downfall:NeowBossFinal","floor":56,"turns":8}],"seed_played":"-8053896170947634702","potions_obtained":[{"floor":3.0,"key":"FearPotion"},{"floor":6.0,"key":"SkillPotion"},{"floor":8.0,"key":"Fire Potion"},{"floor":12.0,"key":"Strength Potion"},{"floor":14.0,"key":"Ancient Potion"},{"floor":17.0,"key":"GamblersBrew"},{"floor":27.0,"key":"Dexterity Potion"},{"floor":28.0,"key":"bronze:BurnAndBuffPotion"},{"floor":32.0,"key":"Fire Potion"},{"floor":36.0,"key":"Elixir"},{"floor":38.0,"key":"Fire Potion"},{"floor":43.0,"key":"Fire Potion"}],"is_trial":false,"path_per_floor":["R","M","M","$","?","E","T","M","E","M","?","M","M","?","M","B",null,"R","M","?","?","?","M","T","E","M","M","E","R","M","E","M","B",null,"R","M","M","?","?","T","T","E","M","M","R","M","$","E","M","B",null,"E","$","R","B","B",null],"character_chosen":"GUARDIAN","items_purchased":["Guardian:RollAttack+1","ClockworkSouvenir","Centennial Puzzle","Boot","Guardian:PiercingHide","Blue Candle","ReplayFunnel","Pet Ghost","War Paint","Grinning Jar","Regal Pillow","Art of War","Replay:Kaleidoscope","Dead Branch","Replay:Baseball","Guardian:PrimingBeam","Guardian:ChargeCore"],"campfire_rested":3,"item_purchase_floors":[4,47,47,47,47,47,47,47,47,47,47,47,47,47,53,53,53],"current_hp_per_floor":[80,70,70,63,47,31,31,31,16,16,16,11,8,30,22,11,93,93,93,76,76,76,61,61,29,24,1,58,108,106,104,104,104,147,147,147,147,138,138,138,138,133,133,133,133,133,133,133,92,121,202,178,178,207,210,186],"gold":65,"neow_bonus":"BOSS_RELIC","is_daily":false,"chose_seed":false,"campfire_upgraded":2,"win_rate":0.0,"timestamp":1614355774,"path_taken":["R","M","M","$","?","E","T","M","E","?","?","M","M","?","M","BOSS","R","M","?","?","?","M","T","E","M","M","E","R","M","E","M","BOSS","R","M","M","?","?","?","T","E","M","?","R","?","$","E","M","BOSS","E","$","R","BOSS","BOSS"],"items_purchased_type":["Card","Relic","Relic","Relic","Card","Relic","Relic","Relic","Relic","Relic","Relic","Relic","Relic","Relic","Relic","Card","Card"],"build_version":"2020-12-22","purchased_purges":0,"victory":true,"max_hp_per_floor":[80,80,80,80,80,80,80,80,80,80,80,80,80,82,84,88,93,93,95,99,99,99,102,102,116,117,122,126,136,138,143,144,147,147,147,147,150,158,158,158,158,159,160,165,165,169,174,175,202,202,202,207,207,207,213,221],"card_choices":[{"not_picked":["Guardian:Repulse","Guardian:ShieldSpikes"],"picked":"Guardian:Incinerate","floor":2.0},{"not_picked":["Guardian:RollAttack","Guardian:Incinerate"],"picked":"Guardian:Gem_Cyan","floor":3.0},{"not_picked":["Guardian:ExploitGems","Guardian:PrismaticBeam"],"picked":"Guardian:Gem_Red","floor":4.0},{"not_picked":["Guardian:TemporalStrike","Guardian:Incinerate"],"picked":"Guardian:Gem_White","floor":6.0},{"not_picked":["Guardian:Gem_Cyan","Guardian:Suspension"],"picked":"Guardian:Gem_Yellow","floor":8.0},{"not_picked":["Guardian:Suspension","Guardian:BronzeOrb"],"picked":"Guardian:DonusPower","floor":9.0},{"not_picked":["Guardian:Gem_Fragmented","Guardian:DecasProtection"],"picked":"Guardian:GatlingBeam","floor":10.0},{"not_picked":["Guardian:Repulse","Guardian:PrimingBeam"],"picked":"Guardian:TimeBomb","floor":12.0},{"not_picked":["Guardian:PolyBeam","Guardian:Gem_Cyan"],"picked":"Guardian:Gem_Crimson","floor":13.0},{"not_picked":["Guardian:Emergency","Guardian:FloatingOrbs"],"picked":"Guardian:ShieldCharger","floor":14.0},{"not_picked":["Guardian:Gem_Cyan","Guardian:GuardianWhirl"],"picked":"Guardian:Gem_Purple","floor":15.0},{"not_picked":["Guardian:RevengeProtocol","Guardian:GatlingBeam"],"picked":"Guardian:FierceBash","floor":16.0},{"not_picked":["Guardian:Gem_Fragmented","Guardian:Planning"],"picked":"Guardian:Recover","floor":17.0},{"not_picked":["Guardian:Incinerate","Guardian:EvasiveProtocol"],"picked":"Guardian:Recover+1","floor":19.0},{"not_picked":[],"picked":"J.A.X.","floor":20.0},{"not_picked":["Guardian:FloatingOrbs","Guardian:Gem_Cyan"],"picked":"Guardian:PrismaticBarrier+1","floor":20.0},{"not_picked":["Guardian:DecasProtection","Guardian:Reroute"],"picked":"Guardian:Preprogram+1","floor":23.0},{"not_picked":["Guardian:Gem_Red","Guardian:Preprogram"],"picked":"Guardian:TimeCapacitor","floor":25.0},{"not_picked":["Guardian:Planning+1","Guardian:TemporalStrike+1"],"picked":"Guardian:HyperBeam_Guardian","floor":26.0},{"not_picked":["Guardian:Gem_Lightblue","Guardian:TemporalShield+1"],"picked":"Guardian:RollAttack","floor":27.0},{"not_picked":["Guardian:Recover+1","Guardian:FloatingOrbs"],"picked":"Guardian:RollAttack","floor":28.0},{"not_picked":["Guardian:Suspension","Guardian:Harden+1"],"picked":"Guardian:SphericShield","floor":30.0},{"not_picked":["Guardian:ShieldCharger","Guardian:Clone"],"picked":"Guardian:ArmoredProtocol","floor":31.0},{"not_picked":["Guardian:ShieldCharger","Guardian:Suspension+1"],"picked":"Guardian:ShieldSpikes","floor":32.0},{"not_picked":["Guardian:HyperBeam_Guardian","Guardian:StasisStrike"],"picked":"Guardian:ConstructionForm","floor":33.0},{"not_picked":["Guardian:Gem_Green","Guardian:TemporalShield"],"picked":"Guardian:Gem_Purple","floor":36.0},{"not_picked":["Guardian:RollAttack","Guardian:Gem_Cyan"],"picked":"Guardian:BodySlam+1","floor":37.0},{"not_picked":["Guardian:Gem_Blue","Guardian:VentSteam"],"picked":"Guardian:DecasProtection+1","floor":38.0},{"not_picked":["Guardian:EvasiveProtocol+1","Guardian:PrismaticBeam"],"picked":"Guardian:Orbwalk+1","floor":42.0},{"not_picked":["Guardian:VentSteam","Guardian:Gem_Cyan"],"picked":"Guardian:ShieldCharger","floor":43.0},{"not_picked":["Guardian:Gem_Cyan","Guardian:GatlingBeam"],"picked":"Guardian:MultiBeam","floor":44.0},{"not_picked":["Guardian:Gem_Green","Guardian:Recover+1"],"picked":"Guardian:CrystalBeam+1","floor":46.0},{"not_picked":["Guardian:VentSteam","Guardian:ShieldSpikes"],"picked":"Guardian:MultiBeam+1","floor":47.0},{"not_picked":["Guardian:Gem_Green","Guardian:TimeCapacitor"],"picked":"Guardian:TimeBomb+1","floor":48.0},{"not_picked":["Guardian:MultiBeam","Guardian:HyperBeam_Guardian"],"picked":"Guardian:Suspension","floor":49.0},{"not_picked":["Guardian:PrimingBeam","Guardian:SentryBeam"],"picked":"Guardian:Incinerate+1","floor":52}],"player_experience":376118,"relics_obtained":[{"floor":5.0,"key":"downfall:GremlinWheel"},{"floor":6.0,"key":"Gambling Chip"},{"floor":7.0,"key":"Lantern"},{"floor":9.0,"key":"Gremlin Food"},{"floor":14.0,"key":"Odd Mushroom"},{"floor":20.0,"key":"MutagenicStrength"},{"floor":25.0,"key":"Replay:Bandana"},{"floor":28.0,"key":"Guardian:SackOfGems"},{"floor":31.0,"key":"Nunchaku"},{"floor":38.0,"key":"Ice Cream"},{"floor":40.0,"key":"HornCleat"},{"floor":41.0,"key":"The Courier"},{"floor":42.0,"key":"Oddly Smooth Stone"},{"floor":48.0,"key":"Iron Hammer"},{"floor":52,"key":"Whetstone"}],"event_choices":[{"damage_healed":0.0,"max_hp_gain":0.0,"max_hp_loss":0.0,"gold_gain":0.0,"event_name":"Mushrooms","player_choice":"Fought Mushrooms","floor":14.0,"gold_loss":0.0,"damage_taken":0.0},{"damage_healed":0.0,"max_hp_gain":0.0,"max_hp_loss":0.0,"gold_gain":0.0,"event_name":"The Library","player_choice":"Read","floor":21.0,"gold_loss":0.0,"damage_taken":0.0,"cards_obtained":["Guardian:Gem_Orange"]},{"damage_healed":0.0,"max_hp_gain":0.0,"max_hp_loss":0.0,"gold_gain":0.0,"event_name":"Ghosts","player_choice":"Ignored","floor":22.0,"gold_loss":0.0,"damage_taken":0.0},{"damage_healed":0.0,"max_hp_gain":0.0,"max_hp_loss":0.0,"gold_gain":200.0,"event_name":"Wheel of Change","player_choice":"Gold","floor":29.0,"gold_loss":0.0,"damage_taken":0.0},{"cards_removed":["Guardian:Strike_Guardian"],"damage_healed":0.0,"max_hp_gain":0.0,"max_hp_loss":0.0,"gold_gain":0.0,"event_name":"Falling","player_choice":"Removed Attack","floor":39.0,"gold_loss":0.0,"damage_taken":0.0}],"is_beta":false,"boss_relics":[{"not_picked":["Empty Cage","Runic Pyramid"],"picked":"Tiny House"},{"not_picked":["SacredBark","Replay:Drink Me"],"picked":"Replay:Wanted Poster"}],"items_purged_floors":[],"is_endless":false,"potions_floor_spawned":[3,6,8,12,14,20,23,27,28,30,32,36,38,42,43],"ascension_level":1}}