{"host":"sr8h12zimc8zi8zs","time":1614341304,"event":{"mods":["2.2 Compatiblity","AchievementEnabler","Act Like it!","Arknights","BaseMod","CapriCore","Colored Map","GifTheSpireLib","Minty Spire (QoL Compilation)","Permanent Neow","StSLib"],"gold_per_floor":[113,48,48,72,88,88,107,139,139,139,139,172,191,203,203,304,304,316,24,24,42,57,57,74,74,74,74,102,102,102,27,27,124,124,138,138,188,200,200,200,200,200,226,126,66,66,82,82,82,82,82,82,82,114,114],"floor_reached":56,"language":"KOR","playtime":5608,"items_purged":["ats:Strike S","Pain"],"score":1094,"play_id":"348e22b2-bbf1-44da-8405-88f959646830","local_time":"20210226210824","is_ascension_mode":false,"campfire_choices":[{"data":"ats:Emotion Absorption","floor":6.0,"key":"SMITH"},{"floor":11.0,"key":"RECALL"},{"data":"ats:Spore Proliferation","floor":15.0,"key":"SMITH"},{"data":"ats:Sashimi Platter","floor":23,"key":"SMITH"},{"data":"ats:Cat Scratch","floor":25,"key":"SMITH"},{"data":"ats:Armor Crushing Shot","floor":27,"key":"SMITH"},{"floor":29,"key":"REST"},{"data":"ats:Shadow Assault","floor":32,"key":"SMITH"},{"data":"ats:Counter Healing Mode","floor":40,"key":"SMITH"},{"data":"1","floor":42,"key":"LIFT"},{"data":"2","floor":46,"key":"LIFT"},{"data":"3","floor":49,"key":"LIFT"},{"data":"ats:Song Of Battle","floor":52,"key":"SMITH"}],"circlet_count":0,"master_deck":["ats:Strike G+1","ats:Strike V","ats:Armor Crushing Shot+1","ats:Defend","ats:Defend","ats:Defend","ats:Emotion Absorption+1","ats:Sword Rain","ats:Sashimi Platter+1","ats:Spore Proliferation+1","ats:Cat Scratch+1","ats:Very Hot Blade","ats:Fractured Body+1","ats:Echo Reverb+1","ats:Thermite Blade+1","ats:Charging Defense+1","ats:Fractured Body+1","ats:Encircling Forest+1","ats:Magnetic Hammer+1","ats:Charging Defense+1","ats:Shell Defense+1","ats:Shadow Assault+1","ats:Nebulous Foxfire+1","ats:Automatic Cover+1","Panacea+1","Magnetism","Deep Breath+1","ats:Counter Healing Mode+1","Madness+1","Madness+1","Writhe","ats:Song Of Battle+1","ats:Shell Defense+1","Pain"],"relics":["ats:Sanity","Orichalcum","Dream Catcher","ats:Originium","Blue Candle","FossilizedHelix","Toxic Egg 2","SlaversCollar","WingedGreaves","Bronze Scales","ats:Lavender","Cursed Key","Du-Vu Doll","Girya","Art of War","Whetstone","Gambling Chip"],"acts_visited":["Exordium","TheCity","TheBeyond","TheEnding"],"potions_floor_usage":[33,47,54,55,55],"damage_taken":[{"damage":0.0,"enemies":"2 Louse","floor":1.0,"turns":3.0},{"damage":0.0,"enemies":"Cultist","floor":5.0,"turns":3.0},{"damage":2.0,"enemies":"Small Slimes","floor":7.0,"turns":3.0},{"damage":30.0,"enemies":"Lagavulin","floor":8.0,"turns":10.0},{"damage":21.0,"enemies":"3 Sentries","floor":12.0,"turns":10.0},{"damage":0.0,"enemies":"Exordium Wildlife","floor":13.0,"turns":4.0},{"damage":0.0,"enemies":"2 Fungi Beasts","floor":14.0,"turns":3.0},{"damage":34.0,"enemies":"Slime Boss","floor":16.0,"turns":15.0},{"damage":13.0,"enemies":"3 Byrds","floor":18.0,"turns":7.0},{"damage":2.0,"enemies":"Shell Parasite","floor":21.0,"turns":6.0},{"damage":27,"enemies":"Snake Plant","floor":22,"turns":7},{"damage":20,"enemies":"Centurion and Healer","floor":24,"turns":8},{"damage":13,"enemies":"Book of Stabbing","floor":28,"turns":6},{"damage":72,"enemies":"Collector","floor":33,"turns":12},{"damage":9,"enemies":"3 Darklings","floor":35,"turns":5},{"damage":0,"enemies":"Mind Bloom Boss Battle","floor":37,"turns":7},{"damage":0,"enemies":"Orb Walker","floor":38,"turns":4},{"damage":19,"enemies":"3 Darklings","floor":47,"turns":4},{"damage":103,"enemies":"Time Eater","floor":50,"turns":13},{"damage":60,"enemies":"Shield and Spear","floor":54,"turns":7},{"damage":95,"enemies":"The Heart","floor":55,"turns":10}],"seed_played":"8861932962983644211","potions_obtained":[{"floor":5.0,"key":"SpeedPotion"},{"floor":8.0,"key":"SkillPotion"},{"floor":13.0,"key":"DuplicationPotion"},{"floor":16.0,"key":"FearPotion"},{"floor":18.0,"key":"Block Potion"},{"floor":21.0,"key":"FairyPotion"},{"floor":37,"key":"BlessingOfTheForge"},{"floor":47,"key":"ats:Top Emergency Sanity Potion"},{"floor":54,"key":"Dexterity Potion"}],"is_trial":false,"path_per_floor":["M","?","$","T","M","R","M","E","T","?","R","E","M","M","R","B",null,"M","$","?","M","M","R","M","R","T","R","E","R","?","?","R","B",null,"M","?","?","M","?","R","T","R","T","$","?","R","M","T","R","B",null,"R","$","E","B",null],"character_chosen":"DOCTOR_CLASS","items_purchased":["ats:Charging Defense+1","ats:Fractured Body+1"],"campfire_rested":1,"item_purchase_floors":[19,19],"current_hp_per_floor":[72,72,72,72,72,72,70,49,49,49,49,45,55,60,60,44,72,67,67,67,70,45,45,41,41,41,41,37,58,45,45,45,14,77,76,66,77,77,67,67,67,67,67,67,67,67,56,56,56,52,77,77,77,30,53],"gold":114,"neow_bonus":"RANDOM_COMMON_RELIC","is_daily":false,"chose_seed":false,"campfire_upgraded":8,"win_rate":0.0,"timestamp":1614341304,"path_taken":["M","?","$","?","M","R","M","E","T","?","R","E","M","M","R","BOSS","M","$","?","M","M","R","M","R","T","R","E","R","?","?","R","BOSS","M","?","?","M","?","R","?","R","T","$","?","R","?","?","R","BOSS","R","$","E","BOSS"],"items_purchased_type":["Card","Card"],"build_version":"2020-12-22","purchased_purges":2,"victory":true,"max_hp_per_floor":[72,72,72,72,72,72,72,72,72,72,72,72,72,72,72,72,72,72,72,72,72,72,72,72,72,72,72,72,72,77,77,77,77,77,77,77,77,77,77,77,77,77,77,77,77,77,77,77,77,77,77,77,77,77,77],"card_choices":[{"not_picked":["ats:Blood Oath","ats:Flexible Camouflage"],"picked":"ats:Sword Rain","floor":1.0},{"not_picked":["ats:Leaping Hammer","ats:Serious Mode"],"picked":"ats:Sashimi Platter","floor":5.0},{"not_picked":["ats:Sword Rain","ats:Closed Bolt Burst Fire"],"picked":"ats:Spore Proliferation","floor":7.0},{"not_picked":["ats:Curse Doll","ats:Healing Drone"],"picked":"ats:Cat Scratch","floor":8.0},{"not_picked":["ats:Overload","ats:Explosion Area Strengthen"],"picked":"ats:Very Hot Blade","floor":12.0},{"not_picked":["ats:Absolute Focus+1","ats:Thorns"],"picked":"ats:Fractured Body+1","floor":13.0},{"not_picked":["ats:Revitalization+1","ats:Apocalypse+1","ats:Consecutive Shot Auto"],"picked":"SKIP","floor":14.0},{"not_picked":["ats:Rat Pack+1","ats:True Silver Slash"],"picked":"ats:Echo Reverb+1","floor":16.0},{"not_picked":["ats:Ignite+1","ats:Rapid Magazine"],"picked":"ats:Thermite Blade","floor":18.0},{"not_picked":["ats:Closed Bolt Burst Fire","ats:Hook Shot+1"],"picked":"ats:Encircling Forest+1","floor":21.0},{"not_picked":["ats:Closed Bolt Burst Fire","ats:Collapsing Strike"],"picked":"ats:Magnetic Hammer+1","floor":22},{"not_picked":["ats:Thorns","ats:Guard Mode+1"],"picked":"ats:Charging Defense+1","floor":24},{"not_picked":["ats:Encircling Forest+1","ats:Guard Mode+1"],"picked":"ats:Shell Defense+1","floor":28},{"not_picked":["ats:LN2 Cannon","ats:Very Hot Blade"],"picked":"ats:Shadow Assault","floor":29},{"not_picked":["ats:Durian+1","ats:Disruption Kick"],"picked":"ats:Nebulous Foxfire+1","floor":33},{"not_picked":["ats:Assault Order+1","ats:Poison Spread"],"picked":"ats:Automatic Cover+1","floor":35},{"not_picked":["Dramatic Entrance","Apotheosis+1"],"picked":"Panacea+1","floor":36},{"not_picked":["Violence+1","Panache"],"picked":"Magnetism","floor":36},{"not_picked":["Forethought+1","Impatience+1"],"picked":"Deep Breath+1","floor":36},{"not_picked":["ats:Absolute Focus+1","ats:Explosion Area Strengthen+1"],"picked":"ats:Counter Healing Mode","floor":37},{"not_picked":["ats:Poison Spread+1","ats:Neurotoxin+1","ats:Shadow Raid+1"],"picked":"SKIP","floor":38},{"not_picked":["ats:Part Time Job","ats:Poison Spread"],"picked":"ats:Shell Defense+1","floor":47},{"not_picked":["ats:Hammer On","ats:Disruption Kick","ats:Very Hot Blade"],"picked":"SKIP","floor":54}],"player_experience":172326,"relics_obtained":[{"floor":8.0,"key":"ats:Originium"},{"floor":8.0,"key":"Blue Candle"},{"floor":9.0,"key":"FossilizedHelix"},{"floor":12.0,"key":"ats:Originium"},{"floor":12.0,"key":"Toxic Egg 2"},{"floor":26,"key":"Bronze Scales"},{"floor":28,"key":"ats:Originium"},{"floor":28,"key":"ats:Lavender"},{"floor":37,"key":"Du-Vu Doll"},{"floor":41,"key":"Girya"},{"floor":43,"key":"Art of War"},{"floor":48,"key":"Whetstone"},{"floor":54,"key":"Gambling Chip"},{"floor":54,"key":"ats:Originium"}],"event_choices":[{"damage_healed":0.0,"max_hp_gain":0.0,"max_hp_loss":0.0,"gold_gain":0.0,"event_name":"WeMeetAgain","player_choice":"Paid Gold","floor":2.0,"gold_loss":65.0,"damage_taken":0.0,"relics_obtained":["Dream Catcher"]},{"damage_healed":0.0,"max_hp_gain":0.0,"max_hp_loss":0.0,"gold_gain":0.0,"event_name":"Liars Game","player_choice":"Ignored","floor":10.0,"gold_loss":0.0,"damage_taken":0.0},{"damage_healed":0.0,"max_hp_gain":0.0,"max_hp_loss":0.0,"gold_gain":0.0,"event_name":"The Mausoleum","player_choice":"Opened","floor":20.0,"gold_loss":0.0,"damage_taken":0.0,"relics_obtained":["WingedGreaves"]},{"damage_healed":0,"gold_gain":0,"player_choice":"Shed Blood","damage_taken":18,"max_hp_gain":5,"max_hp_loss":0,"event_name":"Forgotten Altar","floor":30,"gold_loss":0},{"cards_removed":["ats:Strike C"],"damage_healed":0,"gold_gain":0,"player_choice":"Gave Gold","damage_taken":0,"max_hp_gain":0,"max_hp_loss":0,"event_name":"Beggar","floor":31,"gold_loss":75},{"damage_healed":0,"gold_gain":0,"player_choice":"Memory 3","damage_taken":10,"max_hp_gain":0,"max_hp_loss":0,"event_name":"SensoryStone","floor":36,"gold_loss":0},{"damage_healed":0,"gold_gain":0,"player_choice":"Fight","damage_taken":0,"max_hp_gain":0,"max_hp_loss":0,"event_name":"MindBloom","floor":37,"gold_loss":0},{"damage_healed":0,"gold_gain":0,"player_choice":"Embrace Madness","damage_taken":10,"max_hp_gain":0,"max_hp_loss":0,"event_name":"Winding Halls","floor":39,"gold_loss":0,"cards_obtained":["Madness","Madness"]},{"damage_healed":0,"gold_gain":0,"cards_transformed":["Doubt","ats:Defend"],"player_choice":"Transformed Cards","damage_taken":0,"max_hp_gain":0,"max_hp_loss":0,"event_name":"Designer","floor":45,"gold_loss":60,"cards_obtained":["Writhe","ats:Song Of Battle"]}],"is_beta":false,"boss_relics":[{"not_picked":["SacredBark","Velvet Choker"],"picked":"SlaversCollar"},{"not_picked":["Runic Dome","Empty Cage"],"picked":"Cursed Key"}],"items_purged_floors":[19,44],"is_endless":false,"potions_floor_spawned":[5,8,13,16,18,21,37,47,54],"ascension_level":0}}