{"host":"faxec7zdkweurczj","time":1614312089,"event":{"mods":["Ascension Reborn","BaseMod","Colored Powertips","Conspire","Highlight Path","Minty Spire (QoL Compilation)","Replay The Spire","Shop Mod","StSLib","TestMod","[IsaacMod]以撒尖塔","篝火指南"],"gold_per_floor":[525,212,22,22,35,68,86,86,86,39,50,3,19,59,59,176,176,225,225,12,25,46,76,91,120,120,185,200,169,288,288,288,387,387,403,418,21,97,116,116,140,331,331,344,354,109,133,151,51,51,51,51,189,223,223],"floor_reached":56,"language":"ZHS","playtime":1987,"items_purged":["Strike_R+1","Strike_R+1","Strike_R+1","Strike_R+1","Defend_R+1","Defend_R+1","Defend_R+1","Defend_R+1","Cleave"],"score":1757,"play_id":"83b9d28d-fcc0-4ea3-a73d-6aa91d4050f4","local_time":"20210226120129","is_ascension_mode":true,"campfire_choices":[{"data":"Limit Break","floor":8.0,"key":"SMITH"},{"data":"Cleave","floor":15.0,"key":"SMITH"},{"floor":32.0,"key":"RECALL"},{"data":"Entrench","floor":40,"key":"SMITH"}],"circlet_count":0,"master_deck":["Bash+1","Inflame+1","Limit Break+1","Headbutt+1","Heavy Blade+1","Metallicize+1","Cleave+1","Thunderclap+1","Shrug It Off+1","Berserk+1","Entrench+1","Metallicize+1","Shrug It Off+1","Limit Break"],"relics":["Burning Blood","testmod-TestBox","HushsDoor","testmod-ArcanaOfDestiny","NeowsBlessing","BloodDonationBag","Letter Opener","testmod-Charity","Frozen Egg 2","Diplopia","Ginger","PokeGo","Durian","MagicMushroom","GuppysPaw","GuppysHead","MaYiHuaBei","Replay:Bandana","Guide Book","Gremlin Horn","Lantern","Pen Nib","Gambling Chip","Champion Belt","SatanicBible","Singing Bowl","Chaos","testmod-TurbochargingSystem","Question Card","conspire:SpecialSausage","DeathBook","DeathBook","GuppysTail","GuppysHairball","testmod-Brilliant","Divine Protection","JudasShadow","testmod-Prudence","Pantograph","War Paint","testmod-Antiphasic","Counterbalance","Gremlin Food"],"acts_visited":["Exordium","TheCity","TheBeyond","TheEnding"],"potions_floor_usage":[55,55,55,55,55,55,55],"damage_taken":[{"damage":0.0,"enemies":"Cultist","floor":1.0,"turns":1.0},{"damage":0.0,"enemies":"2 Louse","floor":5.0,"turns":2.0},{"damage":0.0,"enemies":"Gremlin Nob","floor":6.0,"turns":1.0},{"damage":0.0,"enemies":"Jaw Worm","floor":7.0,"turns":1.0},{"damage":0.0,"enemies":"Large Slime","floor":11.0,"turns":2.0},{"damage":0.0,"enemies":"3 Louse","floor":13.0,"turns":2.0},{"damage":0.0,"enemies":"Lagavulin","floor":14.0,"turns":3.0},{"damage":0.0,"enemies":"Hexaghost","floor":16.0,"turns":4.0},{"damage":0.0,"enemies":"2 Thieves","floor":18.0,"turns":2.0},{"damage":0.0,"enemies":"Chosen","floor":22.0,"turns":1.0},{"damage":3.0,"enemies":"conspire:SneckoGhost","floor":23.0,"turns":2.0},{"damage":0.0,"enemies":"Shelled Parasite and Fungi","floor":24.0,"turns":2.0},{"damage":7.0,"enemies":"Replay:Snechameleon","floor":25.0,"turns":3.0},{"damage":0.0,"enemies":"Chosen and Byrds","floor":28.0,"turns":1.0},{"damage":0.0,"enemies":"Colosseum Slavers","floor":30.0,"turns":1.0},{"damage":0.0,"enemies":"Colosseum Nobs","floor":30.0,"turns":2.0},{"damage":0.0,"enemies":"Pondfish","floor":33.0,"turns":4.0},{"damage":0,"enemies":"3 Shapes","floor":35,"turns":1},{"damage":0,"enemies":"3 Darklings","floor":36,"turns":1},{"damage":0,"enemies":"Transient","floor":39,"turns":4},{"damage":0,"enemies":"R_Hoarder","floor":41,"turns":2},{"damage":0,"enemies":"Jaw Worm Horde","floor":42,"turns":1},{"damage":0,"enemies":"Spire Growth","floor":44,"turns":2},{"damage":0,"enemies":"4 Shapes","floor":45,"turns":1},{"damage":0,"enemies":"Reptomancer","floor":47,"turns":1},{"damage":0,"enemies":"Sphere and 2 Shapes","floor":48,"turns":1},{"damage":109,"enemies":"conspire:OrnateMirror","floor":50,"turns":3},{"damage":0,"enemies":"Shield and Spear","floor":54,"turns":2},{"damage":0,"enemies":"Delirium","floor":55,"turns":12}],"seed_played":"1841548278364163516","potions_obtained":[{"floor":1.0,"key":"AttackPotion"},{"floor":5.0,"key":"EntropicBrew"},{"floor":13.0,"key":"LiquidBronze"},{"floor":22.0,"key":"testmod-SpacePotion"},{"floor":23.0,"key":"Adrenaline Potion"},{"floor":24.0,"key":"Adrenaline Potion"}],"is_trial":false,"path_per_floor":["M","$","$","?","M","E","M","R","T","R","M","$","M","E","R","B",null,"M","?","$","$","M","E","M","E","T","?","M","$","?","?","R","B",null,"M","M","$","?","M","R","E","M","T","M","M","$","E","M","R","B",null,"R","$","E","B",null],"character_chosen":"IRONCLAD","items_purchased":["Limit Break","Letter Opener","testmod-Charity","Diplopia","LiquidBronze","Ginger","Metallicize+1","GuppysPaw","GuppysHead","Replay:Bandana","Guide Book","Gremlin Horn","Lantern","Shrug It Off","Singing Bowl","HeartOfIron","Chaos","DeathBook","GuppysTail","Entrench","GuppysHairball","testmod-Brilliant","Divine Protection","Dexterity Potion","War Paint","testmod-Antiphasic"],"campfire_rested":0,"item_purchase_floors":[2,2,3,10,10,12,12,17,17,20,20,21,21,21,29,29,29,34,34,34,34,37,37,37,46,46],"current_hp_per_floor":[9,1,1,1,10,19,28,28,28,28,37,37,46,55,55,78,231,238,238,238,238,253,270,292,305,305,291,308,308,355,339,339,378,574,587,600,600,417,441,441,461,478,478,494,511,511,530,551,551,484,1049,1049,1049,1067,1104],"gold":223,"neow_bonus":"THREE_ENEMY_KILL","is_daily":false,"chose_seed":false,"campfire_upgraded":3,"win_rate":0.0,"timestamp":1614312089,"path_taken":["M","?","$","?","M","E","M","R","T","R","M","$","M","E","R","BOSS","M","?","?","$","M","E","M","E","T","?","M","$","?","?","R","BOSS","BOSS","M","M","$","?","M","R","E","?","T","M","M","$","E","M","R","BOSS","R","$","E","BOSS"],"items_purchased_type":["Card","Relic","Relic","Relic","Potion","Relic","Card","Relic","Relic","Relic","Relic","Relic","Relic","Card","Relic","Potion","Card","Relic","Relic","Card","Relic","Relic","Relic","Potion","Relic","Relic"],"build_version":"2020-12-22","purchased_purges":9,"victory":true,"max_hp_per_floor":[85,85,85,85,86,87,88,88,88,180,181,236,237,238,238,249,231,238,238,275,412,419,430,443,454,454,455,464,549,578,578,578,606,574,587,600,755,760,777,777,790,851,851,860,871,967,980,995,1039,1049,1049,1049,1087,1098,1104],"card_choices":[{"not_picked":["ReplayReversal","Dark Embrace"],"picked":"Inflame+1","floor":1.0},{"not_picked":["Metallicize","Run Through"],"picked":"Heavy Blade+1","floor":5.0},{"not_picked":["Pummel","Twin Strike","Ghostly Armor+1"],"picked":"SKIP","floor":6.0},{"not_picked":["Clothesline+1","Ghostly Armor","Heavy Blade"],"picked":"SKIP","floor":6.0},{"not_picked":["Sword Boomerang","Infernal Blade","Uppercut"],"picked":"SKIP","floor":7.0},{"not_picked":["Iron Wave","Dark Embrace+1","Evolve+1"],"picked":"SKIP","floor":11.0},{"not_picked":["Anger","Bloodletting","Replay:Undeath\u0027s Touch"],"picked":"SKIP","floor":13.0},{"not_picked":["Perfected Strike","Inflame+1"],"picked":"Cleave","floor":14.0},{"not_picked":["Bomb","Dropkick"],"picked":"Thunderclap","floor":14.0},{"not_picked":["Burning Pact","Clothesline+1","Pommel Strike"],"picked":"SKIP","floor":18.0},{"not_picked":["Warcry","Ghostly Armor","ReplayTheSpireMod:Limb From Limb"],"picked":"SKIP","floor":22.0},{"not_picked":["Blood for Blood+1","Pommel Strike","Armaments+1"],"picked":"SKIP","floor":23.0},{"not_picked":["Iron Wave+1","Rampage+1","Replay:Undeath\u0027s Touch"],"picked":"SKIP","floor":24.0},{"not_picked":["ReplayTheSpireMod:Stacked","Disarm+1","Exhume"],"picked":"SKIP","floor":25.0},{"not_picked":["Perfected Strike+1","Pommel Strike"],"picked":"Cleave","floor":28.0},{"not_picked":["ReplayReversal+1","Sword Boomerang","Replay:Undeath\u0027s Touch+1"],"picked":"Singing Bowl","floor":30.0},{"not_picked":["Reaper","Offering","Exhume"],"picked":"Berserk+1","floor":33},{"not_picked":["Havoc","Dual Wield+1","Heavy Blade"],"picked":"Metallicize+1","floor":35},{"not_picked":["True Grit+1","Clothesline+1","Havoc"],"picked":"Shrug It Off+1","floor":36},{"not_picked":["Replay:Undeath\u0027s Touch","ReplayReversal","Iron Wave","Clothesline"],"picked":"Singing Bowl","floor":38},{"not_picked":["Shockwave+1","Perfected Strike+1","Defy Death+1","Second Wind+1"],"picked":"Singing Bowl","floor":38},{"not_picked":["Life Link+1","Clash+1","Cleave","Heavy Blade+1"],"picked":"Singing Bowl","floor":39},{"not_picked":["Pummel+1","Spot Weakness","Feel No Pain+1","Carnage+1"],"picked":"Singing Bowl","floor":41},{"not_picked":["Defy Death+1","Thunderclap","ReplayTheSpireMod:Strike From Hell","Clothesline"],"picked":"Singing Bowl","floor":42},{"not_picked":["Twin Strike","ReplayTheSpireMod:Strike From Hell","Defy Death","Sever Soul+1"],"picked":"Singing Bowl","floor":44},{"not_picked":["Thunderclap+1","Evolve+1","Flex+1","Bloodletting"],"picked":"Singing Bowl","floor":45},{"not_picked":["Cleave+1","Defy Death+1","ReplayTheSpireMod:Corrosion Curse","Dual Wield+1"],"picked":"Singing Bowl","floor":47},{"not_picked":["Shrug It Off+1","Headbutt","Sword Boomerang","Disarm+1"],"picked":"Singing Bowl","floor":48},{"not_picked":["Twin Strike+1","Headbutt","Sever Soul+1"],"picked":"Limit Break","floor":54}],"player_experience":1261556,"relics_obtained":[{"floor":9.0,"key":"Frozen Egg 2"},{"floor":14.0,"key":"PokeGo"},{"floor":16.0,"key":"Durian"},{"floor":18.0,"key":"MaYiHuaBei"},{"floor":23.0,"key":"Pen Nib"},{"floor":25.0,"key":"Gambling Chip"},{"floor":26.0,"key":"Champion Belt"},{"floor":26.0,"key":"SatanicBible"},{"floor":30.0,"key":"testmod-TurbochargingSystem"},{"floor":30.0,"key":"Question Card"},{"floor":33,"key":"conspire:SpecialSausage"},{"floor":38,"key":"JudasShadow"},{"floor":41,"key":"testmod-Prudence"},{"floor":43,"key":"Pantograph"},{"floor":47,"key":"Counterbalance"},{"floor":54,"key":"Gremlin Food"}],"event_choices":[{"damage_healed":0.0,"max_hp_gain":0.0,"max_hp_loss":0.0,"gold_gain":0.0,"event_name":"给自己的盒子","player_choice":"Ignored","floor":19.0,"gold_loss":0.0,"damage_taken":0.0},{"damage_healed":0.0,"max_hp_gain":0.0,"max_hp_loss":0.0,"gold_gain":0.0,"event_name":"Colosseum","player_choice":"Fight","floor":30.0,"gold_loss":0.0,"damage_taken":0.0},{"damage_healed":0.0,"max_hp_gain":0.0,"max_hp_loss":0.0,"gold_gain":0.0,"event_name":"Colosseum","player_choice":"Fought Nobs","floor":30.0,"gold_loss":0.0,"damage_taken":0.0},{"damage_healed":0.0,"max_hp_gain":0.0,"max_hp_loss":0.0,"gold_gain":0.0,"event_name":"Cursed Tome","player_choice":"Obtained Book","floor":31.0,"gold_loss":0.0,"damage_taken":16.0}],"is_beta":false,"boss_relics":[{"not_picked":["Ectoplasm","Replay:Ancient Bell"],"picked":"MagicMushroom"},{"not_picked":[]},{"not_picked":["Replay:Arrowhead","MealTicket"],"picked":"DeathBook"},{"not_picked":[]}],"items_purged_floors":[2,3,10,17,20,21,37,46,49],"is_endless":false,"potions_floor_spawned":[1,7,11,14,18,24,30,30,33,35,39,44,45,54],"ascension_level":0}}