{"host":"8hlq24ta5nit70vz","time":1614347167,"event":{"mods":["Act Like it!","Arknights","BaseMod","Better Skull","Better Third Choice","Friendly Minions","Highlight Path","Minty Spire (QoL Compilation)","Relic Stats","Reliquary","Replay The Spire","Ruina","Shop Mod","Spicy Shops","Spire Arcade","StSLib"],"gold_per_floor":[119,129,129,146,146,178,22,22,102,117,117,129,143,156,156,156,156],"floor_reached":16,"language":"ENG","playtime":2269,"items_purged":[],"score":104,"play_id":"a2efdcd7-9bc2-486a-a293-4fbb8babc8b9","local_time":"20210226144607","is_ascension_mode":false,"campfire_choices":[{"floor":11,"key":"REST"},{"data":"Decay","floor":15,"key":"PURGE"}],"circlet_count":0,"master_deck":["ats:Strike C","ats:Strike G","ats:Strike S","ats:Strike V+1","ats:Armor Crushing Shot","ats:Defend","ats:Defend","ats:Defend","ats:Emotion Absorption","ats:Ignite","ats:Closed Bolt Burst Fire+1","ats:True Silver Slash+1","Backstab+1","Life Link","ats:Absolute Focus","Warcry","Battle Trance"],"relics":["ats:Sanity","NeowsBlessing","PrismaticShard","ats:Originium","Gremlin Food","Guide Book","Snack Pack"],"acts_visited":["Exordium"],"potions_floor_usage":[6,16],"damage_taken":[{"damage":0,"enemies":"2 Louse","floor":1,"turns":1},{"damage":0,"enemies":"Cultist","floor":2,"turns":1},{"damage":0,"enemies":"Small Slimes","floor":4,"turns":1},{"damage":28,"enemies":"3 Sentries","floor":6,"turns":7},{"damage":17,"enemies":"Exordium Wildlife","floor":10,"turns":4},{"damage":0,"enemies":"Looter","floor":12,"turns":1},{"damage":7,"enemies":"3 Louse","floor":13,"turns":2},{"damage":0,"enemies":"2 Fungi Beasts","floor":14,"turns":2},{"damage":38,"enemies":"Hexaghost","floor":16,"turns":6}],"seed_played":"5813229735203317612","potions_obtained":[{"floor":1,"key":"BlessingOfTheForge"},{"floor":2,"key":"Flashbang"},{"floor":4,"key":"LiquidMemories"},{"floor":13,"key":"LiquidBronze"},{"floor":14,"key":"ats:Top Emergency Sanity Potion"}],"is_trial":false,"path_per_floor":["M","M","?","M","?","E","$","?","T","M","R","M","M","M","R","B"],"character_chosen":"DOCTOR_CLASS","items_purchased":["Guide Book"],"campfire_rested":1,"item_purchase_floors":[7],"current_hp_per_floor":[72,72,72,72,72,44,44,44,44,29,50,52,45,47,47,15,15],"gold":156,"neow_bonus":"THREE_ENEMY_KILL","is_daily":false,"chose_seed":false,"campfire_upgraded":0,"win_rate":0.0,"timestamp":1614347167,"path_taken":["M","M","?","?","?","E","$","?","T","M","R","M","M","M","R","BOSS"],"items_purchased_type":["Relic"],"build_version":"2020-12-22","purchased_purges":0,"victory":false,"max_hp_per_floor":[72,72,72,72,72,72,72,72,72,72,72,72,72,72,72,72,72],"relic_stats":{"counters":[9,25],"obtain_stats":[{"Gremlin Food":6,"NeowsBlessing":0,"ats:Originium":6,"Guide Book":7,"Snack Pack":9,"ats:Sanity":0,"PrismaticShard":5},{"Gremlin Food":4,"NeowsBlessing":0,"ats:Originium":4,"Guide Book":4,"Snack Pack":4,"ats:Sanity":0,"PrismaticShard":3},{"Gremlin Food":10,"NeowsBlessing":0,"ats:Originium":10,"Guide Book":10,"Snack Pack":10,"ats:Sanity":0,"PrismaticShard":3}]},"card_choices":[{"not_picked":["ats:Healing Drone","ats:Cat Scratch"],"picked":"ats:Ignite","floor":1},{"not_picked":["ats:Healing Drone","ats:Beaten Up"],"picked":"ats:Closed Bolt Burst Fire","floor":2},{"not_picked":["ats:Blood Oath","ats:Powerful Strike"],"picked":"ats:True Silver Slash","floor":4},{"not_picked":["ReachHeaven","ThirdEye"],"picked":"Backstab","floor":6},{"not_picked":["Replay:ManipulateFuture","Havoc"],"picked":"Life Link","floor":10},{"not_picked":["ats:Chain Hook","Evaluate"],"picked":"ats:Absolute Focus","floor":12},{"not_picked":["Pray","Hidden Blade"],"picked":"Warcry","floor":13},{"not_picked":["Quick Slash","Ball Lightning"],"picked":"Battle Trance","floor":14}],"player_experience":276200,"relics_obtained":[{"floor":6,"key":"ats:Originium"},{"floor":6,"key":"Gremlin Food"},{"floor":9,"key":"Snack Pack"}],"event_choices":[{"cards_removed":["ats:Defend"],"damage_healed":0,"gold_gain":0,"player_choice":"Purged","damage_taken":0,"max_hp_gain":0,"max_hp_loss":0,"event_name":"Purifier","floor":3,"gold_loss":0},{"damage_healed":0,"gold_gain":0,"player_choice":"Grow","damage_taken":0,"max_hp_gain":0,"max_hp_loss":0,"event_name":"Living Wall","floor":8,"gold_loss":0,"cards_upgraded":["ats:Closed Bolt Burst Fire"]}],"is_beta":false,"boss_relics":[],"items_purged_floors":[],"is_endless":false,"potions_floor_spawned":[1,2,4,13,14],"killed_by":"Hexaghost","ascension_level":0}}