{"host":"ut3q8wc68upnfjmc","time":1614382703,"event":{"mods":["BaseMod","Colored Map","Colored Powertips","Downfall","Minty Spire (QoL Compilation)","StSLib","Unceasing Turn Reminder"],"gold_per_floor":[113,127,127,127,127,160,14,52,105,136,156,156,170,10,10,131,131,145,145,145,165,24,24,57,57,80,80,100,100,15,39,39,160,160,174,18,18,33,48,84,84,127,127,154,217,217,231,249,249,249,249,249,12,48,48,48],"floor_reached":55,"language":"ENG","playtime":2798,"items_purged":["Strike_R"],"score":874,"play_id":"979f0483-0e43-4461-b1ab-c67f7ca65981","local_time":"20210226173823","is_ascension_mode":true,"campfire_choices":[{"data":"Havoc","floor":12,"key":"SMITH"},{"data":"Demon Form","floor":15,"key":"SMITH"},{"data":"Entrench","floor":23,"key":"SMITH"},{"data":"Flame Barrier","floor":25,"key":"SMITH"},{"data":"Barricade","floor":27,"key":"SMITH"},{"data":"Infernal Blade","floor":29,"key":"SMITH"},{"floor":32,"key":"REST"},{"floor":41,"key":"REST"},{"floor":46,"key":"REST"},{"floor":49,"key":"RECALL"},{"floor":52,"key":"REST"}],"circlet_count":0,"master_deck":["Strike_R","Strike_R","Strike_R","Defend_R","Defend_R","Defend_R","Bash","Pommel Strike","Inflame","Feed","Demon Form+1","Barricade+1","Havoc+1","Infernal Blade+1","Wild Strike+1","Body Slam+1","Limit Break","Fire Breathing+1","Entrench+1","Carnage+1","Heavy Blade+1","Flame Barrier+1","Clothesline+1","Headbutt+1","Blood for Blood+1","Bludgeon+1","Heavy Blade+1","Disarm+1","Inflame+1","Heavy Blade+1","Exhume","Pommel Strike+1","Intimidate+1","Fire Breathing+1","Dual Wield+1","Armaments+1","Thinking Ahead","Inflame+1"],"relics":["Burning Blood","NeowsBlessing","Golden Idol","Tiny Chest","Bronze Scales","Molten Egg 2","Vajra","Dream Catcher","Membership Card","Velvet Choker","Omamori","Bag of Preparation","Juzu Bracelet","Fusion Hammer","Shuriken","Frozen Egg 2","Champion Belt","Regal Pillow","Magic Flower","Orichalcum","FossilizedHelix","Charon\u0027s Ashes","Red Skull"],"acts_visited":["Exordium","TheCity","TheBeyond","TheEnding"],"potions_floor_usage":[10,18,21,28,33,45,50],"damage_taken":[{"damage":0,"enemies":"2 Louse","floor":1,"turns":1},{"damage":0,"enemies":"Small Slimes","floor":2,"turns":1},{"damage":0,"enemies":"Lagavulin","floor":6,"turns":1},{"damage":36,"enemies":"3 Sentries","floor":8,"turns":7},{"damage":18,"enemies":"Lagavulin","floor":10,"turns":5},{"damage":8,"enemies":"Jaw Worm","floor":11,"turns":4},{"damage":9,"enemies":"2 Fungi Beasts","floor":13,"turns":3},{"damage":24,"enemies":"Slime Boss","floor":16,"turns":8},{"damage":3,"enemies":"Spheric Guardian","floor":18,"turns":3},{"damage":15,"enemies":"2 Thieves","floor":21,"turns":3},{"damage":30,"enemies":"Book of Stabbing","floor":24,"turns":3},{"damage":12,"enemies":"Snake Plant","floor":28,"turns":2},{"damage":18,"enemies":"Centurion and Healer","floor":31,"turns":3},{"damage":33,"enemies":"Collector","floor":33,"turns":7},{"damage":41,"enemies":"3 Darklings","floor":35,"turns":5},{"damage":17,"enemies":"3 Shapes","floor":38,"turns":3},{"damage":5,"enemies":"Sphere and 2 Shapes","floor":39,"turns":3},{"damage":9,"enemies":"Giant Head","floor":40,"turns":5},{"damage":12,"enemies":"Nemesis","floor":42,"turns":3},{"damage":32,"enemies":"Mind Bloom Boss Battle","floor":45,"turns":4},{"damage":0,"enemies":"Maw","floor":47,"turns":6},{"damage":26,"enemies":"4 Shapes","floor":48,"turns":5},{"damage":111,"enemies":"Awakened One","floor":50,"turns":10},{"damage":63,"enemies":"Shield and Spear","floor":54,"turns":5},{"damage":68,"enemies":"The Heart","floor":55,"turns":3}],"seed_played":"6967670023588965496","potions_obtained":[{"floor":2,"key":"SteroidPotion"},{"floor":13,"key":"Dexterity Potion"},{"floor":16,"key":"FearPotion"},{"floor":24,"key":"Energy Potion"},{"floor":31,"key":"Ancient Potion"},{"floor":33,"key":"ElixirPotion"},{"floor":35,"key":"Ancient Potion"},{"floor":39,"key":"LiquidBronze"},{"floor":47,"key":"BloodPotion"},{"floor":54,"key":"ElixirPotion"}],"is_trial":false,"path_per_floor":["M","M","?","?","?","E","$","E","T","E","M","R","M","$","R","B",null,"M","?","?","M","$","R","E","R","T","R","M","R","?","M","R","B",null,"M","$","T","M","M","E","R","E","T","T","?","R","M","M","R","B",null,"R","$","E","B"],"character_chosen":"IRONCLAD","items_purchased":["Bronze Scales","Membership Card","Body Slam+1","Omamori","Heavy Blade+1","Shuriken","Heavy Blade+1","Charon\u0027s Ashes","Thinking Ahead"],"campfire_rested":4,"item_purchase_floors":[7,14,14,22,22,36,36,53,53],"current_hp_per_floor":[80,80,80,73,73,82,82,55,55,43,44,44,41,41,41,26,92,92,92,92,86,86,86,62,62,62,62,56,56,56,44,72,48,98,63,63,63,55,56,53,83,77,77,77,59,104,104,90,90,26,110,110,110,56,0,0],"gold":48,"neow_bonus":"THREE_ENEMY_KILL","is_daily":false,"chose_seed":false,"campfire_upgraded":6,"win_rate":0.0,"timestamp":1614382703,"path_taken":["M","M","?","?","?","E","$","E","T","E","M","R","M","$","R","BOSS","M","?","?","M","$","R","E","R","T","R","M","R","?","M","R","BOSS","M","$","?","M","M","E","R","E","T","?","?","R","M","M","R","BOSS","R","$","E","BOSS"],"items_purchased_type":["Relic","Relic","Card","Relic","Card","Relic","Card","Relic","Card"],"build_version":"2020-12-22","purchased_purges":1,"victory":false,"max_hp_per_floor":[80,80,80,80,80,83,83,86,86,86,89,89,89,89,89,92,92,92,92,92,95,95,95,95,95,95,95,95,95,95,95,95,98,98,98,98,98,101,101,101,101,101,101,101,104,104,104,107,107,110,110,110,110,110,110,110],"card_choices":[{"not_picked":["Flex","Dark Embrace"],"picked":"Pommel Strike","floor":1},{"not_picked":["Twin Strike","Shrug It Off"],"picked":"Inflame","floor":2},{"not_picked":["Twin Strike","Anger"],"picked":"Demon Form","floor":6},{"not_picked":["Metallicize","Flex"],"picked":"Barricade","floor":8},{"not_picked":["Infernal Blade","Shrug It Off"],"picked":"Havoc","floor":10},{"not_picked":["Disarm","Flex"],"picked":"Infernal Blade","floor":11},{"not_picked":["Perfected Strike+1","Sever Soul+1"],"picked":"Wild Strike+1","floor":13},{"not_picked":["Double Tap","Offering"],"picked":"Limit Break","floor":16},{"not_picked":["Hemokinesis+1","Power Through+1"],"picked":"Fire Breathing+1","floor":18},{"not_picked":["Thunderclap+1","Havoc"],"picked":"Carnage+1","floor":21},{"not_picked":["Anger+1","Juggernaut"],"picked":"Flame Barrier","floor":24},{"not_picked":["Flex+1","Anger+1"],"picked":"Clothesline+1","floor":28},{"not_picked":["Warcry","Perfected Strike+1"],"picked":"Headbutt+1","floor":31},{"not_picked":["Iron Wave+1","Juggernaut"],"picked":"Blood for Blood+1","floor":32},{"not_picked":["Juggernaut","Berserk"],"picked":"Bludgeon+1","floor":33},{"not_picked":["Iron Wave+1","Armaments","Clothesline+1"],"picked":"SKIP","floor":35},{"not_picked":["Second Wind+1","Sword Boomerang+1"],"picked":"Disarm+1","floor":38},{"not_picked":["True Grit+1","Clothesline+1"],"picked":"Inflame+1","floor":39},{"not_picked":["Rampage+1","Heavy Blade+1","Rupture+1"],"picked":"SKIP","floor":40},{"not_picked":["Clash+1","Rampage+1"],"picked":"Heavy Blade+1","floor":41},{"not_picked":["Pommel Strike+1","Pummel+1"],"picked":"Exhume","floor":42},{"not_picked":["Clothesline+1","True Grit"],"picked":"Pommel Strike+1","floor":45},{"not_picked":["Cleave+1","Rupture+1"],"picked":"Intimidate+1","floor":46},{"not_picked":["Twin Strike+1","Warcry+1"],"picked":"Fire Breathing+1","floor":47},{"not_picked":["Spot Weakness+1","Pommel Strike+1"],"picked":"Dual Wield+1","floor":48},{"not_picked":["Iron Wave+1","Headbutt+1"],"picked":"Armaments+1","floor":52},{"not_picked":["Twin Strike+1","Pommel Strike+1"],"picked":"Inflame+1","floor":54}],"player_experience":78097,"relics_obtained":[{"floor":6,"key":"Tiny Chest"},{"floor":8,"key":"Molten Egg 2"},{"floor":9,"key":"Vajra"},{"floor":10,"key":"Dream Catcher"},{"floor":24,"key":"Bag of Preparation"},{"floor":37,"key":"Frozen Egg 2"},{"floor":40,"key":"Champion Belt"},{"floor":42,"key":"Regal Pillow"},{"floor":43,"key":"Magic Flower"},{"floor":44,"key":"Orichalcum"},{"floor":45,"key":"FossilizedHelix"},{"floor":54,"key":"Red Skull"}],"event_choices":[{"damage_healed":0,"gold_gain":0,"player_choice":"Take Wound","damage_taken":0,"relics_obtained":["Golden Idol"],"max_hp_gain":0,"max_hp_loss":0,"event_name":"Golden Idol","floor":3,"gold_loss":0,"cards_obtained":["Injury"]},{"cards_removed":["Injury"],"damage_healed":0,"gold_gain":0,"player_choice":"Card Removal","damage_taken":7,"max_hp_gain":0,"max_hp_loss":0,"event_name":"Golden Wing","floor":4,"gold_loss":0},{"damage_healed":0,"gold_gain":0,"cards_transformed":["Defend_R"],"player_choice":"Change","damage_taken":0,"max_hp_gain":0,"max_hp_loss":0,"event_name":"Living Wall","floor":5,"gold_loss":0,"cards_obtained":["Feed"]},{"damage_healed":0,"gold_gain":0,"player_choice":"Read","damage_taken":0,"max_hp_gain":0,"max_hp_loss":0,"event_name":"The Library","floor":19,"gold_loss":0,"cards_obtained":["Entrench"]},{"cards_removed":["Strike_R"],"damage_healed":0,"gold_gain":0,"player_choice":"Elegance","damage_taken":0,"max_hp_gain":0,"max_hp_loss":0,"event_name":"Back to Basics","floor":20,"gold_loss":0},{"damage_healed":0,"gold_gain":0,"player_choice":"Obtained Relic","damage_taken":0,"relics_obtained":["Juzu Bracelet"],"max_hp_gain":0,"max_hp_loss":0,"event_name":"Addict","floor":30,"gold_loss":85},{"damage_healed":0,"gold_gain":0,"player_choice":"Fight","damage_taken":0,"max_hp_gain":0,"max_hp_loss":0,"event_name":"MindBloom","floor":45,"gold_loss":0}],"is_beta":false,"boss_relics":[{"not_picked":["Empty Cage","SacredBark"],"picked":"Velvet Choker"},{"not_picked":["Philosopher\u0027s Stone","Runic Dome"],"picked":"Fusion Hammer"}],"items_purged_floors":[22],"is_endless":false,"potions_floor_spawned":[2,13,16,24,31,33,35,39,47,54],"killed_by":"The Heart","ascension_level":1}}