{"host":"0t7ytk9pge2ncgeb","time":1614352419,"event":{"mods":["2.2 Compatiblity","Act Like it!","Aspiration","BaseMod","Beaked The Cultist","BetterRewards","Conspire","Googly Eyes","Hubris","Minty Spire (QoL Compilation)","Relic Stats","Reliquary","Ruina","Shop Mod","Spicy Shops","StSLib","slay the spire mod where everything is the same but ironclad has a cowboy hat"],"gold_per_floor":[118,193,212,231,83,83,109,109,109,121,121,141,141,167,167,264,264,280,280,148,164,179,179,194,212,212,212,212,231,231,48,48,48,48],"floor_reached":33,"language":"ENG","playtime":1937,"items_purged":[],"score":357,"play_id":"c1dd4444-2dc3-43cd-88c8-38a522f5284a","local_time":"20210226101339","is_ascension_mode":false,"campfire_choices":[{"data":"Cloak And Dagger","floor":6.0,"key":"SMITH"},{"floor":11,"key":"REST"},{"floor":13,"key":"REST"},{"floor":15,"key":"REST"},{"floor":23,"key":"REST"},{"floor":27,"key":"REST"},{"floor":30,"key":"REST"},{"data":"Cloak And Dagger","floor":32,"key":"SMITH"}],"circlet_count":0,"master_deck":["Strike_G+1","Strike_G+1","Strike_G+1","Strike_G+1","Strike_G+1","Defend_G+1","Defend_G+1","Defend_G+1","Defend_G+1","Defend_G+1","Survivor","Neutralize","Cloak And Dagger+1","PiercingWail+1","Predator","Infinite Blades","Escape Plan","Dramatic Entrance","conspire:DoublingDagger","hubris:Sniper","Corpse Explosion","Distraction","Cloak And Dagger+1","Acrobatics","Infinite Blades","Backstab+1","Footwork+1"],"relics":["Ring of the Snake","Vajra","War Paint","Black Star","MerchantsRug","Frozen Egg 2","hubris:Icosahedron","Nunchaku"],"acts_visited":["Exordium","TheCity"],"potions_floor_usage":[16,33,33],"damage_taken":[{"damage":0.0,"enemies":"Small Slimes","floor":1.0,"turns":3.0},{"damage":4.0,"enemies":"conspire:RoseBush","floor":3.0,"turns":5.0},{"damage":1.0,"enemies":"Cultist","floor":4.0,"turns":5.0},{"damage":24.0,"enemies":"Lagavulin","floor":7.0,"turns":7.0},{"damage":0,"enemies":"2 Fungi Beasts","floor":10,"turns":2},{"damage":2,"enemies":"Blue Slaver","floor":12,"turns":3},{"damage":28,"enemies":"3 Sentries","floor":14,"turns":5},{"damage":52,"enemies":"The Guardian","floor":16,"turns":15},{"damage":16,"enemies":"3 Byrds","floor":18,"turns":3},{"damage":14,"enemies":"2 Thieves","floor":21,"turns":3},{"damage":20,"enemies":"Sentry and Sphere","floor":22,"turns":4},{"damage":29,"enemies":"Snake Plant","floor":24,"turns":7},{"damage":16,"enemies":"Shelled Parasite and Fungi","floor":25,"turns":7},{"damage":2,"enemies":"3 Cultists","floor":29,"turns":3},{"damage":59,"enemies":"Automaton","floor":33,"turns":6}],"seed_played":"-4983769935230947376","potions_obtained":[{"floor":7.0,"key":"Swift Potion"},{"floor":10,"key":"Weak Potion"},{"floor":16,"key":"Poison Potion"},{"floor":22,"key":"FearPotion"},{"floor":24,"key":"Energy Potion"}],"is_trial":false,"path_per_floor":["M","?","M","M","$","R","E","?","T","M","R","M","R","E","R","B",null,"M","?","$","M","M","R","M","M","T","R","?","M","R","$","R","B"],"character_chosen":"THE_SILENT","items_purchased":["Vajra","MerchantsRug","Footwork+1","Nunchaku"],"campfire_rested":6,"item_purchase_floors":[5,20,31,31],"current_hp_per_floor":[70,59,55,54,54,54,30,30,30,30,51,49,70,52,76,24,80,64,64,64,50,30,54,25,9,9,33,33,31,55,55,55,0,0],"gold":48,"neow_bonus":"RANDOM_COLORLESS","is_daily":false,"chose_seed":false,"campfire_upgraded":2,"win_rate":0.0,"timestamp":1614352419,"path_taken":["M","?","M","M","$","R","E","?","T","?","R","M","R","E","R","BOSS","M","?","$","M","M","R","M","M","T","R","?","M","R","$","R","BOSS"],"items_purchased_type":["Relic","Relic","Card","Relic"],"build_version":"2020-12-22","purchased_purges":0,"victory":false,"max_hp_per_floor":[70,70,70,70,70,70,70,70,70,70,70,70,70,80,80,80,80,80,80,80,80,80,80,80,80,80,80,80,80,80,80,80,80,80],"relic_stats":{"Nunchaku":[2],"counters":[15,78],"Black Star":0,"War Paint":["Defend_G","PiercingWail"],"obtain_stats":[{"MerchantsRug":20,"Nunchaku":31,"Pear":14,"hubris:Icosahedron":28,"Vajra":5,"Black Star":17,"War Paint":7,"Frozen Egg 2":26,"Ring of the Snake":0},{"MerchantsRug":9,"Nunchaku":14,"Pear":7,"hubris:Icosahedron":13,"Vajra":3,"Black Star":8,"War Paint":4,"Frozen Egg 2":13,"Ring of the Snake":0},{"MerchantsRug":48,"Nunchaku":72,"Pear":30,"hubris:Icosahedron":69,"Vajra":13,"Black Star":45,"War Paint":20,"Frozen Egg 2":69,"Ring of the Snake":0}],"Ring of the Snake":[30]},"card_choices":[{"not_picked":["PanicButton","Good Instincts"],"picked":"Jack Of All Trades","floor":0.0},{"not_picked":["Backflip","Bane"],"picked":"Cloak And Dagger","floor":1.0},{"not_picked":["Prepared","Outmaneuver"],"picked":"PiercingWail","floor":3.0},{"not_picked":["Acrobatics","Dagger Spray"],"picked":"Predator","floor":4.0},{"not_picked":["Calculated Gamble","Prepared"],"picked":"Infinite Blades","floor":7.0},{"not_picked":["Cloak And Dagger","Setup"],"picked":"conspire:DoublingDagger","floor":10},{"not_picked":["Slice","Dagger Throw","Poisoned Stab"],"picked":"SKIP","floor":12},{"not_picked":["Masterful Stab","Deadly Poison"],"picked":"hubris:Sniper","floor":14},{"not_picked":["Unload","Tools of the Trade"],"picked":"Corpse Explosion","floor":16},{"not_picked":["Backflip","Slice","Masterful Stab"],"picked":"SKIP","floor":18},{"not_picked":["Deadly Poison","Outmaneuver+1"],"picked":"Distraction","floor":21},{"not_picked":["Skewer","hubris:SlightOfHand"],"picked":"Cloak And Dagger","floor":22},{"not_picked":["hubris:SlightOfHand","Bane"],"picked":"Acrobatics","floor":24},{"not_picked":["Blade Dance","Bane"],"picked":"Infinite Blades","floor":25},{"not_picked":["Calculated Gamble+1","Expertise"],"picked":"Backstab+1","floor":29}],"player_experience":291137,"relics_obtained":[{"floor":7.0,"key":"War Paint"},{"floor":14,"key":"Pear"},{"floor":26,"key":"Frozen Egg 2"}],"event_choices":[{"damage_healed":0.0,"max_hp_gain":0.0,"max_hp_loss":0.0,"gold_gain":75.0,"event_name":"World of Goop","player_choice":"Gather Gold","floor":2.0,"gold_loss":0.0,"damage_taken":11.0},{"damage_healed":0.0,"max_hp_gain":0.0,"max_hp_loss":0.0,"gold_gain":0.0,"event_name":"Match and Keep!","player_choice":"2 cards matched","floor":8.0,"gold_loss":0.0,"damage_taken":0.0,"cards_obtained":["Escape Plan","Dramatic Entrance"]},{"damage_healed":0,"gold_gain":0,"player_choice":"Simplicity","damage_taken":0,"max_hp_gain":0,"max_hp_loss":0,"event_name":"Back to Basics","floor":19,"gold_loss":0,"cards_upgraded":["Strike_G","Strike_G","Strike_G","Strike_G","Strike_G","Defend_G","Defend_G","Defend_G","Defend_G"]}],"is_beta":false,"boss_relics":[{"not_picked":["hubris:GrandSneckoEye","aspiration:IroncladSkillbook"],"picked":"Black Star"}],"items_purged_floors":[],"is_endless":false,"potions_floor_spawned":[7,10,16,22,24],"killed_by":"Automaton","ascension_level":0}}