{"host":"jt67skv49snb75sm","time":1614366573,"event":{"mods":["BaseMod","Bestiary","Minty Spire (QoL Compilation)","Relic Stats"],"gold_per_floor":[116,134,134,134,150,181,193,204,275,288,321,321,340,372,384,396,396],"floor_reached":16,"language":"ENG","playtime":892,"items_purged":[],"score":248,"play_id":"49ee531e-4625-4145-98c7-0c347d8cdc37","local_time":"20210226200933","is_ascension_mode":true,"campfire_choices":[{"data":"Armaments","floor":15,"key":"SMITH"}],"circlet_count":0,"master_deck":["AscendersBane","Strike_R","Strike_R","Strike_R","Strike_R+1","Defend_R","Defend_R","Defend_R","Defend_R","Bash+1","Power Through","Uppercut+1","Shrug It Off","Offering","Flame Barrier","Pommel Strike","True Grit","Ghostly Armor","Armaments+1"],"relics":["Burning Blood","Toy Ornithopter","InkBottle","Unceasing Top","MawBank"],"acts_visited":["Exordium"],"potions_floor_usage":[5,7,8,11,16],"damage_taken":[{"damage":2,"enemies":"Cultist","floor":1,"turns":4},{"damage":0,"enemies":"Small Slimes","floor":2,"turns":4},{"damage":11,"enemies":"Jaw Worm","floor":5,"turns":4},{"damage":20,"enemies":"Lagavulin","floor":6,"turns":8},{"damage":0,"enemies":"2 Fungi Beasts","floor":7,"turns":4},{"damage":16,"enemies":"Gremlin Gang","floor":8,"turns":7},{"damage":2,"enemies":"Looter","floor":10,"turns":4},{"damage":30,"enemies":"Gremlin Nob","floor":11,"turns":4},{"damage":6,"enemies":"Red Slaver","floor":13,"turns":5},{"damage":23,"enemies":"3 Sentries","floor":14,"turns":11},{"damage":7,"enemies":"The Guardian","floor":16,"turns":14}],"seed_played":"5045546398106767177","potions_obtained":[{"floor":1,"key":"Fruit Juice"},{"floor":2,"key":"Fire Potion"},{"floor":5,"key":"Block Potion"},{"floor":7,"key":"ColorlessPotion"},{"floor":14,"key":"DistilledChaos"}],"is_trial":false,"path_per_floor":["M","M","?","?","M","E","M","M","T","M","E","?","M","E","R","B"],"character_chosen":"IRONCLAD","items_purchased":[],"campfire_rested":0,"item_purchase_floors":[],"current_hp_per_floor":[72,75,80,56,56,42,53,48,48,52,33,33,33,16,16,14,14],"gold":396,"neow_bonus":"UPGRADE_CARD","is_daily":false,"chose_seed":false,"campfire_upgraded":1,"win_rate":0.0,"timestamp":1614366573,"path_taken":["M","M","?","?","M","E","M","M","T","?","E","?","?","E","R","BOSS"],"items_purchased_type":[],"build_version":"2020-12-22","purchased_purges":0,"victory":false,"max_hp_per_floor":[75,75,80,80,85,85,85,85,85,85,85,85,85,85,85,85,85],"relic_stats":{"counters":[11,69],"MawBank":24,"obtain_stats":[{"MawBank":14,"Burning Blood":0,"Toy Ornithopter":6,"InkBottle":9,"Unceasing Top":11},{"MawBank":10,"Burning Blood":0,"Toy Ornithopter":4,"InkBottle":6,"Unceasing Top":8},{"MawBank":55,"Burning Blood":0,"Toy Ornithopter":20,"InkBottle":31,"Unceasing Top":39}],"Burning Blood":57,"Toy Ornithopter":20,"InkBottle":[8],"Unceasing Top":[1]},"card_choices":[{"not_picked":["Seeing Red","Dual Wield"],"picked":"Power Through","floor":1},{"not_picked":["Sword Boomerang","Sever Soul"],"picked":"Uppercut","floor":2},{"not_picked":["True Grit","Wild Strike"],"picked":"Shrug It Off","floor":5},{"not_picked":["Sword Boomerang","Ghostly Armor"],"picked":"Offering","floor":6},{"not_picked":["Pommel Strike","Headbutt"],"picked":"Flame Barrier","floor":7},{"not_picked":["Flex","Shockwave"],"picked":"Pommel Strike","floor":8},{"not_picked":["Perfected Strike","Rupture"],"picked":"True Grit","floor":10},{"not_picked":["Warcry","Carnage","Clash"],"picked":"SKIP","floor":11},{"not_picked":["Seeing Red","Cleave"],"picked":"Ghostly Armor","floor":13},{"not_picked":["Combust","Headbutt"],"picked":"Armaments","floor":14}],"player_experience":925444,"relics_obtained":[{"floor":6,"key":"Toy Ornithopter"},{"floor":9,"key":"InkBottle"},{"floor":11,"key":"Unceasing Top"},{"floor":14,"key":"MawBank"}],"event_choices":[{"damage_healed":0,"gold_gain":0,"player_choice":"Donut","damage_taken":0,"max_hp_gain":5,"max_hp_loss":0,"event_name":"Big Fish","floor":3,"gold_loss":0},{"damage_healed":0,"gold_gain":0,"player_choice":"Entered Light","damage_taken":24,"max_hp_gain":0,"max_hp_loss":0,"event_name":"Shining Light","floor":4,"gold_loss":0,"cards_upgraded":["Strike_R","Uppercut"]},{"cards_removed":["Strike_R"],"damage_healed":0,"gold_gain":0,"player_choice":"Purged","damage_taken":0,"max_hp_gain":0,"max_hp_loss":0,"event_name":"Purifier","floor":12,"gold_loss":0}],"is_beta":false,"boss_relics":[],"items_purged_floors":[],"is_endless":false,"potions_floor_spawned":[1,2,5,7,14],"killed_by":"The Guardian","ascension_level":20}}