{"host":"mc5v85iuptizxtr7","time":1614343422,"event":{"mods":["2.2 Compatiblity","Aspiration","Bard","BaseMod","Bestiary","Colored Map","Colored Powertips","Conspire","Curses Come First","Downfall","Duelist Mod","Hermit","Highlight Path","Hubris","Infinite Spire","Jorbs\u0027s Wanderer Trilogy","LagranYue(???·?)","Mad Scientist","Marisa????????","Minty Spire (QoL Compilation)","Permanent Neow","Random Character Button","Relic Stats","Remilia??????","Replay The Spire","StSLib","The Bladedancer","The Bug Knight","The Cursed","The Disciple","The Druid","The Forsaken","The Hierophant","The IronCluck","The Jungle","The Mystic","The Necromancer","The Runesmith","The Servant 0.9.4","The Valiant","The Wild Card","TheBandit","Wandering Minibosses"],"gold_per_floor":[99,111,111,111,130,141,141,141,161,161,161,161,161,195,195,195,211,211,211,211],"floor_reached":18,"language":"DEU","playtime":1997,"items_purged":[],"score":110,"play_id":"79c651dd-f903-4146-ab62-2bb95dd75f7a","local_time":"20210226134342","is_ascension_mode":false,"campfire_choices":[{"data":"champ:Taunt","floor":1,"key":"SMITH"},{"data":"champ:PreciseThrust","floor":8,"key":"SMITH"},{"data":"Poisoned Stab","floor":15,"key":"SMITH"}],"circlet_count":0,"master_deck":["champ:Strike","champ:Strike+1","champ:Strike","champ:Strike","champ:Defend","champ:Defend","champ:Defend","champ:Defend","champ:Execute","champ:Taunt+1","champ:DefensiveShout+1","champ:PreciseThrust+1","champ:RisingSlash+1","downfall:Malfunctioning","Poisoned Stab+1","theWildCard:Odin","hexamod:ExtraCrispy"],"relics":["champ:ChampionCrown","LagranYue:RandomDrawCardRelic","Replay:Baseball","Pear","aspiration:FrozenJewel","aspiration:Nostalgia","m_HexaRing","hubris:EvacipatedBox","infinitespire:PuzzleCube"],"acts_visited":["Exordium"],"potions_floor_usage":[14,18,18],"damage_taken":[{"damage":15,"enemies":"2 Louse","floor":2,"turns":3},{"damage":11,"enemies":"Cultist","floor":5,"turns":4},{"damage":10,"enemies":"Small Slimes","floor":6,"turns":3},{"damage":13,"enemies":"2 Fungi Beasts","floor":9,"turns":3},{"damage":38,"enemies":"Gremlin Nob","floor":14,"turns":4},{"damage":0,"enemies":"downfall:LooterAlt","floor":17,"turns":2},{"damage":59,"enemies":"WA_ARCHETYPE_RETAIN","floor":18,"turns":7}],"seed_played":"4921009666218263874","potions_obtained":[{"floor":2,"key":"Fire Potion"},{"floor":6,"key":"Cursed Concoction"},{"floor":14,"key":"LiquidMemories"}],"is_trial":false,"path_per_floor":["R","M","?","?","M","M","T","R","M","$","?","PTL","PTL","E","R","?","M","B"],"character_chosen":"THE_CHAMP","items_purchased":["aspiration:Nostalgia","hubris:EvacipatedBox"],"campfire_rested":0,"item_purchase_floors":[10,10],"current_hp_per_floor":[90,85,95,100,99,99,99,99,96,67,67,67,67,44,44,44,44,0,0,0],"gold":211,"neow_bonus":"RANDOM_COMMON_RELIC","is_daily":false,"chose_seed":false,"campfire_upgraded":3,"win_rate":0.0,"timestamp":1614343422,"path_taken":["R","M","?","?","?","M","T","R","?","?","?","PTL","PTL","E","R","?","M","BOSS"],"items_purchased_type":["Relic","Relic"],"build_version":"2020-12-22","purchased_purges":0,"victory":false,"max_hp_per_floor":[90,90,100,100,100,100,100,100,100,100,100,100,100,100,100,100,100,100,100,100],"relic_stats":{"counters":[7,26],"obtain_stats":[{"Replay:Baseball":0,"Pear":3,"LagranYue:RandomDrawCardRelic":0,"aspiration:Nostalgia":10,"champ:ChampionCrown":0,"aspiration:FrozenJewel":7,"hubris:EvacipatedBox":10,"infinitespire:PuzzleCube":14,"m_HexaRing":10},{"Replay:Baseball":0,"Pear":1,"LagranYue:RandomDrawCardRelic":0,"aspiration:Nostalgia":4,"champ:ChampionCrown":0,"aspiration:FrozenJewel":3,"hubris:EvacipatedBox":4,"infinitespire:PuzzleCube":5,"m_HexaRing":4},{"Replay:Baseball":0,"Pear":3,"LagranYue:RandomDrawCardRelic":0,"aspiration:Nostalgia":13,"champ:ChampionCrown":0,"aspiration:FrozenJewel":10,"hubris:EvacipatedBox":13,"infinitespire:PuzzleCube":17,"m_HexaRing":13}]},"card_choices":[{"not_picked":["champ:PreciseThrust","champ:Haymaker"],"picked":"champ:FancyFootwork","floor":2},{"not_picked":["champ:EndlessRage","champ:StanceDance"],"picked":"champ:DefensiveShout","floor":5},{"not_picked":["champ:EndlessRage","champ:Backstep"],"picked":"champ:PreciseThrust","floor":6},{"not_picked":["champ:EnGarde","champ:FanOfKnives"],"picked":"champ:RisingSlash","floor":9},{"not_picked":["champ:Shatter","champ:DeathBlow"],"picked":"Poisoned Stab","floor":14},{"not_picked":["champ:Circumvent","champ:Duel"],"picked":"hexamod:ExtraCrispy","floor":17}],"player_experience":236188,"relics_obtained":[{"floor":3,"key":"Pear"},{"floor":7,"key":"aspiration:FrozenJewel"},{"floor":14,"key":"infinitespire:PuzzleCube"}],"event_choices":[{"cards_removed":["champ:FancyFootwork"],"damage_healed":5,"gold_gain":0,"player_choice":"Offered Uncommon","damage_taken":0,"max_hp_gain":0,"max_hp_loss":0,"event_name":"Bonfire Elementals","floor":4,"gold_loss":0}],"is_beta":false,"boss_relics":[],"items_purged_floors":[],"is_endless":false,"potions_floor_spawned":[2,6,14],"killed_by":"WA_ARCHETYPE_RETAIN","ascension_level":0}}