{"host":"5ffrjkuvgrxgllwx","time":1614321004,"event":{"mods":["AchievementEnabler","BaseMod","Colored Map","Colored Powertips","Minty Spire (QoL Compilation)","Quick Restart","Rare Cards Sparkle","StSLib","everything is the same but u backflip on backflip"],"gold_per_floor":[161,1,18,36,1,27,27,27,51,51,70,70,94,114,114,191,191,202,218,218,218,218,218],"floor_reached":22,"language":"ENG","playtime":529,"items_purged":[],"score":340,"play_id":"79e9976e-774a-400b-b66b-e679ad69c741","local_time":"20210226013004","is_ascension_mode":true,"campfire_choices":[{"floor":8,"key":"REST"},{"floor":10,"key":"REST"},{"data":"Eruption","floor":12,"key":"SMITH"},{"floor":15,"key":"REST"}],"circlet_count":0,"master_deck":["AscendersBane","Strike_P+1","Strike_P","Defend_P","Defend_P","Defend_P","Defend_P","Eruption+1","Vigilance","Swivel","PathToVictory","Pray","Conclude","Halt","Wallop","Ragnarok","Devotion","ThirdEye","ClearTheMind+1","Writhe"],"relics":["Tiny House","Bronze Scales","Orichalcum","Vajra","Boot","Odd Mushroom","Empty Cage","TeardropLocket"],"acts_visited":["Exordium","TheCity"],"potions_floor_usage":[16,19,22],"damage_taken":[{"damage":24,"enemies":"Jaw Worm","floor":1,"turns":2},{"damage":0,"enemies":"2 Louse","floor":3,"turns":2},{"damage":7,"enemies":"Small Slimes","floor":4,"turns":4},{"damage":20,"enemies":"Gremlin Nob","floor":6,"turns":4},{"damage":14,"enemies":"Blue Slaver","floor":11,"turns":3},{"damage":15,"enemies":"The Mushroom Lair","floor":13,"turns":3},{"damage":3,"enemies":"Exordium Wildlife","floor":14,"turns":3},{"damage":28,"enemies":"Hexaghost","floor":16,"turns":9},{"damage":20,"enemies":"3 Byrds","floor":18,"turns":3},{"damage":0,"enemies":"Chosen","floor":19,"turns":3},{"damage":38,"enemies":"Centurion and Healer","floor":22,"turns":5}],"seed_played":"8957993300897695422","potions_obtained":[{"floor":0,"key":"Regen Potion"},{"floor":1,"key":"Dexterity Potion"},{"floor":18,"key":"SteroidPotion"}],"is_trial":false,"path_per_floor":["M","$","M","M","?","E","?","R","T","R","M","R","?","M","R","B",null,"M","M","?","?","M"],"character_chosen":"WATCHER","items_purchased":["Bronze Scales"],"campfire_rested":3,"item_purchase_floors":[2],"current_hp_per_floor":[42,42,42,35,53,33,22,43,43,64,50,50,35,32,53,25,61,41,41,20,20,0,0],"gold":218,"neow_bonus":"BOSS_RELIC","is_daily":false,"chose_seed":false,"campfire_upgraded":1,"win_rate":0.0,"timestamp":1614321004,"path_taken":["M","$","M","M","?","E","?","R","T","R","?","R","?","M","R","BOSS","M","M","?","?","M"],"items_purchased_type":["Relic"],"build_version":"2020-12-22","purchased_purges":0,"victory":false,"max_hp_per_floor":[73,73,73,73,73,73,73,73,73,73,73,73,73,73,73,73,73,73,73,78,78,78,78],"card_choices":[{"not_picked":["Nirvana","Sanctity"],"picked":"Swivel","floor":0},{"not_picked":["WreathOfFlame","Swivel"],"picked":"PathToVictory","floor":1},{"not_picked":["ClearTheMind","InnerPeace"],"picked":"Pray","floor":3},{"not_picked":["MentalFortress","Halt"],"picked":"Conclude","floor":4},{"not_picked":["CrushJoints","EmptyBody","Wireheading"],"picked":"SKIP","floor":6},{"not_picked":["Protect","EmptyFist"],"picked":"Halt","floor":11},{"not_picked":["EmptyMind","FollowUp"],"picked":"Wallop","floor":13},{"not_picked":["EmptyBody","JustLucky"],"picked":"Ragnarok","floor":14},{"not_picked":["Omniscience","ConjureBlade"],"picked":"Devotion","floor":16},{"not_picked":["Meditate","CrushJoints"],"picked":"ThirdEye","floor":18},{"not_picked":["CutThroughFate","EmptyBody"],"picked":"ClearTheMind+1","floor":19}],"player_experience":1415941,"relics_obtained":[{"floor":6,"key":"Orichalcum"},{"floor":9,"key":"Boot"},{"floor":13,"key":"Odd Mushroom"}],"event_choices":[{"damage_healed":18,"gold_gain":0,"player_choice":"Healed","damage_taken":0,"max_hp_gain":0,"max_hp_loss":0,"event_name":"The Cleric","floor":5,"gold_loss":35},{"damage_healed":0,"gold_gain":0,"player_choice":"Success","damage_taken":11,"relics_obtained":["Vajra"],"max_hp_gain":0,"max_hp_loss":0,"event_name":"Scrap Ooze","floor":7,"gold_loss":0},{"damage_healed":0,"gold_gain":0,"player_choice":"Fought Mushrooms","damage_taken":0,"max_hp_gain":0,"max_hp_loss":0,"event_name":"Mushrooms","floor":13,"gold_loss":0},{"damage_healed":0,"gold_gain":0,"player_choice":"Shed Blood","damage_taken":26,"max_hp_gain":5,"max_hp_loss":0,"event_name":"Forgotten Altar","floor":20,"gold_loss":0},{"damage_healed":0,"gold_gain":0,"player_choice":"Opened","damage_taken":0,"relics_obtained":["TeardropLocket"],"max_hp_gain":0,"max_hp_loss":0,"event_name":"The Mausoleum","floor":21,"gold_loss":0,"cards_obtained":["Writhe"]}],"is_beta":false,"boss_relics":[{"not_picked":["Velvet Choker","Runic Pyramid"],"picked":"Empty Cage"}],"items_purged_floors":[],"is_endless":false,"potions_floor_spawned":[1,11,18],"killed_by":"Centurion and Healer","ascension_level":17}}