{"host":"d3b2x3wue20uj2ir","time":1614303062,"event":{"mods":["AchievementEnabler","BaseMod","Better Third Choice","BetterRewards","Exacting","FTL Soundtrack","Minty Spire (QoL Compilation)","Shop Mod","StSLib"],"gold_per_floor":[110,110,110,131,156,156,156,179,204,220,253,6,67,86,86,212,212,231,254,254,4,4,4,22,22,22,22,37,370,393,427,427,546,546,564,98,112,112,138,171,187,187,187,187,211,244,256,282,294,306,318,330,13,54,54,54],"floor_reached":55,"language":"ENG","playtime":2965,"items_purged":[],"score":1317,"play_id":"2abacfe6-d6cb-43f5-baf6-0c2ed707004d","local_time":"20210226113102","is_ascension_mode":true,"campfire_choices":[{"floor":6.0,"key":"RECALL"},{"data":"Inflame","floor":15.0,"key":"SMITH"},{"floor":23.0,"key":"REST"},{"data":"Demon Form","floor":25.0,"key":"SMITH"},{"data":"Exhume","floor":27.0,"key":"SMITH"},{"floor":32.0,"key":"REST"},{"floor":42,"key":"REST"},{"floor":44,"key":"REST"},{"floor":47,"key":"REST"},{"data":"Berserk","floor":49,"key":"SMITH"},{"data":"Reaper","floor":52,"key":"SMITH"}],"circlet_count":0,"master_deck":["Strike_R","Strike_R","Strike_R","Strike_R","Defend_R","Defend_R","Defend_R","Defend_R","Bash","Dark Shackles","Inflame+1","Flex","Clothesline","Rage","Sentinel","Thunderclap","Sword Boomerang","Exhume+1","Shrug It Off+1","Rage+1","Demon Form+1","Body Slam","Havoc+1","Sever Soul+1","Perfected Strike+1","Feed","Rage+1","Flex+1","Reaper+1","CurseOfTheBell","Shrug It Off+1","Shrug It Off+1","Iron Wave+1","Inflame+1","Berserk+1","Havoc+1","Body Slam+1","Shrug It Off+1","Burning Pact+1","Rage+1","Body Slam+1","Headbutt+1","Panache","Feel No Pain","Havoc+1","Warcry+1"],"relics":["Burning Blood","FossilizedHelix","PreservedInsect","Lee\u0027s Waffle","Golden Idol","Boot","Regal Pillow","StrikeDummy","MerchantsRug","Oddly Smooth Stone","Toxic Egg 2","SacredBark","Bottled Lightning","Enchiridion","Old Coin","Sundial","Calling Bell","Dream Catcher","Molten Egg 2","Calipers","Membership Card","HornCleat","Potion Belt","Akabeko","Vajra","Anchor","MawBank","Mummified Hand","OrangePellets","Art of War"],"acts_visited":["Exordium","TheCity","TheBeyond","TheEnding"],"potions_floor_usage":[41,41,50,50],"damage_taken":[{"damage":0.0,"enemies":"Small Slimes","floor":1.0,"turns":4.0},{"damage":0.0,"enemies":"2 Louse","floor":4.0,"turns":2.0},{"damage":0.0,"enemies":"Cultist","floor":5.0,"turns":4.0},{"damage":0.0,"enemies":"Looter","floor":8.0,"turns":4.0},{"damage":7.0,"enemies":"Exordium Thugs","floor":10.0,"turns":3.0},{"damage":10.0,"enemies":"Lagavulin","floor":11.0,"turns":5.0},{"damage":0.0,"enemies":"3 Sentries","floor":13.0,"turns":6.0},{"damage":1.0,"enemies":"Blue Slaver","floor":14.0,"turns":4.0},{"damage":16.0,"enemies":"The Guardian","floor":16.0,"turns":11.0},{"damage":0.0,"enemies":"Chosen","floor":18.0,"turns":7.0},{"damage":29.0,"enemies":"Spheric Guardian","floor":19.0,"turns":6.0},{"damage":23.0,"enemies":"Cultist and Chosen","floor":24.0,"turns":7.0},{"damage":14.0,"enemies":"3 Cultists","floor":28.0,"turns":5.0},{"damage":15.0,"enemies":"Slavers","floor":29.0,"turns":5.0},{"damage":11.0,"enemies":"Snecko","floor":30.0,"turns":5.0},{"damage":23.0,"enemies":"Book of Stabbing","floor":31.0,"turns":5.0},{"damage":33.0,"enemies":"Collector","floor":33.0,"turns":7.0},{"damage":0.0,"enemies":"Orb Walker","floor":35.0,"turns":3.0},{"damage":6.0,"enemies":"3 Darklings","floor":37.0,"turns":7.0},{"damage":45.0,"enemies":"Nemesis","floor":40.0,"turns":5.0},{"damage":39,"enemies":"Spire Growth","floor":41,"turns":6},{"damage":0,"enemies":"Jaw Worm Horde","floor":45,"turns":5},{"damage":33,"enemies":"Reptomancer","floor":46,"turns":6},{"damage":0,"enemies":"3 Darklings","floor":48,"turns":3},{"damage":98,"enemies":"Time Eater","floor":50,"turns":10},{"damage":60,"enemies":"Shield and Spear","floor":54,"turns":4},{"damage":83,"enemies":"The Heart","floor":55,"turns":6}],"seed_played":"8160491591314685609","potions_obtained":[{"floor":4.0,"key":"EntropicBrew"},{"floor":4.0,"key":"Explosive Potion"},{"floor":5.0,"key":"EssenceOfSteel"},{"floor":13.0,"key":"AttackPotion"},{"floor":16.0,"key":"DuplicationPotion"},{"floor":18.0,"key":"BlessingOfTheForge"},{"floor":24.0,"key":"SmokeBomb"},{"floor":31.0,"key":"ColorlessPotion"},{"floor":33.0,"key":"BlessingOfTheForge"},{"floor":41,"key":"Swift Potion"},{"floor":45,"key":"ColorlessPotion"}],"is_trial":false,"path_per_floor":["M","?","?","M","M","R","?","M","T","M","E","$","E","M","R","B",null,"M","M","?","$","?","R","M","R","T","R","M","E","M","E","R","B",null,"M","$","M","?","T","E","M","R","T","R","M","E","R","M","R","B",null,"R","$","E","B"],"character_chosen":"IRONCLAD","items_purchased":["FossilizedHelix","PreservedInsect","Dark Shackles","Lee\u0027s Waffle","Inflame","Flex","MerchantsRug","Oddly Smooth Stone","Bottled Lightning","Membership Card","HornCleat","Potion Belt","Shrug It Off+1","Ancient Potion","Iron Wave+1","LiquidMemories","Mummified Hand","OrangePellets","Panache","Feel No Pain","Havoc+1"],"campfire_rested":5,"item_purchase_floors":[0,0,0,0,0,0,12,12,21,36,36,36,36,36,36,36,53,53,53,53,53],"current_hp_per_floor":[87,87,84,87,87,87,87,87,87,86,82,82,87,87,87,77,87,87,64,64,64,48,87,70,70,70,70,62,53,48,31,72,48,90,93,93,93,93,93,54,21,63,63,93,96,69,96,96,96,16,96,96,96,42,0,0],"gold":54,"neow_bonus":"","is_daily":false,"chose_seed":false,"campfire_upgraded":5,"win_rate":0.0,"timestamp":1614303062,"path_taken":["M","?","?","M","M","R","?","M","T","M","E","$","E","M","R","BOSS","M","?","?","$","?","R","M","R","T","R","M","E","M","E","R","BOSS","M","$","M","?","?","E","M","R","T","R","M","E","R","?","R","BOSS","R","$","E","BOSS"],"items_purchased_type":["Relic","Relic","Card","Relic","Card","Card","Relic","Relic","Relic","Relic","Relic","Relic","Card","Potion","Card","Potion","Relic","Relic","Card","Card","Card"],"build_version":"2020-12-22","purchased_purges":0,"victory":false,"max_hp_per_floor":[87,87,87,87,87,87,87,87,87,87,87,87,87,87,87,87,87,87,87,87,87,87,87,87,87,87,87,87,87,87,87,87,90,90,93,93,93,93,93,93,93,93,93,93,96,96,96,96,96,96,96,96,96,96,96,96],"card_choices":[{"not_picked":["Havoc","True Grit"],"picked":"Clothesline","floor":1.0},{"not_picked":["Feel No Pain","Reckless Charge"],"picked":"Rage","floor":4.0},{"not_picked":["Headbutt","Wild Strike"],"picked":"Sentinel","floor":5.0},{"not_picked":["Body Slam","Warcry"],"picked":"Thunderclap","floor":8.0},{"not_picked":["Warcry","Cleave"],"picked":"Sword Boomerang","floor":10.0},{"not_picked":["Dark Embrace","Power Through"],"picked":"Exhume","floor":11.0},{"not_picked":["Ghostly Armor","Battle Trance"],"picked":"Sentinel","floor":13.0},{"not_picked":["Second Wind+1","Wild Strike"],"picked":"Shrug It Off+1","floor":13.0},{"not_picked":["Iron Wave","True Grit+1"],"picked":"Rage+1","floor":14.0},{"not_picked":["Fiend Fire","Corruption"],"picked":"Demon Form","floor":16.0},{"not_picked":["Sword Boomerang","Clothesline"],"picked":"Body Slam","floor":18.0},{"not_picked":["Battle Trance+1","Cleave"],"picked":"Havoc+1","floor":19.0},{"not_picked":["Cleave+1","Headbutt"],"picked":"Sever Soul+1","floor":24.0},{"not_picked":["Cleave","Clash"],"picked":"Perfected Strike+1","floor":28.0},{"not_picked":["Wild Strike+1","Shrug It Off+1"],"picked":"Feed","floor":29.0},{"not_picked":["Wild Strike","Anger+1"],"picked":"Rage+1","floor":30.0},{"not_picked":["Corruption","Pummel"],"picked":"Flex+1","floor":31.0},{"not_picked":["Immolate","Barricade"],"picked":"Reaper","floor":33.0},{"not_picked":["Cleave+1","Evolve"],"picked":"Shrug It Off+1","floor":35.0},{"not_picked":["Battle Trance+1","True Grit+1"],"picked":"Inflame+1","floor":37.0},{"not_picked":["Havoc+1","Perfected Strike+1"],"picked":"Berserk","floor":40.0},{"not_picked":["True Grit+1","Warcry+1"],"picked":"Havoc+1","floor":41},{"not_picked":["Sword Boomerang+1","Wild Strike+1"],"picked":"Body Slam+1","floor":42},{"not_picked":["Thunderclap+1","Wild Strike+1"],"picked":"Shrug It Off+1","floor":44},{"not_picked":["Fire Breathing+1","Warcry+1"],"picked":"Burning Pact+1","floor":45},{"not_picked":["Anger+1","Sword Boomerang+1"],"picked":"Rage+1","floor":46},{"not_picked":["Brutality","Inflame+1"],"picked":"Body Slam+1","floor":47},{"not_picked":["Blood for Blood+1","Warcry+1"],"picked":"Headbutt+1","floor":48},{"not_picked":["Blood for Blood+1","Reckless Charge+1"],"picked":"Warcry+1","floor":54}],"player_experience":732723,"relics_obtained":[{"floor":9.0,"key":"Regal Pillow"},{"floor":11.0,"key":"StrikeDummy"},{"floor":13.0,"key":"Toxic Egg 2"},{"floor":22.0,"key":"Enchiridion"},{"floor":29.0,"key":"Old Coin"},{"floor":31.0,"key":"Sundial"},{"floor":34.0,"key":"Dream Catcher"},{"floor":34.0,"key":"Molten Egg 2"},{"floor":34.0,"key":"Calipers"},{"floor":39.0,"key":"Akabeko"},{"floor":40.0,"key":"Vajra"},{"floor":43,"key":"Anchor"},{"floor":46,"key":"MawBank"},{"floor":54,"key":"Art of War"}],"event_choices":[{"damage_healed":0.0,"max_hp_gain":0.0,"max_hp_loss":0.0,"gold_gain":0.0,"event_name":"Golden Idol","player_choice":"Take Wound","floor":2.0,"gold_loss":0.0,"damage_taken":0.0,"relics_obtained":["Golden Idol"],"cards_obtained":["Injury"]},{"damage_healed":0.0,"max_hp_gain":0.0,"max_hp_loss":0.0,"gold_gain":0.0,"event_name":"betterThird:BetterScrap","player_choice":"Relic ","floor":3.0,"gold_loss":0.0,"damage_taken":3.0,"cards_obtained":["Reflex"]},{"cards_removed":["Injury"],"damage_healed":0.0,"max_hp_gain":0.0,"max_hp_loss":0.0,"gold_gain":0.0,"event_name":"Purifier","player_choice":"Purged","floor":7.0,"gold_loss":0.0,"damage_taken":0.0},{"damage_healed":0.0,"max_hp_gain":0.0,"max_hp_loss":0.0,"gold_gain":0.0,"event_name":"Ghosts","player_choice":"Ignored","floor":20.0,"gold_loss":0.0,"damage_taken":0.0},{"damage_healed":0.0,"max_hp_gain":0.0,"max_hp_loss":0.0,"gold_gain":0.0,"event_name":"Cursed Tome","player_choice":"Obtained Book","floor":22.0,"gold_loss":0.0,"damage_taken":16.0},{"cards_removed":["Sentinel"],"damage_healed":0.0,"max_hp_gain":0.0,"max_hp_loss":0.0,"gold_gain":0.0,"event_name":"Falling","player_choice":"Removed Skill","floor":38.0,"gold_loss":0.0,"damage_taken":0.0}],"is_beta":false,"boss_relics":[{"not_picked":["Runic Cube","Runic Dome"],"picked":"SacredBark"},{"not_picked":["Cursed Key","Snecko Eye"],"picked":"Calling Bell"}],"items_purged_floors":[],"is_endless":false,"potions_floor_spawned":[4,5,13,16,18,24,30,31,33,35,41,45],"killed_by":"The Heart","ascension_level":4}}