{"host":"9gxprskaw0c5jpbt","time":1614382406,"event":{"mods":["AchievementEnabler","BaseMod","Colored Map","Highlight Path","KOR Keyword Fix","Minty Spire (QoL Compilation)","Rare Cards Sparkle","StSLib","SuperFastMode","everything is the same but u backflip on backflip"],"gold_per_floor":[114,114,24,24,24,51,51,76,103,103,113,113,188,188,188,262,262,274,254,273,273,273],"floor_reached":21,"language":"KOR","playtime":282,"items_purged":[],"score":466,"play_id":"9c4d3741-3063-47bb-9619-41adc621f2d9","local_time":"20210227083326","is_ascension_mode":true,"campfire_choices":[{"data":"Fire Breathing","floor":7,"key":"SMITH"},{"data":"Bash","floor":10,"key":"SMITH"},{"data":"Fire Breathing","floor":12,"key":"SMITH"},{"floor":15,"key":"REST"}],"circlet_count":0,"master_deck":["AscendersBane","Strike_R","Strike_R","Strike_R","Strike_R","Defend_R","Defend_R","Defend_R","Defend_R","Bash+1","Shrug It Off","Fire Breathing+1","Wild Strike+1","Fire Breathing+1","Offering","Ghostly Armor","True Grit"],"relics":["Burning Blood","NeowsBlessing","Regal Pillow","Question Card","Shovel","Nunchaku","Mark of Pain"],"acts_visited":["Exordium","TheCity"],"potions_floor_usage":[16,16,21],"damage_taken":[{"damage":0,"enemies":"Small Slimes","floor":1,"turns":1},{"damage":0,"enemies":"Gremlin Nob","floor":6,"turns":1},{"damage":0,"enemies":"3 Sentries","floor":8,"turns":2},{"damage":12,"enemies":"Jaw Worm","floor":11,"turns":3},{"damage":66,"enemies":"Hexaghost","floor":16,"turns":8},{"damage":25,"enemies":"3 Byrds","floor":18,"turns":3},{"damage":23,"enemies":"Shell Parasite","floor":20,"turns":5},{"damage":32,"enemies":"Shelled Parasite and Fungi","floor":21,"turns":2}],"seed_played":"73763068448106262","potions_obtained":[{"floor":1,"key":"BloodPotion"},{"floor":6,"key":"LiquidBronze"},{"floor":16,"key":"AttackPotion"},{"floor":19,"key":"CultistPotion"}],"is_trial":false,"path_per_floor":["M","?","$","?","?","E","R","E","T","R","M","R","?","?","R","B",null,"M","?","M","M"],"character_chosen":"IRONCLAD","items_purchased":["Fire Breathing"],"campfire_rested":1,"item_purchase_floors":[3],"current_hp_per_floor":[74,74,74,67,67,73,73,75,75,75,69,69,58,58,75,30,64,45,45,28,0,0],"gold":273,"neow_bonus":"THREE_ENEMY_KILL","is_daily":false,"chose_seed":false,"campfire_upgraded":3,"win_rate":0.0,"timestamp":1614382406,"path_taken":["M","?","$","?","?","E","R","E","T","R","?","R","?","?","R","BOSS","M","?","?","M"],"items_purchased_type":["Card"],"build_version":"2020-12-22","purchased_purges":0,"victory":false,"max_hp_per_floor":[75,75,75,75,75,75,75,75,75,75,75,75,75,75,75,75,75,75,75,75,75,75],"card_choices":[{"not_picked":["Infernal Blade","Havoc"],"picked":"Shrug It Off","floor":1},{"not_picked":["Clash","Sever Soul","Havoc"],"picked":"SKIP","floor":6},{"not_picked":["Fire Breathing","Anger","Infernal Blade"],"picked":"Wild Strike","floor":8},{"not_picked":["Rage","Exhume","Battle Trance"],"picked":"Fire Breathing","floor":11},{"not_picked":["Exhume","Impervious","Brutality"],"picked":"Offering","floor":16},{"not_picked":["Clash+1","Bloodletting","Havoc"],"picked":"Ghostly Armor","floor":18},{"not_picked":["Uppercut","Armaments+1","Sentinel"],"picked":"True Grit","floor":20}],"player_experience":997661,"relics_obtained":[{"floor":6,"key":"Question Card"},{"floor":8,"key":"Shovel"},{"floor":9,"key":"Nunchaku"}],"event_choices":[{"damage_healed":0,"gold_gain":0,"player_choice":"Box","damage_taken":0,"relics_obtained":["Regal Pillow"],"max_hp_gain":0,"max_hp_loss":0,"event_name":"Big Fish","floor":2,"gold_loss":0,"cards_obtained":["Regret"]},{"cards_removed":["Regret"],"damage_healed":0,"gold_gain":0,"player_choice":"Card Removal","damage_taken":7,"max_hp_gain":0,"max_hp_loss":0,"event_name":"Golden Wing","floor":4,"gold_loss":0},{"cards_removed":["Strike_R"],"damage_healed":0,"gold_gain":0,"player_choice":"Offered Basic","damage_taken":0,"max_hp_gain":0,"max_hp_loss":0,"event_name":"Bonfire Elementals","floor":5,"gold_loss":0},{"damage_healed":0,"gold_gain":75,"player_choice":"Gather Gold","damage_taken":11,"max_hp_gain":0,"max_hp_loss":0,"event_name":"World of Goop","floor":13,"gold_loss":0},{"damage_healed":0,"gold_gain":0,"player_choice":"Grow","damage_taken":0,"max_hp_gain":0,"max_hp_loss":0,"event_name":"Living Wall","floor":14,"gold_loss":0,"cards_upgraded":["Wild Strike"]},{"damage_healed":0,"gold_gain":0,"player_choice":"Bought 1 Potion","damage_taken":0,"max_hp_gain":0,"max_hp_loss":0,"event_name":"The Woman in Blue","floor":19,"gold_loss":0}],"is_beta":false,"boss_relics":[{"not_picked":["Empty Cage","Calling Bell"],"picked":"Mark of Pain"}],"items_purged_floors":[],"is_endless":false,"potions_floor_spawned":[1,6,16,20],"killed_by":"Shelled Parasite and Fungi","ascension_level":20}}