{"host":"1te4apcktyw9778t","time":1614320876,"event":{"mods":["BaseMod","Colored Powertips","Minty Spire (QoL Compilation)","Relic Stats"],"gold_per_floor":[117,132,132,132,146,477,493,513,513,513,532,532,571,149,149,242,242,262,0,25,41,41,41,41,77,102,102,12,50,73,92,92,187,187,200,221,221,27,50,90,90,105,105,155,170,170,201,201,201],"floor_reached":48,"language":"ENG","playtime":6903,"items_purged":["Strike_G"],"score":1124,"play_id":"d57a7c54-f4fe-40de-a53e-e77ca77cf829","local_time":"20210226012756","is_ascension_mode":true,"campfire_choices":[{"floor":12.0,"key":"REST"},{"data":"Apotheosis","floor":15.0,"key":"SMITH"},{"floor":23.0,"key":"REST"},{"floor":27.0,"key":"REST"},{"floor":32.0,"key":"REST"},{"floor":41,"key":"REST"},{"floor":46,"key":"RECALL"}],"circlet_count":0,"master_deck":["AscendersBane","Strike_G","Defend_G","Defend_G","Defend_G","Defend_G","Defend_G","Survivor","Neutralize","Apotheosis+1","Poisoned Stab","Dagger Spray","Poisoned Stab","Deflect","Deadly Poison","Crippling Poison","Tools of the Trade","Well Laid Plans","PiercingWail","Finesse","Deflect","Glass Knife","Deflect","PiercingWail","Dash","Envenom","Infinite Blades","Malaise","Cloak And Dagger","Acrobatics","Backflip","Burst","Backflip","Acrobatics","Secret Technique","Skewer+1","Die Die Die+1","Shame","Flechettes+1"],"relics":["Ring of the Snake","Golden Idol","Old Coin","Girya","Shovel","Black Star","The Courier","PreservedInsect","Pocketwatch","Molten Egg 2","Cursed Key","Boot","Bottled Flame","Turnip"],"acts_visited":["Exordium","TheCity","TheBeyond"],"potions_floor_usage":[40,42,48,48],"damage_taken":[{"damage":4.0,"enemies":"Small Slimes","floor":1.0,"turns":4.0},{"damage":0.0,"enemies":"2 Louse","floor":2.0,"turns":3.0},{"damage":0.0,"enemies":"Cultist","floor":5.0,"turns":4.0},{"damage":26.0,"enemies":"3 Sentries","floor":6.0,"turns":7.0},{"damage":5.0,"enemies":"Blue Slaver","floor":7.0,"turns":5.0},{"damage":5.0,"enemies":"Red Slaver","floor":8.0,"turns":4.0},{"damage":7.0,"enemies":"Large Slime","floor":11.0,"turns":6.0},{"damage":10.0,"enemies":"Lagavulin","floor":13.0,"turns":6.0},{"damage":16.0,"enemies":"The Guardian","floor":16.0,"turns":11.0},{"damage":0.0,"enemies":"Chosen","floor":18.0,"turns":5.0},{"damage":0.0,"enemies":"3 Byrds","floor":20.0,"turns":5.0},{"damage":24.0,"enemies":"Cultist and Chosen","floor":21.0,"turns":10.0},{"damage":45.0,"enemies":"Book of Stabbing","floor":25.0,"turns":6.0},{"damage":19.0,"enemies":"Gremlin Leader","floor":29.0,"turns":9.0},{"damage":0.0,"enemies":"Snake Plant","floor":30.0,"turns":6.0},{"damage":0.0,"enemies":"3 Cultists","floor":31.0,"turns":6.0},{"damage":22.0,"enemies":"Automaton","floor":33.0,"turns":13.0},{"damage":11.0,"enemies":"Orb Walker","floor":35.0,"turns":7.0},{"damage":0.0,"enemies":"3 Shapes","floor":36.0,"turns":7.0},{"damage":14.0,"enemies":"Jaw Worm Horde","floor":39.0,"turns":6.0},{"damage":15,"enemies":"Giant Head","floor":40,"turns":5},{"damage":0,"enemies":"4 Shapes","floor":42,"turns":5},{"damage":5,"enemies":"3 Darklings","floor":45,"turns":5},{"damage":0,"enemies":"Mind Bloom Boss Battle","floor":47,"turns":9},{"damage":55,"enemies":"Reptomancer","floor":48,"turns":6}],"seed_played":"-5900107733381672066","potions_obtained":[{"floor":7.0,"key":"Fruit Juice"},{"floor":11.0,"key":"CultistPotion"},{"floor":13.0,"key":"Strength Potion"},{"floor":16.0,"key":"LiquidBronze"},{"floor":18.0,"key":"Fruit Juice"},{"floor":29.0,"key":"EssenceOfSteel"},{"floor":30.0,"key":"Fruit Juice"},{"floor":35.0,"key":"Fire Potion"},{"floor":36.0,"key":"SkillPotion"},{"floor":45,"key":"Fire Potion"},{"floor":47,"key":"Regen Potion"}],"is_trial":false,"path_per_floor":["M","M","?","?","M","E","M","M","T","?","M","R","E","$","R","B",null,"M","?","M","M","?","R","$","E","T","R","$","E","M","M","R","B",null,"M","M","?","$","M","E","R","M","T","?","M","R","?","E"],"character_chosen":"THE_SILENT","items_purchased":["Well Laid Plans","PiercingWail","Finesse","Deflect","Regen Potion","Explosive Potion","Weak Potion","Acrobatics","Secret Technique"],"campfire_rested":5,"item_purchase_floors":[14,14,14,14,14,28,28,38,38],"current_hp_per_floor":[40,40,40,40,40,14,9,4,4,4,2,21,11,11,11,10,51,51,51,51,27,27,46,46,1,1,20,25,6,6,6,33,11,59,48,48,48,48,34,19,40,40,40,40,35,35,35,0,0],"gold":201,"neow_bonus":"RANDOM_COLORLESS_2","is_daily":false,"chose_seed":false,"campfire_upgraded":1,"win_rate":0.0,"timestamp":1614320876,"path_taken":["M","M","?","?","M","E","M","M","T","?","M","R","E","$","R","BOSS","M","?","M","M","?","R","$","E","T","R","?","E","?","M","R","BOSS","M","M","?","$","M","E","R","M","T","?","?","R","?","E"],"items_purchased_type":["Card","Card","Card","Card","Potion","Potion","Potion","Card","Card"],"build_version":"2020-12-22","purchased_purges":1,"victory":false,"max_hp_per_floor":[66,66,66,60,60,60,60,60,60,60,65,65,65,65,65,65,65,65,65,65,65,65,65,65,65,65,65,70,70,70,70,75,75,75,75,75,71,71,71,71,71,71,71,71,71,71,71,71,71],"relic_stats":{"Shovel":0,"counters":[25,160],"Golden Idol":134,"PreservedInsect":236,"Turnip":[1],"Black Star":3,"Cursed Key":1,"Boot":[14],"obtain_stats":[{"Girya":9,"Golden Idol":4,"The Courier":25,"PreservedInsect":26,"Cursed Key":34,"Boot":40,"Old Coin":6,"Bottled Flame":40,"Shovel":13,"Molten Egg 2":29,"Turnip":47,"Black Star":17,"Ring of the Snake":0,"Pocketwatch":29},{"Girya":6,"Golden Idol":2,"The Courier":13,"PreservedInsect":13,"Cursed Key":17,"Boot":21,"Old Coin":4,"Bottled Flame":21,"Shovel":8,"Molten Egg 2":14,"Turnip":24,"Black Star":9,"Ring of the Snake":0,"Pocketwatch":14},{"Girya":27,"Golden Idol":7,"The Courier":76,"PreservedInsect":76,"Cursed Key":110,"Boot":135,"Old Coin":18,"Bottled Flame":135,"Shovel":39,"Molten Egg 2":85,"Turnip":154,"Black Star":50,"Ring of the Snake":0,"Pocketwatch":85}],"Ring of the Snake":[50],"Pocketwatch":[72]},"card_choices":[{"not_picked":["Panache","Thinking Ahead"],"picked":"Apotheosis","floor":0.0},{"not_picked":["Dagger Spray","Deflect"],"picked":"Poisoned Stab","floor":1.0},{"not_picked":["Dagger Throw","Prepared"],"picked":"Dagger Spray","floor":2.0},{"not_picked":["Setup","Backflip"],"picked":"Poisoned Stab","floor":5.0},{"not_picked":["Dagger Spray","Prepared","Tactician"],"picked":"SKIP","floor":6.0},{"not_picked":["Setup","Underhanded Strike"],"picked":"Deflect","floor":7.0},{"not_picked":["Riddle With Holes","Prepared"],"picked":"Deadly Poison","floor":8.0},{"not_picked":["Setup","Underhanded Strike"],"picked":"Crippling Poison","floor":11.0},{"not_picked":["Riddle With Holes","Cloak And Dagger"],"picked":"Tools of the Trade","floor":13.0},{"not_picked":["A Thousand Cuts","Unload"],"picked":"Glass Knife","floor":16.0},{"not_picked":["Predator","Flechettes"],"picked":"Deflect","floor":18.0},{"not_picked":["Bane","Dagger Throw"],"picked":"PiercingWail","floor":20.0},{"not_picked":["Choke","Sucker Punch"],"picked":"Dash","floor":21.0},{"not_picked":["Prepared","Dodge and Roll"],"picked":"Malaise","floor":25.0},{"not_picked":["A Thousand Cuts","Escape Plan"],"picked":"Cloak And Dagger","floor":29.0},{"not_picked":["Sucker Punch+1","Poisoned Stab+1"],"picked":"Acrobatics","floor":30.0},{"not_picked":["Choke+1","Prepared"],"picked":"Backflip","floor":31.0},{"not_picked":["A Thousand Cuts","Phantasmal Killer"],"picked":"Burst","floor":33.0},{"not_picked":["All Out Attack+1","Prepared+1","Poisoned Stab+1"],"picked":"SKIP","floor":35.0},{"not_picked":["Poisoned Stab+1","Cloak And Dagger+1"],"picked":"Backflip","floor":36.0},{"not_picked":["Slice+1","Masterful Stab+1"],"picked":"Skewer+1","floor":39.0},{"not_picked":["Bane+1","Calculated Gamble"],"picked":"Die Die Die+1","floor":40},{"not_picked":["Dodge and Roll","Flying Knee+1","Backflip+1"],"picked":"SKIP","floor":42},{"not_picked":["Skewer+1","Slice+1","Backflip+1"],"picked":"SKIP","floor":45},{"not_picked":["Slice+1","Deadly Poison"],"picked":"Flechettes+1","floor":47}],"player_experience":1146086,"relics_obtained":[{"floor":6.0,"key":"Old Coin"},{"floor":9.0,"key":"Girya"},{"floor":13.0,"key":"Shovel"},{"floor":25.0,"key":"The Courier"},{"floor":26.0,"key":"PreservedInsect"},{"floor":29.0,"key":"Pocketwatch"},{"floor":29.0,"key":"Molten Egg 2"},{"floor":40,"key":"Boot"},{"floor":40,"key":"Bottled Flame"},{"floor":47,"key":"Turnip"}],"event_choices":[{"damage_healed":0.0,"max_hp_gain":0.0,"max_hp_loss":0.0,"gold_gain":0.0,"event_name":"Golden Wing","player_choice":"Ignored","floor":3.0,"gold_loss":0.0,"damage_taken":0.0},{"damage_healed":0.0,"max_hp_gain":0.0,"max_hp_loss":6.0,"gold_gain":0.0,"event_name":"Golden Idol","player_choice":"Lose Max HP","floor":4.0,"gold_loss":0.0,"damage_taken":0.0,"relics_obtained":["Golden Idol"]},{"cards_removed":["Strike_G"],"damage_healed":0.0,"max_hp_gain":0.0,"max_hp_loss":0.0,"gold_gain":0.0,"event_name":"Purifier","player_choice":"Purged","floor":10.0,"gold_loss":0.0,"damage_taken":0.0},{"damage_healed":0.0,"max_hp_gain":0.0,"max_hp_loss":0.0,"gold_gain":0.0,"event_name":"Masked Bandits","player_choice":"Paid Fearfully","floor":19.0,"gold_loss":262.0,"damage_taken":0.0},{"damage_healed":0.0,"max_hp_gain":0.0,"max_hp_loss":0.0,"gold_gain":0.0,"cards_transformed":["Strike_G","Strike_G"],"event_name":"Drug Dealer","player_choice":"Became Test Subject","floor":22.0,"gold_loss":0.0,"damage_taken":0.0,"cards_obtained":["Envenom","Infinite Blades"]},{"damage_healed":0.0,"max_hp_gain":0.0,"max_hp_loss":4.0,"gold_gain":0.0,"event_name":"Winding Halls","player_choice":"Max HP","floor":37.0,"gold_loss":0.0,"damage_taken":0.0},{"damage_healed":0,"gold_gain":50,"player_choice":"Pray","damage_taken":0,"max_hp_gain":0,"max_hp_loss":0,"event_name":"Golden Shrine","floor":44,"gold_loss":0},{"damage_healed":0,"gold_gain":0,"player_choice":"Fight","damage_taken":0,"max_hp_gain":0,"max_hp_loss":0,"event_name":"MindBloom","floor":47,"gold_loss":0}],"is_beta":false,"boss_relics":[{"not_picked":["SacredBark","Ectoplasm"],"picked":"Black Star"},{"not_picked":["Empty Cage","Astrolabe"],"picked":"Cursed Key"}],"items_purged_floors":[14],"is_endless":false,"potions_floor_spawned":[7,11,13,16,18,29,30,35,36,45,47],"killed_by":"Reptomancer","ascension_level":20}}