{"host":"k52frpcike9nf28y","time":1614326841,"event":{"mods":["BaseMod","Minty Spire (QoL Compilation)","StSLib","The Bug Knight","The Saiyan","Yakumo Yukari mod","noobMod"],"gold_per_floor":[114,134,134,134,159,159,159,174,174,174,192,225,225,240,240,359,359,384,11,29,29,44,44,54,54,128,139,165,183,183,213,213,310,310,329,1328,617,634,653,684,684,698,698,21,32,47,47,81,81,81],"floor_reached":51,"language":"ZHS","playtime":2252,"items_purged":["Defend_R","Normality","Normality"],"score":976,"play_id":"2ea7f3d1-e1b6-40ca-84c4-bd564d2d3ab9","local_time":"20210226160721","is_ascension_mode":false,"campfire_choices":[{"data":"Perfected Strike","floor":6,"key":"SMITH"},{"data":"Twin Strike","floor":10,"key":"SMITH"},{"data":"Pommel Strike","floor":13,"key":"SMITH"},{"data":"Twin Strike","floor":15,"key":"SMITH"},{"data":"Armaments","floor":23,"key":"SMITH"},{"data":"Shrug It Off","floor":25,"key":"SMITH"},{"data":"Armaments","floor":30,"key":"SMITH"},{"data":"Twin Strike","floor":32,"key":"SMITH"},{"floor":41,"key":"REST"},{"floor":49,"key":"REST"}],"circlet_count":0,"master_deck":["Strike_R","Strike_R","Strike_R","Strike_R","Strike_R","Defend_R","Defend_R","Defend_R","Bash","Perfected Strike+1","Wild Strike","Pommel Strike+1","Pommel Strike+1","Twin Strike+1","Cleave","Twin Strike+1","Shrug It Off+1","Armaments+1","Pommel Strike","Pommel Strike+1","Twin Strike+1","Armaments+1","Twin Strike","Wild Strike","Armaments","Purity","Armaments+1"],"relics":["Burning Blood","ice","Bloody Idol","Sundial","HollowMod:LifeEnderRelic","Mark of Pain","Gremlin Horn","Bottled Lightning","Pantograph","Regal Pillow","Fusion Hammer","Cauldron","Kunai","Bronze Scales","Juzu Bracelet","Toy Ornithopter","HollowMod:PaleOreRelic","TungstenRod","Happy Flower"],"acts_visited":["Exordium","TheCity","TheBeyond"],"potions_floor_usage":[12,12,16,31,33,45,45,50],"damage_taken":[{"damage":9,"enemies":"2 Louse","floor":1,"turns":3},{"damage":2,"enemies":"Small Slimes","floor":2,"turns":3},{"damage":0,"enemies":"Cultist","floor":5,"turns":2},{"damage":16,"enemies":"Red Slaver","floor":8,"turns":3},{"damage":0,"enemies":"Large Slime","floor":11,"turns":5},{"damage":31,"enemies":"Lagavulin","floor":12,"turns":4},{"damage":10,"enemies":"Exordium Wildlife","floor":14,"turns":3},{"damage":58,"enemies":"Hexaghost","floor":16,"turns":8},{"damage":7,"enemies":"2 Thieves","floor":18,"turns":3},{"damage":0,"enemies":"Chosen","floor":20,"turns":3},{"damage":14,"enemies":"Centurion and Healer","floor":22,"turns":4},{"damage":21,"enemies":"Snake Plant","floor":24,"turns":2},{"damage":9,"enemies":"Cultist and Chosen","floor":27,"turns":4},{"damage":24,"enemies":"Book of Stabbing","floor":28,"turns":4},{"damage":8,"enemies":"Snecko","floor":29,"turns":3},{"damage":6,"enemies":"Gremlin Leader","floor":31,"turns":3},{"damage":30,"enemies":"Champ","floor":33,"turns":9},{"damage":5,"enemies":"3 Darklings","floor":35,"turns":2},{"damage":59,"enemies":"3 Shapes","floor":38,"turns":3},{"damage":33,"enemies":"Writhing Mass","floor":39,"turns":5},{"damage":37,"enemies":"Reptomancer","floor":40,"turns":3},{"damage":21,"enemies":"Sphere and 2 Shapes","floor":42,"turns":3},{"damage":0,"enemies":"Maw","floor":45,"turns":3},{"damage":4,"enemies":"4 Shapes","floor":46,"turns":2},{"damage":0,"enemies":"Giant Head","floor":48,"turns":4},{"damage":47,"enemies":"Time Eater","floor":50,"turns":6}],"seed_played":"8075298486759105993","potions_obtained":[{"floor":5,"key":"BloodPotion"},{"floor":11,"key":"Swift Potion"},{"floor":12,"key":"DistilledChaos"},{"floor":18,"key":"Energy Potion"},{"floor":22,"key":"Weak Potion"},{"floor":29,"key":"FairyPotion"},{"floor":31,"key":"EntropicBrew"},{"floor":35,"key":"DistilledChaos"},{"floor":37,"key":"FairyPotion"},{"floor":45,"key":"Weak Potion"}],"is_trial":false,"path_per_floor":["M","M","?","?","M","R","?","M","T","R","M","E","R","M","R","B",null,"M","$","M","?","M","R","M","R","T","M","E","M","R","E","R","B",null,"M","?","$","M","M","E","R","M","T","$","M","M","?","E","R","B",null],"character_chosen":"IRONCLAD","items_purchased":["Armaments","Gremlin Horn","Cauldron","Kunai","Bronze Scales","Twin Strike","HollowMod:PaleOreRelic","Purity","TungstenRod"],"campfire_rested":2,"item_purchase_floors":[19,19,37,37,37,37,44,44,44],"current_hp_per_floor":[77,80,60,65,71,71,71,61,61,61,67,59,59,55,55,84,86,85,85,90,90,87,87,77,77,82,84,71,74,74,79,79,85,113,115,115,115,67,45,139,139,129,129,129,144,151,151,152,152,116],"gold":81,"neow_bonus":"THREE_CARDS","is_daily":false,"chose_seed":false,"campfire_upgraded":8,"win_rate":0.0,"timestamp":1614326841,"path_taken":["M","M","?","?","M","R","?","M","T","R","?","E","R","M","R","BOSS","M","$","M","?","M","R","M","R","T","M","E","M","R","E","R","BOSS","M","?","$","M","M","E","R","M","T","$","M","M","?","E","R","BOSS"],"items_purchased_type":["Card","Relic","Relic","Relic","Relic","Card","Relic","Card","Relic"],"build_version":"2020-12-22","purchased_purges":3,"victory":true,"max_hp_per_floor":[80,80,80,85,85,85,85,85,85,85,85,85,85,85,85,86,86,88,88,90,90,92,92,95,95,95,99,105,106,106,109,109,113,113,115,115,115,129,135,139,139,143,143,143,144,151,151,152,152,159],"card_choices":[{"not_picked":["Headbutt","Disarm"],"picked":"Perfected Strike","floor":0},{"not_picked":["Anger","Flame Barrier"],"picked":"Wild Strike","floor":1},{"not_picked":["Rage","Uppercut"],"picked":"Pommel Strike","floor":2},{"not_picked":["Hemokinesis","Entrench"],"picked":"Pommel Strike","floor":5},{"not_picked":["Warcry","Sword Boomerang"],"picked":"Twin Strike","floor":8},{"not_picked":["Heavy Blade","Thunderclap"],"picked":"Cleave","floor":11},{"not_picked":["Pummel","Clash","Body Slam"],"picked":"SKIP","floor":12},{"not_picked":["Sword Boomerang","Evolve"],"picked":"Twin Strike","floor":14},{"not_picked":["Cleave","Twin Strike"],"picked":"Shrug It Off","floor":18},{"not_picked":["Headbutt","Whirlwind"],"picked":"Pommel Strike","floor":20},{"not_picked":["Cleave","Clothesline+1"],"picked":"Pommel Strike+1","floor":22},{"not_picked":["Flame Barrier","Rupture"],"picked":"Twin Strike","floor":24},{"not_picked":["Searing Blow","Feel No Pain+1","Clash+1"],"picked":"SKIP","floor":27},{"not_picked":["Searing Blow","Power Through"],"picked":"Armaments","floor":28},{"not_picked":["Hemokinesis","Clothesline","Searing Blow"],"picked":"SKIP","floor":29},{"not_picked":["Immolate","Carnage+1","Body Slam+1"],"picked":"SKIP","floor":31},{"not_picked":["Feel No Pain+1","Armaments+1","Pummel+1"],"picked":"SKIP","floor":35},{"not_picked":["Headbutt","Iron Wave","Dark Embrace+1"],"picked":"SKIP","floor":38},{"not_picked":["Clothesline+1","Body Slam"],"picked":"Wild Strike","floor":39},{"not_picked":["Bloodletting","Dropkick+1","Clash"],"picked":"SKIP","floor":40},{"not_picked":["Impervious","Dual Wield+1"],"picked":"Armaments","floor":42},{"not_picked":["Spot Weakness+1","Clothesline+1"],"picked":"Armaments+1","floor":45},{"not_picked":["Pummel+1","Rupture+1","Armaments"],"picked":"SKIP","floor":46},{"not_picked":["Thunderclap+1","Battle Trance","Spot Weakness"],"picked":"SKIP","floor":48}],"player_experience":27092,"relics_obtained":[{"floor":9,"key":"Sundial"},{"floor":12,"key":"HollowMod:LifeEnderRelic"},{"floor":26,"key":"Bottled Lightning"},{"floor":28,"key":"Pantograph"},{"floor":31,"key":"Regal Pillow"},{"floor":40,"key":"Juzu Bracelet"},{"floor":43,"key":"Toy Ornithopter"},{"floor":48,"key":"Happy Flower"}],"event_choices":[{"damage_healed":0,"gold_gain":0,"player_choice":"Take Damage","damage_taken":20,"relics_obtained":["Golden Idol"],"max_hp_gain":0,"max_hp_loss":0,"event_name":"Golden Idol","floor":3,"gold_loss":0},{"damage_healed":0,"gold_gain":0,"player_choice":"Donut","damage_taken":0,"max_hp_gain":5,"max_hp_loss":0,"event_name":"Big Fish","floor":4,"gold_loss":0},{"damage_healed":0,"gold_gain":0,"player_choice":"Forge","damage_taken":0,"max_hp_gain":0,"max_hp_loss":0,"event_name":"Accursed Blacksmith","floor":7,"gold_loss":0,"cards_upgraded":["Pommel Strike"]},{"damage_healed":0,"gold_gain":0,"player_choice":"Gave Idol","damage_taken":0,"relics_obtained":["Bloody Idol"],"max_hp_gain":0,"max_hp_loss":0,"event_name":"Forgotten Altar","floor":21,"relics_lost":["Golden Idol"],"gold_loss":0},{"damage_healed":0,"gold_gain":999,"player_choice":"Gold","damage_taken":0,"max_hp_gain":0,"max_hp_loss":0,"event_name":"MindBloom","floor":36,"gold_loss":0,"cards_obtained":["Normality","Normality"]},{"damage_healed":0,"gold_gain":0,"player_choice":"Ignored","damage_taken":0,"max_hp_gain":0,"max_hp_loss":0,"event_name":"NoteForYourself","floor":47,"gold_loss":0}],"is_beta":false,"boss_relics":[{"not_picked":["Runic Pyramid","Runic Dome"],"picked":"Mark of Pain"},{"not_picked":["Tiny House","Black Star"],"picked":"Fusion Hammer"}],"items_purged_floors":[19,37,44],"is_endless":false,"potions_floor_spawned":[5,11,12,18,22,29,31,35,39,45,46,48],"ascension_level":0}}