{"host":"rsokn1b2nrspb1iw","time":1614326351,"event":{"mods":["BaseMod","Better Altar","Better Match","Better Note","Better Sensory Stone","Better Skull","Better Third Choice","Better Vampires","BetterRewards","Block Reminder","Colored Map","Colored Powertips","Curses Come First","Custom Start","GifTheSpireLib","Hermit","Minty Spire (QoL Compilation)","Quick Restart","Rare Cards Sparkle","Relic Stats","Spire Birthday Party","StSLib","Unceasing Turn Reminder"],"gold_per_floor":[114,131,107,107,125,151,161,176,249,249,249,249,249,269,269,399,399,399],"floor_reached":17,"language":"ENG","playtime":428,"items_purged":[],"score":157,"play_id":"208e6dd6-8837-45a7-b75a-5c2e004dba1e","local_time":"20210226005911","is_ascension_mode":false,"campfire_choices":[{"floor":11,"key":"REST"},{"data":"Perfected Strike","floor":13,"key":"SMITH"},{"floor":15,"key":"REST"}],"circlet_count":0,"master_deck":["Strike_R","Strike_R","Strike_R","Strike_R","Strike_R","Defend_R","Defend_R","Defend_R","Bash","Perfected Strike+1","Injury","Demon Form"],"relics":["Burning Blood","NeowsBlessing","betterThird:SlimedRelic","FossilizedHelix","Golden Idol","Velvet Choker"],"acts_visited":["Exordium","TheCity"],"potions_floor_usage":[8,16],"damage_taken":[{"damage":0,"enemies":"Cultist","floor":1,"turns":1},{"damage":0,"enemies":"Small Slimes","floor":2,"turns":1},{"damage":0,"enemies":"2 Louse","floor":5,"turns":1},{"damage":67,"enemies":"Lagavulin","floor":6,"turns":7},{"damage":5,"enemies":"2 Fungi Beasts","floor":7,"turns":4},{"damage":0,"enemies":"Looter","floor":8,"turns":3},{"damage":12,"enemies":"Blue Slaver","floor":14,"turns":3},{"damage":39,"enemies":"Slime Boss","floor":16,"turns":13}],"seed_played":"-94518674283498763","potions_obtained":[{"floor":1,"key":"LiquidMemories"},{"floor":8,"key":"FearPotion"}],"is_trial":false,"path_per_floor":["M","M","?","?","M","E","M","M","T","?","R","?","R","M","R","B",null],"character_chosen":"IRONCLAD","items_purchased":[],"campfire_rested":2,"item_purchase_floors":[],"current_hp_per_floor":[80,80,69,62,68,7,8,14,14,14,38,38,38,32,56,23,80,80],"gold":399,"neow_bonus":"THREE_ENEMY_KILL","is_daily":false,"chose_seed":false,"campfire_upgraded":1,"win_rate":0.0,"timestamp":1614326351,"path_taken":["M","M","?","?","M","E","M","M","T","?","R","?","R","M","R","BOSS"],"items_purchased_type":[],"build_version":"2020-12-22","purchased_purges":0,"victory":false,"max_hp_per_floor":[80,80,80,80,80,80,80,80,80,80,80,80,80,80,80,80,80,80],"relic_stats":{"counters":[8,33],"Golden Idol":30,"obtain_stats":[{"NeowsBlessing":0,"Golden Idol":12,"betterThird:SlimedRelic":3,"Velvet Choker":17,"Burning Blood":0,"FossilizedHelix":6},{"NeowsBlessing":0,"Golden Idol":6,"betterThird:SlimedRelic":2,"Velvet Choker":8,"Burning Blood":0,"FossilizedHelix":4},{"NeowsBlessing":0,"Golden Idol":17,"betterThird:SlimedRelic":2,"Velvet Choker":33,"Burning Blood":0,"FossilizedHelix":10}],"Burning Blood":36},"card_choices":[{"not_picked":["Flame Barrier","Bloodletting","Sword Boomerang"],"picked":"SKIP","floor":1},{"not_picked":["True Grit","Twin Strike","Pommel Strike"],"picked":"SKIP","floor":2},{"not_picked":["Clash","Pummel"],"picked":"Perfected Strike","floor":5},{"not_picked":["Evolve","Carnage","Pummel"],"picked":"SKIP","floor":6},{"not_picked":["Dark Embrace","True Grit","Dual Wield"],"picked":"SKIP","floor":7},{"not_picked":["Body Slam","Warcry","Shrug It Off"],"picked":"SKIP","floor":8},{"not_picked":["Burning Pact","Spot Weakness","Second Wind"],"picked":"SKIP","floor":14},{"not_picked":["Barricade","Reaper"],"picked":"Demon Form","floor":16}],"player_experience":200225,"relics_obtained":[{"floor":6,"key":"FossilizedHelix"}],"event_choices":[{"damage_healed":0,"gold_gain":0,"player_choice":"Slimed","damage_taken":11,"max_hp_gain":0,"max_hp_loss":0,"event_name":"betterThird:BetterGoop","floor":3,"gold_loss":24},{"cards_removed":["Defend_R"],"damage_healed":0,"gold_gain":0,"player_choice":"Card Removal","damage_taken":7,"max_hp_gain":0,"max_hp_loss":0,"event_name":"Golden Wing","floor":4,"gold_loss":0},{"damage_healed":14,"gold_gain":0,"player_choice":"Leave","damage_taken":0,"max_hp_gain":0,"max_hp_loss":80,"event_name":"betterThird:BetterShining","floor":10,"gold_loss":0},{"damage_healed":0,"gold_gain":0,"player_choice":"Take Wound","damage_taken":0,"relics_obtained":["Golden Idol"],"max_hp_gain":0,"max_hp_loss":0,"event_name":"Golden Idol","floor":12,"gold_loss":0,"cards_obtained":["Injury"]}],"is_beta":false,"boss_relics":[{"not_picked":["Busted Crown","Pandora\u0027s Box"],"picked":"Velvet Choker"}],"items_purged_floors":[],"is_endless":false,"potions_floor_spawned":[1,8],"ascension_level":0}}