{"host":"u7lm8z2rvb4dg2oo","time":1614314836,"event":{"mods":["AchievementEnabler","BaseMod","Bestiary","Block Reminder","Colored Map","Colored Powertips","Curses Come First","DeckTracker","Googly Eyes","Highlight Path","Minty Spire (QoL Compilation)","Quick Restart","StSLib"],"gold_per_floor":[116,116,116,129,129,162,176,195,245,245,40,58,86,100,100,178,178,191,208,222,222,222,255,255,255,255,284,228,328,328,345,345,345,345],"floor_reached":33,"language":"ENG","playtime":2342,"items_purged":[],"score":640,"play_id":"cf1bed3b-0469-424c-a038-c6ce8880ec84","local_time":"20210225234716","is_ascension_mode":true,"campfire_choices":[{"data":"Terror","floor":10,"key":"SMITH"},{"data":"Phantasmal Killer","floor":15,"key":"SMITH"},{"floor":25,"key":"REST"},{"data":"RitualDagger","floor":30,"key":"SMITH"},{"data":"Adrenaline","floor":32,"key":"SMITH"}],"circlet_count":0,"master_deck":["AscendersBane","Strike_G","Strike_G","Defend_G","Defend_G","Defend_G","Defend_G","Defend_G","Survivor","Neutralize","Dagger Spray","Cloak And Dagger","Dash","Terror+1","Caltrops","Blur","Phantasmal Killer+1","Burst","Riddle With Holes+1","Finisher+1","Corpse Explosion+1","PiercingWail+1","Footwork","RitualDagger+1","PiercingWail","Adrenaline+1"],"relics":["Ring of the Snake","NeowsBlessing","Eternal Feather","Snake Skull","Bag of Marbles","Vajra","Incense Burner","Astrolabe","Orichalcum","Ornamental Fan","Meat on the Bone","Gambling Chip","Bottled Flame"],"acts_visited":["Exordium","TheCity"],"potions_floor_usage":[13,16,20,23,29,33,33],"damage_taken":[{"damage":0,"enemies":"Jaw Worm","floor":1,"turns":1},{"damage":0,"enemies":"2 Louse","floor":4,"turns":1},{"damage":0,"enemies":"Lagavulin","floor":6,"turns":1},{"damage":0,"enemies":"Cultist","floor":7,"turns":4},{"damage":9,"enemies":"Exordium Wildlife","floor":8,"turns":4},{"damage":0,"enemies":"2 Fungi Beasts","floor":12,"turns":3},{"damage":9,"enemies":"3 Sentries","floor":13,"turns":8},{"damage":1,"enemies":"Looter","floor":14,"turns":4},{"damage":66,"enemies":"Slime Boss","floor":16,"turns":13},{"damage":3,"enemies":"Shell Parasite","floor":18,"turns":3},{"damage":0,"enemies":"3 Byrds","floor":19,"turns":2},{"damage":12,"enemies":"Shelled Parasite and Fungi","floor":20,"turns":4},{"damage":7,"enemies":"Gremlin Leader","floor":23,"turns":6},{"damage":14,"enemies":"Book of Stabbing","floor":27,"turns":5},{"damage":0,"enemies":"Colosseum Slavers","floor":29,"turns":2},{"damage":0,"enemies":"Colosseum Nobs","floor":29,"turns":4},{"damage":0,"enemies":"Snake Plant","floor":31,"turns":4},{"damage":73,"enemies":"Automaton","floor":33,"turns":10}],"seed_played":"-3805696095752342403","potions_obtained":[{"floor":4,"key":"LiquidMemories"},{"floor":8,"key":"FairyPotion"},{"floor":13,"key":"FearPotion"},{"floor":16,"key":"Block Potion"},{"floor":19,"key":"LiquidBronze"},{"floor":23,"key":"EssenceOfSteel"},{"floor":27,"key":"DistilledChaos"},{"floor":29,"key":"Poison Potion"}],"is_trial":false,"path_per_floor":["M","?","?","M","?","E","M","M","T","R","$","M","E","M","R","B",null,"M","M","M","$","?","E","?","R","T","E","$","?","R","M","R","B"],"character_chosen":"THE_SILENT","items_purchased":["Vajra","Caltrops","PiercingWail"],"campfire_rested":1,"item_purchase_floors":[11,11,28],"current_hp_per_floor":[59,59,59,59,48,48,48,39,39,48,48,48,39,38,50,6,51,48,48,36,36,36,29,23,54,54,40,40,40,55,55,66,0,0],"gold":345,"neow_bonus":"THREE_ENEMY_KILL","is_daily":false,"chose_seed":false,"campfire_upgraded":4,"win_rate":0.0,"timestamp":1614314836,"path_taken":["M","?","?","M","?","E","M","M","T","R","?","M","E","M","R","BOSS","M","M","?","$","?","E","?","R","T","E","$","?","R","M","R","BOSS"],"items_purchased_type":["Relic","Card","Card"],"build_version":"2020-12-22","purchased_purges":0,"victory":false,"max_hp_per_floor":[66,66,66,66,66,66,66,66,66,66,66,66,66,66,66,66,66,66,66,66,66,66,66,66,66,66,66,66,66,66,66,66,66,66],"card_choices":[{"not_picked":["Outmaneuver","Quick Slash"],"picked":"Dagger Spray","floor":1},{"not_picked":["Dagger Throw","Setup"],"picked":"Cloak And Dagger","floor":4},{"not_picked":["PiercingWail","Deflect"],"picked":"Dash","floor":6},{"not_picked":["Acrobatics","Backflip","Infinite Blades"],"picked":"SKIP","floor":7},{"not_picked":["Outmaneuver","Heel Hook"],"picked":"Terror","floor":8},{"not_picked":["Poisoned Stab","Outmaneuver"],"picked":"Blur","floor":12},{"not_picked":["Blur","Masterful Stab"],"picked":"Phantasmal Killer","floor":13},{"not_picked":["Poisoned Stab","All Out Attack","Dagger Spray"],"picked":"SKIP","floor":14},{"not_picked":["Bullet Time","Doppelganger"],"picked":"Burst","floor":16},{"not_picked":["Masterful Stab","Flying Knee+1","Bouncing Flask"],"picked":"SKIP","floor":18},{"not_picked":["Backflip+1","Deflect","Outmaneuver+1"],"picked":"SKIP","floor":19},{"not_picked":["Dagger Throw","Skewer"],"picked":"PiercingWail+1","floor":20},{"not_picked":["Acrobatics","Dodge and Roll"],"picked":"Footwork","floor":23},{"not_picked":["Acrobatics","Deadly Poison","Flying Knee"],"picked":"SKIP","floor":27},{"not_picked":["Riddle With Holes","Backflip+1"],"picked":"Adrenaline","floor":31}],"player_experience":2083689,"relics_obtained":[{"floor":6,"key":"Snake Skull"},{"floor":9,"key":"Bag of Marbles"},{"floor":13,"key":"Incense Burner"},{"floor":23,"key":"Orichalcum"},{"floor":26,"key":"Ornamental Fan"},{"floor":27,"key":"Meat on the Bone"},{"floor":29,"key":"Gambling Chip"},{"floor":29,"key":"Bottled Flame"}],"event_choices":[{"damage_healed":0,"gold_gain":0,"player_choice":"Ignored","damage_taken":0,"max_hp_gain":0,"max_hp_loss":0,"event_name":"Liars Game","floor":2,"gold_loss":0},{"damage_healed":0,"gold_gain":0,"player_choice":"Leave","damage_taken":0,"max_hp_gain":0,"max_hp_loss":0,"event_name":"The Cleric","floor":3,"gold_loss":0},{"damage_healed":0,"gold_gain":0,"player_choice":"Success","damage_taken":11,"relics_obtained":["Eternal Feather"],"max_hp_gain":0,"max_hp_loss":0,"event_name":"Scrap Ooze","floor":5,"gold_loss":0},{"damage_healed":0,"gold_gain":0,"player_choice":"Ignored","damage_taken":0,"max_hp_gain":0,"max_hp_loss":0,"event_name":"The Mausoleum","floor":22,"gold_loss":0},{"damage_healed":0,"gold_gain":0,"player_choice":"Joined the Cult","damage_taken":6,"max_hp_gain":0,"max_hp_loss":0,"event_name":"Nest","floor":24,"gold_loss":0,"cards_obtained":["RitualDagger"]},{"damage_healed":0,"gold_gain":0,"player_choice":"Fight","damage_taken":0,"max_hp_gain":0,"max_hp_loss":0,"event_name":"Colosseum","floor":29,"gold_loss":0},{"damage_healed":0,"gold_gain":0,"player_choice":"Fought Nobs","damage_taken":0,"max_hp_gain":0,"max_hp_loss":0,"event_name":"Colosseum","floor":29,"gold_loss":0}],"is_beta":false,"boss_relics":[{"not_picked":["Ring of the Serpent","Velvet Choker"],"picked":"Astrolabe"}],"items_purged_floors":[],"is_endless":false,"potions_floor_spawned":[4,8,13,16,19,23,27,29,29],"killed_by":"Automaton","ascension_level":20}}