{"host":"w3q5ijqu8eoknil3","time":1614383165,"event":{"mods":["AchievementEnabler","BaseMod","Block Reminder","Colored Map","Colored Powertips","Curses Come First","Dark Map","Minty Spire (QoL Compilation)","Quick Restart","Relic Stats","StSLib","ojb\u0027s Better Paths Mod","ojb\u0027s Info Mod","slay the spire mod where everything is the same but ironclad has a cowboy hat"],"gold_per_floor":[113,113,130,130,130,130,158,158,182,16,16,16],"floor_reached":11,"language":"ENG","playtime":222,"items_purged":[],"score":183,"play_id":"f8a6b4e9-9732-438f-82b3-e204a0002997","local_time":"20210226234605","is_ascension_mode":true,"campfire_choices":[{"data":"Calculated Gamble","floor":6,"key":"SMITH"},{"data":"Burst","floor":8,"key":"SMITH"}],"circlet_count":0,"master_deck":["AscendersBane","Strike_G","Strike_G","Strike_G","Strike_G","Defend_G","Defend_G","Defend_G","Defend_G","Defend_G","Survivor","Neutralize","Acrobatics","Calculated Gamble+1","Backflip","Burst+1"],"relics":["Ring of the Snake","NeowsBlessing","Mummified Hand","Blood Vial","Tiny Chest","PrismaticShard"],"acts_visited":["Exordium"],"potions_floor_usage":[],"damage_taken":[{"damage":0,"enemies":"Jaw Worm","floor":1,"turns":1},{"damage":0,"enemies":"Small Slimes","floor":3,"turns":1},{"damage":0,"enemies":"Gremlin Nob","floor":7,"turns":1},{"damage":75,"enemies":"3 Sentries","floor":11,"turns":14}],"seed_played":"-7056803017461572963","potions_obtained":[],"is_trial":false,"path_per_floor":["M","?","M","T","?","R","E","R","T","$","E"],"character_chosen":"THE_SILENT","items_purchased":["PrismaticShard"],"campfire_rested":0,"item_purchase_floors":[10],"current_hp_per_floor":[59,64,64,64,64,64,64,64,64,64,0,0],"gold":16,"neow_bonus":"THREE_ENEMY_KILL","is_daily":false,"chose_seed":false,"campfire_upgraded":2,"win_rate":0.0,"timestamp":1614383165,"path_taken":["M","?","M","?","?","R","E","R","T","$","E"],"items_purchased_type":["Relic"],"build_version":"2020-12-22","purchased_purges":0,"victory":false,"max_hp_per_floor":[66,71,71,71,71,71,71,71,71,71,71,71],"relic_stats":{"Blood Vial":2,"counters":[4,17],"Mummified Hand":[0],"Tiny Chest":0,"obtain_stats":[{"Blood Vial":7,"NeowsBlessing":0,"Mummified Hand":4,"Tiny Chest":9,"PrismaticShard":10,"Ring of the Snake":0},{"Blood Vial":3,"NeowsBlessing":0,"Mummified Hand":2,"Tiny Chest":3,"PrismaticShard":3,"Ring of the Snake":0},{"Blood Vial":3,"NeowsBlessing":0,"Mummified Hand":2,"Tiny Chest":3,"PrismaticShard":3,"Ring of the Snake":0}],"Ring of the Snake":[8]},"card_choices":[{"not_picked":["Underhanded Strike","Finisher"],"picked":"Acrobatics","floor":1},{"not_picked":["Quick Slash","Bane"],"picked":"Calculated Gamble","floor":3},{"not_picked":["Noxious Fumes","Blade Dance"],"picked":"Burst","floor":7}],"player_experience":1061620,"relics_obtained":[{"floor":4,"key":"Mummified Hand"},{"floor":7,"key":"Blood Vial"},{"floor":9,"key":"Tiny Chest"}],"event_choices":[{"damage_healed":0,"gold_gain":0,"player_choice":"Donut","damage_taken":0,"max_hp_gain":5,"max_hp_loss":0,"event_name":"Big Fish","floor":2,"gold_loss":0},{"damage_healed":0,"gold_gain":0,"cards_transformed":["Strike_G"],"player_choice":"Change","damage_taken":0,"max_hp_gain":0,"max_hp_loss":0,"event_name":"Living Wall","floor":5,"gold_loss":0,"cards_obtained":["Backflip"]}],"is_beta":false,"boss_relics":[],"items_purged_floors":[],"is_endless":false,"potions_floor_spawned":[],"killed_by":"3 Sentries","ascension_level":19}}