{"host":"ocllwaoi18j60ltd","time":1614354339,"event":{"mods":["BaseMod","DeckTracker","Minty Spire (QoL Compilation)","Permanent Neow","Quick Restart","StSLib","SuperFastMode"],"gold_per_floor":[117,117,133,152,54,54,88,101,101,101,112,122,122,153,153,257,307,317,317,343,355,374,400,410,410,410,410,425,442,477,402,402,502,502,522,261,274,274,274,274,323,348,348,150,100,125,140,155,155,155],"floor_reached":51,"language":"KOR","playtime":1564,"items_purged":["Strike_B","Strike_B","Strike_B","Defend_B"],"score":910,"play_id":"6942ac30-3aa1-4062-b588-a57d9d40c98e","local_time":"20210227004539","is_ascension_mode":true,"campfire_choices":[{"data":"Biased Cognition","floor":6.0,"key":"SMITH"},{"data":"Consume","floor":10.0,"key":"SMITH"},{"data":"Capacitor","floor":13,"key":"SMITH"},{"data":"1","floor":15,"key":"LIFT"},{"data":"Fission","floor":25,"key":"SMITH"},{"floor":27,"key":"REST"},{"floor":32,"key":"REST"},{"data":"Apotheosis","floor":40,"key":"SMITH"},{"floor":49,"key":"REST"}],"circlet_count":0,"master_deck":["Defend_B","Defend_B","Defend_B","Zap","Dualcast+1","Sweeping Beam+1","Biased Cognition+1","Coolheaded","Coolheaded","Consume+1","Genetic Algorithm","Capacitor+1","Conserve Battery","Cold Snap","Fission+1","Hologram","Ball Lightning","Barrage","Glacier","Double Energy+1","Electrodynamics","Ball Lightning","Defragment","Apotheosis+1","Panacea","Glacier+1","Defragment+1","Defragment+1"],"relics":["Cracked Core","Girya","StoneCalendar","Lizard Tail","Tiny House","PreservedInsect","CaptainsWheel","Bottled Flame","Smiling Mask","Runic Pyramid","Medical Kit","Turnip","Bag of Marbles","InkBottle","Bag of Preparation","Gambling Chip"],"acts_visited":["Exordium","TheCity","TheBeyond"],"potions_floor_usage":[12,24,29,30,33,41],"damage_taken":[{"damage":0.0,"enemies":"Small Slimes","floor":1.0,"turns":3.0},{"damage":1.0,"enemies":"Cultist","floor":3.0,"turns":3.0},{"damage":0.0,"enemies":"Jaw Worm","floor":4.0,"turns":3.0},{"damage":1.0,"enemies":"Lagavulin","floor":7.0,"turns":8.0},{"damage":2.0,"enemies":"Exordium Thugs","floor":8.0,"turns":5.0},{"damage":11.0,"enemies":"Red Slaver","floor":11.0,"turns":5.0},{"damage":0,"enemies":"3 Louse","floor":12,"turns":1},{"damage":17,"enemies":"Gremlin Nob","floor":14,"turns":4},{"damage":0,"enemies":"Hexaghost","floor":16,"turns":12},{"damage":7,"enemies":"Chosen","floor":18,"turns":6},{"damage":12,"enemies":"Spheric Guardian","floor":21,"turns":5},{"damage":12,"enemies":"Snake Plant","floor":22,"turns":5},{"damage":16,"enemies":"Gremlin Leader","floor":23,"turns":6},{"damage":20,"enemies":"Shelled Parasite and Fungi","floor":24,"turns":6},{"damage":6,"enemies":"3 Cultists","floor":28,"turns":6},{"damage":7,"enemies":"Snecko","floor":29,"turns":5},{"damage":20,"enemies":"Slavers","floor":30,"turns":6},{"damage":22,"enemies":"Champ","floor":33,"turns":17},{"damage":1,"enemies":"Orb Walker","floor":35,"turns":3},{"damage":0,"enemies":"3 Shapes","floor":37,"turns":3},{"damage":31,"enemies":"2 Orb Walkers","floor":41,"turns":4},{"damage":12,"enemies":"Giant Head","floor":42,"turns":9},{"damage":0,"enemies":"Reptomancer","floor":46,"turns":5},{"damage":0,"enemies":"Spire Growth","floor":47,"turns":6},{"damage":0,"enemies":"Sphere and 2 Shapes","floor":48,"turns":2},{"damage":14,"enemies":"Awakened One","floor":50,"turns":11}],"seed_played":"4096940114215897542","potions_obtained":[{"floor":2.0,"key":"Explosive Potion"},{"floor":2.0,"key":"Swift Potion"},{"floor":2.0,"key":"SmokeBomb"},{"floor":3.0,"key":"Fruit Juice"},{"floor":7.0,"key":"SteroidPotion"},{"floor":14,"key":"ColorlessPotion"},{"floor":16,"key":"SteroidPotion"},{"floor":17,"key":"Fire Potion"},{"floor":24,"key":"FocusPotion"},{"floor":30,"key":"Weak Potion"},{"floor":35,"key":"PowerPotion"},{"floor":46,"key":"ColorlessPotion"},{"floor":47,"key":"Ancient Potion"}],"is_trial":false,"path_per_floor":["M","?","M","M","$","R","E","M","T","R","M","M","R","E","R","B",null,"M","?","T","M","M","E","M","R","T","R","M","M","E","?","R","B",null,"M","$","M","?","?","R","?","E","T","$","$","E","M","M","R","B",null],"character_chosen":"DEFECT","items_purchased":["Coolheaded","Defragment","Medical Kit","Bag of Preparation"],"campfire_rested":3,"item_purchase_floors":[5,36,36,44],"current_hp_per_floor":[75,75,79,79,79,79,78,76,76,76,65,65,65,48,48,48,85,78,78,78,66,54,38,18,18,18,43,37,30,10,10,35,13,85,84,84,84,74,74,74,43,31,31,31,31,31,31,31,56,42],"gold":155,"neow_bonus":"UPGRADE_CARD","is_daily":false,"chose_seed":false,"campfire_upgraded":5,"win_rate":0.0,"timestamp":1614354339,"path_taken":["M","?","M","?","$","R","E","M","T","R","?","M","R","E","R","BOSS","M","?","?","M","M","E","M","R","T","R","?","M","E","?","R","BOSS","M","$","M","?","?","R","?","E","T","?","$","E","?","M","R","BOSS"],"items_purchased_type":["Card","Card","Relic","Relic"],"build_version":"2020-12-22","purchased_purges":4,"victory":true,"max_hp_per_floor":[75,75,80,80,80,80,80,80,80,80,80,80,80,80,80,80,85,85,85,85,85,85,85,85,85,85,85,85,85,85,85,85,85,85,85,85,85,85,85,85,85,85,85,85,85,85,85,85,85,85],"card_choices":[{"not_picked":["Leap","Turbo"],"picked":"Sweeping Beam","floor":1.0},{"not_picked":["Rip and Tear","Aggregate"],"picked":"Biased Cognition","floor":3.0},{"not_picked":["Rip and Tear","Compile Driver"],"picked":"Coolheaded","floor":4.0},{"not_picked":["Skim","Go for the Eyes"],"picked":"Consume","floor":7.0},{"not_picked":["Redo","Gash"],"picked":"Genetic Algorithm","floor":8.0},{"not_picked":["Sunder","Barrage"],"picked":"Capacitor","floor":11.0},{"not_picked":["Static Discharge","Coolheaded"],"picked":"Conserve Battery","floor":12},{"not_picked":["Fission","Hologram"],"picked":"Cold Snap","floor":14},{"not_picked":["All For One","Hyperbeam"],"picked":"Fission","floor":16},{"not_picked":["Recycle","Conserve Battery"],"picked":"Hologram","floor":17},{"not_picked":["Storm+1","Steam"],"picked":"Ball Lightning","floor":18},{"not_picked":["Steam","Sweeping Beam"],"picked":"Barrage","floor":21},{"not_picked":["Gash","Coolheaded","Beam Cell"],"picked":"SKIP","floor":22},{"not_picked":["Hello World","Heatsinks","Reprogram"],"picked":"SKIP","floor":23},{"not_picked":["Coolheaded","Aggregate","Compile Driver"],"picked":"SKIP","floor":24},{"not_picked":["Aggregate","Doom and Gloom"],"picked":"Glacier","floor":28},{"not_picked":["White Noise","Leap"],"picked":"Double Energy+1","floor":29},{"not_picked":["Rainbow","Rebound","Barrage"],"picked":"SKIP","floor":30},{"not_picked":["Rainbow","All For One"],"picked":"Electrodynamics","floor":33},{"not_picked":["Stack+1","Consume"],"picked":"Ball Lightning","floor":35},{"not_picked":["Genetic Algorithm","Stack+1","Streamline+1"],"picked":"SKIP","floor":37},{"not_picked":["Dramatic Entrance","Chrysalis"],"picked":"Apotheosis","floor":38},{"not_picked":["Forethought","Sadistic Nature"],"picked":"Panacea","floor":38},{"not_picked":["Leap+1","Reinforced Body"],"picked":"Glacier+1","floor":41},{"not_picked":["Static Discharge+1","Steam Power"],"picked":"Defragment+1","floor":42},{"not_picked":["Fission","FTL+1","Go for the Eyes"],"picked":"SKIP","floor":46},{"not_picked":["Steam","Beam Cell"],"picked":"Defragment+1","floor":47},{"not_picked":["Steam+1","Ball Lightning","Glacier+1"],"picked":"SKIP","floor":48}],"player_experience":595385,"relics_obtained":[{"floor":7.0,"key":"Girya"},{"floor":9.0,"key":"StoneCalendar"},{"floor":14,"key":"Lizard Tail"},{"floor":20,"key":"PreservedInsect"},{"floor":23,"key":"CaptainsWheel"},{"floor":26,"key":"Bottled Flame"},{"floor":30,"key":"Smiling Mask"},{"floor":41,"key":"Turnip"},{"floor":42,"key":"Bag of Marbles"},{"floor":43,"key":"InkBottle"},{"floor":46,"key":"Gambling Chip"}],"event_choices":[{"damage_healed":0.0,"max_hp_gain":0.0,"max_hp_loss":0.0,"gold_gain":0.0,"event_name":"Lab","player_choice":"Got Potions","floor":2.0,"gold_loss":0.0,"damage_taken":0.0},{"damage_healed":0,"gold_gain":0,"player_choice":"Ignored","damage_taken":0,"max_hp_gain":0,"max_hp_loss":0,"event_name":"Vampires","floor":19,"gold_loss":0},{"cards_removed":["Strike_B"],"damage_healed":0,"gold_gain":0,"player_choice":"Gave Gold","damage_taken":0,"max_hp_gain":0,"max_hp_loss":0,"event_name":"Beggar","floor":31,"gold_loss":75},{"damage_healed":0,"gold_gain":0,"player_choice":"Memory 3","damage_taken":10,"max_hp_gain":0,"max_hp_loss":0,"event_name":"SensoryStone","floor":38,"gold_loss":0},{"damage_healed":0,"gold_gain":0,"player_choice":"Ignored","damage_taken":0,"max_hp_gain":0,"max_hp_loss":0,"event_name":"Tomb of Lord Red Mask","floor":39,"gold_loss":0},{"damage_healed":0,"gold_gain":0,"player_choice":"Fight","damage_taken":0,"max_hp_gain":0,"max_hp_loss":0,"event_name":"Mysterious Sphere","floor":41,"gold_loss":0}],"is_beta":false,"boss_relics":[{"not_picked":["Pandora\u0027s Box","Coffee Dripper"],"picked":"Tiny House"},{"not_picked":["Snecko Eye","SacredBark"],"picked":"Runic Pyramid"}],"items_purged_floors":[5,36,44,45],"is_endless":false,"potions_floor_spawned":[3,7,14,16,21,22,24,30,35,46,47,48],"ascension_level":2}}