{"host":"y1nstw52wejfnhs9","time":1614300601,"event":{"mods":["BaseMod","Bestiary","Better Note","Better Skull","Better Third Choice","Custom Start","Minty Spire (QoL Compilation)","Practice Mode","Replay The Spire","SOS???????","StSLib","SuperFastMode","The Bug Knight","The Forsaken","The Wild Card"],"gold_per_floor":[112,112,112,126,126,126,51,51,51,51,51,92,92,133,133,256,256,280,280,27,40,60,60,91,43,90,133,156,180,180,14,14,135,135,159,222,222,21,21,60,80,80,80,80,96,96,96,96,96,119,119,119],"floor_reached":53,"language":"ENG","playtime":2020,"items_purged":["Strike_B","Shame","theWildCard:Alice"],"score":786,"play_id":"1d4dfba4-8b9d-4d18-a650-c38519a797a1","local_time":"20210225165001","is_ascension_mode":true,"campfire_choices":[{"floor":6,"key":"REST"},{"floor":10,"key":"REST"},{"floor":13,"key":"RECALL"},{"floor":15,"key":"REST"},{"floor":23,"key":"REST"},{"floor":30,"key":"REST"},{"floor":32,"key":"REST"},{"data":"1","floor":44,"key":"LIFT"},{"data":"2","floor":46,"key":"LIFT"},{"floor":51,"key":"REST"}],"circlet_count":0,"master_deck":["Defend_B+1","Defend_B","Defend_B","Defend_B","Zap","Dualcast","Gash","Gash","Conserve Battery","Scrape","All For One","Beam Cell","Beam Cell","Streamline","Ball Lightning","Sunder","Go for the Eyes+1","Gash","Madness","Madness","ReplayGash","Gash+1","Undo"],"relics":["Fusion Hammer","White Beast Statue","Golden Idol","Replay:WaspNest","InkBottle","Busted Crown","Divine Protection","Sundial","Boot","Simple Rune","ReplayTheSpireMod:CursedCoin","Bag of Preparation","Empty Cage","Prayer Wheel","Girya","Ice Cream","Kunai","Anchor","Replay:Ringing Soul"],"acts_visited":["Exordium","TheCity","TheBeyond"],"potions_floor_usage":[12,27,36,36,40,41,52,52,52],"damage_taken":[{"damage":0,"enemies":"Cultist","floor":1,"turns":3},{"damage":5,"enemies":"Small Slimes","floor":4,"turns":3},{"damage":9,"enemies":"3 Sentries","floor":12,"turns":8},{"damage":33,"enemies":"Gremlin Nob","floor":14,"turns":5},{"damage":47,"enemies":"Fading Forest","floor":16,"turns":11},{"damage":10,"enemies":"2 Thieves","floor":18,"turns":3},{"damage":0,"enemies":"3 Byrds","floor":21,"turns":4},{"damage":6,"enemies":"Shelled Parasite and Fungi","floor":22,"turns":5},{"damage":17,"enemies":"Book of Stabbing","floor":24,"turns":4},{"damage":21,"enemies":"Slavers","floor":27,"turns":3},{"damage":8,"enemies":"Centurion and Healer","floor":28,"turns":6},{"damage":4,"enemies":"3 Cultists","floor":29,"turns":3},{"damage":18,"enemies":"Champ","floor":33,"turns":7},{"damage":23,"enemies":"Orb Walker","floor":35,"turns":4},{"damage":0,"enemies":"Mind Bloom Boss Battle","floor":36,"turns":1},{"damage":21,"enemies":"Reptomancer","floor":40,"turns":6},{"damage":0,"enemies":"3 Darklings","floor":41,"turns":3},{"damage":0,"enemies":"4 Shapes","floor":45,"turns":2},{"damage":0,"enemies":"Jaw Worm Horde","floor":50,"turns":3},{"damage":28,"enemies":"Donu and Deca","floor":52,"turns":7}],"seed_played":"14739018063431575","potions_obtained":[{"floor":1,"key":"Energy Potion"},{"floor":4,"key":"EssenceOfSteel"},{"floor":12,"key":"Dexterity Potion"},{"floor":14,"key":"Dexterity Potion"},{"floor":21,"key":"Fire Potion"},{"floor":27,"key":"DistilledChaos"},{"floor":29,"key":"Adrenaline Potion"},{"floor":36,"key":"Languid Potion"},{"floor":40,"key":"Swift Potion"},{"floor":41,"key":"FearPotion"},{"floor":45,"key":"Dexterity Potion"},{"floor":50,"key":"Strength Potion"}],"is_trial":false,"path_per_floor":["M","?","?","M","?","R","$","?","T","R","?","E","R","E","R","B",null,"M","?","$","M","M","R","E","$","T","E","M","M","R","$","R","B",null,"M","?","?","$","T","E","M","$","T","R","M","R","T","PTL","PTL","M","R","B",null],"character_chosen":"DEFECT","items_purchased":["Divine Protection","Beam Cell","ReplayTheSpireMod:CursedCoin","Bag of Preparation","Sunder","ReplayGash"],"campfire_rested":7,"item_purchase_floors":[20,25,31,31,31,38],"current_hp_per_floor":[75,68,73,68,68,80,80,80,80,80,60,51,51,18,42,21,80,70,70,70,70,64,80,63,63,63,42,34,30,54,54,78,60,80,57,57,47,47,47,26,26,26,26,26,26,26,26,26,26,29,53,25],"gold":119,"neow_bonus":"BOSS_RELIC","is_daily":false,"chose_seed":false,"campfire_upgraded":0,"win_rate":0.0,"timestamp":1614300601,"path_taken":["M","?","?","M","?","R","$","?","T","R","?","E","R","E","R","BOSS","M","?","$","M","M","R","E","$","T","E","M","M","R","$","R","BOSS","M","?","?","$","?","E","M","?","T","R","?","R","?","PTL","PTL","M","R","BOSS"],"items_purchased_type":["Relic","Card","Relic","Relic","Card","Card"],"build_version":"2020-12-22","purchased_purges":3,"victory":true,"max_hp_per_floor":[75,75,80,80,80,80,80,80,80,80,80,80,80,80,80,80,80,80,80,80,80,80,80,80,80,80,80,80,80,80,80,80,80,80,80,80,80,80,80,80,80,80,80,80,80,80,80,80,80,83,83,83],"card_choices":[{"not_picked":["Hologram","Leap"],"picked":"Gash","floor":1},{"not_picked":["Chaos","Consume"],"picked":"Gash","floor":4},{"not_picked":["FIFO Queue","Static Discharge"],"picked":"Conserve Battery","floor":12},{"not_picked":["Auto Shields","Steam"],"picked":"Scrape","floor":14},{"not_picked":["Rainbow","Thunder Strike"],"picked":"All For One","floor":16},{"not_picked":["Turbo"],"picked":"SKIP","floor":18},{"not_picked":["ReplayTheSpireMod:GoodbyeWorld"],"picked":"SKIP","floor":21},{"not_picked":[],"picked":"Beam Cell","floor":22},{"not_picked":["Redo"],"picked":"SKIP","floor":24},{"not_picked":["Streamline"],"picked":"SKIP","floor":27},{"not_picked":[],"picked":"Streamline","floor":27},{"not_picked":["Barrage"],"picked":"SKIP","floor":28},{"not_picked":[],"picked":"Ball Lightning","floor":29},{"not_picked":[],"picked":"ReplayTheSpireMod:Fabricate Wheel","floor":33},{"not_picked":[],"picked":"Go for the Eyes+1","floor":35},{"not_picked":[],"picked":"Gash","floor":35},{"not_picked":["Barrage"],"picked":"SKIP","floor":40},{"not_picked":[],"picked":"Gash+1","floor":41},{"not_picked":["Fusion"],"picked":"SKIP","floor":41},{"not_picked":["Streamline"],"picked":"SKIP","floor":45},{"not_picked":["Beam Cell"],"picked":"SKIP","floor":45},{"not_picked":[],"picked":"Undo","floor":50},{"not_picked":["Streamline"],"picked":"SKIP","floor":50}],"player_experience":458956,"relics_obtained":[{"floor":9,"key":"White Beast Statue"},{"floor":12,"key":"Replay:WaspNest"},{"floor":14,"key":"InkBottle"},{"floor":24,"key":"Sundial"},{"floor":26,"key":"Boot"},{"floor":27,"key":"Simple Rune"},{"floor":36,"key":"Girya"},{"floor":39,"key":"Ice Cream"},{"floor":40,"key":"Kunai"},{"floor":43,"key":"Anchor"},{"floor":47,"key":"Replay:Ringing Soul"}],"event_choices":[{"cards_removed":["Strike_B"],"damage_healed":0,"gold_gain":0,"player_choice":"Card Removal","damage_taken":7,"max_hp_gain":0,"max_hp_loss":0,"event_name":"Golden Wing","floor":2,"gold_loss":0},{"damage_healed":0,"gold_gain":0,"player_choice":"Donut","damage_taken":0,"max_hp_gain":5,"max_hp_loss":0,"event_name":"Big Fish","floor":3,"gold_loss":0},{"damage_healed":0,"gold_gain":0,"player_choice":"Take Damage","damage_taken":20,"relics_obtained":["Golden Idol"],"max_hp_gain":0,"max_hp_loss":0,"event_name":"Golden Idol","floor":11,"gold_loss":0},{"damage_healed":0,"gold_gain":0,"player_choice":"Ignored","damage_taken":0,"max_hp_gain":0,"max_hp_loss":0,"event_name":"betterNote:BetterNote","floor":19,"gold_loss":0,"cards_obtained":["Feed"]},{"damage_healed":0,"gold_gain":0,"player_choice":"Fight","damage_taken":0,"max_hp_gain":0,"max_hp_loss":0,"event_name":"MindBloom","floor":36,"gold_loss":0},{"damage_healed":0,"gold_gain":0,"player_choice":"Embrace Madness","damage_taken":10,"max_hp_gain":0,"max_hp_loss":0,"event_name":"Winding Halls","floor":37,"gold_loss":0,"cards_obtained":["Madness","Madness"]}],"is_beta":false,"boss_relics":[{"not_picked":["SlaversCollar","Inserter"],"picked":"Busted Crown"},{"not_picked":["SacredBark","Runic Dome"],"picked":"Empty Cage"}],"items_purged_floors":[7,31,38],"is_endless":false,"potions_floor_spawned":[1,4,12,14,16,18,21,22,24,27,28,29,33,35,36,40,41,45,50],"ascension_level":1}}