{"host":"qwyulmb1tab18dot","time":1614374827,"event":{"mods":["BaseMod","Colored Map","Highlight Path","Minty Spire (QoL Compilation)","StSLib"],"gold_per_floor":[115,135,151,76,151,176,176,186,260,260,260],"floor_reached":10,"language":"ENG","playtime":767,"items_purged":["Strike_G"],"score":68,"play_id":"e7cdeca0-904e-402e-a9d8-b9afc5f59e44","local_time":"20210226152707","is_ascension_mode":false,"campfire_choices":[{"floor":7,"key":"REST"}],"circlet_count":0,"master_deck":["Strike_G","Strike_G","Strike_G","Strike_G","Defend_G","Defend_G","Defend_G","Defend_G","Defend_G","Survivor","Neutralize","Dagger Throw","PiercingWail","Outmaneuver","Adrenaline"],"relics":["Ring of the Snake","Gambling Chip","Darkstone Periapt"],"acts_visited":["Exordium"],"potions_floor_usage":[6],"damage_taken":[{"damage":0,"enemies":"2 Louse","floor":1,"turns":2},{"damage":0,"enemies":"Jaw Worm","floor":2,"turns":4},{"damage":0,"enemies":"Cultist","floor":3,"turns":5},{"damage":39,"enemies":"Gremlin Nob","floor":6,"turns":5},{"damage":9,"enemies":"Exordium Thugs","floor":8,"turns":7},{"damage":46,"enemies":"Lagavulin","floor":10,"turns":11}],"seed_played":"3063788462434890798","potions_obtained":[{"floor":2,"key":"Poison Potion"}],"is_trial":false,"path_per_floor":["M","M","M","$","?","E","R","M","T","E"],"character_chosen":"THE_SILENT","items_purchased":[],"campfire_rested":1,"item_purchase_floors":[],"current_hp_per_floor":[77,77,77,77,66,27,50,41,41,0,0],"gold":260,"neow_bonus":"TEN_PERCENT_HP_BONUS","is_daily":false,"chose_seed":false,"campfire_upgraded":0,"win_rate":0.0,"timestamp":1614374827,"path_taken":["M","M","M","$","?","E","R","M","T","E"],"items_purchased_type":[],"build_version":"2020-12-22","purchased_purges":1,"victory":false,"max_hp_per_floor":[77,77,77,77,77,77,77,77,77,77,77],"card_choices":[{"not_picked":["Backstab","Flying Knee"],"picked":"Dagger Throw","floor":1},{"not_picked":["Expertise","Acrobatics"],"picked":"PiercingWail","floor":2},{"not_picked":["Blur","Caltrops"],"picked":"Outmaneuver","floor":3},{"not_picked":["Dodge and Roll","Flying Knee","Reflex"],"picked":"SKIP","floor":6},{"not_picked":["Flying Knee","Acrobatics"],"picked":"Adrenaline","floor":8}],"player_experience":20057,"relics_obtained":[{"floor":6,"key":"Gambling Chip"},{"floor":9,"key":"Darkstone Periapt"}],"event_choices":[{"damage_healed":0,"gold_gain":75,"player_choice":"Gather Gold","damage_taken":11,"max_hp_gain":0,"max_hp_loss":0,"event_name":"World of Goop","floor":5,"gold_loss":0}],"is_beta":false,"boss_relics":[],"items_purged_floors":[4],"is_endless":false,"potions_floor_spawned":[2],"killed_by":"Lagavulin","ascension_level":0}}