{"host":"ve9aztkoyqeblvav","time":1614332847,"event":{"mods":["Act Like it!","Aspiration","BaseMod","Colored Map","Colored Powertips","Highlight Path","Marked Mod","Minty Spire (QoL Compilation)","Pale of the Ancients","Quick Restart","Reorder Act Four","StSLib","The Hierophant","Waifu the Spire","[IsaacMod]ÒÔÈö¼âËþ"],"gold_per_floor":[129,39,39,39,65,65,91,91,163,163,202,233,261,283,283,356,356,376,376,79,179,219,219,259,279,354,354,407,461,488,527,527,612,612,642,649,709,709,709,750,750,775,775,775,429,463,499,526,526,533,547,547,190,190,226,240],"floor_reached":57,"language":"ZHS","playtime":2177,"items_purged":["Strike_R","Bash","Neutralize","Defend_R"],"score":4351,"play_id":"98192cac-7c05-463e-99d0-9b15cf0a1f20","local_time":"20210226174727","is_ascension_mode":true,"campfire_choices":[{"floor":6.0,"key":"REST"},{"data":"Body Slam","floor":8.0,"key":"SMITH"},{"data":"EpicFetus","floor":10.0,"key":"SMITH"},{"data":"Armaments","floor":15.0,"key":"SMITH"},{"data":"Dark Embrace","floor":23,"key":"SMITH"},{"data":"Barricade","floor":27,"key":"SMITH"},{"data":"Seeing Red","floor":32,"key":"SMITH"},{"data":"Burning Pact","floor":41,"key":"SMITH"},{"floor":44,"key":"RECALL"}],"circlet_count":0,"master_deck":["AscendersBane","Defend_R+1","EpicFetus+1","Disarm","Barricade+1","Backstab","Dagger Spray+1","Body Slam+1","Power Through+1","Armaments+1","Dark Embrace+1","Offering","CurseOfTheBell","Feel No Pain+1","Seeing Red+1","Pummel","Burning Pact+1","Battle Trance","Berserk+1","Dark Embrace+1","Violence","Warcry+1","Sever Soul+1"],"relics":["HushsDoor","BelialBook","ChampionBelt","DeadEye","PreservedInsect","SalivaCoin","SatanicBible","Akabeko","TheBean","Boot","Calling Bell","GuppysPaw","Prayer Wheel","TuHaoJin","aspiration:ArtOfWarUpgrade","GuppysTail","SteamSale","Omamori","SharpPlug","Shovel","Frozen Egg 2","YumHeart","Red Skull","BookOfRevelations","Philosopher\u0027s Stone","NineLifeCat","Blood Vial","Blue Candle","Shuriken","DeathBook","Bag of Preparation","aspiration:Nostalgia","hierophant:PropheticMaskRelic","Question Card","AnarchistCookbook","War Paint","aspiration:HiddenCompartment","Vajra","Anchor","Lee\u0027s Waffle","Whetstone"],"acts_visited":["Exordium","TheCity","TheBeyond","TheEnding"],"potions_floor_usage":[22,37,46,56],"damage_taken":[{"damage":31.0,"enemies":"Gremlin Nob","floor":1.0,"turns":4.0},{"damage":18.0,"enemies":"3 Sentries","floor":5.0,"turns":6.0},{"damage":0.0,"enemies":"Lagavulin","floor":7.0,"turns":4.0},{"damage":0.0,"enemies":"3 Sentries","floor":11.0,"turns":2.0},{"damage":0.0,"enemies":"Lagavulin","floor":12.0,"turns":4.0},{"damage":0.0,"enemies":"3 Sentries","floor":13.0,"turns":4.0},{"damage":0.0,"enemies":"Jaw Worm","floor":14.0,"turns":2.0},{"damage":0.0,"enemies":"Slime Boss","floor":16.0,"turns":2.0},{"damage":0,"enemies":"Spheric Guardian","floor":18,"turns":3},{"damage":6,"enemies":"Book of Stabbing","floor":22,"turns":4},{"damage":0,"enemies":"Slavers","floor":24,"turns":2},{"damage":0,"enemies":"3 Byrds","floor":25,"turns":3},{"damage":5,"enemies":"Book of Stabbing","floor":28,"turns":2},{"damage":19,"enemies":"Gremlin Leader","floor":29,"turns":3},{"damage":5,"enemies":"3 Cultists","floor":30,"turns":4},{"damage":6,"enemies":"Slavers","floor":31,"turns":2},{"damage":0,"enemies":"Collector","floor":33,"turns":3},{"damage":0,"enemies":"Giant Head","floor":35,"turns":3},{"damage":4,"enemies":"Nemesis","floor":37,"turns":3},{"damage":1,"enemies":"Reptomancer","floor":40,"turns":2},{"damage":0,"enemies":"Giant Head","floor":42,"turns":3},{"damage":0,"enemies":"Nemesis","floor":46,"turns":1},{"damage":0,"enemies":"Giant Head","floor":47,"turns":2},{"damage":0,"enemies":"Nemesis","floor":48,"turns":1},{"damage":0,"enemies":"Donu and Deca","floor":50,"turns":3},{"damage":0,"enemies":"Awakened One","floor":51,"turns":4},{"damage":0,"enemies":"Shield and Spear","floor":55,"turns":1},{"damage":0,"enemies":"The Heart","floor":56,"turns":5}],"seed_played":"3310075528929806139","potions_obtained":[{"floor":5.0,"key":"PowerPotion"},{"floor":7.0,"key":"HeartOfIron"},{"floor":22,"key":"SpeedPotion"},{"floor":30,"key":"Ancient Potion"},{"floor":37,"key":"EssenceOfSteel"},{"floor":47,"key":"Block Potion"}],"is_trial":false,"path_per_floor":["M","$","?","?","M","R","E","R","T","R","E","M","M","M","R","B",null,"M","?","$","?","M","R","E","M","T","R","M","E","M","M","R","B",null,"M","?","M","?","?","E","R","M","T","R","$","E","M","E","R","B","B",null,"$","R","E","B",null],"character_chosen":"IRONCLAD","items_purchased":["Barricade","GuppysPaw","GuppysTail","SteamSale","Burning Pact","Omamori","NineLifeCat","Bag of Preparation","aspiration:Nostalgia","Question Card","Vajra","Anchor","Lee\u0027s Waffle","Swift Potion","Sever Soul"],"campfire_rested":1,"item_purchase_floors":[2,17,17,20,20,20,34,45,45,45,53,53,53,53,53],"current_hp_per_floor":[37,37,37,37,19,41,41,41,41,41,41,41,41,41,41,41,48,48,48,48,48,42,42,42,42,42,42,50,31,26,20,20,20,10,10,5,3,3,3,4,4,10,10,10,10,10,10,10,10,10,10,10,17,17,17,17],"gold":240,"neow_bonus":"BOSS_RELIC","is_daily":false,"chose_seed":false,"campfire_upgraded":7,"win_rate":0.0,"timestamp":1614332847,"path_taken":["M","$","?","?","M","R","E","R","T","R","E","M","M","M","R","BOSS","M","?","$","?","?","R","E","M","T","R","M","E","M","M","R","BOSS","M","?","M","?","?","E","R","M","T","R","?","E","M","E","R","BOSS","BOSS","$","R","E","BOSS"],"items_purchased_type":["Card","Relic","Relic","Relic","Card","Relic","Relic","Relic","Relic","Relic","Relic","Relic","Relic","Potion","Card"],"build_version":"2020-12-22","purchased_purges":4,"victory":true,"max_hp_per_floor":[75,75,75,75,75,75,75,75,75,75,75,75,75,75,75,75,50,50,50,50,50,50,50,50,50,50,50,50,50,50,50,50,50,10,10,10,10,10,10,10,10,10,10,10,10,10,10,10,10,10,10,10,17,17,17,17],"card_choices":[{"not_picked":[],"picked":"EpicFetus","floor":0.0},{"not_picked":["Uppercut","Clash"],"picked":"Disarm","floor":1.0},{"not_picked":["Pummel","Entrench","Twin Strike"],"picked":"SKIP","floor":5.0},{"not_picked":["Perfected Strike","Iron Wave"],"picked":"Body Slam","floor":7.0},{"not_picked":["Hemokinesis","Body Slam","Dropkick"],"picked":"SKIP","floor":11.0},{"not_picked":["Ghostly Armor","Flex"],"picked":"Power Through","floor":12.0},{"not_picked":["Seeing Red","Twin Strike"],"picked":"Armaments","floor":13.0},{"not_picked":["Inflame","Body Slam"],"picked":"Dark Embrace","floor":14.0},{"not_picked":["Juggernaut","Bludgeon"],"picked":"Offering","floor":16.0},{"not_picked":["Thunderclap","Infernal Blade"],"picked":"Feel No Pain+1","floor":18},{"not_picked":["Headbutt","Anger","Pommel Strike"],"picked":"SKIP","floor":18},{"not_picked":["Wild Strike","Intimidate","Iron Wave"],"picked":"SKIP","floor":22},{"not_picked":["Whirlwind","Fiend Fire","Headbutt"],"picked":"SKIP","floor":24},{"not_picked":["Clothesline","Rage","Rampage"],"picked":"SKIP","floor":25},{"not_picked":["Power Through","Dual Wield+1","Twin Strike"],"picked":"SKIP","floor":25},{"not_picked":["Cleave","Sword Boomerang","Thunderclap+1"],"picked":"SKIP","floor":28},{"not_picked":["Cleave","Power Through","Heavy Blade"],"picked":"SKIP","floor":29},{"not_picked":["Shockwave","True Grit"],"picked":"Battle Trance","floor":30},{"not_picked":["Wild Strike","Shrug It Off","Battle Trance"],"picked":"SKIP","floor":30},{"not_picked":["Armaments","Whirlwind","Exhume"],"picked":"SKIP","floor":31},{"not_picked":["Demon Form+1","Brutality+1"],"picked":"Berserk+1","floor":33},{"not_picked":["Power Through","Carnage+1"],"picked":"Dark Embrace+1","floor":35},{"not_picked":["Swift Strike","Dramatic Entrance"],"picked":"Violence","floor":36},{"not_picked":["Rupture+1","Battle Trance","Iron Wave"],"picked":"SKIP","floor":37},{"not_picked":["Iron Wave","Evolve+1","Whirlwind"],"picked":"SKIP","floor":40},{"not_picked":["Anger","Whirlwind"],"picked":"Warcry+1","floor":42},{"not_picked":["Disarm","Thunderclap","True Grit","Battle Trance"],"picked":"SKIP","floor":46},{"not_picked":["Rupture+1","Clash","Immolate","Pummel"],"picked":"SKIP","floor":47},{"not_picked":["Wild Strike","Power Through","Clothesline","Sword Boomerang"],"picked":"SKIP","floor":48},{"not_picked":["Dual Wield+1","Clothesline+1","Blood for Blood","Headbutt+1"],"picked":"SKIP","floor":55}],"player_experience":1714348,"relics_obtained":[{"floor":1.0,"key":"DeadEye"},{"floor":5.0,"key":"PreservedInsect"},{"floor":7.0,"key":"SalivaCoin"},{"floor":9.0,"key":"SatanicBible"},{"floor":11.0,"key":"Akabeko"},{"floor":12.0,"key":"TheBean"},{"floor":13.0,"key":"Boot"},{"floor":17,"key":"Prayer Wheel"},{"floor":17,"key":"TuHaoJin"},{"floor":17,"key":"Art of War"},{"floor":22,"key":"SharpPlug"},{"floor":24,"key":"Shovel"},{"floor":26,"key":"Frozen Egg 2"},{"floor":28,"key":"YumHeart"},{"floor":29,"key":"Red Skull"},{"floor":31,"key":"BookOfRevelations"},{"floor":35,"key":"Blood Vial"},{"floor":37,"key":"Blue Candle"},{"floor":40,"key":"Shuriken"},{"floor":42,"key":"DeathBook"},{"floor":46,"key":"AnarchistCookbook"},{"floor":47,"key":"War Paint"},{"floor":48,"key":"aspiration:HiddenCompartment"},{"floor":55,"key":"Whetstone"}],"event_choices":[{"damage_healed":0.0,"max_hp_gain":0.0,"max_hp_loss":0.0,"gold_gain":0.0,"cards_transformed":["Strike_R"],"event_name":"Living Wall","player_choice":"Change","floor":3.0,"gold_loss":0.0,"damage_taken":0.0,"cards_obtained":["Uppercut"]},{"damage_healed":0,"gold_gain":0,"cards_transformed":["Defend_R","Defend_R"],"player_choice":"Became Test Subject","damage_taken":0,"max_hp_gain":0,"max_hp_loss":0,"event_name":"Drug Dealer","floor":19,"gold_loss":0,"cards_obtained":["Seeing Red","Pummel"]},{"damage_healed":0,"gold_gain":0,"player_choice":"Memory 2","damage_taken":5,"max_hp_gain":0,"max_hp_loss":0,"event_name":"SensoryStone","floor":36,"gold_loss":0},{"damage_healed":0,"gold_gain":0,"player_choice":"Ignored","damage_taken":0,"max_hp_gain":0,"max_hp_loss":0,"event_name":"Tomb of Lord Red Mask","floor":38,"gold_loss":0},{"cards_removed":["Uppercut"],"damage_healed":0,"gold_gain":0,"player_choice":"Purged","damage_taken":0,"max_hp_gain":0,"max_hp_loss":0,"event_name":"Purifier","floor":39,"gold_loss":0}],"is_beta":false,"boss_relics":[{"not_picked":["Cursed Key","Busted Crown"],"picked":"Calling Bell"},{"not_picked":[]},{"not_picked":["aspiration:SecretTechniqueScroll","aspiration:RunicSpoon"],"picked":"Philosopher\u0027s Stone"},{"not_picked":[]}],"items_purged_floors":[17,20,45,53],"is_endless":false,"potions_floor_spawned":[5,7,12,14,16,22,24,29,30,37,42,47,55],"ascension_level":20}}