{"host":"v9oq5ccz01n9mezq","time":1614299815,"event":{"mods":["BaseMod","Colored Map","Minty Spire (QoL Compilation)","Relic Stats"],"gold_per_floor":[113,129,148,163,175,175,207,207,207,207,207,219,219,248,248,348,348,366,380,380,68,68,98,116,116,116,116,130,147,246,271,271,374,374,387,432,432,448,464,464,464,464],"floor_reached":41,"language":"ENG","playtime":2039,"items_purged":["Strike_B"],"score":567,"play_id":"3bcc9139-1eb5-4471-b579-09ca928a1340","local_time":"20210225193655","is_ascension_mode":true,"campfire_choices":[{"data":"Scrape","floor":6,"key":"SMITH"},{"data":"Gash","floor":8,"key":"SMITH"},{"data":"Glacier","floor":11,"key":"SMITH"},{"data":"Ball Lightning","floor":13,"key":"SMITH"},{"data":"Beam Cell","floor":15,"key":"SMITH"},{"data":"Loop","floor":25,"key":"SMITH"},{"data":"Gash","floor":27,"key":"SMITH"},{"floor":32,"key":"REST"},{"data":"Thunder Strike","floor":40,"key":"SMITH"}],"circlet_count":0,"master_deck":["Strike_B","Defend_B","Defend_B","Defend_B","Zap+1","Dualcast","Gash+1","Cold Snap","Glacier+1","Ball Lightning+1","Scrape+1","Electrodynamics","Beam Cell+1","Thunder Strike+1","Sweeping Beam","Genetic Algorithm","Skim","Heatsinks","Heatsinks","Loop+1","Gash+1","FTL+1","Seek","Static Discharge+1","BootSequence+1","Sweeping Beam","Defragment"],"relics":["Cracked Core","Ancient Tea Set","Pantograph","Question Card","Pear","Nuclear Battery","Enchiridion","Sling","Girya","Lizard Tail","Bottled Lightning","Inserter","Thread and Needle"],"acts_visited":["Exordium","TheCity","TheBeyond"],"potions_floor_usage":[14,18,19,23,28,28,31,33,36],"damage_taken":[{"damage":11,"enemies":"Small Slimes","floor":1,"turns":3},{"damage":0,"enemies":"2 Louse","floor":2,"turns":1},{"damage":0,"enemies":"Jaw Worm","floor":3,"turns":2},{"damage":3,"enemies":"Red Slaver","floor":4,"turns":3},{"damage":8,"enemies":"Large Slime","floor":5,"turns":7},{"damage":16,"enemies":"3 Sentries","floor":7,"turns":6},{"damage":3,"enemies":"Gremlin Gang","floor":12,"turns":3},{"damage":0,"enemies":"Gremlin Nob","floor":14,"turns":2},{"damage":21,"enemies":"The Guardian","floor":16,"turns":9},{"damage":5,"enemies":"Chosen","floor":18,"turns":3},{"damage":6,"enemies":"2 Thieves","floor":19,"turns":2},{"damage":0,"enemies":"Slavers","floor":23,"turns":2},{"damage":10,"enemies":"3 Cultists","floor":24,"turns":4},{"damage":9,"enemies":"Centurion and Healer","floor":28,"turns":3},{"damage":18,"enemies":"Snecko","floor":29,"turns":3},{"damage":16,"enemies":"Gremlin Leader","floor":31,"turns":3},{"damage":49,"enemies":"Collector","floor":33,"turns":7},{"damage":21,"enemies":"3 Darklings","floor":35,"turns":3},{"damage":43,"enemies":"2 Orb Walkers","floor":36,"turns":4},{"damage":19,"enemies":"3 Shapes","floor":38,"turns":3},{"damage":12,"enemies":"Writhing Mass","floor":39,"turns":5},{"damage":45,"enemies":"Nemesis","floor":41,"turns":4}],"seed_played":"-6419806570290292952","potions_obtained":[{"floor":3,"key":"SneckoOil"},{"floor":5,"key":"LiquidMemories"},{"floor":7,"key":"SteroidPotion"},{"floor":12,"key":"Fire Potion"},{"floor":16,"key":"Explosive Potion"},{"floor":23,"key":"ColorlessPotion"},{"floor":24,"key":"EssenceOfSteel"},{"floor":29,"key":"PowerPotion"},{"floor":31,"key":"Swift Potion"},{"floor":35,"key":"BlessingOfTheForge"},{"floor":38,"key":"LiquidBronze"}],"is_trial":false,"path_per_floor":["M","M","M","M","M","R","E","R","T","?","R","M","R","E","R","B",null,"M","M","?","$","?","E","M","R","T","R","M","M","?","E","R","B",null,"M","?","?","M","M","R","E"],"character_chosen":"DEFECT","items_purchased":["Skim","Sling"],"campfire_rested":1,"item_purchase_floors":[21,21],"current_hp_per_floor":[64,64,64,61,53,53,37,37,37,30,30,27,27,37,37,41,85,80,74,58,58,58,58,48,48,48,48,39,21,21,5,30,6,85,64,21,21,2,42,42,0,0],"gold":464,"neow_bonus":"UPGRADE_CARD","is_daily":false,"chose_seed":false,"campfire_upgraded":8,"win_rate":0.0,"timestamp":1614299815,"path_taken":["M","M","M","M","M","R","E","R","T","?","R","M","R","E","R","BOSS","M","M","?","$","?","E","M","R","T","R","M","M","?","E","R","BOSS","M","?","?","M","?","R","E"],"items_purchased_type":["Card","Relic"],"build_version":"2020-12-22","purchased_purges":1,"victory":false,"max_hp_per_floor":[75,75,75,75,75,75,75,75,75,75,75,75,75,85,85,85,85,85,85,85,85,85,85,85,85,85,85,85,85,85,85,85,85,85,85,85,85,85,85,85,85,85],"relic_stats":{"Lizard Tail":42,"Inserter":[9],"counters":[22,82],"Pantograph":50,"Question Card":15,"obtain_stats":[{"Girya":23,"Pear":14,"Inserter":34,"Enchiridion":20,"Thread and Needle":36,"Ancient Tea Set":7,"Question Card":10,"Sling":21,"Nuclear Battery":17,"Lizard Tail":26,"Pantograph":9,"Bottled Lightning":31,"Cracked Core":0},{"Girya":12,"Pear":8,"Inserter":17,"Enchiridion":11,"Thread and Needle":19,"Ancient Tea Set":6,"Question Card":6,"Sling":11,"Nuclear Battery":9,"Lizard Tail":13,"Pantograph":6,"Bottled Lightning":16,"Cracked Core":0},{"Girya":43,"Pear":27,"Inserter":63,"Enchiridion":41,"Thread and Needle":70,"Ancient Tea Set":22,"Question Card":22,"Sling":41,"Nuclear Battery":36,"Lizard Tail":47,"Pantograph":22,"Bottled Lightning":56,"Cracked Core":0}]},"card_choices":[{"not_picked":["Leap","Steam"],"picked":"Gash","floor":1},{"not_picked":["Static Discharge","Amplify"],"picked":"Cold Snap","floor":2},{"not_picked":["Blizzard","Turbo"],"picked":"Glacier","floor":3},{"not_picked":["Storm","Stack"],"picked":"Ball Lightning","floor":4},{"not_picked":["Cold Snap","Sunder"],"picked":"Scrape","floor":5},{"not_picked":["Cold Snap","Ball Lightning","Storm"],"picked":"SKIP","floor":7},{"not_picked":["Steam Power","Glacier","Turbo"],"picked":"Electrodynamics","floor":12},{"not_picked":["Glacier","Hologram","Consume"],"picked":"Beam Cell","floor":14},{"not_picked":["Fission","Buffer","Electrodynamics"],"picked":"Thunder Strike","floor":16},{"not_picked":["Go for the Eyes","Steam","Stack"],"picked":"Sweeping Beam","floor":18},{"not_picked":["Beam Cell","Barrage","Conserve Battery"],"picked":"Genetic Algorithm","floor":19},{"not_picked":["Machine Learning","Genetic Algorithm","Hologram"],"picked":"Loop","floor":23},{"not_picked":["Genetic Algorithm","Defragment","Streamline+1"],"picked":"Gash","floor":24},{"not_picked":["Rebound","Rip and Tear+1","FTL","Capacitor"],"picked":"SKIP","floor":28},{"not_picked":["Streamline+1","Reprogram","Rebound","Hello World"],"picked":"SKIP","floor":29},{"not_picked":["Compile Driver","Steam","Reinforced Body+1"],"picked":"FTL+1","floor":31},{"not_picked":["Fission","Meteor Strike","Electrodynamics"],"picked":"Seek","floor":33},{"not_picked":["Barrage","Hologram","White Noise"],"picked":"Static Discharge+1","floor":35},{"not_picked":["Beam Cell","Melter+1","Recycle"],"picked":"BootSequence+1","floor":36},{"not_picked":["Double Energy","Rebound+1","Force Field"],"picked":"Defragment","floor":38},{"not_picked":["Compile Driver","Go for the Eyes+1","FTL","Redo+1"],"picked":"SKIP","floor":39}],"player_experience":140228,"relics_obtained":[{"floor":7,"key":"Ancient Tea Set"},{"floor":9,"key":"Pantograph"},{"floor":14,"key":"Pear"},{"floor":20,"key":"Enchiridion"},{"floor":23,"key":"Girya"},{"floor":26,"key":"Lizard Tail"},{"floor":31,"key":"Bottled Lightning"},{"floor":36,"key":"Thread and Needle"}],"event_choices":[{"damage_healed":0,"gold_gain":0,"player_choice":"Success","damage_taken":7,"relics_obtained":["Question Card"],"max_hp_gain":0,"max_hp_loss":0,"event_name":"Scrap Ooze","floor":10,"gold_loss":0},{"damage_healed":0,"gold_gain":0,"player_choice":"Obtained Book","damage_taken":16,"max_hp_gain":0,"max_hp_loss":0,"event_name":"Cursed Tome","floor":20,"gold_loss":0},{"damage_healed":0,"gold_gain":0,"cards_transformed":["Strike_B","Defend_B"],"player_choice":"Became Test Subject","damage_taken":0,"max_hp_gain":0,"max_hp_loss":0,"event_name":"Drug Dealer","floor":22,"gold_loss":0,"cards_obtained":["Heatsinks","Heatsinks"]},{"damage_healed":0,"gold_gain":99,"player_choice":"Stole From Cult","damage_taken":0,"max_hp_gain":0,"max_hp_loss":0,"event_name":"Nest","floor":30,"gold_loss":0},{"damage_healed":0,"gold_gain":0,"player_choice":"Fight","damage_taken":0,"max_hp_gain":0,"max_hp_loss":0,"event_name":"Mysterious Sphere","floor":36,"gold_loss":0},{"damage_healed":0,"gold_gain":0,"cards_transformed":["Strike_B"],"player_choice":"Transformed","damage_taken":0,"max_hp_gain":0,"max_hp_loss":0,"event_name":"Transmorgrifier","floor":37,"gold_loss":0,"cards_obtained":["Sweeping Beam"]}],"is_beta":false,"boss_relics":[{"not_picked":["Black Star","Runic Pyramid"],"picked":"Nuclear Battery"},{"not_picked":["Coffee Dripper","SacredBark"],"picked":"Inserter"}],"items_purged_floors":[21],"is_endless":false,"potions_floor_spawned":[3,5,7,12,16,23,24,29,31,35,38],"killed_by":"Nemesis","ascension_level":3}}