{"host":"8piv3t5bmy3h6dgk","time":1614362104,"event":{"mods":["AchievementEnabler","Astrologer","Bard","BaseMod","Better Altar","Better Match","BetterRewards","Colored Map","Colored Powertips","Faster Ascension Climbing","Gold Saver","Hermit","Minty Spire (QoL Compilation)","Remove Card Discount Mod","StSLib","The Bug Knight","The Cursed","The Disciple","The Hierophant","The Marked","The Necromancer","The Problem Sleuth","The Valiant","The Wild Card"],"gold_per_floor":[132,132,132,211,231,231,268,313,313,347,203,213,213,213],"floor_reached":13,"language":"ENG","playtime":899,"items_purged":["theMarked:Defend","theMarked:Defend","theMarked:Defend","theMarked:Defend"],"score":85,"play_id":"eb466069-19ab-42a4-9dbb-3b0dc4913ba5","local_time":"20210226125504","is_ascension_mode":false,"campfire_choices":[{"data":"HandOfGreed","floor":6,"key":"SMITH"}],"circlet_count":0,"master_deck":["theMarked:Strike","theMarked:Strike","theMarked:Strike","theMarked:Strike","theMarked:Strike","theMarked:SoldierOfQuellstein","theMarked:EmpowerWeapon","theMarked:WardOff","theMarked:Heritage","theMarked:SwordAndMagic","theMarked:Opportunist","theMarked:ElectricStrings","HandOfGreed+1","theMarked:BanishingStrike","theWildCard:PaleRider","theMarked:Friction","theMarked:EmpowerWeapon","theMarked:MysticalArsenal","theMarked:Memento","theMarked:BanishingWave","theMarked:Heritage","theMarked:Memento"],"relics":["theMarked:ArtifactOfAir","HollowMod:StagPassRelic","Shovel","theMarked:VonisonLock"],"acts_visited":["Exordium"],"potions_floor_usage":[13,13,13],"damage_taken":[{"damage":13,"enemies":"Jaw Worm","floor":1,"turns":3},{"damage":0,"enemies":"Small Slimes","floor":5,"turns":2},{"damage":0,"enemies":"Cultist","floor":7,"turns":2},{"damage":13,"enemies":"Exordium Thugs","floor":8,"turns":3},{"damage":20,"enemies":"HollowMod:MossKnight","floor":10,"turns":5},{"damage":6,"enemies":"Exordium Wildlife","floor":12,"turns":3},{"damage":20,"enemies":"Lagavulin","floor":13,"turns":3}],"seed_played":"974466858347647818","potions_obtained":[{"floor":1,"key":"SkillPotion"},{"floor":5,"key":"Explosive Potion"},{"floor":8,"key":"Swift Potion"}],"is_trial":false,"path_per_floor":["M","?","?","?","M","R","M","M","T","E","$","M","E"],"character_chosen":"THE_DEFAULT","items_purchased":["theMarked:EmpowerWeapon","theMarked:WardOff","theMarked:Heritage","theMarked:SwordAndMagic","HollowMod:StagPassRelic","theMarked:Opportunist","theMarked:ElectricStrings","HandOfGreed","theMarked:BanishingWave","theMarked:Heritage"],"campfire_rested":0,"item_purchase_floors":[0,0,0,0,0,0,0,0,11,11],"current_hp_per_floor":[59,59,59,59,59,59,59,46,46,26,26,20,0,0],"gold":213,"neow_bonus":"","is_daily":false,"chose_seed":false,"campfire_upgraded":1,"win_rate":0.0,"timestamp":1614362104,"path_taken":["M","?","?","?","M","R","M","M","T","E","?","?","E"],"items_purchased_type":["Card","Card","Card","Card","Relic","Card","Card","Card","Card","Card"],"build_version":"2020-12-22","purchased_purges":4,"victory":false,"max_hp_per_floor":[72,72,72,72,72,72,72,72,72,72,72,72,72,72],"card_choices":[{"not_picked":["theMarked:HeightenedSenses","theMarked:ParalyzingBlade"],"picked":"theMarked:BanishingStrike","floor":1},{"not_picked":["theMarked:LightningStrikesTwice","theMarked:WardOff"],"picked":"theMarked:Friction","floor":5},{"not_picked":["theMarked:TakeCover","theMarked:SwordAndMagic"],"picked":"theMarked:EmpowerWeapon","floor":7},{"not_picked":["theMarked:Indomitable","theMarked:WardOff"],"picked":"theMarked:MysticalArsenal","floor":8},{"not_picked":["theMarked:ResourceFulStrike","theMarked:Improvise"],"picked":"theMarked:Memento","floor":10},{"not_picked":["theMarked:TakeOffHeels","theMarked:LightningStrikesTwice"],"picked":"theMarked:Memento","floor":12}],"player_experience":174614,"relics_obtained":[{"floor":9,"key":"Shovel"},{"floor":10,"key":"theMarked:VonisonLock"}],"event_choices":[{"damage_healed":0,"gold_gain":0,"player_choice":"Leave","damage_taken":0,"max_hp_gain":0,"max_hp_loss":0,"event_name":"The Cleric","floor":3,"gold_loss":0},{"damage_healed":0,"gold_gain":79,"player_choice":"Gained Gold","damage_taken":0,"max_hp_gain":0,"max_hp_loss":0,"event_name":"Golden Wing","floor":4,"gold_loss":0}],"is_beta":false,"boss_relics":[],"items_purged_floors":[0,0,0,0],"is_endless":false,"potions_floor_spawned":[1,5,8],"killed_by":"Lagavulin","ascension_level":0}}