{"host":"dyzdf8svqmiivg97","time":1614337854,"event":{"mods":["AchievementEnabler","BaseMod","Colored Map","DeckTracker","Minty Spire (QoL Compilation)","Quick Restart","Rare Cards Sparkle","SuperFastMode"],"gold_per_floor":[368,129,142,142,142,142,161,161,241,241,241],"floor_reached":10,"language":"KOR","playtime":123,"items_purged":["Strike_P"],"score":104,"play_id":"0fbdca1c-e51c-402a-8bf0-c66ffe31465a","local_time":"20210226201054","is_ascension_mode":true,"campfire_choices":[{"data":"Eruption","floor":6,"key":"SMITH"},{"data":"FollowUp","floor":8,"key":"SMITH"}],"circlet_count":0,"master_deck":["AscendersBane","Strike_P","Strike_P","Strike_P","Defend_P","Defend_P","Defend_P","Defend_P","Eruption+1","Vigilance","FollowUp+1","Meditate"],"relics":["PureWater","Medical Kit","TeardropLocket"],"acts_visited":["Exordium"],"potions_floor_usage":[],"damage_taken":[{"damage":0,"enemies":"Small Slimes","floor":1,"turns":3},{"damage":2,"enemies":"Jaw Worm","floor":3,"turns":3},{"damage":0,"enemies":"2 Louse","floor":7,"turns":1},{"damage":65,"enemies":"Lagavulin","floor":10,"turns":3}],"seed_played":"4243242898076455986","potions_obtained":[],"is_trial":false,"path_per_floor":["M","$","M","?","?","R","M","R","T","E"],"character_chosen":"WATCHER","items_purchased":["Medical Kit"],"campfire_rested":0,"item_purchase_floors":[2],"current_hp_per_floor":[43,43,41,63,63,63,63,63,63,0,0],"gold":241,"neow_bonus":"TWO_FIFTY_GOLD","is_daily":false,"chose_seed":false,"campfire_upgraded":2,"win_rate":0.0,"timestamp":1614337854,"path_taken":["M","$","M","?","?","R","M","R","T","E"],"items_purchased_type":["Relic"],"build_version":"2020-12-22","purchased_purges":1,"victory":false,"max_hp_per_floor":[68,68,68,68,68,68,68,68,68,68,68],"card_choices":[{"not_picked":["CarveReality","ThirdEye"],"picked":"FollowUp","floor":1},{"not_picked":["Wireheading","FollowUp"],"picked":"Meditate","floor":3},{"not_picked":["Protect","Crescendo","Nirvana"],"picked":"SKIP","floor":7}],"player_experience":613896,"relics_obtained":[{"floor":9,"key":"TeardropLocket"}],"event_choices":[{"damage_healed":22,"gold_gain":0,"player_choice":"Banana","damage_taken":0,"max_hp_gain":0,"max_hp_loss":0,"event_name":"Big Fish","floor":4,"gold_loss":0},{"damage_healed":0,"gold_gain":0,"player_choice":"Ignored","damage_taken":0,"max_hp_gain":0,"max_hp_loss":0,"event_name":"Liars Game","floor":5,"gold_loss":0}],"is_beta":false,"boss_relics":[],"items_purged_floors":[2],"is_endless":false,"potions_floor_spawned":[],"killed_by":"Lagavulin","ascension_level":17}}