{"host":"y2pjqcsmy9rp2w9n","time":1614381154,"event":{"mods":["BaseMod","Curses Come First","Downfall","Highlight Path","Marisa????????","Minty Spire (QoL Compilation)","StSLib","The Cursed","The Hierophant"],"gold_per_floor":[13,25,36,46,121,121,148,148,229,245,245,245,245,258,258,353,353,363,363,379,392,403,403,436,450,450,360,360,379,201,116,116,215,215,230,244,244,144,144,194,207,207,233,243,243,38,38,54,54,54],"floor_reached":51,"language":"ENG","playtime":2183,"items_purged":["Defend_G","Defend_G"],"score":694,"play_id":"77a186f8-1858-4319-91de-9177945eb157","local_time":"20210226171234","is_ascension_mode":false,"campfire_choices":[{"floor":6,"key":"REST"},{"floor":8,"key":"REST"},{"floor":12,"key":"REST"},{"data":"Backflip","floor":15,"key":"SMITH"},{"floor":23,"key":"REST"},{"floor":28,"key":"REST"},{"floor":32,"key":"REST"},{"floor":42,"key":"REST"},{"floor":45,"key":"REST"},{"floor":47,"key":"REST"},{"floor":49,"key":"REST"}],"circlet_count":0,"master_deck":["Strike_G","Defend_G+1","Survivor+1","Neutralize","Blade Dance","Blade Dance","Backflip+1","Finisher+1","Flying Knee","Quick Slash","Blade Dance","After Image","Dagger Spray","Dagger Spray+1","Blade Dance","Finisher","Unload","Leg Sweep+1","Phantasmal Killer","Distraction+1","Flying Knee","Apotheosis","Madness","All Out Attack+1","Slice+1","downfall:Haunted","downfall:Icky","PiercingWail+1"],"relics":["Ring of the Snake","Unceasing Top","Pantograph","Empty Cage","Enchiridion","PreservedInsect","Bottled Tornado","Calipers","WristBlade","downfall:ExtraCursedKey","Peace Pipe","Pen Nib","Happy Flower"],"acts_visited":["Exordium","TheCity","TheBeyond"],"potions_floor_usage":[7,16,16,16,22,24,25,29,33,40,50,50],"damage_taken":[{"damage":4,"enemies":"Cultist","floor":1,"turns":5},{"damage":0,"enemies":"2 Louse","floor":2,"turns":2},{"damage":0,"enemies":"Jaw Worm","floor":3,"turns":3},{"damage":5,"enemies":"Looter","floor":4,"turns":3},{"damage":27,"enemies":"Gremlin Nob","floor":7,"turns":3},{"damage":3,"enemies":"Exordium Thugs","floor":10,"turns":3},{"damage":3,"enemies":"3 Louse","floor":14,"turns":3},{"damage":37,"enemies":"The Guardian","floor":16,"turns":7},{"damage":0,"enemies":"Spheric Guardian","floor":18,"turns":1},{"damage":3,"enemies":"Shell Parasite","floor":20,"turns":4},{"damage":0,"enemies":"3 Cultists","floor":21,"turns":4},{"damage":6,"enemies":"Snecko","floor":22,"turns":5},{"damage":31,"enemies":"Slavers","floor":24,"turns":5},{"damage":2,"enemies":"Centurion and Healer","floor":25,"turns":4},{"damage":2,"enemies":"Snake Plant","floor":29,"turns":3},{"damage":33,"enemies":"Automaton","floor":33,"turns":11},{"damage":26,"enemies":"3 Shapes","floor":35,"turns":2},{"damage":12,"enemies":"3 Darklings","floor":36,"turns":5},{"damage":42,"enemies":"Mind Bloom Boss Battle","floor":40,"turns":4},{"damage":0,"enemies":"Transient","floor":41,"turns":5},{"damage":26,"enemies":"4 Shapes","floor":44,"turns":2},{"damage":6,"enemies":"Jaw Worm Horde","floor":48,"turns":3},{"damage":70,"enemies":"Donu and Deca","floor":50,"turns":8}],"seed_played":"-8581906975073429824","potions_obtained":[{"floor":1,"key":"champ:CounterPotion"},{"floor":2,"key":"Explosive Potion"},{"floor":10,"key":"Strength Potion"},{"floor":14,"key":"FearPotion"},{"floor":20,"key":"BlessingOfTheForge"},{"floor":21,"key":"Swift Potion"},{"floor":22,"key":"LiquidMemories"},{"floor":25,"key":"Fruit Juice"},{"floor":36,"key":"Swift Potion"},{"floor":48,"key":"champ:CounterPotion"}],"is_trial":false,"path_per_floor":["M","M","M","M","?","R","E","R","T","M","?","R","?","M","R","B",null,"M","?","M","M","M","R","E","M","T","?","R","M","$","?","R","B",null,"M","M","?","$","?","?","M","R","T","M","R","$","R","M","R","B",null],"character_chosen":"THE_SILENT","items_purchased":["GhostInAJar","Happy Flower","AttackPotion"],"campfire_rested":10,"item_purchase_floors":[30,46,46],"current_hp_per_floor":[66,66,66,61,50,70,43,64,64,61,47,68,68,65,65,33,70,70,54,51,51,45,66,35,38,38,38,60,58,58,58,75,42,75,49,37,32,32,32,15,15,37,37,11,33,33,55,49,71,5],"gold":54,"neow_bonus":"REMOVE_TWO","is_daily":false,"chose_seed":false,"campfire_upgraded":1,"win_rate":0.0,"timestamp":1614381154,"path_taken":["M","M","M","M","?","R","E","R","T","M","?","R","?","M","R","BOSS","M","?","M","M","M","R","E","M","T","?","R","?","$","?","R","BOSS","M","M","?","$","?","?","M","R","T","M","R","?","R","M","R","BOSS"],"items_purchased_type":["Potion","Relic","Potion"],"build_version":"2020-12-22","purchased_purges":2,"victory":true,"max_hp_per_floor":[70,70,70,70,70,70,70,70,70,70,70,70,70,70,70,70,70,70,70,70,70,70,70,70,75,75,75,75,75,75,75,75,75,75,75,75,75,75,75,75,75,75,75,75,75,75,75,75,75,75],"card_choices":[{"not_picked":["Tactician","Slice"],"picked":"Blade Dance","floor":1},{"not_picked":["Dagger Spray","Bouncing Flask"],"picked":"Blade Dance","floor":2},{"not_picked":["Outmaneuver","Leg Sweep"],"picked":"Backflip","floor":3},{"not_picked":["Poisoned Stab","Slice"],"picked":"Finisher","floor":4},{"not_picked":["Backflip","Underhanded Strike"],"picked":"Flying Knee","floor":7},{"not_picked":["PiercingWail","Bane"],"picked":"Quick Slash","floor":10},{"not_picked":["Outmaneuver","Crippling Poison"],"picked":"Blade Dance","floor":14},{"not_picked":["Unload","Phantasmal Killer"],"picked":"After Image","floor":16},{"not_picked":["Dodge and Roll","Reflex"],"picked":"Dagger Spray","floor":18},{"not_picked":["Dodge and Roll","Deadly Poison"],"picked":"Dagger Spray+1","floor":20},{"not_picked":["Flechettes+1","Sucker Punch"],"picked":"Blade Dance","floor":21},{"not_picked":["Acrobatics+1","Dagger Throw"],"picked":"Finisher","floor":22},{"not_picked":["Sucker Punch","Eviscerate"],"picked":"Unload","floor":24},{"not_picked":["Backflip","Underhanded Strike","Dagger Spray"],"picked":"SKIP","floor":25},{"not_picked":["Finisher+1","Reflex"],"picked":"Leg Sweep+1","floor":29},{"not_picked":["Burst","Tools of the Trade"],"picked":"Phantasmal Killer","floor":33},{"not_picked":["Acrobatics","Leg Sweep"],"picked":"Distraction+1","floor":35},{"not_picked":["Acrobatics+1","Backflip+1"],"picked":"Flying Knee","floor":36},{"not_picked":["Madness","Master of Strategy"],"picked":"Apotheosis","floor":37},{"not_picked":["HandOfGreed","Transmutation"],"picked":"Madness","floor":37},{"not_picked":["Noxious Fumes","Deadly Poison"],"picked":"All Out Attack+1","floor":40},{"not_picked":["Acrobatics","Flechettes"],"picked":"Slice+1","floor":41},{"not_picked":["Well Laid Plans","Dodge and Roll","Flying Knee"],"picked":"SKIP","floor":44},{"not_picked":["Finisher","Flying Knee+1"],"picked":"PiercingWail+1","floor":48}],"player_experience":127564,"relics_obtained":[{"floor":7,"key":"Unceasing Top"},{"floor":9,"key":"Pantograph"},{"floor":19,"key":"Enchiridion"},{"floor":24,"key":"PreservedInsect"},{"floor":26,"key":"Bottled Tornado"},{"floor":40,"key":"Peace Pipe"},{"floor":43,"key":"Pen Nib"}],"event_choices":[{"damage_healed":0,"gold_gain":75,"player_choice":"Gather Gold","damage_taken":11,"max_hp_gain":0,"max_hp_loss":0,"event_name":"World of Goop","floor":5,"gold_loss":0},{"damage_healed":0,"gold_gain":0,"player_choice":"Entered Light","damage_taken":14,"max_hp_gain":0,"max_hp_loss":0,"event_name":"Shining Light","floor":11,"gold_loss":0,"cards_upgraded":["Survivor","Finisher"]},{"cards_removed":["Strike_G"],"damage_healed":0,"gold_gain":0,"player_choice":"Forget","damage_taken":0,"max_hp_gain":0,"max_hp_loss":0,"event_name":"Living Wall","floor":13,"gold_loss":0},{"damage_healed":0,"gold_gain":0,"player_choice":"Obtained Book","damage_taken":16,"max_hp_gain":0,"max_hp_loss":0,"event_name":"Cursed Tome","floor":19,"gold_loss":0},{"cards_removed":["Defend_G"],"damage_healed":0,"gold_gain":0,"player_choice":"Upgrade and Remove","damage_taken":0,"max_hp_gain":0,"max_hp_loss":0,"event_name":"Designer","floor":27,"gold_loss":90,"cards_upgraded":["Defend_G"]},{"damage_healed":0,"gold_gain":0,"player_choice":"Obtained Relic","damage_taken":0,"relics_obtained":["Calipers"],"max_hp_gain":0,"max_hp_loss":0,"event_name":"Addict","floor":31,"gold_loss":85},{"damage_healed":0,"gold_gain":0,"player_choice":"Memory 2","damage_taken":5,"max_hp_gain":0,"max_hp_loss":0,"event_name":"SensoryStone","floor":37,"gold_loss":0},{"damage_healed":0,"gold_gain":0,"player_choice":"Fight","damage_taken":0,"max_hp_gain":0,"max_hp_loss":0,"event_name":"MindBloom","floor":40,"gold_loss":0}],"is_beta":false,"boss_relics":[{"not_picked":["Runic Dome","bronze:MakeshiftBattery"],"picked":"Empty Cage"},{"not_picked":["Tiny House","Ring of the Serpent"],"picked":"WristBlade"}],"items_purged_floors":[30,38],"is_endless":false,"potions_floor_spawned":[1,2,10,14,20,21,22,25,36,48],"ascension_level":0}}