{"host":"0kk91h4bq4kgfj0u","time":1614378527,"event":{"mods":["BaseMod","Bestiary","Block Reminder","Colored Map","Colored Powertips","Curses Come First","Highlight Path","Minty Spire (QoL Compilation)","Relic Stats","StSLib"],"gold_per_floor":[110,126,106,126,140,171,171,93,117,175,175,175,175,201,201,201,201],"floor_reached":16,"language":"ENG","playtime":449,"items_purged":[],"score":157,"play_id":"8ffe8987-bc8c-488e-9b7d-8e21a535032c","local_time":"20210226172847","is_ascension_mode":true,"campfire_choices":[{"floor":7.0,"key":"REST"},{"floor":11.0,"key":"RECALL"},{"floor":15,"key":"REST"}],"circlet_count":0,"master_deck":["Strike_R","Strike_R","Strike_R","Strike_R","Strike_R","Defend_R","Defend_R","Defend_R","Defend_R","Bash+1","Flex","Armaments","Juggernaut","Battle Trance","Reaper","Heavy Blade","Shrug It Off","Flame Barrier"],"relics":["Burning Blood","Juzu Bracelet","Bag of Marbles","Boot","Frozen Egg 2"],"acts_visited":["Exordium"],"potions_floor_usage":[],"damage_taken":[{"damage":9.0,"enemies":"2 Louse","floor":1.0,"turns":3.0},{"damage":1.0,"enemies":"Cultist","floor":2.0,"turns":3.0},{"damage":1.0,"enemies":"Small Slimes","floor":4.0,"turns":5.0},{"damage":15.0,"enemies":"3 Louse","floor":5.0,"turns":6.0},{"damage":47.0,"enemies":"Gremlin Nob","floor":6.0,"turns":5.0},{"damage":49,"enemies":"3 Sentries","floor":14,"turns":12},{"damage":56,"enemies":"The Guardian","floor":16,"turns":8}],"seed_played":"-5439763220927498100","potions_obtained":[{"floor":2.0,"key":"Dexterity Potion"},{"floor":3.0,"key":"Fruit Juice"},{"floor":4.0,"key":"AttackPotion"},{"floor":14,"key":"Weak Potion"}],"is_trial":false,"path_per_floor":["M","M","?","M","M","E","R","$","T","?","R","?","?","E","R","B"],"character_chosen":"IRONCLAD","items_purchased":["Heavy Blade","Shrug It Off"],"campfire_rested":2,"item_purchase_floors":[8,8],"current_hp_per_floor":[69,74,79,84,75,34,59,59,59,59,59,41,41,14,39,0,0],"gold":201,"neow_bonus":"UPGRADE_CARD","is_daily":false,"chose_seed":false,"campfire_upgraded":0,"win_rate":0.0,"timestamp":1614378527,"path_taken":["M","M","?","M","M","E","R","$","T","?","R","?","?","E","R","BOSS"],"items_purchased_type":["Card","Card"],"build_version":"2020-12-22","purchased_purges":0,"victory":false,"max_hp_per_floor":[80,80,85,85,85,85,85,85,85,85,85,85,85,85,85,85,85],"relic_stats":{"counters":[7,42],"Juzu Bracelet":1,"Boot":[2],"obtain_stats":[{"Juzu Bracelet":6,"Bag of Marbles":9,"Frozen Egg 2":14,"Boot":12,"Burning Blood":0},{"Juzu Bracelet":5,"Bag of Marbles":5,"Frozen Egg 2":6,"Boot":5,"Burning Blood":0},{"Juzu Bracelet":22,"Bag of Marbles":22,"Frozen Egg 2":34,"Boot":22,"Burning Blood":0}],"Burning Blood":36},"card_choices":[{"not_picked":["Pommel Strike","Infernal Blade"],"picked":"Flex","floor":1.0},{"not_picked":["Headbutt","Warcry"],"picked":"Armaments","floor":2.0},{"not_picked":["Feel No Pain","Entrench"],"picked":"Juggernaut","floor":4.0},{"not_picked":["Carnage","Shockwave"],"picked":"Battle Trance","floor":5.0},{"not_picked":["Thunderclap","Perfected Strike"],"picked":"Reaper","floor":6.0},{"not_picked":["Thunderclap","True Grit"],"picked":"Flame Barrier","floor":14}],"player_experience":929714,"relics_obtained":[{"floor":6.0,"key":"Juzu Bracelet"},{"floor":9.0,"key":"Bag of Marbles"},{"floor":14,"key":"Frozen Egg 2"}],"event_choices":[{"damage_healed":0.0,"max_hp_gain":0.0,"max_hp_loss":0.0,"gold_gain":0.0,"event_name":"The Woman in Blue","player_choice":"Bought 1 Potion","floor":3.0,"gold_loss":0.0,"damage_taken":0.0},{"damage_healed":0.0,"max_hp_gain":0.0,"max_hp_loss":0.0,"gold_gain":58.0,"event_name":"Golden Wing","player_choice":"Gained Gold","floor":10.0,"gold_loss":0.0,"damage_taken":0.0},{"damage_healed":0.0,"max_hp_gain":0.0,"max_hp_loss":0.0,"gold_gain":0.0,"event_name":"Scrap Ooze","player_choice":"Success","floor":12.0,"gold_loss":0.0,"damage_taken":18.0,"relics_obtained":["Boot"]},{"damage_healed":0,"gold_gain":0,"player_choice":"Leave","damage_taken":0,"max_hp_gain":0,"max_hp_loss":0,"event_name":"FaceTrader","floor":13,"gold_loss":0}],"is_beta":false,"boss_relics":[],"items_purged_floors":[],"is_endless":false,"potions_floor_spawned":[2,4,14],"killed_by":"The Guardian","ascension_level":9}}