{"host":"71mgpozmht821pzh","time":1614374397,"event":{"mods":["BaseMod","Downfall","Minty Spire (QoL Compilation)","Replay The Spire","StSLib"],"gold_per_floor":[99,112,132,152,6,37,52,68,68,28,45,45,55,65,65,162,162,175,175,175,192,207,234,250,103,103,103,57,90,90,115,115,218,218,232,332,346,97,107,149,158,0,0,40,40,59,96,118,118,118],"floor_reached":51,"language":"ENG","playtime":4696,"items_purged":["Eruption"],"score":894,"play_id":"005f3632-d0f4-4c87-bc3c-12ada8154d24","local_time":"20210226151957","daily_mods":["Chimera","Red Cards"],"is_ascension_mode":true,"campfire_choices":[{"floor":12.0,"key":"REST"},{"floor":15.0,"key":"REST"},{"data":"Armaments","floor":27,"key":"SMITH"},{"floor":30,"key":"REST"},{"data":"Slimebound:MassRepurpose","floor":45,"key":"SMITH"},{"data":"Limit Break","floor":49,"key":"SMITH"}],"circlet_count":0,"master_deck":["Survivor","Zap","Strike_G","Strike_B","Defend_R","Defend_G","Defend_P","Slimebound:MinionMaster+1","Abandon","ReplayTheSpireMod:Muscle Training","Thunderclap","Defy Death","Wild Strike","Ghostly Armor","ReplayTheSpireMod:Strike From Hell","Armaments+1","Slimebound:GoopSpray","Limit Break+1","Eclipse","CurseOfTheBell","Slimebound:SplitLeeching","Amnesia","Shrug It Off","Feed","Slimebound:SplitAcid","Slimebound:SplitAcid","Shrug It Off","Twin Strike","Slimebound:Prepare","Corruption","Slimebound:Prepare","Slimebound:SplitMire+1","Dark Embrace","Doubt","Slimebound:MassRepurpose+1","True Grit+1","Slimebound:GoopTackle+1","Slimebound:LeadByExample+1"],"relics":["Slimebound:AbsorbEndCombat","Mirror","Calling Bell","Bag of Preparation","Mercury Hourglass","Turnip","Replay:Bottled Snecko","Iron Hammer","Toy Ornithopter","Shuriken","Pet Ghost","Guardian:PocketSentry","Philosopher\u0027s Stone","Onion Ring","CeramicFish","Ring of Chaos","Ring of Hypnosis","Red Mask","Replay:Accelerometer","ReplayTheSpireMod:TigerMarble","Lantern"],"acts_visited":["Exordium","TheCity","TheBeyond"],"potions_floor_usage":[16,16,23,29,33,35,39,46],"damage_taken":[{"damage":0.0,"enemies":"Small Slimes","floor":2.0,"turns":4.0},{"damage":4.0,"enemies":"Jaw Worm","floor":3.0,"turns":6.0},{"damage":9.0,"enemies":"Cultist","floor":4.0,"turns":6.0},{"damage":42.0,"enemies":"3 Sentries","floor":6.0,"turns":11.0},{"damage":0.0,"enemies":"Looter","floor":7.0,"turns":3.0},{"damage":5.0,"enemies":"2 Fungi Beasts","floor":8.0,"turns":4.0},{"damage":0.0,"enemies":"3 Louse","floor":11.0,"turns":3.0},{"damage":3.0,"enemies":"Exordium Wildlife","floor":13.0,"turns":4.0},{"damage":14.0,"enemies":"Red Slaver","floor":14.0,"turns":4.0},{"damage":31,"enemies":"Slime Boss","floor":16,"turns":11},{"damage":21,"enemies":"2 Thieves","floor":18,"turns":4},{"damage":3,"enemies":"Spheric Guardian","floor":21,"turns":5},{"damage":3,"enemies":"Centurion and Healer","floor":22,"turns":9},{"damage":30,"enemies":"Gremlin Leader","floor":23,"turns":11},{"damage":12,"enemies":"Snake Plant","floor":24,"turns":5},{"damage":14,"enemies":"Book of Stabbing","floor":29,"turns":8},{"damage":30,"enemies":"Collector","floor":33,"turns":11},{"damage":10,"enemies":"3 Darklings","floor":35,"turns":5},{"damage":0,"enemies":"Orb Walker","floor":37,"turns":2},{"damage":5,"enemies":"Writhing Mass","floor":39,"turns":4},{"damage":47,"enemies":"Nemesis","floor":40,"turns":11},{"damage":2,"enemies":"Reptomancer","floor":44,"turns":2},{"damage":0,"enemies":"3 Darklings","floor":46,"turns":4},{"damage":8,"enemies":"Nemesis","floor":47,"turns":5},{"damage":1,"enemies":"Transient","floor":48,"turns":5},{"damage":9,"enemies":"Donu and Deca","floor":50,"turns":4}],"seed_played":"-4243417309241897562","potions_obtained":[{"floor":2.0,"key":"Adrenaline Potion"},{"floor":4.0,"key":"Guardian:BlockOnCardUsePotion"},{"floor":7.0,"key":"Death Potion"},{"floor":10.0,"key":"SneckoOil"},{"floor":10.0,"key":"FearPotion"},{"floor":10.0,"key":"BlessingOfTheForge"},{"floor":13.0,"key":"BlessingOfTheForge"},{"floor":14.0,"key":"Toxic Potion"},{"floor":18,"key":"LifebloodPotion"},{"floor":21,"key":"FairyPotion"},{"floor":24,"key":"Milkshake"},{"floor":29,"key":"PowerPotion"},{"floor":33,"key":"FairyPotion"},{"floor":35,"key":"Fruit Juice"},{"floor":40,"key":"SkillPotion"},{"floor":47,"key":"SpeedPotion"}],"is_trial":true,"path_per_floor":["?","M","M","M","$","E","M","M","T","?","M","R","M","M","R","B",null,"M","?","?","M","M","E","M","$","T","R","$","E","R","T","R","B",null,"M","?","M","$","M","E","?","?","T","E","R","M","E","M","R","B",null],"character_chosen":"SLIMEBOUND","items_purchased":["Defy Death","Toy Ornithopter","Shrug It Off","Onion Ring"],"campfire_rested":3,"item_purchase_floors":[5,25,28,38],"current_hp_per_floor":[65,65,61,52,52,10,10,5,5,5,5,24,21,9,28,3,65,47,47,47,44,49,30,20,20,20,20,20,19,40,40,40,19,72,75,75,79,79,85,44,44,44,44,50,50,64,58,65,65,63],"gold":118,"neow_bonus":"","is_daily":false,"chose_seed":false,"campfire_upgraded":3,"win_rate":0.0,"timestamp":1614374397,"path_taken":["?","M","M","M","$","E","M","M","T","?","?","R","M","M","R","BOSS","M","?","?","M","?","E","M","$","T","R","$","E","R","?","R","BOSS","M","?","M","$","?","E","?","?","T","E","R","M","E","?","R","BOSS"],"items_purchased_type":["Card","Relic","Card","Relic"],"build_version":"2020-12-22","purchased_purges":1,"victory":true,"max_hp_per_floor":[65,65,65,65,65,65,65,65,65,65,65,65,65,65,65,65,65,65,65,65,65,65,68,68,68,68,68,68,72,72,72,72,72,72,76,76,80,80,85,85,85,85,85,85,85,88,88,88,88,91],"card_choices":[{"not_picked":["ReplayTheSpireMod:LeadingStrike","Shrug It Off"],"picked":"Abandon","floor":2.0},{"not_picked":["Slimebound:LevelUp","Evolve"],"picked":"ReplayTheSpireMod:Muscle Training","floor":3.0},{"not_picked":["Perfected Strike","Anger"],"picked":"Thunderclap","floor":4.0},{"not_picked":["Slimebound:TongueLash","Slimebound:SlimeSlap"],"picked":"Wild Strike","floor":6.0},{"not_picked":["Clothesline","Thunderclap"],"picked":"Ghostly Armor","floor":7.0},{"not_picked":["Shrug It Off","Slimebound:ViciousTackle"],"picked":"ReplayTheSpireMod:Strike From Hell","floor":8.0},{"not_picked":["Warcry","Slimebound:LeadByExample"],"picked":"Armaments","floor":11.0},{"not_picked":["ReplayTheSpireMod:Stacked","Slimebound:RollThrough"],"picked":"Slimebound:GoopSpray","floor":13.0},{"not_picked":["Slimebound:SplitAcid","Defy Death"],"picked":"Limit Break","floor":14.0},{"not_picked":["Fiend Fire","Slimebound:Teamwork"],"picked":"Eclipse","floor":16},{"not_picked":["Replay:Undeath\u0027s Touch","Thunderclap"],"picked":"Slimebound:SplitLeeching","floor":18},{"not_picked":["Body Slam","Massacre+1"],"picked":"Shrug It Off","floor":21},{"not_picked":["Pummel","Armaments"],"picked":"Feed","floor":22},{"not_picked":["Anger","Slimebound:Schlurp"],"picked":"Slimebound:SplitAcid","floor":23},{"not_picked":["Slimebound:AcidTongue+1","Run Through"],"picked":"Slimebound:SplitAcid","floor":24},{"not_picked":["Slimebound:TongueLash","Slimebound:RollThrough"],"picked":"Twin Strike","floor":29},{"not_picked":["Slimebound:MassRepurpose","Berserk"],"picked":"Corruption","floor":33},{"not_picked":["Havoc+1","Dropkick+1"],"picked":"Slimebound:Prepare","floor":35},{"not_picked":["Burning Pact+1","Headbutt"],"picked":"Slimebound:SplitMire+1","floor":37},{"not_picked":["Bloodletting","Havoc","Entrench+1"],"picked":"SKIP","floor":39},{"not_picked":["Heavy Blade+1","Slimebound:Prepare"],"picked":"Dark Embrace","floor":40},{"not_picked":["Rampage+1","Twin Strike"],"picked":"Slimebound:MassRepurpose","floor":44},{"not_picked":["Slimebound:LeechEnergy+1","Dual Wield"],"picked":"True Grit+1","floor":46},{"not_picked":["Havoc","Hemokinesis"],"picked":"Slimebound:GoopTackle+1","floor":47},{"not_picked":["True Grit","Slimebound:Gluttony+1"],"picked":"Slimebound:LeadByExample+1","floor":48}],"player_experience":6572599,"relics_obtained":[{"floor":9.0,"key":"Mirror"},{"floor":17,"key":"Bag of Preparation"},{"floor":17,"key":"Mercury Hourglass"},{"floor":17,"key":"Turnip"},{"floor":23,"key":"Iron Hammer"},{"floor":26,"key":"Shuriken"},{"floor":29,"key":"Pet Ghost"},{"floor":31,"key":"Guardian:PocketSentry"},{"floor":40,"key":"CeramicFish"},{"floor":41,"key":"Ring of Chaos"},{"floor":41,"key":"Ring of Hypnosis"},{"floor":43,"key":"Replay:Accelerometer"},{"floor":44,"key":"ReplayTheSpireMod:TigerMarble"},{"floor":47,"key":"Lantern"}],"event_choices":[{"damage_healed":0.0,"max_hp_gain":0.0,"max_hp_loss":0.0,"gold_gain":0.0,"event_name":"The Woman in Blue","player_choice":"Bought 3 Potions","floor":10.0,"gold_loss":0.0,"damage_taken":0.0},{"damage_healed":0,"gold_gain":0,"player_choice":"Ignored","damage_taken":0,"max_hp_gain":0,"max_hp_loss":0,"event_name":"N\u0027loth","floor":20,"gold_loss":0},{"damage_healed":0,"gold_gain":100,"player_choice":"Pray","damage_taken":0,"max_hp_gain":0,"max_hp_loss":0,"event_name":"Golden Shrine","floor":36,"gold_loss":0},{"damage_healed":0,"gold_gain":0,"player_choice":"Paid","damage_taken":0,"relics_obtained":["Red Mask"],"max_hp_gain":0,"max_hp_loss":0,"event_name":"Tomb of Lord Red Mask","floor":42,"gold_loss":158}],"is_beta":false,"boss_relics":[{"not_picked":["Ectoplasm","Slimebound:TarBlob"],"picked":"Calling Bell"},{"not_picked":["Kintsugi","Empty Cage"],"picked":"Philosopher\u0027s Stone"}],"items_purged_floors":[5],"is_endless":false,"potions_floor_spawned":[2,4,7,13,14,18,21,24,29,33,35,40,47,48],"ascension_level":1}}