{"host":"hg2vyukq38ky973l","time":1614322494,"event":{"mods":["AchievementEnabler","BaseMod","Minty Spire (QoL Compilation)"],"gold_per_floor":[111,126,48,48,48,76,87,114,114,114,64,64,64,75,75,75,75],"floor_reached":16,"language":"ENG","playtime":940,"items_purged":[],"score":133,"play_id":"0aff6294-eb66-4b45-a02f-6963b2e9b043","local_time":"20210226165454","is_ascension_mode":false,"campfire_choices":[{"data":"Protect","floor":10,"key":"SMITH"},{"data":"Eruption","floor":12,"key":"SMITH"},{"data":"Crescendo","floor":15,"key":"SMITH"}],"circlet_count":0,"master_deck":["Strike_P","Strike_P","Strike_P","Defend_P","Defend_P","Defend_P","Defend_P","Eruption+1","Vigilance","CutThroughFate+1","Protect+1","JustLucky","Protect","JustLucky","DeceiveReality","FearNoEvil","Crescendo+1"],"relics":["PureWater","NeowsBlessing","Blue Candle","Gremlin Horn"],"acts_visited":["Exordium"],"potions_floor_usage":[8,16,16],"damage_taken":[{"damage":0,"enemies":"Small Slimes","floor":1,"turns":1},{"damage":0,"enemies":"2 Louse","floor":2,"turns":1},{"damage":0,"enemies":"Lagavulin","floor":6,"turns":1},{"damage":0,"enemies":"Jaw Worm","floor":7,"turns":4},{"damage":6,"enemies":"3 Sentries","floor":8,"turns":8},{"damage":0,"enemies":"Looter","floor":14,"turns":4},{"damage":77,"enemies":"Hexaghost","floor":16,"turns":15}],"seed_played":"-2903742617560222847","potions_obtained":[{"floor":1,"key":"DuplicationPotion"},{"floor":7,"key":"SkillPotion"},{"floor":8,"key":"PowerPotion"}],"is_trial":false,"path_per_floor":["M","M","$","?","?","E","M","E","T","R","?","R","$","M","R","B"],"character_chosen":"WATCHER","items_purchased":["JustLucky","Protect"],"campfire_rested":0,"item_purchase_floors":[3,3],"current_hp_per_floor":[72,72,72,77,77,77,77,71,71,71,71,71,71,71,71,0,0],"gold":75,"neow_bonus":"THREE_ENEMY_KILL","is_daily":false,"chose_seed":false,"campfire_upgraded":3,"win_rate":0.0,"timestamp":1614322494,"path_taken":["M","M","$","?","?","E","M","E","T","R","?","R","$","M","R","BOSS"],"items_purchased_type":["Card","Card"],"build_version":"2020-12-22","purchased_purges":0,"victory":false,"max_hp_per_floor":[72,72,72,77,77,77,77,77,77,77,77,77,77,77,77,77,77],"card_choices":[{"not_picked":["ClearTheMind","BowlingBash"],"picked":"CutThroughFate","floor":1},{"not_picked":["SashWhip","CrushJoints"],"picked":"Protect","floor":2},{"not_picked":["SashWhip","MentalFortress"],"picked":"JustLucky","floor":6},{"not_picked":["BowlingBash","Vengeance"],"picked":"DeceiveReality","floor":7},{"not_picked":["WaveOfTheHand","InnerPeace"],"picked":"FearNoEvil","floor":8},{"not_picked":["BowlingBash","PathToVictory"],"picked":"Crescendo","floor":14}],"player_experience":330736,"relics_obtained":[{"floor":6,"key":"Blue Candle"},{"floor":8,"key":"Gremlin Horn"}],"event_choices":[{"damage_healed":0,"gold_gain":0,"player_choice":"Donut","damage_taken":0,"max_hp_gain":5,"max_hp_loss":0,"event_name":"Big Fish","floor":4,"gold_loss":0},{"damage_healed":0,"gold_gain":0,"player_choice":"Grow","damage_taken":0,"max_hp_gain":0,"max_hp_loss":0,"event_name":"Living Wall","floor":5,"gold_loss":0,"cards_upgraded":["CutThroughFate"]},{"cards_removed":["Strike_P"],"damage_healed":0,"gold_gain":0,"player_choice":"Card Removal","damage_taken":0,"max_hp_gain":0,"max_hp_loss":0,"event_name":"The Cleric","floor":11,"gold_loss":50}],"is_beta":false,"boss_relics":[],"items_purged_floors":[],"is_endless":false,"potions_floor_spawned":[1,7,8],"killed_by":"Hexaghost","ascension_level":0}}