{"host":"70zhvo5nwrhp1mbg","time":1614316302,"event":{"mods":["AchievementEnabler","BaseMod","Bestiary","Colored Map","Colored Powertips","Minty Spire (QoL Compilation)","Rare Cards Sparkle","Relic Stats","StSLib","ojb\u0027s Better Paths Mod","ojb\u0027s Info Mod: The sequel"],"gold_per_floor":[119,119,130,144,157,191,191,191,191],"floor_reached":8,"language":"ENG","playtime":639,"items_purged":[],"score":113,"play_id":"c9883292-db32-4a2b-8556-aeaf761def6c","local_time":"20210226001142","is_ascension_mode":true,"campfire_choices":[],"circlet_count":0,"master_deck":["AscendersBane","Strike_R","Strike_R","Strike_R","Strike_R+1","Defend_R","Defend_R","Defend_R","Defend_R","Bash","Demon Form","Headbutt","Shrug It Off","Carnage","Body Slam+1","Shrug It Off"],"relics":["Burning Blood","Whetstone","Boot"],"acts_visited":["Exordium"],"potions_floor_usage":[5],"damage_taken":[{"damage":7,"enemies":"Small Slimes","floor":1,"turns":5},{"damage":2,"enemies":"Cultist","floor":3,"turns":4},{"damage":5,"enemies":"2 Louse","floor":4,"turns":4},{"damage":16,"enemies":"Gremlin Gang","floor":5,"turns":7},{"damage":39,"enemies":"Lagavulin","floor":6,"turns":8},{"damage":17,"enemies":"3 Sentries","floor":8,"turns":7}],"seed_played":"-4537928310200757281","potions_obtained":[{"floor":3,"key":"Ancient Potion"},{"floor":4,"key":"BlessingOfTheForge"}],"is_trial":false,"path_per_floor":["M","?","M","M","M","E","?","E"],"character_chosen":"IRONCLAD","items_purchased":[],"campfire_rested":0,"item_purchase_floors":[],"current_hp_per_floor":[49,49,53,54,44,11,11,0,0],"gold":191,"neow_bonus":"THREE_RARE_CARDS","is_daily":false,"chose_seed":false,"campfire_upgraded":0,"win_rate":0.0,"timestamp":1614316302,"path_taken":["M","?","M","?","M","E","?","E"],"items_purchased_type":[],"build_version":"2020-12-22","purchased_purges":0,"victory":false,"max_hp_per_floor":[75,75,75,75,75,75,75,75,75],"relic_stats":{"counters":[6,35],"Whetstone":["Body Slam","Strike_R"],"Boot":[0],"obtain_stats":[{"Whetstone":6,"Boot":7,"Burning Blood":0},{"Whetstone":5,"Boot":5,"Burning Blood":0},{"Whetstone":28,"Boot":28,"Burning Blood":0}],"Burning Blood":30},"card_choices":[{"not_picked":["Exhume","Offering"],"picked":"Demon Form","floor":0},{"not_picked":["Warcry","Havoc"],"picked":"Headbutt","floor":1},{"not_picked":["Seeing Red","Sword Boomerang"],"picked":"Shrug It Off","floor":3},{"not_picked":["Warcry","Dropkick"],"picked":"Carnage","floor":4},{"not_picked":["Sword Boomerang","Pummel"],"picked":"Body Slam","floor":5},{"not_picked":["Disarm","Sever Soul"],"picked":"Shrug It Off","floor":6}],"player_experience":734765,"relics_obtained":[{"floor":6,"key":"Whetstone"}],"event_choices":[{"cards_removed":["Strike_R"],"damage_healed":0,"gold_gain":0,"player_choice":"Offered Basic","damage_taken":0,"max_hp_gain":0,"max_hp_loss":0,"event_name":"Bonfire Elementals","floor":2,"gold_loss":0},{"damage_healed":0,"gold_gain":0,"player_choice":"Gave Potion","damage_taken":0,"relics_obtained":["Boot"],"max_hp_gain":0,"max_hp_loss":0,"event_name":"WeMeetAgain","floor":7,"gold_loss":0}],"is_beta":false,"boss_relics":[],"items_purged_floors":[],"is_endless":false,"potions_floor_spawned":[3,4],"killed_by":"3 Sentries","ascension_level":19}}