{"host":"dtczkyto5vz790wa","time":1614323982,"event":{"mods":["BaseMod","LagranYue(¿≠∏Ò¿ °§‘¬)","Lobotomy","LobotomyExtend","Minty Spire (QoL Compilation)","Shop Mod","StSLib"],"gold_per_floor":[115,15,25,25,37,68,68,68,68],"floor_reached":8,"language":"ZHS","playtime":563,"items_purged":["Strike_G"],"score":70,"play_id":"676abda2-4e94-4d13-97cb-3330da297b61","local_time":"20210226151942","is_ascension_mode":true,"campfire_choices":[{"data":"Terror","floor":7.0,"key":"SMITH"}],"circlet_count":0,"master_deck":["Strike_G","Strike_G","Strike_G","Defend_G","Defend_G","Defend_G","Defend_G","Defend_G","Survivor","Neutralize","CrumblingArmor","Quick Slash","Dagger Throw","FieryBird","Corpse Explosion","Burst","UniverseFragment","Terror+1","Scorched","Poisoned Stab"],"relics":["Ring of the Snake","LagranYue:RandomDrawCardRelic","CogitoBucket","LetterFromLob","Smiling Mask"],"acts_visited":["Exordium"],"potions_floor_usage":[],"damage_taken":[{"damage":3.0,"enemies":"2 Louse","floor":1.0,"turns":5.0},{"damage":4.0,"enemies":"Cultist","floor":3.0,"turns":4.0},{"damage":4.0,"enemies":"Jaw Worm","floor":5.0,"turns":4.0},{"damage":15.0,"enemies":"Lagavulin","floor":6.0,"turns":6.0},{"damage":44,"enemies":"Gremlin Nob","floor":8,"turns":3}],"seed_played":"7367408301432325346","potions_obtained":[{"floor":1.0,"key":"GhostInAJar"},{"floor":3.0,"key":"Explosive Potion"}],"is_trial":false,"path_per_floor":["M","$","M","?","M","E","R","E"],"character_chosen":"THE_SILENT","items_purchased":["Dagger Throw"],"campfire_rested":0,"item_purchase_floors":[2],"current_hp_per_floor":[67,67,63,63,59,44,44,0,0],"gold":68,"neow_bonus":"","is_daily":false,"chose_seed":false,"campfire_upgraded":1,"win_rate":0.0,"timestamp":1614323982,"path_taken":["M","$","M","?","M","E","R","E"],"items_purchased_type":["Card"],"build_version":"2020-12-22","purchased_purges":1,"victory":false,"max_hp_per_floor":[70,70,70,70,70,70,70,70,70],"card_choices":[{"not_picked":["Funeral","LongBird"],"picked":"CrumblingArmor","floor":1.0},{"not_picked":["Terror","Distraction"],"picked":"Quick Slash","floor":1.0},{"not_picked":["MHz","LongBird"],"picked":"FieryBird","floor":3.0},{"not_picked":["Quick Slash","Acrobatics"],"picked":"Corpse Explosion","floor":3.0},{"not_picked":["FairyFestival","Rudolta","Scorched"],"picked":"Singing Bowl","floor":5.0},{"not_picked":["FairyFestival","Yin"],"picked":"UniverseFragment","floor":5.0},{"not_picked":["Infinite Blades","Dagger Throw"],"picked":"Terror","floor":5.0},{"not_picked":["BeautyBeast","Murderer"],"picked":"Scorched","floor":6.0},{"not_picked":["Flying Knee","Underhanded Strike"],"picked":"Poisoned Stab","floor":6.0}],"player_experience":220627,"relics_obtained":[{"floor":1.0,"key":"LetterFromLob"},{"floor":6.0,"key":"Smiling Mask"}],"event_choices":[{"damage_healed":0.0,"max_hp_gain":0.0,"max_hp_loss":0.0,"gold_gain":0.0,"cards_transformed":["Strike_G"],"event_name":"Transmorgrifier","player_choice":"Transformed","floor":4.0,"gold_loss":0.0,"damage_taken":0.0,"cards_obtained":["Burst"]}],"is_beta":false,"boss_relics":[],"items_purged_floors":[2],"is_endless":false,"potions_floor_spawned":[1,3],"killed_by":"Gremlin Nob","ascension_level":5}}