{"host":"92wx9z21c4p52du4","time":1614378213,"event":{"mods":["Act Like it!","BaseMod","ChefMod","Downfall","Evolution","GungeonMod","Infinite Spire","Minty Spire (QoL Compilation)","Relic Stats","Reliquary","Replay The Spire","StSLib","SuperFastMode","The Hierophant","The Runesmith"],"gold_per_floor":[99,118,118,118,118,131,131,131,158,180,198,198,198,198],"floor_reached":12,"language":"ENG","playtime":264,"items_purged":[],"score":66,"play_id":"b1c4aa73-ff4f-4ebd-a2b1-358847bc582f","local_time":"20210226162333","is_ascension_mode":false,"campfire_choices":[{"floor":1,"key":"DIG"}],"circlet_count":0,"master_deck":["bronze:Strike","bronze:Strike","bronze:Strike","bronze:Defend","bronze:Defend","bronze:Defend","bronze:Defend","bronze:CloningBeam","bronze:OilSpill","infinitespire:DeathsTouch","bronze:CleanCode","m_BronzeAgony","m_BronzeSurvivor"],"relics":["bronze:BronzeCore","EVO:Axolotl","Bag of Marbles","reliquary:WeakTea","infinitespire:BottledMercury","CeramicFish"],"acts_visited":["Exordium"],"potions_floor_usage":[],"damage_taken":[{"damage":0,"enemies":"2 Louse","floor":2,"turns":2},{"damage":0,"enemies":"Small Slimes","floor":6,"turns":2},{"damage":0,"enemies":"Cultist","floor":10,"turns":2},{"damage":25,"enemies":"Lagavulin","floor":12,"turns":6}],"seed_played":"6512338379217742961","potions_obtained":[{"floor":10,"key":"Block Potion"}],"is_trial":false,"path_per_floor":["R","M","?","PTL","PTL","M","?","?","T","M","?","E"],"character_chosen":"THE_AUTOMATON","items_purchased":[],"campfire_rested":0,"item_purchase_floors":[],"current_hp_per_floor":[70,70,70,70,70,70,53,53,53,53,53,28,28,28],"gold":198,"neow_bonus":"RANDOM_COMMON_RELIC","is_daily":false,"chose_seed":false,"campfire_upgraded":0,"win_rate":0.0,"timestamp":1614378213,"path_taken":["R","M","?","PTL","PTL","M","?","?","T","?","?","E"],"items_purchased_type":[],"build_version":"2020-12-22","purchased_purges":0,"victory":false,"max_hp_per_floor":[70,70,70,70,70,70,70,70,70,70,70,70,70,70],"relic_stats":{"counters":[4,12],"CeramicFish":27,"obtain_stats":[{"infinitespire:BottledMercury":3,"bronze:BronzeCore":0,"CeramicFish":9,"DemoMod:GlassGuonStoneRelic":6,"Bag of Marbles":0,"EVO:Axolotl":0,"reliquary:WeakTea":1},{"infinitespire:BottledMercury":1,"bronze:BronzeCore":0,"CeramicFish":2,"DemoMod:GlassGuonStoneRelic":2,"Bag of Marbles":0,"EVO:Axolotl":0,"reliquary:WeakTea":0},{"infinitespire:BottledMercury":2,"bronze:BronzeCore":0,"CeramicFish":4,"DemoMod:GlassGuonStoneRelic":4,"Bag of Marbles":0,"EVO:Axolotl":0,"reliquary:WeakTea":0}]},"card_choices":[{"not_picked":["bronze:MaxOutput","bronze:BugBarrage"],"picked":"bronze:CloningBeam","floor":2},{"not_picked":["bronze:ForLoop","bronze:WhirlingStrike"],"picked":"bronze:OilSpill","floor":6},{"not_picked":["ReplayTheSpireMod:Black Plague","infinitespire:Oblivion"],"picked":"infinitespire:DeathsTouch","floor":7},{"not_picked":["bronze:BugBarrage","bronze:Constructor"],"picked":"bronze:CleanCode","floor":10}],"player_experience":377915,"relics_obtained":[{"floor":1,"key":"reliquary:WeakTea"},{"floor":3,"key":"infinitespire:BottledMercury"},{"floor":9,"key":"CeramicFish"}],"event_choices":[{"cards_removed":["bronze:Strike"],"damage_healed":0,"gold_gain":0,"player_choice":"Card Removal","damage_taken":0,"max_hp_gain":0,"max_hp_loss":0,"event_name":"Wheel of Change","floor":8,"gold_loss":0}],"is_beta":false,"boss_relics":[],"items_purged_floors":[],"is_endless":false,"potions_floor_spawned":[10],"killed_by":"Lagavulin","ascension_level":0}}