{"host":"g792ep1fbt4i7bvb","time":1614359705,"event":{"mods":["BaseMod","Colored Map","Colored Powertips","DeckTracker","Highlight Path","Minty Spire (QoL Compilation)","Relic Stats","StSLib","SuperFastMode"],"gold_per_floor":[118,118,65,79,79,79,111,111,163,163,173,204,11,29,29,29,29],"floor_reached":16,"language":"JPN","playtime":535,"items_purged":[],"score":216,"play_id":"aa604fd3-e89b-48e5-b818-b865a4fee0f7","local_time":"20210227021505","is_ascension_mode":true,"campfire_choices":[{"data":"Neutralize","floor":6,"key":"SMITH"},{"data":"Predator","floor":10,"key":"SMITH"},{"floor":15,"key":"REST"}],"circlet_count":0,"master_deck":["AscendersBane","Strike_G","Strike_G","Strike_G","Strike_G","Defend_G","Defend_G","Defend_G","Defend_G","Defend_G","Survivor","Neutralize+1","Flying Knee","Poisoned Stab","Predator+1","Envenom","Footwork","Bouncing Flask","All Out Attack"],"relics":["Ring of the Snake","Matryoshka","Bottled Flame","Juzu Bracelet","Centennial Puzzle","Peace Pipe"],"acts_visited":["Exordium"],"potions_floor_usage":[7,11,12,16,16],"damage_taken":[{"damage":2,"enemies":"Jaw Worm","floor":1,"turns":5},{"damage":1,"enemies":"Cultist","floor":4,"turns":5},{"damage":44,"enemies":"3 Sentries","floor":7,"turns":10},{"damage":12,"enemies":"Small Slimes","floor":11,"turns":4},{"damage":6,"enemies":"Gremlin Nob","floor":12,"turns":3},{"damage":0,"enemies":"Exordium Wildlife","floor":14,"turns":3},{"damage":34,"enemies":"Hexaghost","floor":16,"turns":9}],"seed_played":"-5151514039290698907","potions_obtained":[{"floor":1,"key":"FairyPotion"},{"floor":7,"key":"EntropicBrew"},{"floor":14,"key":"EssenceOfSteel"}],"is_trial":false,"path_per_floor":["M","?","$","M","T","R","E","?","T","R","M","E","$","M","R","B"],"character_chosen":"THE_SILENT","items_purchased":["Strength Potion","CultistPotion","Bouncing Flask"],"campfire_rested":1,"item_purchase_floors":[3,13,13],"current_hp_per_floor":[57,57,57,56,56,56,12,12,12,12,19,13,13,13,32,0,0],"gold":29,"neow_bonus":"THREE_CARDS","is_daily":false,"chose_seed":false,"campfire_upgraded":2,"win_rate":0.0,"timestamp":1614359705,"path_taken":["M","?","?","?","?","R","E","?","T","R","M","E","$","M","R","BOSS"],"items_purchased_type":["Potion","Potion","Card"],"build_version":"2020-12-22","purchased_purges":0,"victory":false,"max_hp_per_floor":[66,66,66,66,66,66,66,66,66,66,66,66,66,66,66,66,66],"relic_stats":{"Peace Pipe":0,"Centennial Puzzle":[9],"counters":[7,39],"Juzu Bracelet":0,"obtain_stats":[{"Peace Pipe":12,"Bottled Flame":7,"Centennial Puzzle":9,"Matryoshka":5,"Juzu Bracelet":9,"Ring of the Snake":0},{"Peace Pipe":5,"Bottled Flame":3,"Centennial Puzzle":3,"Matryoshka":2,"Juzu Bracelet":3,"Ring of the Snake":0},{"Peace Pipe":27,"Bottled Flame":20,"Centennial Puzzle":20,"Matryoshka":10,"Juzu Bracelet":20,"Ring of the Snake":0}],"Ring of the Snake":[14]},"card_choices":[{"not_picked":["Slice","Poisoned Stab"],"picked":"Flying Knee","floor":0},{"not_picked":["Flying Knee","Reflex","Cloak And Dagger"],"picked":"SKIP","floor":1},{"not_picked":["Escape Plan","Backflip"],"picked":"Poisoned Stab","floor":4},{"not_picked":["Skewer","Flying Knee"],"picked":"Predator","floor":7},{"not_picked":["Bane","Cloak And Dagger"],"picked":"Envenom","floor":11},{"not_picked":["Poisoned Stab","PiercingWail"],"picked":"Footwork","floor":12},{"not_picked":["Dagger Spray","Cloak And Dagger"],"picked":"All Out Attack","floor":14}],"player_experience":753523,"relics_obtained":[{"floor":5,"key":"Matryoshka"},{"floor":7,"key":"Bottled Flame"},{"floor":9,"key":"Juzu Bracelet"},{"floor":9,"key":"Centennial Puzzle"},{"floor":12,"key":"Peace Pipe"}],"event_choices":[{"cards_removed":["Strike_G"],"damage_healed":0,"gold_gain":0,"player_choice":"Purged","damage_taken":0,"max_hp_gain":0,"max_hp_loss":0,"event_name":"Purifier","floor":2,"gold_loss":0},{"damage_healed":0,"gold_gain":0,"player_choice":"Ignored","damage_taken":0,"max_hp_gain":0,"max_hp_loss":0,"event_name":"Liars Game","floor":8,"gold_loss":0}],"is_beta":false,"boss_relics":[],"items_purged_floors":[],"is_endless":false,"potions_floor_spawned":[1,7,14],"killed_by":"Hexaghost","ascension_level":20}}