{"host":"ww12db68ec84yd8w","time":1614376033,"event":{"mods":["BaseMod","Colored Map","Minty Spire (QoL Compilation)","StSLib"],"gold_per_floor":[113,113,113,113,124,124,158,158,158,186,186,199,224,244,244,341,341,352,277,123,136,136,169,99,99,123,156,171,197,216,26,26,131,131,141,154,208,208,208,208,223,253,253,253,303,125,125,137,137,137,137,137,13,13,13],"floor_reached":54,"language":"ENG","playtime":2227,"items_purged":["Defend_B","Doom and Gloom"],"score":1037,"play_id":"bd59f569-bb91-4f4e-be8f-cb788242d904","local_time":"20210226134713","is_ascension_mode":true,"campfire_choices":[{"data":"Dualcast","floor":6,"key":"SMITH"},{"floor":8,"key":"REST"},{"floor":11,"key":"REST"},{"floor":15,"key":"REST"},{"data":"Go for the Eyes","floor":25,"key":"SMITH"},{"data":"Thunder Strike","floor":32,"key":"SMITH"},{"floor":40,"key":"RECALL"},{"floor":49,"key":"REST"},{"data":"Auto Shields","floor":52,"key":"SMITH"}],"circlet_count":0,"master_deck":["Defend_B+1","Defend_B","Zap+1","Dualcast+1","Ball Lightning","Ball Lightning","Lockon","Defragment+1","Ball Lightning","Go for the Eyes+1","Thunder Strike+1","Conserve Battery","Creative AI+1","Conserve Battery+1","Sunder","Tempest","Self Repair+1","Conserve Battery","Go for the Eyes+1","Leap","Redo+1","Glacier+1","Auto Shields+1","Leap+1","Defragment+1","Dark Shackles","Storm+1"],"relics":["Cracked Core","Frozen Egg 2","Bag of Marbles","MealTicket","Mummified Hand","Odd Mushroom","Nuclear Battery","Mercury Hourglass","Singing Bowl","Letter Opener","Bag of Preparation","Inserter","Juzu Bracelet","Mango","Strawberry","Spirit Poop","Torii"],"acts_visited":["Exordium","TheCity","TheBeyond","TheEnding"],"potions_floor_usage":[21,23,27,42,50,54,54],"damage_taken":[{"damage":9,"enemies":"Jaw Worm","floor":1,"turns":3},{"damage":0,"enemies":"Small Slimes","floor":5,"turns":2},{"damage":30,"enemies":"Gremlin Nob","floor":7,"turns":4},{"damage":17,"enemies":"Lagavulin","floor":10,"turns":4},{"damage":0,"enemies":"2 Louse","floor":12,"turns":2},{"damage":1,"enemies":"The Mushroom Lair","floor":13,"turns":2},{"damage":4,"enemies":"Exordium Wildlife","floor":14,"turns":3},{"damage":0,"enemies":"Slime Boss","floor":16,"turns":5},{"damage":6,"enemies":"Spheric Guardian","floor":18,"turns":3},{"damage":11,"enemies":"3 Byrds","floor":21,"turns":2},{"damage":0,"enemies":"Gremlin Leader","floor":23,"turns":4},{"damage":13,"enemies":"Book of Stabbing","floor":27,"turns":3},{"damage":14,"enemies":"Centurion and Healer","floor":28,"turns":4},{"damage":10,"enemies":"Gremlin Leader","floor":29,"turns":4},{"damage":12,"enemies":"Cultist and Chosen","floor":30,"turns":3},{"damage":58,"enemies":"Automaton","floor":33,"turns":8},{"damage":1,"enemies":"Orb Walker","floor":35,"turns":2},{"damage":26,"enemies":"3 Darklings","floor":36,"turns":3},{"damage":11,"enemies":"Sphere and 2 Shapes","floor":41,"turns":3},{"damage":52,"enemies":"Nemesis","floor":42,"turns":7},{"damage":8,"enemies":"Mind Bloom Boss Battle","floor":45,"turns":6},{"damage":12,"enemies":"Jaw Worm Horde","floor":48,"turns":4},{"damage":79,"enemies":"Donu and Deca","floor":50,"turns":6},{"damage":106,"enemies":"Shield and Spear","floor":54,"turns":6}],"seed_played":"6330665611691153920","potions_obtained":[{"floor":5,"key":"PotionOfCapacity"},{"floor":10,"key":"LiquidBronze"},{"floor":16,"key":"SteroidPotion"},{"floor":21,"key":"SkillPotion"},{"floor":27,"key":"FocusPotion"},{"floor":29,"key":"Regen Potion"},{"floor":41,"key":"BlessingOfTheForge"},{"floor":45,"key":"SkillPotion"},{"floor":48,"key":"FocusPotion"}],"is_trial":false,"path_per_floor":["M","?","T","?","M","R","E","R","T","E","R","M","?","M","R","B",null,"M","?","$","M","?","E","$","R","T","E","M","E","M","$","R","B",null,"M","M","T","?","?","R","M","E","T","?","?","$","?","M","R","B",null,"R","$","E"],"character_chosen":"DEFECT","items_purchased":["Creative AI+1","Tempest","Bag of Preparation","Leap","Defragment+1","Storm+1","Block Potion"],"campfire_rested":4,"item_purchase_floors":[20,24,31,31,46,53,53],"current_hp_per_floor":[59,52,52,37,37,37,7,29,29,12,34,34,33,29,51,51,69,63,63,75,64,64,64,75,75,75,62,60,60,58,73,73,27,66,75,51,51,71,71,71,60,44,51,51,53,68,68,68,99,30,86,86,101,0,0],"gold":13,"neow_bonus":"REMOVE_CARD","is_daily":false,"chose_seed":false,"campfire_upgraded":4,"win_rate":0.0,"timestamp":1614376033,"path_taken":["M","?","?","?","M","R","E","R","T","E","R","?","?","M","R","BOSS","M","?","$","M","?","E","?","R","T","E","M","E","M","$","R","BOSS","M","M","?","?","?","R","M","E","T","?","?","$","?","M","R","BOSS","R","$","E"],"items_purchased_type":["Card","Card","Relic","Card","Card","Card","Potion"],"build_version":"2020-12-22","purchased_purges":2,"victory":false,"max_hp_per_floor":[75,75,75,75,75,75,75,75,75,75,75,75,75,75,75,75,75,75,75,75,75,75,75,75,75,75,75,77,77,77,77,77,79,79,79,81,81,81,81,81,81,95,102,102,102,102,102,104,104,104,104,104,104,104,104],"card_choices":[{"not_picked":["Compile Driver","Rebound"],"picked":"Ball Lightning","floor":1},{"not_picked":["Barrage","Tempest"],"picked":"Ball Lightning","floor":5},{"not_picked":["Coolheaded","Cold Snap"],"picked":"Lockon","floor":7},{"not_picked":["Fusion","Hologram"],"picked":"Defragment+1","floor":10},{"not_picked":["Fusion","Chaos"],"picked":"Ball Lightning","floor":12},{"not_picked":["Sweeping Beam","Cold Snap"],"picked":"Go for the Eyes","floor":14},{"not_picked":["Fission","Rainbow"],"picked":"Thunder Strike","floor":16},{"not_picked":["Go for the Eyes","Redo+1"],"picked":"Conserve Battery","floor":18},{"not_picked":["Go for the Eyes","Stack"],"picked":"Conserve Battery+1","floor":21},{"not_picked":["Barrage","Coolheaded","Ball Lightning"],"picked":"SKIP","floor":23},{"not_picked":["Cold Snap+1","Rip and Tear"],"picked":"Self Repair+1","floor":27},{"not_picked":["Compile Driver","Doom and Gloom","Steam"],"picked":"Singing Bowl","floor":28},{"not_picked":["Hello World+1","Stack"],"picked":"Conserve Battery","floor":29},{"not_picked":["Rainbow","Turbo"],"picked":"Go for the Eyes+1","floor":30},{"not_picked":["All For One","Reboot","Hyperbeam"],"picked":"Singing Bowl","floor":33},{"not_picked":["Stack+1","Cold Snap"],"picked":"Redo+1","floor":35},{"not_picked":["Streamline+1","Sweeping Beam","Steam"],"picked":"Singing Bowl","floor":36},{"not_picked":["Sweeping Beam+1","Beam Cell+1"],"picked":"Glacier+1","floor":41},{"not_picked":["Fusion+1","Sweeping Beam"],"picked":"Auto Shields","floor":42},{"not_picked":["Redo+1","Stack"],"picked":"Leap+1","floor":45},{"not_picked":["Swift Strike","Mind Blast"],"picked":"Dark Shackles","floor":47},{"not_picked":["Go for the Eyes","Skim+1","Rebound+1"],"picked":"Singing Bowl","floor":48}],"player_experience":232159,"relics_obtained":[{"floor":3,"key":"Frozen Egg 2"},{"floor":7,"key":"Bag of Marbles"},{"floor":9,"key":"MealTicket"},{"floor":10,"key":"Mummified Hand"},{"floor":13,"key":"Odd Mushroom"},{"floor":23,"key":"Mercury Hourglass"},{"floor":27,"key":"Singing Bowl"},{"floor":29,"key":"Letter Opener"},{"floor":37,"key":"Juzu Bracelet"},{"floor":42,"key":"Mango"},{"floor":43,"key":"Strawberry"},{"floor":45,"key":"Torii"}],"event_choices":[{"cards_removed":["Strike_B"],"damage_healed":0,"gold_gain":0,"player_choice":"Card Removal","damage_taken":7,"max_hp_gain":0,"max_hp_loss":0,"event_name":"Golden Wing","floor":2,"gold_loss":0},{"damage_healed":0,"gold_gain":0,"player_choice":"Entered Light","damage_taken":15,"max_hp_gain":0,"max_hp_loss":0,"event_name":"Shining Light","floor":4,"gold_loss":0,"cards_upgraded":["Defend_B","Zap"]},{"damage_healed":0,"gold_gain":0,"player_choice":"Fought Mushrooms","damage_taken":0,"max_hp_gain":0,"max_hp_loss":0,"event_name":"Mushrooms","floor":13,"gold_loss":0},{"cards_removed":["Strike_B"],"damage_healed":0,"gold_gain":0,"player_choice":"Gave Gold","damage_taken":0,"max_hp_gain":0,"max_hp_loss":0,"event_name":"Beggar","floor":19,"gold_loss":75},{"damage_healed":0,"gold_gain":0,"cards_transformed":["Strike_B","Defend_B"],"player_choice":"Became Test Subject","damage_taken":0,"max_hp_gain":0,"max_hp_loss":0,"event_name":"Drug Dealer","floor":22,"gold_loss":0,"cards_obtained":["Doom and Gloom","Sunder"]},{"damage_healed":20,"gold_gain":0,"player_choice":"Writhe","damage_taken":0,"max_hp_gain":0,"max_hp_loss":0,"event_name":"Winding Halls","floor":38,"gold_loss":0,"cards_obtained":["Writhe"]},{"damage_healed":0,"gold_gain":0,"player_choice":"Ignored","damage_taken":0,"max_hp_gain":0,"max_hp_loss":0,"event_name":"Tomb of Lord Red Mask","floor":39,"gold_loss":0},{"cards_removed":["Writhe"],"damage_healed":0,"gold_gain":0,"player_choice":"Offered Curse","damage_taken":0,"relics_obtained":["Spirit Poop"],"max_hp_gain":0,"max_hp_loss":0,"event_name":"Bonfire Elementals","floor":44,"gold_loss":0},{"damage_healed":0,"gold_gain":0,"player_choice":"Fight","damage_taken":0,"max_hp_gain":0,"max_hp_loss":0,"event_name":"MindBloom","floor":45,"gold_loss":0},{"damage_healed":0,"gold_gain":0,"player_choice":"Memory 1","damage_taken":0,"max_hp_gain":0,"max_hp_loss":0,"event_name":"SensoryStone","floor":47,"gold_loss":0}],"is_beta":false,"boss_relics":[{"not_picked":["Snecko Eye","Busted Crown"],"picked":"Nuclear Battery"},{"not_picked":["SlaversCollar","Astrolabe"],"picked":"Inserter"}],"items_purged_floors":[20,46],"is_endless":false,"potions_floor_spawned":[5,10,16,21,27,29,41,45,48],"killed_by":"Shield and Spear","ascension_level":6}}