{"host":"9gd2vfcpq4ax5tj2","time":1614341699,"event":{"mods":["BaseMod","Colored Map","Minty Spire (QoL Compilation)","StSLib"],"gold_per_floor":[114,63,78,93,93,123,123,153,203,233,233,233,233,271,271,396,396,415,441,460,460,460,498,517,517,542,217,236,236,274,293,293,418,418,437,456,206,539,164,164,194,209,234,234,264,288,318,351,351,351],"floor_reached":51,"language":"ENG","playtime":2301,"items_purged":["Writhe","Injury","Strike_R"],"score":1151,"play_id":"b379f2ce-87dc-46f3-9e63-20962f4c06b5","local_time":"20210226224459","daily_mods":["Chimera","Time Dilation","Elite Swarm"],"is_ascension_mode":false,"campfire_choices":[{"data":"Reboot","floor":7,"key":"SMITH"},{"floor":12,"key":"REST"},{"data":"All For One","floor":15,"key":"SMITH"},{"data":"Seek","floor":25,"key":"SMITH"},{"data":"Gash","floor":29,"key":"SMITH"},{"data":"Seek","floor":32,"key":"SMITH"},{"data":"Eruption","floor":40,"key":"SMITH"},{"data":"Seek","floor":44,"key":"SMITH"},{"data":"All For One","floor":49,"key":"SMITH"}],"circlet_count":0,"master_deck":["Bash","Survivor","Zap","Eruption+1","Strike_G","Strike_B","Defend_R","Defend_G","Defend_P","Go for the Eyes","Gash","Scrape+1","Undo","Reboot+1","All For One+1","Seek+1","All For One+1","Seek+1","CurseOfTheBell","Melter","Beam Cell","Seek+1","Beam Cell","Gash+1","Gash","Beam Cell","Beam Cell+1","Turbo","BootSequence+1","Beam Cell+1","Gash","Go for the Eyes+1","Skim+1"],"relics":["Cracked Core","Bag of Preparation","Happy Flower","Potion Belt","Bag of Marbles","Gambling Chip","Calling Bell","Akabeko","Question Card","CaptainsWheel","Red Mask","Prayer Wheel","Lantern","Blood Vial","Ornamental Fan","Eternal Feather","Nuclear Battery","Strawberry","Shuriken","Dream Catcher","CeramicFish","Nunchaku","Molten Egg 2"],"acts_visited":["Exordium","TheCity","TheBeyond"],"potions_floor_usage":[10,14,23,33,47],"damage_taken":[{"damage":4,"enemies":"2 Louse","floor":1,"turns":3},{"damage":0,"enemies":"Small Slimes","floor":3,"turns":3},{"damage":2,"enemies":"Jaw Worm","floor":4,"turns":3},{"damage":10,"enemies":"Gremlin Nob","floor":6,"turns":3},{"damage":26,"enemies":"3 Sentries","floor":8,"turns":7},{"damage":18,"enemies":"Gremlin Nob","floor":10,"turns":3},{"damage":15,"enemies":"3 Sentries","floor":14,"turns":5},{"damage":40,"enemies":"The Guardian","floor":16,"turns":7},{"damage":0,"enemies":"Spheric Guardian","floor":18,"turns":2},{"damage":2,"enemies":"Masked Bandits","floor":19,"turns":4},{"damage":0,"enemies":"Shell Parasite","floor":20,"turns":1},{"damage":0,"enemies":"Book of Stabbing","floor":23,"turns":3},{"damage":0,"enemies":"Cultist and Chosen","floor":24,"turns":2},{"damage":0,"enemies":"Snecko","floor":28,"turns":1},{"damage":0,"enemies":"Slavers","floor":30,"turns":1},{"damage":0,"enemies":"Shelled Parasite and Fungi","floor":31,"turns":1},{"damage":0,"enemies":"Automaton","floor":33,"turns":2},{"damage":0,"enemies":"3 Darklings","floor":35,"turns":1},{"damage":5,"enemies":"3 Shapes","floor":36,"turns":1},{"damage":0,"enemies":"Reptomancer","floor":41,"turns":1},{"damage":0,"enemies":"Writhing Mass","floor":42,"turns":1},{"damage":0,"enemies":"Giant Head","floor":45,"turns":1},{"damage":0,"enemies":"Transient","floor":46,"turns":1},{"damage":0,"enemies":"Reptomancer","floor":47,"turns":1},{"damage":0,"enemies":"Maw","floor":48,"turns":1},{"damage":0,"enemies":"Donu and Deca","floor":50,"turns":1}],"seed_played":"4728103701414758894","potions_obtained":[{"floor":6,"key":"AttackPotion"},{"floor":8,"key":"Fire Potion"},{"floor":10,"key":"Fruit Juice"},{"floor":16,"key":"CultistPotion"},{"floor":20,"key":"ColorlessPotion"},{"floor":24,"key":"BlessingOfTheForge"},{"floor":30,"key":"SkillPotion"},{"floor":33,"key":"Weak Potion"},{"floor":41,"key":"AttackPotion"},{"floor":47,"key":"Swift Potion"},{"floor":48,"key":"Energy Potion"}],"is_trial":false,"path_per_floor":["M","$","M","M","?","E","R","E","T","E","?","R","?","E","R","B",null,"M","?","M","?","?","E","M","R","T","$","M","R","E","M","R","B",null,"M","M","$","?","$","R","E","M","T","R","E","M","E","M","R","B",null],"character_chosen":"DEFECT","items_purchased":["Gash","Ornamental Fan","Strawberry","Shuriken"],"campfire_rested":1,"item_purchase_floors":[2,27,37,39],"current_hp_per_floor":[71,71,71,69,69,59,59,33,33,20,20,44,70,55,55,15,80,80,78,78,78,78,78,78,78,78,78,80,80,80,80,80,80,80,80,75,82,82,82,87,87,87,87,87,87,87,87,87,87,87],"gold":351,"neow_bonus":"","is_daily":true,"chose_seed":false,"campfire_upgraded":8,"win_rate":0.0,"timestamp":1614341699,"path_taken":["M","$","M","M","?","E","R","E","T","E","?","R","?","E","R","BOSS","M","?","M","?","?","E","M","R","T","$","M","R","E","M","R","BOSS","M","M","$","?","$","R","E","M","T","R","E","M","E","M","R","BOSS"],"items_purchased_type":["Card","Relic","Relic","Relic"],"build_version":"2020-12-22","purchased_purges":3,"victory":true,"max_hp_per_floor":[75,75,75,75,75,75,75,75,75,80,80,80,80,80,80,80,80,80,80,80,80,80,80,80,80,80,80,80,80,80,80,80,80,80,80,80,87,87,87,87,87,87,87,87,87,87,87,87,87,87],"card_choices":[{"not_picked":["Hologram","Skim"],"picked":"Go for the Eyes","floor":1},{"not_picked":["Consume","Redo"],"picked":"Scrape","floor":3},{"not_picked":["Coolheaded","Fusion"],"picked":"Undo","floor":4},{"not_picked":["Machine Learning","Hyperbeam"],"picked":"Reboot","floor":6},{"not_picked":["Amplify","Biased Cognition"],"picked":"All For One","floor":8},{"not_picked":["Biased Cognition","Meteor Strike"],"picked":"Seek","floor":10},{"not_picked":["Multi-Cast","Echo Form"],"picked":"All For One","floor":14},{"not_picked":["Buffer","Multi-Cast"],"picked":"Seek","floor":16},{"not_picked":["Cold Snap","Heatsinks","Fusion"],"picked":"Melter","floor":18},{"not_picked":["Stack+1","Steam","Scrape"],"picked":"Beam Cell","floor":20},{"not_picked":["Multi-Cast","Thunder Strike","Buffer"],"picked":"Seek","floor":23},{"not_picked":["Streamline+1","Rebound","Ball Lightning"],"picked":"Beam Cell","floor":24},{"not_picked":["Stack","Streamline","Go for the Eyes"],"picked":"Gash","floor":24},{"not_picked":["Skim","Hologram+1","Sweeping Beam","Loop+1"],"picked":"SKIP","floor":28},{"not_picked":["Stack+1","Steam","Reinforced Body","Meteor Strike"],"picked":"SKIP","floor":28},{"not_picked":["All For One","Biased Cognition","Machine Learning","Buffer"],"picked":"SKIP","floor":30},{"not_picked":["Chaos","Glacier+1","Turbo"],"picked":"Gash","floor":31},{"not_picked":["Loop","Darkness","Turbo"],"picked":"Beam Cell","floor":31},{"not_picked":["Go for the Eyes","Steam+1","Hello World+1"],"picked":"Beam Cell+1","floor":35},{"not_picked":["Streamline","Chaos","Coolheaded","Cold Snap"],"picked":"SKIP","floor":35},{"not_picked":["Heatsinks+1","Reinforced Body","Rip and Tear"],"picked":"Turbo","floor":36},{"not_picked":["Sweeping Beam+1","Doom and Gloom","Tempest+1"],"picked":"BootSequence+1","floor":36},{"not_picked":["Echo Form","Rainbow","Amplify","All For One"],"picked":"SKIP","floor":41},{"not_picked":["Compile Driver+1","Chill+1","Rip and Tear+1"],"picked":"Beam Cell+1","floor":42},{"not_picked":["Stack+1","Hologram+1","Coolheaded","Sunder+1"],"picked":"SKIP","floor":42},{"not_picked":["Echo Form","Fission","All For One","Amplify"],"picked":"SKIP","floor":45},{"not_picked":["Self Repair","Ball Lightning+1","Rebound+1"],"picked":"Gash","floor":46},{"not_picked":["Compile Driver","Blizzard+1","Reinforced Body","Force Field"],"picked":"SKIP","floor":46},{"not_picked":["Multi-Cast","Core Surge+1","Reboot","Fission"],"picked":"SKIP","floor":47},{"not_picked":["Beam Cell+1","Hologram","Glacier"],"picked":"Go for the Eyes+1","floor":48},{"not_picked":["Heatsinks+1","Undo+1","Redo"],"picked":"Skim+1","floor":48}],"player_experience":124490,"relics_obtained":[{"floor":6,"key":"Bag of Preparation"},{"floor":8,"key":"Happy Flower"},{"floor":9,"key":"Potion Belt"},{"floor":10,"key":"Bag of Marbles"},{"floor":14,"key":"Gambling Chip"},{"floor":17,"key":"Akabeko"},{"floor":17,"key":"Question Card"},{"floor":17,"key":"CaptainsWheel"},{"floor":19,"key":"Red Mask"},{"floor":23,"key":"Lantern"},{"floor":26,"key":"Blood Vial"},{"floor":30,"key":"Eternal Feather"},{"floor":41,"key":"Dream Catcher"},{"floor":43,"key":"CeramicFish"},{"floor":45,"key":"Nunchaku"},{"floor":47,"key":"Molten Egg 2"}],"event_choices":[{"damage_healed":0,"gold_gain":0,"player_choice":"Grow","damage_taken":0,"max_hp_gain":0,"max_hp_loss":0,"event_name":"Living Wall","floor":5,"gold_loss":0,"cards_upgraded":["Scrape"]},{"damage_healed":0,"gold_gain":0,"player_choice":"Take Wound","damage_taken":0,"relics_obtained":["Golden Idol"],"max_hp_gain":0,"max_hp_loss":0,"event_name":"Golden Idol","floor":11,"gold_loss":0,"cards_obtained":["Injury"]},{"damage_healed":26,"gold_gain":0,"player_choice":"Banana","damage_taken":0,"max_hp_gain":0,"max_hp_loss":0,"event_name":"Big Fish","floor":13,"gold_loss":0},{"damage_healed":0,"gold_gain":0,"player_choice":"Fought Bandits","damage_taken":0,"max_hp_gain":0,"max_hp_loss":0,"event_name":"Masked Bandits","floor":19,"gold_loss":0},{"damage_healed":0,"gold_gain":0,"player_choice":"Ignored","damage_taken":0,"max_hp_gain":0,"max_hp_loss":0,"event_name":"Ghosts","floor":21,"gold_loss":0},{"damage_healed":0,"gold_gain":0,"player_choice":"Opened","damage_taken":0,"relics_obtained":["Prayer Wheel"],"max_hp_gain":0,"max_hp_loss":0,"event_name":"The Mausoleum","floor":22,"gold_loss":0,"cards_obtained":["Writhe"]},{"damage_healed":0,"gold_gain":333,"player_choice":"Gave Idol","damage_taken":0,"max_hp_gain":0,"max_hp_loss":0,"event_name":"The Moai Head","floor":38,"relics_lost":["Golden Idol"],"gold_loss":0}],"is_beta":false,"boss_relics":[{"not_picked":["Runic Dome","Coffee Dripper"],"picked":"Calling Bell"},{"not_picked":["SlaversCollar","Runic Pyramid"],"picked":"Nuclear Battery"}],"items_purged_floors":[27,37,39],"is_endless":false,"potions_floor_spawned":[6,8,10,16,20,24,30,33,41,45,47,48],"ascension_level":0}}