{"host":"j689vzuyapqu4ncb","time":1614370722,"event":{"mods":["BaseMod","Downfall","Highlight Path","Marisa（F雨　魔理沙）","Minty Spire (QoL Compilation)","Quick Restart","Replay The Spire","RumiaBox-露米娅的神秘盒子","StSLib","The Construct","篝火指南"],"gold_per_floor":[114,19999,19999,19999,19999,19999,19999,19999,19999,19999,19999,19999,19999,19999,19999,19999,19999,19999,19999,19999,19999,19999,19999,19999,19999,19999,19999,19999,19999,19999,19999,19999,19999,19999,19999,19999,19999,19999,19999,19999,19999,19999,19999,19999,19999,19999,19999,19999,19999,19999,19999,19999,19999,19999,19999],"floor_reached":56,"language":"ZHS","playtime":4385,"items_purged":["Strike_G","Looming Evil","Strike_G","Defend_G","Strike_G","Strike_G","Strike_G","Flechettes","Well Laid Plans","ReplayTheSpireMod:Necrosis","ReplayTheSpireMod:Necrosis+1","ReplayTheSpireMod:Necrosis+1","PiercingWail+1","Noxious Fumes+1"],"score":1291,"play_id":"43ac42df-df99-4737-b054-c80fb03e3327","local_time":"20210227041841","is_ascension_mode":false,"campfire_choices":[{"floor":40,"key":"RECALL"},{"data":"Hidden Blade","floor":42,"key":"PURGE"},{"data":"Bouncing Flask+1","floor":52,"key":"PURGE"}],"circlet_count":0,"master_deck":["Replay:Bag of Tricks+1","Master of Strategy+1","Poisoned Strike+1","Specialist+1","Bouncing Flask+1","Draining Mist","Outmaneuver","Master of Strategy+1","Apotheosis+1","Replay:Bag of Tricks+1","Burst+1","Deadly Poison+1","Fluid Movement+1","Specialist+1","PiercingWail+1"],"relics":["Ring of the Snake","Centennial Puzzle","ReplayTheSpireMod:ShopPack","Ring of Panic","ReplayTheSpireMod:Ring of Addiction","Toy Ornithopter","White Beast Statue","Shuriken","Replay:WaspNest","Orrery","CeramicFish","Iron Hammer","Replay:Baseball","Chemical X","TwistedFunnel","Happy Flower","Vajra","Membership Card","Mirror","ReplayTheSpireMod:Lightbulb","bronze:MakeshiftBattery","OrangePellets","Question Card","Ornamental Fan","StrikeDummy","TheAbacus","Du-Vu Doll","Bag of Marbles","Frozen Eye","Girya","Dream Catcher","Bottled Tornado","The Courier","Replay:Ringing Soul","LastBattle","ReplayTheSpireMod:Ninjato","PreservedInsect","War Paint","ZombieArmy","StoneCalendar","Whetstone","Lantern","Onion Ring","Matryoshka","TungstenRod","Strawberry","Boot","Golden Egg","MagicDraw1","SSSystem","SecretRecord","Replay:Mystery Machine","Divine Protection","Bag of Preparation","Simple Rune","Replay:Wax Seal","Bottled Lightning","Durian","Counterbalance","Blood Vial","InkBottle","Letter Opener","Nunchaku","Basket Of Snakes","GodSword5","Toxic Egg 2","SumBook","Anchor","Guide Book","Orichalcum","Prayer Wheel","Replay:Bottled Eggs","Bronze Scales","ReplayFunnel","Regal Pillow","MagicDraw3","Gremlin Horn","Replay:Rubber Ducky","ReplayTheSpireMod:TigerMarble","Art of War","Incense Burner","Pen Nib","Eternal Feather","Ancient Tea Set","Mummified Hand","Mercury Hourglass","Blue Candle","HornCleat","Juzu Bracelet","Replay:Multitool","Pet Ghost","Potion Belt","Snake Skull","Pantograph","Tiny Chest","Peace Pipe","ChaoDraw","Replay:Bandana","Ccalipers","MagicDraw4","Akabeko","Omamori","Chameleon Ring","Darkstone Periapt","Replay:Accelerometer","Unceasing Top","Frozen Egg 2","Replay:Bottled Flurry","Pear","Gambling Chip","Quantum Egg","Meat on the Bone","Paper Crane","GodSword4","MoreBug","Replay:Bottled Steam","Torii","Singing Bowl","GodSword1","Ninja Scroll","ReplayTheSpireMod:Shallot","Molten Egg 2","GodSword7","GodSword6","construct:FoamFinger","Bottled Flame","Sundial","Snack Pack","MagicDraw2","Garlic","Kunai","GodSword3","Replay:Bottled Snecko","Ice Cream","Replay:Kaleidoscope","FossilizedHelix","Byrd Skull","Thread and Needle","The Specimen","Replay:Arrowhead","Ginger","Bird Faced Urn","Replay:PocketPolymizer","CaptainsWheel","Mango","Calipers","Vampiric Spirits","Replay:Towering Pillar of Hats","Tingsha","WingedGreaves","construct:RocketBooster","Pocketwatch","Lizard Tail","Turnip","Tough Bandages","construct:BoolHorns","PlanX","Oddly Smooth Stone","MealTicket","HandDrill","SlaversCollar","Sling","DollysMirror","CatCart","Lee\u0027s Waffle"],"acts_visited":["Exordium","TheCity","TheBeyond","TheEnding"],"potions_floor_usage":[8,11,13,13,16,21,22,23,24,27,55,55,55,55,55,55,55,55],"damage_taken":[{"damage":0,"enemies":"Jaw Worm","floor":1,"turns":6},{"damage":5,"enemies":"Small Slimes","floor":2,"turns":4},{"damage":0,"enemies":"Cultist","floor":4,"turns":3},{"damage":7,"enemies":"Replay:BlueRogue","floor":8,"turns":3},{"damage":0,"enemies":"Lots of Slimes","floor":11,"turns":2},{"damage":0,"enemies":"Gremlin Nob","floor":13,"turns":2},{"damage":7,"enemies":"Blue Slaver","floor":14,"turns":2},{"damage":22,"enemies":"The Guardian","floor":16,"turns":5},{"damage":2,"enemies":"Shell Parasite","floor":18,"turns":2},{"damage":2,"enemies":"2 Thieves","floor":21,"turns":2},{"damage":4,"enemies":"3 Cultists","floor":22,"turns":3},{"damage":0,"enemies":"Gremlin Leader","floor":23,"turns":3},{"damage":0,"enemies":"Shelled Parasite and Fungi","floor":24,"turns":1},{"damage":0,"enemies":"Sentry and Sphere","floor":27,"turns":2},{"damage":0,"enemies":"Book of Stabbing","floor":31,"turns":1},{"damage":0,"enemies":"Automaton","floor":33,"turns":1},{"damage":0,"enemies":"3 Darklings","floor":35,"turns":1},{"damage":0,"enemies":"3 Shapes","floor":36,"turns":1},{"damage":0,"enemies":"3 Darklings","floor":38,"turns":1},{"damage":0,"enemies":"Mind Bloom Boss Battle","floor":39,"turns":1},{"damage":0,"enemies":"Orin","floor":49,"turns":2},{"damage":0,"enemies":"Replay:Hell Engine","floor":50,"turns":1},{"damage":0,"enemies":"Shield and Spear","floor":54,"turns":1},{"damage":0,"enemies":"The Heart","floor":55,"turns":1}],"seed_played":"5366060237006893533","potions_obtained":[{"floor":5,"key":"ColorlessPotion"},{"floor":8,"key":"Fire Potion"},{"floor":11,"key":"SteroidPotion"},{"floor":13,"key":"EntropicBrew"},{"floor":14,"key":"Elixir"},{"floor":16,"key":"Fire Potion"},{"floor":21,"key":"Weak Potion"},{"floor":22,"key":"Swift Potion"},{"floor":23,"key":"PowerPotion"},{"floor":24,"key":"Toxic Potion"},{"floor":27,"key":"Explosive Potion"}],"is_trial":false,"path_per_floor":["M","M","$","M","?","R","?","E","T","$","M","R","E","M","R","B",null,"M","$","$","M","M","E","M","R","T","M","R","?","$","E","R","B",null,"M","M","$","M","?","R","?","R","T","$","?","T","?","?","R","B",null,"R","$","E","B",null],"character_chosen":"THE_SILENT","items_purchased":["Centennial Puzzle","ReplayTheSpireMod:ShopPack","Fire Potion","AttackPotion","Shuriken","Replay:WaspNest","Well Laid Plans","Orrery","Iron Hammer","Master of Strategy","Replay:Baseball","Chemical X","TwistedFunnel","Happy Flower","ReplayTheSpireMod:Necrosis","Membership Card","Mirror","ReplayTheSpireMod:Lightbulb","Toxic Potion","Energy Potion","OrangePellets","Question Card","Ornamental Fan","StrikeDummy","TheAbacus","Du-Vu Doll","Apotheosis","Frozen Eye","Girya","Dream Catcher","The Courier","Replay:Ringing Soul","LastBattle","ReplayTheSpireMod:Ninjato","PreservedInsect","War Paint","ZombieArmy","StoneCalendar","Whetstone","Lantern","Onion Ring","Matryoshka","TungstenRod","Strawberry","Boot","Golden Egg","MagicDraw1","SSSystem","SecretRecord","Replay:Mystery Machine","Divine Protection","Bag of Preparation","Simple Rune","Replay:Wax Seal","Bottled Lightning","Durian","Counterbalance","Blood Vial","InkBottle","Letter Opener","Nunchaku","Basket Of Snakes","GodSword5","Toxic Egg 2","SumBook","Guide Book","Orichalcum","Prayer Wheel","Replay:Bottled Eggs","Bronze Scales","ReplayFunnel","Regal Pillow","MagicDraw3","Gremlin Horn","Replay:Rubber Ducky","ReplayTheSpireMod:TigerMarble","Art of War","Incense Burner","Pen Nib","Eternal Feather","Ancient Tea Set","Mummified Hand","Mercury Hourglass","Blue Candle","HornCleat","Juzu Bracelet","Replay:Multitool","Pet Ghost","Potion Belt","Snake Skull","Pantograph","Tiny Chest","Peace Pipe","ChaoDraw","Replay:Bandana","Ccalipers","MagicDraw4","Akabeko","Omamori","Chameleon Ring","Darkstone Periapt","Replay:Accelerometer","Unceasing Top","Frozen Egg 2","Replay:Bottled Flurry","Pear","Gambling Chip","Quantum Egg","Meat on the Bone","Paper Crane","GodSword4","MoreBug","Replay:Bottled Steam","Torii","Singing Bowl","GodSword1","Ninja Scroll","ReplayTheSpireMod:Shallot","Molten Egg 2","GodSword7","GodSword6","construct:FoamFinger","Bottled Flame","Sundial","Snack Pack","MagicDraw2","Garlic","Kunai","GodSword3","Replay:Bottled Snecko","Ice Cream","Replay:Kaleidoscope","FossilizedHelix","Byrd Skull","Thread and Needle","The Specimen","Replay:Arrowhead","Ginger","Bird Faced Urn","Replay:PocketPolymizer","CaptainsWheel","Mango","Calipers","Vampiric Spirits","Replay:Towering Pillar of Hats","Tingsha","WingedGreaves","construct:RocketBooster","Pocketwatch","Lizard Tail","Turnip","Tough Bandages","construct:BoolHorns","PlanX","Oddly Smooth Stone","MealTicket","Adrenaline Potion","Toxic Potion","HandDrill","Sling","DollysMirror","Lee\u0027s Waffle"],"campfire_rested":0,"item_purchase_floors":[3,3,3,3,6,6,6,6,10,10,10,10,12,12,12,15,15,15,15,15,19,19,19,20,20,20,20,25,25,25,28,28,28,28,28,28,28,28,28,28,28,28,28,28,28,28,28,28,28,28,28,28,28,28,28,28,28,28,28,28,28,28,28,28,28,30,30,30,30,30,30,30,30,30,30,30,30,30,30,30,30,30,30,30,30,30,30,30,30,30,30,30,30,30,30,30,30,30,30,30,30,30,30,30,30,30,30,30,30,30,30,30,30,30,30,30,30,30,30,30,30,30,30,30,30,30,30,30,30,30,30,30,30,30,30,30,30,30,30,30,30,30,30,30,30,30,30,30,30,30,30,30,30,30,30,30,30,30,32,37,44,53],"current_hp_per_floor":[49,120,120,120,120,120,120,120,120,120,120,120,120,120,120,120,120,120,120,120,120,120,120,120,120,120,120,120,120,120,120,120,120,120,120,120,120,120,120,120,120,120,120,120,120,120,120,120,120,120,120,120,120,120,120],"gold":19999,"neow_bonus":"THREE_RARE_CARDS","is_daily":false,"chose_seed":false,"campfire_upgraded":0,"win_rate":0.0,"timestamp":1614370721,"path_taken":["M","M","$","M","?","R","?","E","T","$","M","R","E","?","R","BOSS","M","?","$","M","M","E","M","R","T","M","R","?","$","E","R","BOSS","M","M","$","M","?","R","?","R","T","$","?","?","?","?","R","BOSS","R","$","E","BOSS"],"items_purchased_type":["Relic","Relic","Potion","Potion","Relic","Relic","Card","Relic","Relic","Card","Relic","Relic","Relic","Relic","Card","Relic","Relic","Relic","Potion","Potion","Relic","Relic","Relic","Relic","Relic","Relic","Card","Relic","Relic","Relic","Relic","Relic","Relic","Relic","Relic","Relic","Relic","Relic","Relic","Relic","Relic","Relic","Relic","Relic","Relic","Relic","Relic","Relic","Relic","Relic","Relic","Relic","Relic","Relic","Relic","Relic","Relic","Relic","Relic","Relic","Relic","Relic","Relic","Relic","Relic","Relic","Relic","Relic","Relic","Relic","Relic","Relic","Relic","Relic","Relic","Relic","Relic","Relic","Relic","Relic","Relic","Relic","Relic","Relic","Relic","Relic","Relic","Relic","Relic","Relic","Relic","Relic","Relic","Relic","Relic","Relic","Relic","Relic","Relic","Relic","Relic","Relic","Relic","Relic","Relic","Relic","Relic","Relic","Relic","Relic","Relic","Relic","Relic","Relic","Relic","Relic","Relic","Relic","Relic","Relic","Relic","Relic","Relic","Relic","Relic","Relic","Relic","Relic","Relic","Relic","Relic","Relic","Relic","Relic","Relic","Relic","Relic","Relic","Relic","Relic","Relic","Relic","Relic","Relic","Relic","Relic","Relic","Relic","Relic","Relic","Relic","Relic","Relic","Relic","Relic","Relic","Potion","Potion","Relic","Relic","Relic","Relic"],"build_version":"2020-12-22","purchased_purges":14,"victory":true,"max_hp_per_floor":[70,70,70,70,70,70,70,70,70,70,70,70,70,70,70,70,70,70,70,68,68,68,68,68,68,68,68,83,86,110,110,113,115,113,117,121,119,123,125,126,126,129,127,130,130,128,128,122,125,125,125,126,133,135,133],"card_choices":[{"not_picked":["Malaise","After Image"],"picked":"Replay:Bag of Tricks","floor":0},{"not_picked":["PiercingWail","Skewer"],"picked":"Hidden Blade","floor":1},{"not_picked":["Cloak And Dagger","Tactician","Bane"],"picked":"SKIP","floor":2},{"not_picked":["ReplayTheSpireMod:Brewmster","Magnetism"],"picked":"Master of Strategy","floor":3},{"not_picked":["ReplayTheSpireMod:Uncanny Aura","ReplayTheSpireMod:Necrogeddon"],"picked":"Poisoned Strike","floor":3},{"not_picked":["Impatience","Replay:Bootleg Shield Generator"],"picked":"Specialist","floor":3},{"not_picked":["Backflip","All Out Attack"],"picked":"Bouncing Flask","floor":4},{"not_picked":["Backflip","Dagger Throw"],"picked":"Dagger Spray","floor":6},{"not_picked":["Acrobatics","Flying Knee"],"picked":"Terror","floor":6},{"not_picked":["Underhanded Strike","Malaise"],"picked":"Draining Mist","floor":6},{"not_picked":["Hidden Blade","Endless Agony"],"picked":"Outmaneuver","floor":8},{"not_picked":["Deflect","Outmaneuver","Acrobatics"],"picked":"SKIP","floor":11},{"not_picked":["Sucker Punch","Slice","Concentrate"],"picked":"SKIP","floor":13},{"not_picked":["Dagger Throw","Slice","Prepared"],"picked":"SKIP","floor":14},{"not_picked":["ReplayTheSpireMod:Necrosis","Unload"],"picked":"Night Terror","floor":16},{"not_picked":["Slice","Hidden Blade","Expertise"],"picked":"SKIP","floor":18},{"not_picked":["Distraction","Bane","Backflip+1","Draining Mist"],"picked":"SKIP","floor":21},{"not_picked":["Flying Knee","Dodge and Roll","Terror","Sucker Punch+1"],"picked":"SKIP","floor":22},{"not_picked":["ReplayTheSpireMod:Exploit Weakness","Hidden Blade","Sneak Up+1","Skewer"],"picked":"SKIP","floor":23},{"not_picked":["Dagger Throw","Footwork","Slice+1","Skewer+1"],"picked":"SKIP","floor":24},{"not_picked":["Masterful Stab+1","Blade Dance","Accuracy","Dagger Throw"],"picked":"SKIP","floor":27},{"not_picked":["Backflip+1","Concentrate+1","Dodge and Roll+1"],"picked":"Poisoned Stab","floor":29},{"not_picked":["Dodge and Roll+1","Prepared+1","Infinite Blades"],"picked":"Bouncing Flask+1","floor":29},{"not_picked":["Caltrops+1","ReplayTheSpireMod:Speed Training+1","Endless Agony+1","Outmaneuver+1"],"picked":"Singing Bowl","floor":31},{"not_picked":["Tools of the Trade+1","Wraith Form v2+1","Grand Finale+1","Phantasmal Killer+1"],"picked":"Singing Bowl","floor":33},{"not_picked":["Hidden Blade+1","Acrobatics+1","PiercingWail+1","All Out Attack+1"],"picked":"Singing Bowl","floor":35},{"not_picked":["Concentrate+1","Quick Slash+1","Backflip+1","Footwork+1"],"picked":"Singing Bowl","floor":35},{"not_picked":["Accuracy+1","Fluid Movement+1","Bane+1","Dodge and Roll+1"],"picked":"Singing Bowl","floor":36},{"not_picked":["Cloak And Dagger+1","Crippling Poison+1","PiercingWail+1","Backflip+1"],"picked":"Singing Bowl","floor":36},{"not_picked":["Prepared+1","Underhanded Strike+1","ReplayTheSpireMod:Speed Training+1","Backstab+1"],"picked":"Singing Bowl","floor":38},{"not_picked":["Deadly Poison+1","Blur+1","Corpse Explosion+1","Deflect+1"],"picked":"Singing Bowl","floor":38},{"not_picked":["Acrobatics+1","Skewer+1","Expertise+1","Deflect+1"],"picked":"Singing Bowl","floor":39},{"not_picked":["PiercingWail+1","Dagger Throw+1","Dodge and Roll+1","Deadly Poison+1"],"picked":"Singing Bowl","floor":49},{"not_picked":["Well Laid Plans+1","Grand Finale+1","Dodge and Roll+1","Burst+1"],"picked":"Singing Bowl","floor":54}],"player_experience":462285,"relics_obtained":[{"floor":5,"key":"Ring of Panic"},{"floor":5,"key":"ReplayTheSpireMod:Ring of Addiction"},{"floor":5,"key":"Toy Ornithopter"},{"floor":5,"key":"White Beast Statue"},{"floor":8,"key":"CeramicFish"},{"floor":13,"key":"Vajra"},{"floor":23,"key":"Bag of Marbles"},{"floor":26,"key":"Bottled Tornado"},{"floor":29,"key":"Anchor"},{"floor":49,"key":"CatCart"}],"event_choices":[{"damage_healed":0,"gold_gain":0,"player_choice":"2 cards matched","damage_taken":0,"max_hp_gain":0,"max_hp_loss":0,"event_name":"Match and Keep!","floor":7,"gold_loss":0,"cards_obtained":["Flechettes","Neutralize"]},{"damage_healed":0,"gold_gain":0,"player_choice":"Fight","damage_taken":0,"max_hp_gain":0,"max_hp_loss":0,"event_name":"MindBloom","floor":39,"gold_loss":0},{"cards_removed":["Envenom"],"damage_healed":0,"gold_gain":0,"player_choice":"Removed Power","damage_taken":0,"max_hp_gain":0,"max_hp_loss":0,"event_name":"Falling","floor":41,"gold_loss":0},{"cards_removed":["Terror"],"damage_healed":0,"gold_gain":0,"player_choice":"Upgrade and Remove","damage_taken":0,"max_hp_gain":0,"max_hp_loss":0,"event_name":"Designer","floor":45,"gold_loss":90,"cards_upgraded":["Apotheosis"]},{"damage_healed":0,"gold_gain":0,"player_choice":"Ignored","damage_taken":0,"max_hp_gain":0,"max_hp_loss":0,"event_name":"Tomb of Lord Red Mask","floor":47,"gold_loss":0},{"damage_healed":0,"gold_gain":0,"player_choice":"Max HP","damage_taken":0,"max_hp_gain":0,"max_hp_loss":6,"event_name":"Winding Halls","floor":48,"gold_loss":0},{"damage_healed":0,"gold_gain":0,"player_choice":"Fight","damage_taken":0,"max_hp_gain":0,"max_hp_loss":0,"event_name":"OrinTheCat","floor":49,"gold_loss":0}],"is_beta":false,"boss_relics":[{"not_picked":["Busted Crown","Runic Pyramid"],"picked":"bronze:MakeshiftBattery"},{"not_picked":["Replay:Drink Me","HoveringKite"],"picked":"SlaversCollar"}],"items_purged_floors":[3,6,10,12,15,19,20,25,28,30,32,37,44,53],"is_endless":false,"potions_floor_spawned":[8,11,13,14,16,18,21,22,23,24,27,31,33,35,36,38,39,49,54],"ascension_level":0}}