{"host":"61y0z9o9vf3ujftj","time":1614327572,"event":{"mods":["BaseMod","Colored Map","Colored Powertips","GifTheSpireLib","HexUI Lib","Highlight Path","Minty Spire (QoL Compilation)","Permanent Neow","Relic Stats","StSLib","ojb\u0027s Info Mod"],"gold_per_floor":[111,128,141,154,172,207,207,55,55,80,80,118,143,157,157,253,253,274,119,119,119],"floor_reached":20,"language":"ENG","playtime":1363,"items_purged":["Strike_B"],"score":343,"play_id":"4aabcf30-b29f-4436-af25-3a287e18f0d0","local_time":"20210226021932","is_ascension_mode":true,"campfire_choices":[{"floor":7.0,"key":"REST"},{"data":"Creative AI","floor":15.0,"key":"SMITH"}],"circlet_count":0,"master_deck":["AscendersBane","Strike_B","Strike_B","Strike_B","Defend_B","Defend_B","Defend_B","Defend_B","Zap","Dualcast","Reinforced Body","Ball Lightning","Cold Snap","Capacitor","Tempest","Creative AI+1","Consume","FTL+1","Storm+1","Skim","Leap","Amplify","Barrage+1"],"relics":["Nuclear Battery","Omamori","StrikeDummy","Molten Egg 2","Golden Idol","Frozen Egg 2","Inserter","Happy Flower"],"acts_visited":["Exordium","TheCity"],"potions_floor_usage":[],"damage_taken":[{"damage":9.0,"enemies":"2 Louse","floor":1.0,"turns":2.0},{"damage":6.0,"enemies":"Jaw Worm","floor":2.0,"turns":5.0},{"damage":0.0,"enemies":"Cultist","floor":3.0,"turns":3.0},{"damage":1.0,"enemies":"Large Slime","floor":4.0,"turns":5.0},{"damage":19.0,"enemies":"Gremlin Gang","floor":5.0,"turns":4.0},{"damage":11.0,"enemies":"Lagavulin","floor":6.0,"turns":7.0},{"damage":15.0,"enemies":"3 Sentries","floor":10.0,"turns":6.0},{"damage":11.0,"enemies":"Gremlin Nob","floor":12.0,"turns":3.0},{"damage":0.0,"enemies":"2 Fungi Beasts","floor":13.0,"turns":4.0},{"damage":0.0,"enemies":"Exordium Wildlife","floor":14.0,"turns":3.0},{"damage":11.0,"enemies":"Hexaghost","floor":16.0,"turns":10.0},{"damage":22,"enemies":"Spheric Guardian","floor":18,"turns":5},{"damage":36,"enemies":"3 Byrds","floor":20,"turns":3}],"seed_played":"3031168247857800037","potions_obtained":[{"floor":1.0,"key":"EntropicBrew"},{"floor":3.0,"key":"Strength Potion"},{"floor":10.0,"key":"DistilledChaos"},{"floor":13.0,"key":"SkillPotion"},{"floor":14.0,"key":"FearPotion"}],"is_trial":false,"path_per_floor":["M","M","M","M","M","E","R","$","T","E","?","E","M","M","R","B",null,"M","$","M"],"character_chosen":"DEFECT","items_purchased":["Consume","Happy Flower"],"campfire_rested":1,"item_purchase_floors":[8,19],"current_hp_per_floor":[55,49,49,48,29,18,39,39,39,24,24,13,13,13,13,2,49,27,27,0,0],"gold":119,"neow_bonus":"BOSS_RELIC","is_daily":false,"chose_seed":false,"campfire_upgraded":1,"win_rate":0.0,"timestamp":1614327572,"path_taken":["M","M","M","M","M","E","R","$","T","E","?","E","M","M","R","BOSS","M","$","M"],"items_purchased_type":["Card","Relic"],"build_version":"2020-12-22","purchased_purges":1,"victory":false,"max_hp_per_floor":[71,71,71,71,71,71,71,71,71,71,64,64,64,64,64,64,64,64,64,64,64],"relic_stats":{"Inserter":[4],"Happy Flower":[1],"counters":[13,60],"Golden Idol":39,"obtain_stats":[{"Inserter":17,"Happy Flower":19,"Golden Idol":11,"Molten Egg 2":10,"Omamori":6,"Frozen Egg 2":12,"Cracked Core":0,"StrikeDummy":9,"Nuclear Battery":0},{"Inserter":11,"Happy Flower":12,"Golden Idol":7,"Molten Egg 2":7,"Omamori":6,"Frozen Egg 2":8,"Cracked Core":0,"StrikeDummy":6,"Nuclear Battery":0},{"Inserter":52,"Happy Flower":57,"Golden Idol":32,"Molten Egg 2":32,"Omamori":26,"Frozen Egg 2":35,"Cracked Core":0,"StrikeDummy":26,"Nuclear Battery":0}]},"card_choices":[{"not_picked":["Auto Shields","Ball Lightning"],"picked":"Reinforced Body","floor":1.0},{"not_picked":["Leap","Streamline"],"picked":"Ball Lightning","floor":2.0},{"not_picked":["Streamline","Gash"],"picked":"Cold Snap","floor":3.0},{"not_picked":["Tempest","Barrage"],"picked":"Capacitor","floor":4.0},{"not_picked":["Reprogram","Scrape"],"picked":"Tempest","floor":5.0},{"not_picked":["Steam","Auto Shields"],"picked":"Creative AI","floor":6.0},{"not_picked":["Storm","Static Discharge"],"picked":"FTL+1","floor":10.0},{"not_picked":["Scrape+1","Creative AI+1"],"picked":"Storm+1","floor":12.0},{"not_picked":["Sweeping Beam+1","Rip and Tear+1"],"picked":"Skim","floor":13.0},{"not_picked":["Static Discharge+1","Compile Driver+1"],"picked":"Leap","floor":14.0},{"not_picked":["Core Surge+1","Multi-Cast"],"picked":"Amplify","floor":16.0},{"not_picked":["Stack","Rebound+1"],"picked":"Barrage+1","floor":18}],"player_experience":577402,"relics_obtained":[{"floor":6.0,"key":"Omamori"},{"floor":9.0,"key":"StrikeDummy"},{"floor":10.0,"key":"Molten Egg 2"},{"floor":12.0,"key":"Frozen Egg 2"}],"event_choices":[{"damage_healed":0.0,"max_hp_gain":0.0,"max_hp_loss":7.0,"gold_gain":0.0,"event_name":"Golden Idol","player_choice":"Lose Max HP","floor":11.0,"gold_loss":0.0,"damage_taken":0.0,"relics_obtained":["Golden Idol"]}],"is_beta":false,"boss_relics":[{"not_picked":["Tiny House","SacredBark"],"picked":"Inserter"}],"items_purged_floors":[8],"is_endless":false,"potions_floor_spawned":[1,3,10,13,14],"killed_by":"3 Byrds","ascension_level":15}}