{"host":"8zzc9mdnfkdiyxma","time":1614343087,"event":{"mods":["2.2 Compatiblity","BaseMod","Better Altar","Better Match","Better Note","Better Sensory Stone","Better Skull","Better Third Choice","Better Vampires","Colored Map","Colored Powertips","Dark Map","Emptier Cage","Energized Spire","Extra Virgin Snecko Oil","Halation","Hubris","Minty Spire (QoL Compilation)","Monster B Gone","Permanent Neow","RNG Fix","Rare Cards Sparkle","Relic Filter","Reliquary","SacredBarkPlus","Smile Girya","StSLib","Waifu the Spire"],"gold_per_floor":[111,111,129,148,43,43,43,43,43,43,59,93,109,119,119,194,194,214,214,232,38,38,70,81,81,81,114,114,114,114,114,114,188,188,201,218,243,243,243,243,243,243,243,272,272,288,316,7,7,7,7,7,7,7,7,7],"floor_reached":55,"language":"ENG","playtime":3553,"items_purged":["Defend_B","Strike_B"],"score":1917,"play_id":"326981d5-9869-48fe-a693-bc8c7a7c0482","local_time":"20210226073807","is_ascension_mode":true,"campfire_choices":[{"data":"Zap","floor":6.0,"key":"SMITH"},{"floor":8.0,"key":"REST"},{"data":"Dualcast","floor":10.0,"key":"SMITH"},{"floor":15.0,"key":"REST"},{"floor":25.0,"key":"REST"},{"data":"Machine Learning","floor":28.0,"key":"SMITH"},{"data":"Machine Learning","floor":30.0,"key":"SMITH"},{"data":"Doom and Gloom","floor":32.0,"key":"SMITH"},{"floor":40.0,"key":"RECALL"},{"floor":42.0,"key":"REST"},{"floor":45.0,"key":"REST"},{"floor":49.0,"key":"REST"},{"floor":53,"key":"REST"}],"circlet_count":0,"master_deck":["AscendersBane","Strike_B","Strike_B","Strike_B","Defend_B","Defend_B","Defend_B","Zap+1","Dualcast+1","Ball Lightning+1","Coolheaded","BootSequence","Cold Snap","Ball Lightning","Machine Learning+1","Doom and Gloom+1","Machine Learning+1","Seek+1","Leap+1","Seek+1","Ball Lightning","hubris:Ukulele+1","Conserve Battery+1","Genetic Algorithm+1","Glacier+1","Uppercut+1","Electrodynamics","CurseOfTheBell","Core Surge+1","Panacea+1","Core Surge","Leap+1","Echo Form","hubris:Ukulele"],"relics":["Cracked Core","Gambling Chip","Spirit Poop","Nunchaku","Toxic Egg 2","Question Card","hubris:ToyBattleship","Sozu","reliquary:Bookmark","Du-Vu Doll","Centennial Puzzle","halation:PinkSoulGem","Calling Bell","reliquary:TuningFork","Singing Bowl","reliquary:OuijaBoard","halation:QuantumPhysicsTextbook","hubris:MedicalManual","Whetstone","Bottled Tornado","Art of War"],"acts_visited":["Exordium","TheCity","TheBeyond","TheEnding"],"potions_floor_usage":[],"damage_taken":[{"damage":1.0,"enemies":"Cultist","floor":1.0,"turns":3.0},{"damage":12.0,"enemies":"Small Slimes","floor":3.0,"turns":2.0},{"damage":2.0,"enemies":"Jaw Worm","floor":4.0,"turns":3.0},{"damage":1.0,"enemies":"Blue Slaver","floor":11.0,"turns":2.0},{"damage":32.0,"enemies":"3 Sentries","floor":12.0,"turns":5.0},{"damage":0.0,"enemies":"2 Fungi Beasts","floor":13.0,"turns":2.0},{"damage":0.0,"enemies":"Gremlin Gang","floor":14.0,"turns":3.0},{"damage":31.0,"enemies":"Slime Boss","floor":16.0,"turns":6.0},{"damage":9.0,"enemies":"Spheric Guardian","floor":18.0,"turns":3.0},{"damage":6.0,"enemies":"2 Thieves","floor":20.0,"turns":3.0},{"damage":18.0,"enemies":"Book of Stabbing","floor":23.0,"turns":4.0},{"damage":4.0,"enemies":"Cultist and Chosen","floor":24.0,"turns":5.0},{"damage":0.0,"enemies":"Gremlin Leader","floor":27.0,"turns":4.0},{"damage":29.0,"enemies":"Collector","floor":33.0,"turns":7.0},{"damage":1.0,"enemies":"Orb Walker","floor":35.0,"turns":3.0},{"damage":5.0,"enemies":"3 Darklings","floor":36.0,"turns":2.0},{"damage":8.0,"enemies":"Mind Bloom Boss Battle","floor":37.0,"turns":5.0},{"damage":35.0,"enemies":"Nemesis","floor":44.0,"turns":9.0},{"damage":2.0,"enemies":"Sphere and 2 Shapes","floor":46.0,"turns":4.0},{"damage":18.0,"enemies":"Reptomancer","floor":47.0,"turns":5.0},{"damage":36.0,"enemies":"Time Eater","floor":50.0,"turns":6.0},{"damage":12,"enemies":"Donu and Deca","floor":51,"turns":5},{"damage":80,"enemies":"Shield and Spear","floor":55,"turns":6}],"seed_played":"-8723914532523375972","potions_obtained":[{"floor":4.0,"key":"Ancient Potion"},{"floor":12.0,"key":"LiquidBronze"},{"floor":13.0,"key":"Explosive Potion"}],"is_trial":false,"path_per_floor":["M","?","M","M","$","R","?","R","T","R","M","E","M","M","R","B",null,"M","?","M","$","$","E","M","R","T","E","R","?","R","?","R","B",null,"M","M","?","?","?","R","?","R","T","E","R","M","E","$","R","B","B",null,"R","$","E"],"character_chosen":"DEFECT","items_purchased":["Cold Snap","hubris:Ukulele","reliquary:Bookmark","hubris:Ukulele","Art of War"],"campfire_rested":7,"item_purchase_floors":[5,21,21,48,48],"current_hp_per_floor":[63,63,51,49,49,49,32,53,53,53,52,20,20,20,41,10,56,47,47,41,41,41,23,19,40,40,40,40,40,40,40,40,11,56,57,54,46,46,48,48,48,71,71,36,59,57,39,39,62,26,14,61,77,77,0,0],"gold":7,"neow_bonus":"ONE_RARE_RELIC","is_daily":false,"chose_seed":false,"campfire_upgraded":5,"win_rate":0.0,"timestamp":1614343087,"path_taken":["M","?","?","M","$","R","?","R","T","R","M","E","M","M","R","BOSS","M","?","M","?","$","E","M","R","T","E","R","?","R","?","R","BOSS","M","M","?","?","?","R","?","R","T","E","R","?","E","$","R","BOSS","BOSS","R","$","E"],"items_purchased_type":["Card","Card","Relic","Card","Relic"],"build_version":"2020-12-22","purchased_purges":2,"victory":false,"max_hp_per_floor":[71,71,71,71,71,71,71,71,71,71,71,71,71,71,71,71,71,71,71,71,71,71,71,71,71,71,71,71,71,71,71,71,71,71,73,75,75,75,77,77,77,77,77,77,77,77,77,77,77,77,77,77,77,77,77,77],"card_choices":[{"not_picked":["Conserve Battery","Static Discharge"],"picked":"Ball Lightning","floor":1.0},{"not_picked":["Rebound","Gash"],"picked":"Coolheaded","floor":3.0},{"not_picked":["Skim","Auto Shields"],"picked":"BootSequence","floor":4.0},{"not_picked":["Barrage","Compile Driver","Cold Snap"],"picked":"Ball Lightning","floor":11.0},{"not_picked":["Auto Shields+1","Compile Driver","Barrage"],"picked":"Machine Learning","floor":12.0},{"not_picked":["Go for the Eyes","Beam Cell","Cold Snap"],"picked":"Doom and Gloom","floor":13.0},{"not_picked":["Rebound","Compile Driver","Ball Lightning"],"picked":"Machine Learning","floor":14.0},{"not_picked":["Buffer","Echo Form","Meteor Strike"],"picked":"Seek+1","floor":16.0},{"not_picked":["Loop","Streamline","Sunder"],"picked":"Leap+1","floor":18.0},{"not_picked":["Rip and Tear","Streamline","Beam Cell"],"picked":"Ball Lightning","floor":20.0},{"not_picked":["Auto Shields+1","Reprogram+1","Streamline"],"picked":"Conserve Battery+1","floor":23.0},{"not_picked":["Force Field+1","Steam+1","Cold Snap"],"picked":"Genetic Algorithm+1","floor":24.0},{"not_picked":["Buffer","Self Repair+1","Sweeping Beam"],"picked":"Glacier+1","floor":27.0},{"not_picked":["Fission+1","Biased Cognition","Reboot+1"],"picked":"Electrodynamics","floor":33.0},{"not_picked":["Coolheaded+1","Go for the Eyes","Self Repair","Genetic Algorithm+1"],"picked":"Singing Bowl","floor":35.0},{"not_picked":["Skim+1","Go for the Eyes+1","Undo+1","Hello World"],"picked":"Singing Bowl","floor":36.0},{"not_picked":["Rip and Tear","Sunder","Redo+1"],"picked":"Core Surge","floor":37.0},{"not_picked":["Flash of Steel","Deep Breath+1","Sadistic Nature","hubris:EnhanceAbility"],"picked":"Singing Bowl","floor":39.0},{"not_picked":["Impatience+1","Mind Blast","hubris:Ssssneak+1"],"picked":"Panacea+1","floor":39.0},{"not_picked":["Sweeping Beam","Reprogram+1","Turbo+1"],"picked":"Core Surge","floor":44.0},{"not_picked":["Barrage+1","Hologram+1","Cold Snap"],"picked":"Leap+1","floor":46.0},{"not_picked":["Consume+1","Lockon+1","Coolheaded+1"],"picked":"Echo Form","floor":47.0}],"player_experience":1032994,"relics_obtained":[{"floor":9.0,"key":"Question Card"},{"floor":12.0,"key":"hubris:ToyBattleship"},{"floor":23.0,"key":"reliquary:FerryPass"},{"floor":24.0,"key":"Du-Vu Doll"},{"floor":27.0,"key":"Centennial Puzzle"},{"floor":34.0,"key":"reliquary:TuningFork"},{"floor":34.0,"key":"Singing Bowl"},{"floor":34.0,"key":"reliquary:OuijaBoard"},{"floor":37.0,"key":"halation:QuantumPhysicsTextbook"},{"floor":43.0,"key":"hubris:MedicalManual"},{"floor":44.0,"key":"Whetstone"},{"floor":47.0,"key":"Bottled Tornado"}],"event_choices":[{"cards_removed":["hubris:Despair"],"damage_healed":0.0,"max_hp_gain":0.0,"max_hp_loss":0.0,"gold_gain":0.0,"event_name":"Bonfire Elementals","player_choice":"Offered Curse","floor":2.0,"gold_loss":0.0,"damage_taken":0.0,"relics_obtained":["Spirit Poop"]},{"damage_healed":0.0,"max_hp_gain":0.0,"max_hp_loss":0.0,"gold_gain":1.0,"event_name":"betterThird:BetterScrap","player_choice":"Relic Relic ","floor":7.0,"gold_loss":0.0,"damage_taken":17.0,"cards_obtained":["Ghostly Armor"]},{"damage_healed":0.0,"max_hp_gain":0.0,"max_hp_loss":0.0,"gold_gain":0.0,"event_name":"Duplicator","player_choice":"Copied","floor":19.0,"gold_loss":0.0,"damage_taken":0.0,"cards_obtained":["Seek"]},{"cards_removed":["Seek"],"damage_healed":0.0,"max_hp_gain":0.0,"max_hp_loss":0.0,"gold_gain":0.0,"event_name":"betterNote:BetterNote","player_choice":"Take \u0026 Give","floor":29.0,"gold_loss":0.0,"damage_taken":0.0,"cards_obtained":["Uppercut"]},{"damage_healed":0.0,"max_hp_gain":0.0,"max_hp_loss":0.0,"gold_gain":0.0,"event_name":"MindBloom","player_choice":"Fight","floor":37.0,"gold_loss":0.0,"damage_taken":0.0},{"damage_healed":0.0,"max_hp_gain":0.0,"max_hp_loss":0.0,"gold_gain":0.0,"event_name":"Lab","player_choice":"Got Potions","floor":38.0,"gold_loss":0.0,"damage_taken":0.0},{"damage_healed":0.0,"max_hp_gain":0.0,"max_hp_loss":0.0,"gold_gain":3.0,"event_name":"betterStone:BetterStone","player_choice":"1","floor":39.0,"gold_loss":0.0,"damage_taken":0.0}],"is_beta":false,"boss_relics":[{"not_picked":["Pandora\u0027s Box","Astrolabe"],"picked":"Sozu"},{"not_picked":["energizedSpire:NeverEndingSparkler","energizedSpire:MagnifyingGlass"],"picked":"Calling Bell"}],"items_purged_floors":[5,48],"is_endless":false,"potions_floor_spawned":[4,12,13,14,23,24,27,44,47],"killed_by":"Shield and Spear","ascension_level":20}}