{"host":"a6rpymeb7ymirwlo","time":1614303047,"event":{"mods":["AchievementEnabler","Aspiration","BaseMod","Colored Map","Colored Powertips","Downfall","Minty Spire (QoL Compilation)","StSLib"],"gold_per_floor":[109,109,129,149,168,168,188,198,198,42,42,76,76,92,92,189,189,204,204,204,215,59,59,59,59,107,127,153,163,174,174,174,174,174],"floor_reached":33,"language":"ENG","playtime":8158,"items_purged":[],"score":249,"play_id":"78555311-ab35-4d0d-8e1e-c1ab47cd7a69","local_time":"20210226023047","is_ascension_mode":false,"campfire_choices":[{"data":"Sweeping Beam","floor":6,"key":"SMITH"},{"floor":11,"key":"REST"},{"floor":15,"key":"REST"},{"data":"Doom and Gloom","floor":23,"key":"SMITH"},{"floor":25,"key":"REST"},{"floor":32,"key":"REST"}],"circlet_count":0,"master_deck":["Strike_B","Strike_B","Strike_B+1","Strike_B","Defend_B","Defend_B","Defend_B","Defend_B","Zap+1","Dualcast+1","Streamline+1","Coolheaded","Sweeping Beam+1","Beam Cell+1","Steam","Genetic Algorithm","Ball Lightning","Conserve Battery","All For One","Sweeping Beam+1","Doom and Gloom+1","Ball Lightning","Scrape","Barrage+1","Defragment","Melter+1"],"relics":["Cracked Core","Whetstone","Orichalcum","aspiration:FaultyCoupler","Velvet Choker","OrangePellets","Potion Belt","Red Mask"],"acts_visited":["Exordium","TheCity"],"potions_floor_usage":[27,27,28,33,33],"damage_taken":[{"damage":1,"enemies":"Cultist","floor":1,"turns":4},{"damage":1,"enemies":"2 Louse","floor":3,"turns":3},{"damage":5,"enemies":"Jaw Worm","floor":4,"turns":4},{"damage":0,"enemies":"Large Slime","floor":5,"turns":5},{"damage":6,"enemies":"Exordium Wildlife","floor":7,"turns":3},{"damage":8,"enemies":"Exordium Thugs","floor":8,"turns":3},{"damage":12,"enemies":"3 Sentries","floor":12,"turns":6},{"damage":4,"enemies":"2 Fungi Beasts","floor":14,"turns":3},{"damage":18,"enemies":"The Guardian","floor":16,"turns":9},{"damage":0,"enemies":"Chosen","floor":18,"turns":4},{"damage":15,"enemies":"2 Thieves","floor":21,"turns":3},{"damage":0,"enemies":"Shelled Parasite and Fungi","floor":27,"turns":2},{"damage":29,"enemies":"Masked Bandits","floor":28,"turns":5},{"damage":26,"enemies":"Snake Plant","floor":29,"turns":5},{"damage":11,"enemies":"Centurion and Healer","floor":30,"turns":5},{"damage":60,"enemies":"Automaton","floor":33,"turns":6}],"seed_played":"4989661952579129975","potions_obtained":[{"floor":1,"key":"Explosive Potion"},{"floor":4,"key":"Strength Potion"},{"floor":8,"key":"Fire Potion"},{"floor":16,"key":"Regen Potion"},{"floor":28,"key":"Fruit Juice"},{"floor":30,"key":"Swift Potion"}],"is_trial":false,"path_per_floor":["M","?","M","M","M","R","M","M","T","$","R","E","?","M","R","B",null,"M","?","?","M","$","R","?","R","T","M","?","M","M","?","R","B"],"character_chosen":"DEFECT","items_purchased":["Orichalcum","OrangePellets"],"campfire_rested":4,"item_purchase_floors":[10,22],"current_hp_per_floor":[81,81,80,75,75,75,69,61,61,61,82,70,54,50,74,56,82,82,82,82,67,67,67,67,82,82,82,58,32,21,21,47,0,0],"gold":174,"neow_bonus":"TEN_PERCENT_HP_BONUS","is_daily":false,"chose_seed":false,"campfire_upgraded":2,"win_rate":0.0,"timestamp":1614303047,"path_taken":["M","?","M","M","M","R","M","M","T","$","R","E","?","?","R","BOSS","M","?","?","M","?","R","?","R","T","?","?","M","M","?","R","BOSS"],"items_purchased_type":["Relic","Relic"],"build_version":"2020-12-22","purchased_purges":0,"victory":false,"max_hp_per_floor":[82,82,82,82,82,82,82,82,82,82,82,82,82,82,82,82,82,82,82,82,82,82,82,82,82,82,82,87,87,87,87,87,87,87],"card_choices":[{"not_picked":["Conserve Battery","Sweeping Beam"],"picked":"Streamline","floor":1},{"not_picked":["Streamline","White Noise"],"picked":"Coolheaded","floor":3},{"not_picked":["Cold Snap","Fusion"],"picked":"Sweeping Beam","floor":4},{"not_picked":["Sweeping Beam","Hologram"],"picked":"Beam Cell","floor":5},{"not_picked":["Gash","Coolheaded"],"picked":"Steam","floor":7},{"not_picked":["Lockon","Amplify"],"picked":"Genetic Algorithm","floor":8},{"not_picked":["Steam","Blizzard"],"picked":"Ball Lightning","floor":12},{"not_picked":["Stack","Defragment"],"picked":"Conserve Battery","floor":14},{"not_picked":["Creative AI","Buffer"],"picked":"All For One","floor":16},{"not_picked":["Conserve Battery","Beam Cell"],"picked":"Sweeping Beam+1","floor":18},{"not_picked":["Barrage","All For One"],"picked":"Ball Lightning","floor":21},{"not_picked":["Hologram","Chaos"],"picked":"Scrape","floor":27},{"not_picked":["Go for the Eyes","Ball Lightning"],"picked":"Barrage+1","floor":28},{"not_picked":["Steam Power","Coolheaded+1"],"picked":"Defragment","floor":29},{"not_picked":["Steam","Steam Power"],"picked":"Melter+1","floor":30}],"player_experience":37260,"relics_obtained":[{"floor":9,"key":"Whetstone"},{"floor":12,"key":"aspiration:FaultyCoupler"},{"floor":26,"key":"Potion Belt"},{"floor":28,"key":"Red Mask"}],"event_choices":[{"damage_healed":0,"gold_gain":0,"player_choice":"Ignored","damage_taken":0,"max_hp_gain":0,"max_hp_loss":0,"event_name":"Golden Idol","floor":2,"gold_loss":0},{"damage_healed":0,"gold_gain":0,"player_choice":"Entered Light","damage_taken":16,"max_hp_gain":0,"max_hp_loss":0,"event_name":"Shining Light","floor":13,"gold_loss":0,"cards_upgraded":["Dualcast","Streamline"]},{"damage_healed":0,"gold_gain":0,"player_choice":"Read","damage_taken":0,"max_hp_gain":0,"max_hp_loss":0,"event_name":"The Library","floor":19,"gold_loss":0,"cards_obtained":["Doom and Gloom"]},{"damage_healed":0,"gold_gain":0,"player_choice":"Fought Bandits","damage_taken":0,"max_hp_gain":0,"max_hp_loss":0,"event_name":"Masked Bandits","floor":28,"gold_loss":0},{"damage_healed":0,"gold_gain":0,"player_choice":"Upgraded","damage_taken":0,"max_hp_gain":0,"max_hp_loss":0,"event_name":"Upgrade Shrine","floor":31,"gold_loss":0,"cards_upgraded":["Zap"]}],"is_beta":false,"boss_relics":[{"not_picked":["aspiration:RunicSpoon","aspiration:IroncladSkillbook"],"picked":"Velvet Choker"}],"items_purged_floors":[],"is_endless":false,"potions_floor_spawned":[1,4,8,16,21,28,30],"killed_by":"Automaton","ascension_level":0}}