{"host":"92wx9z21c4p52du4","time":1614302576,"event":{"mods":["Act Like it!","BaseMod","ChefMod","Downfall","Evolution","GungeonMod","Infinite Spire","Minty Spire (QoL Compilation)","Relic Stats","Reliquary","Replay The Spire","StSLib","SuperFastMode","The Hierophant","The Runesmith"],"gold_per_floor":[119,133,133,34,50,82,82,101,101,128,43,63,74,106,106,202,202,176,196,208,208,208,208],"floor_reached":22,"language":"ENG","playtime":1189,"items_purged":["Runesmith:Strike_RS","ReplayTheSpireMod:Splinters","downfall:Aged"],"score":218,"play_id":"f413bfc5-bf8b-4320-96b6-b4357765265e","local_time":"20210225192256","is_ascension_mode":true,"campfire_choices":[{"data":"Runesmith:Fortify","floor":7,"key":"SMITH"},{"data":"Runesmith:HammerThrow","floor":15,"key":"SMITH"}],"circlet_count":0,"master_deck":["Runesmith:Strike_RS","Runesmith:Strike_RS","Runesmith:Strike_RS","Runesmith:Defend_RS+2","Runesmith:Defend_RS","Runesmith:Defend_RS","Runesmith:Defend_RS","Runesmith:CraftFirestone","Runesmith:Fortify+1","Runesmith:HammerThrow+1","Runesmith:ChargedHammer","Runesmith:RuneHurl","Runesmith:PerfectChisel","Runesmith:CraftProtectio","Runesmith:Firewall","Runesmith:GrandSlam+1","Runesmith:CraftMagma","Runesmith:RunicBlueprint+1","Runesmith:CraftMagma","Runesmith:PoweredAnvil","Runesmith:GenerateForcefield+1","Regret","Delirium","Runesmith:UnlimitedPower+1","Runesmith:Repurpose"],"relics":["Runesmith:BrokenRuby","EVO:Axolotl","NeowsBlessing","Incense Burner","infinitespire:Bottled Soul","Golden Egg","Prayer Wheel","ReplayTheSpireMod:CursedCoin","Potion Belt","Replay:Ancient Bell","Simple Rune","Replay:Bottled Snecko","Calipers","War Paint"],"acts_visited":["Exordium","TheCity"],"potions_floor_usage":[10],"damage_taken":[{"damage":0,"enemies":"Cultist","floor":1,"turns":1},{"damage":0,"enemies":"infinitespire:Voidling","floor":2,"turns":1},{"damage":0,"enemies":"Small Slimes","floor":5,"turns":1},{"damage":26,"enemies":"Gremlin Nob","floor":6,"turns":4},{"damage":0,"enemies":"Exordium Wildlife","floor":8,"turns":3},{"damage":9,"enemies":"3 Sentries","floor":10,"turns":7},{"damage":4,"enemies":"2 Fungi Beasts","floor":12,"turns":3},{"damage":0,"enemies":"Exordium Thugs","floor":13,"turns":5},{"damage":1,"enemies":"Replay:BlueRogue","floor":14,"turns":6},{"damage":26,"enemies":"Fading Forest","floor":16,"turns":11},{"damage":32,"enemies":"2 Thieves","floor":18,"turns":5},{"damage":1,"enemies":"Spheric Guardian","floor":19,"turns":4},{"damage":32,"enemies":"Snake Plant","floor":20,"turns":6},{"damage":16,"enemies":"Snecko","floor":22,"turns":3}],"seed_played":"-5999125765297609131","potions_obtained":[{"floor":2,"key":"sneckomod:MuddlingPotion"},{"floor":8,"key":"LifebloodPotion"},{"floor":13,"key":"bronze:BurnAndBuffPotion"},{"floor":14,"key":"Venom Potion"}],"is_trial":false,"path_per_floor":["M","M","?","$","M","E","R","M","T","E","$","M","M","E","R","B",null,"M","M","M","AVR","M"],"character_chosen":"RUNESMITH_CLASS","items_purchased":["Runesmith:RuneHurl","ReplayTheSpireMod:CursedCoin","Runesmith:GrandSlam"],"campfire_rested":0,"item_purchase_floors":[4,11,11],"current_hp_per_floor":[70,70,70,70,70,44,44,44,44,35,35,31,31,30,30,14,70,38,37,5,5,0,0],"gold":208,"neow_bonus":"THREE_ENEMY_KILL","is_daily":false,"chose_seed":false,"campfire_upgraded":2,"win_rate":0.0,"timestamp":1614302576,"path_taken":["M","?","?","$","M","E","R","M","T","E","$","M","M","E","R","BOSS","M","M","M","AVR","M"],"items_purchased_type":["Card","Relic","Card"],"build_version":"2020-12-22","purchased_purges":3,"victory":false,"max_hp_per_floor":[70,70,70,70,70,70,70,70,70,70,70,70,70,70,70,70,70,70,70,70,70,70,70],"relic_stats":{"counters":[14,60],"Prayer Wheel":5,"War Paint":["Runesmith:RunicBlueprint","Runesmith:Defend_RS"],"obtain_stats":[{"Potion Belt":14,"Golden Egg":9,"Runesmith:BrokenRuby":0,"Calipers":17,"NeowsBlessing":0,"ReplayTheSpireMod:CursedCoin":11,"DemoMod:GlassGuonStoneRelic":2,"Incense Burner":3,"Replay:Ancient Bell":17,"EVO:Axolotl":0,"War Paint":21,"infinitespire:Bottled Soul":6,"Prayer Wheel":10,"Simple Rune":17,"Replay:Bottled Snecko":17},{"Potion Belt":9,"Golden Egg":5,"Runesmith:BrokenRuby":0,"Calipers":10,"NeowsBlessing":0,"ReplayTheSpireMod:CursedCoin":6,"DemoMod:GlassGuonStoneRelic":2,"Incense Burner":2,"Replay:Ancient Bell":10,"EVO:Axolotl":0,"War Paint":13,"infinitespire:Bottled Soul":4,"Prayer Wheel":6,"Simple Rune":10,"Replay:Bottled Snecko":10},{"Potion Belt":31,"Golden Egg":10,"Runesmith:BrokenRuby":0,"Calipers":42,"NeowsBlessing":0,"ReplayTheSpireMod:CursedCoin":17,"DemoMod:GlassGuonStoneRelic":2,"Incense Burner":2,"Replay:Ancient Bell":42,"EVO:Axolotl":0,"War Paint":57,"infinitespire:Bottled Soul":7,"Prayer Wheel":17,"Simple Rune":42,"Replay:Bottled Snecko":42}]},"card_choices":[{"not_picked":["Runesmith:BackupBattery","Runesmith:StaticCage"],"picked":"Runesmith:HammerThrow","floor":1},{"not_picked":["Runesmith:Repurpose","Runesmith:CraftMedicinae"],"picked":"Runesmith:ChargedHammer","floor":2},{"not_picked":["Runesmith:Firewall","Runesmith:Repurpose"],"picked":"Runesmith:PerfectChisel","floor":5},{"not_picked":["Runesmith:ShiftingStrike","Runesmith:RuneHurl"],"picked":"Runesmith:CraftProtectio","floor":6},{"not_picked":["Runesmith:CraftProtectio","Runesmith:EarthShield"],"picked":"Runesmith:Firewall","floor":8},{"not_picked":["Runesmith:HammerAndChisel","Runesmith:StaticCage","Runesmith:Accelerate"],"picked":"SKIP","floor":10},{"not_picked":["Runesmith:NanitesCloud","Runesmith:HeatExchange"],"picked":"Runesmith:CraftMagma","floor":12},{"not_picked":["Runesmith:HeatExchange","Runesmith:BackupBattery"],"picked":"Runesmith:RunicBlueprint","floor":12},{"not_picked":["Runesmith:HeatedChisel","Runesmith:RuneHurl"],"picked":"Runesmith:CraftMagma","floor":13},{"not_picked":["Runesmith:Overpower","Runesmith:CraftProtectio"],"picked":"Runesmith:PoweredAnvil","floor":13},{"not_picked":["Runesmith:HeatedChisel","Runesmith:ArcReactor","Runesmith:EnergizedChisel"],"picked":"SKIP","floor":14},{"not_picked":["Runesmith:GrandSlam","Runesmith:LightningRod"],"picked":"Runesmith:GenerateForcefield","floor":16},{"not_picked":["downfall:Aged","Looming Evil"],"picked":"Regret","floor":17},{"not_picked":["downfall:Bewildered","downfall:Aged"],"picked":"Delirium","floor":17},{"not_picked":["ReplayTheSpireMod:Faulty Equipment","Parasite"],"picked":"downfall:Aged","floor":17},{"not_picked":["Runesmith:HeatedChisel","Runesmith:Grindstone+1"],"picked":"Runesmith:UnlimitedPower","floor":18},{"not_picked":["Runesmith:HeatExchange+1","Runesmith:Retool","Runesmith:EnergizedChisel"],"picked":"SKIP","floor":18},{"not_picked":["Runesmith:WhiteBalance+1","Runesmith:RunicBlueprint"],"picked":"Runesmith:Repurpose","floor":19},{"not_picked":["Runesmith:ChiselStab","Runesmith:EnergizedChisel+1","Runesmith:HammerThrow"],"picked":"SKIP","floor":19},{"not_picked":["Runesmith:ShiftingStrike","Runesmith:FrozenChisel","Runesmith:Malloc"],"picked":"SKIP","floor":20},{"not_picked":["Runesmith:EarthShield","Runesmith:CraftMagma","Runesmith:NanitesCloud+1"],"picked":"SKIP","floor":20}],"player_experience":375134,"relics_obtained":[{"floor":6,"key":"infinitespire:Bottled Soul"},{"floor":9,"key":"Golden Egg"},{"floor":10,"key":"Prayer Wheel"},{"floor":14,"key":"Potion Belt"}],"event_choices":[{"damage_healed":0,"gold_gain":0,"player_choice":"Gave Potion","damage_taken":0,"relics_obtained":["Incense Burner"],"max_hp_gain":0,"max_hp_loss":0,"event_name":"WeMeetAgain","floor":3,"gold_loss":0}],"is_beta":false,"boss_relics":[{"not_picked":["Busted Crown","Replay:Wanted Poster"],"picked":"Replay:Ancient Bell"},{"not_picked":["reliquary:PartyBalloon","Toy Ornithopter"],"picked":"Simple Rune"},{"not_picked":["DemoMod:DecoyRelic","Meat on the Bone"],"picked":"Replay:Bottled Snecko"},{"not_picked":["Torii","DemoMod:Relodestone"],"picked":"Calipers"}],"items_purged_floors":[4,11,21],"is_endless":false,"potions_floor_spawned":[2,8,13,14],"killed_by":"Snecko","ascension_level":1}}