{"host":"qbvxbacgnxuisbbe","time":1614353669,"event":{"mods":["Act Like it!","BaseMod","Minty Spire (QoL Compilation)","StSLib"],"gold_per_floor":[115,95,108,108,25,25,54,54,54,73,101,101,101,126,126,219,219,234,259,280,280,280],"floor_reached":21,"language":"ENG","playtime":2398,"items_purged":[],"score":428,"play_id":"2b602679-538e-4a60-b086-fc44a7d53e3c","local_time":"20210226153429","is_ascension_mode":true,"campfire_choices":[{"data":"Loop","floor":6,"key":"SMITH"},{"data":"Glacier","floor":8,"key":"SMITH"},{"data":"Defragment","floor":13,"key":"SMITH"},{"data":"White Noise","floor":15,"key":"SMITH"}],"circlet_count":0,"master_deck":["AscendersBane","Strike_B","Strike_B","Strike_B","Strike_B","Defend_B","Defend_B","Defend_B","Defend_B","Zap","Dualcast","Amplify","Streamline","Glacier+1","Loop+1","Glacier","Defragment+1","White Noise+1","Biased Cognition","Defragment","Capacitor+1","Self Repair"],"relics":["Cracked Core","FaceOfCleric","Boot","Cables","Oddly Smooth Stone","Golden Idol","SlaversCollar"],"acts_visited":["Exordium","TheCity"],"potions_floor_usage":[7,11,19,21],"damage_taken":[{"damage":11,"enemies":"2 Louse","floor":1,"turns":2},{"damage":1,"enemies":"Cultist","floor":3,"turns":3},{"damage":0,"enemies":"Lagavulin","floor":7,"turns":6},{"damage":0,"enemies":"Small Slimes","floor":10,"turns":4},{"damage":9,"enemies":"Gremlin Nob","floor":11,"turns":6},{"damage":3,"enemies":"Red Slaver","floor":14,"turns":4},{"damage":12,"enemies":"Hexaghost","floor":16,"turns":13},{"damage":18,"enemies":"Shell Parasite","floor":18,"turns":4},{"damage":18,"enemies":"3 Byrds","floor":19,"turns":6},{"damage":24,"enemies":"Snake Plant","floor":20,"turns":3},{"damage":3,"enemies":"3 Cultists","floor":21,"turns":2}],"seed_played":"-5379525189135000131","potions_obtained":[{"floor":2,"key":"PowerPotion"},{"floor":10,"key":"Block Potion"},{"floor":16,"key":"EssenceOfSteel"},{"floor":20,"key":"BlessingOfTheForge"}],"is_trial":false,"path_per_floor":["M","?","M","?","$","R","E","R","T","M","E","?","R","M","R","B",null,"M","M","M","M"],"character_chosen":"DEFECT","items_purchased":["Loop"],"campfire_rested":0,"item_purchase_floors":[5],"current_hp_per_floor":[53,53,52,52,52,52,53,53,53,54,46,46,46,44,44,33,60,43,26,3,0,0],"gold":280,"neow_bonus":"ONE_RANDOM_RARE_CARD","is_daily":false,"chose_seed":false,"campfire_upgraded":4,"win_rate":0.0,"timestamp":1614353669,"path_taken":["M","?","?","?","$","R","E","R","T","?","E","?","R","M","R","BOSS","M","M","M","M"],"items_purchased_type":["Card"],"build_version":"2020-12-22","purchased_purges":0,"victory":false,"max_hp_per_floor":[71,71,71,71,71,71,72,72,72,73,74,67,67,68,68,69,69,70,71,72,72,72],"card_choices":[{"not_picked":["Sweeping Beam","Cold Snap"],"picked":"Streamline","floor":1},{"not_picked":["Steam","Genetic Algorithm"],"picked":"Glacier","floor":3},{"not_picked":["Coolheaded","Leap"],"picked":"Glacier","floor":7},{"not_picked":["Reprogram","Sunder"],"picked":"Defragment","floor":10},{"not_picked":["Meteor Strike","Leap","Stack"],"picked":"SKIP","floor":11},{"not_picked":["Barrage","Compile Driver"],"picked":"White Noise","floor":14},{"not_picked":["Seek","Thunder Strike"],"picked":"Biased Cognition","floor":16},{"not_picked":["White Noise","Cold Snap"],"picked":"Defragment","floor":18},{"not_picked":["Compile Driver","Gash"],"picked":"Capacitor+1","floor":19},{"not_picked":["Undo","Conserve Battery"],"picked":"Self Repair","floor":20}],"player_experience":172263,"relics_obtained":[{"floor":7,"key":"Boot"},{"floor":9,"key":"Cables"},{"floor":11,"key":"Oddly Smooth Stone"}],"event_choices":[{"damage_healed":0,"gold_gain":0,"player_choice":"Bought 1 Potion","damage_taken":0,"max_hp_gain":0,"max_hp_loss":0,"event_name":"The Woman in Blue","floor":2,"gold_loss":0},{"damage_healed":0,"gold_gain":0,"player_choice":"Trade","damage_taken":0,"relics_obtained":["FaceOfCleric"],"max_hp_gain":0,"max_hp_loss":0,"event_name":"FaceTrader","floor":4,"gold_loss":0},{"damage_healed":0,"gold_gain":0,"player_choice":"Lose Max HP","damage_taken":0,"relics_obtained":["Golden Idol"],"max_hp_gain":0,"max_hp_loss":7,"event_name":"Golden Idol","floor":12,"gold_loss":0}],"is_beta":false,"boss_relics":[{"not_picked":["Ectoplasm","Pandora\u0027s Box"],"picked":"SlaversCollar"}],"items_purged_floors":[],"is_endless":false,"potions_floor_spawned":[10,16,20],"killed_by":"3 Cultists","ascension_level":20}}