{"host":"31s8hzukbhz1k6i6","time":1614305579,"event":{"mods":["AchievementEnabler","BaseMod","Bestiary","Colored Map","Filter the Spire","Minty Spire (QoL Compilation)","Relic Stats"],"gold_per_floor":[209,209,26,39,55,55,90,90,114,132,132,151,179,198,198,198,198],"floor_reached":16,"language":"ENG","playtime":823,"items_purged":["Pain"],"score":224,"play_id":"a3939f29-bcca-4326-b4d2-c839a87acae4","local_time":"20210225181259","is_ascension_mode":true,"campfire_choices":[{"data":"Blade Dance","floor":6,"key":"SMITH"},{"data":"Prepared","floor":8,"key":"SMITH"},{"data":"Underhanded Strike","floor":15,"key":"SMITH"}],"circlet_count":0,"master_deck":["AscendersBane","Strike_G","Strike_G","Strike_G","Strike_G","Defend_G","Defend_G","Defend_G","Defend_G","Defend_G","Survivor","Neutralize","Slice","Blade Dance+1","Quick Slash","Prepared+1","Backflip","Underhanded Strike+1","Cloak And Dagger","Tactician"],"relics":["Ring of the Snake","WarpedTongs","Tiny Chest","Smiling Mask","Singing Bowl"],"acts_visited":["Exordium"],"potions_floor_usage":[7,12,13,16],"damage_taken":[{"damage":18,"enemies":"Jaw Worm","floor":1,"turns":9},{"damage":0,"enemies":"Cultist","floor":4,"turns":5},{"damage":0,"enemies":"Small Slimes","floor":5,"turns":4},{"damage":14,"enemies":"3 Sentries","floor":7,"turns":6},{"damage":0,"enemies":"Red Slaver","floor":10,"turns":3},{"damage":0,"enemies":"Blue Slaver","floor":12,"turns":4},{"damage":8,"enemies":"Gremlin Nob","floor":13,"turns":3},{"damage":5,"enemies":"Gremlin Gang","floor":14,"turns":5},{"damage":24,"enemies":"Slime Boss","floor":16,"turns":6}],"seed_played":"4399842797021732480","potions_obtained":[{"floor":4,"key":"Fruit Juice"},{"floor":7,"key":"EssenceOfSteel"},{"floor":12,"key":"BlessingOfTheForge"}],"is_trial":false,"path_per_floor":["M","?","$","M","M","R","E","R","T","M","?","M","E","M","R","B"],"character_chosen":"THE_SILENT","items_purchased":["Blade Dance","SteroidPotion"],"campfire_rested":0,"item_purchase_floors":[3,3],"current_hp_per_floor":[41,41,41,41,41,41,27,27,27,27,27,32,24,19,19,0,0],"gold":198,"neow_bonus":"HUNDRED_GOLD","is_daily":false,"chose_seed":false,"campfire_upgraded":3,"win_rate":0.0,"timestamp":1614305579,"path_taken":["M","?","$","?","M","R","E","R","T","M","?","M","E","M","R","BOSS"],"items_purchased_type":["Card","Potion"],"build_version":"2020-12-22","purchased_purges":1,"victory":false,"max_hp_per_floor":[66,66,66,66,66,66,66,66,66,66,66,71,71,71,71,71,71],"relic_stats":{"Singing Bowl":0,"counters":[9,45],"Tiny Chest":0,"Smiling Mask":0,"obtain_stats":[{"Singing Bowl":13,"Tiny Chest":7,"Smiling Mask":9,"Ring of the Snake":0,"WarpedTongs":2},{"Singing Bowl":7,"Tiny Chest":4,"Smiling Mask":4,"Ring of the Snake":0,"WarpedTongs":1},{"Singing Bowl":34,"Tiny Chest":24,"Smiling Mask":24,"Ring of the Snake":0,"WarpedTongs":9}],"Ring of the Snake":[18],"WarpedTongs":[36]},"card_choices":[{"not_picked":["Backflip","Well Laid Plans"],"picked":"Slice","floor":1},{"not_picked":["Noxious Fumes","Prepared"],"picked":"Quick Slash","floor":4},{"not_picked":["Underhanded Strike","Quick Slash"],"picked":"Prepared","floor":5},{"not_picked":["Well Laid Plans","Sucker Punch"],"picked":"Backflip","floor":7},{"not_picked":["Noxious Fumes","Bane","Outmaneuver"],"picked":"SKIP","floor":10},{"not_picked":["Noxious Fumes","Calculated Gamble"],"picked":"Underhanded Strike","floor":12},{"not_picked":["Flechettes","Dagger Spray"],"picked":"Cloak And Dagger","floor":13},{"not_picked":["Riddle With Holes","Flying Knee"],"picked":"Tactician","floor":14}],"player_experience":240353,"relics_obtained":[{"floor":7,"key":"Tiny Chest"},{"floor":9,"key":"Smiling Mask"},{"floor":13,"key":"Singing Bowl"}],"event_choices":[{"damage_healed":0,"gold_gain":0,"player_choice":"Rummage","damage_taken":0,"relics_obtained":["WarpedTongs"],"max_hp_gain":0,"max_hp_loss":0,"event_name":"Accursed Blacksmith","floor":2,"gold_loss":0,"cards_obtained":["Pain"]},{"cards_removed":["Strike_G"],"damage_healed":0,"gold_gain":0,"player_choice":"Card Removal","damage_taken":0,"max_hp_gain":0,"max_hp_loss":0,"event_name":"Wheel of Change","floor":11,"gold_loss":0}],"is_beta":false,"boss_relics":[],"items_purged_floors":[3],"is_endless":false,"potions_floor_spawned":[4,7,12],"killed_by":"Slime Boss","ascension_level":20}}