{"host":"d0btaf6p0msba79e","time":1614352473,"event":{"mods":["BaseMod","BetterRewards","Minty Spire (QoL Compilation)"],"gold_per_floor":[119,133,83,99,117,117,143,154,236,268,281,281,291,309,309,408,408,424,424,126,126,126,126,146,146,169,169,194,194,212,244,244,343,343,353,366,366,366,10,42,42,58,109,144,16,41,41,72,72,72],"floor_reached":51,"language":"ENG","playtime":3753,"items_purged":["Strike_P","Strike_P"],"score":1187,"play_id":"5b731ec0-ff30-41d8-ab31-7d9fa45d5730","local_time":"20210227021433","is_ascension_mode":true,"campfire_choices":[{"data":"Eruption","floor":6.0,"key":"SMITH"},{"floor":15.0,"key":"REST"},{"data":"SandsOfTime","floor":23.0,"key":"SMITH"},{"data":"Protect","floor":25.0,"key":"SMITH"},{"floor":27.0,"key":"REST"},{"floor":29.0,"key":"REST"},{"data":"WheelKick","floor":32.0,"key":"SMITH"},{"data":"Vault","floor":41,"key":"SMITH"},{"floor":49,"key":"REST"}],"circlet_count":0,"master_deck":["Strike_P+1","Defend_P","Defend_P","Defend_P","Eruption+1","Vigilance","FearNoEvil","WheelKick+1","BowlingBash+1","Protect+1","SandsOfTime+1","FlurryOfBlows","CutThroughFate+1","FollowUp+1","Consecrate+1","Vault+1","CarveReality+1","BattleHymn","Tantrum","MasterReality","SashWhip+1","ConjureBlade","CarveReality"],"relics":["Sozu","Orichalcum","Ornamental Fan","Bird Faced Urn","Black Star","Toy Ornithopter","Bag of Preparation","Akabeko","Nunchaku","Calipers","Damaru","Omamori","Cursed Key","Yang","Lantern","CloakClasp","Juzu Bracelet","Whetstone","CeramicFish","MealTicket","Mercury Hourglass","Shuriken","Prayer Wheel"],"acts_visited":[],"potions_floor_usage":[],"damage_taken":[{"damage":0.0,"enemies":"Small Slimes","floor":1.0,"turns":2.0},{"damage":0.0,"enemies":"Cultist","floor":2.0,"turns":2.0},{"damage":0.0,"enemies":"2 Louse","floor":4.0,"turns":2.0},{"damage":13.0,"enemies":"Exordium Thugs","floor":5.0,"turns":4.0},{"damage":12.0,"enemies":"3 Sentries","floor":7.0,"turns":5.0},{"damage":2.0,"enemies":"2 Fungi Beasts","floor":8.0,"turns":2.0},{"damage":0.0,"enemies":"Gremlin Nob","floor":10.0,"turns":2.0},{"damage":4.0,"enemies":"Exordium Wildlife","floor":11.0,"turns":2.0},{"damage":6.0,"enemies":"Gremlin Gang","floor":13.0,"turns":3.0},{"damage":3.0,"enemies":"Lots of Slimes","floor":14.0,"turns":3.0},{"damage":0.0,"enemies":"Slime Boss","floor":16.0,"turns":5.0},{"damage":15.0,"enemies":"Shell Parasite","floor":18.0,"turns":5.0},{"damage":16.0,"enemies":"2 Thieves","floor":24.0,"turns":3.0},{"damage":14.0,"enemies":"Gremlin Leader","floor":28.0,"turns":4.0},{"damage":1.0,"enemies":"Centurion and Healer","floor":30.0,"turns":3.0},{"damage":13.0,"enemies":"Book of Stabbing","floor":31.0,"turns":3.0},{"damage":52.0,"enemies":"Champ","floor":33.0,"turns":8.0},{"damage":3.0,"enemies":"3 Shapes","floor":35.0,"turns":3.0},{"damage":0.0,"enemies":"Orb Walker","floor":36.0,"turns":1.0},{"damage":0.0,"enemies":"Reptomancer","floor":40.0,"turns":4.0},{"damage":0,"enemies":"3 Darklings","floor":42,"turns":2},{"damage":0,"enemies":"Giant Head","floor":44,"turns":5},{"damage":0,"enemies":"Reptomancer","floor":46,"turns":4},{"damage":11,"enemies":"Giant Head","floor":48,"turns":7},{"damage":60,"enemies":"Time Eater","floor":50,"turns":9}],"seed_played":"3128482430881276414","potions_obtained":[],"is_trial":false,"path_per_floor":["M","M","?","M","M","R","E","M","T","E","M","?","M","M","R","B",null,"M","?","$","$","?","R","M","R","T","R","E","R","M","E","R","B",null,"M","M","?","?","$","E","R","M","T","E","$","E","?","E","R","B",null],"character_chosen":"WATCHER","items_purchased":["SandsOfTime","Bag of Preparation","BattleHymn","Tantrum","Yang","CarveReality"],"campfire_rested":4,"item_purchase_floors":[20,20,39,39,39,45],"current_hp_per_floor":[65,65,65,65,52,52,40,38,38,38,34,34,28,25,46,46,66,51,51,51,51,51,51,37,37,37,58,46,67,68,57,57,7,56,55,55,55,55,55,57,57,57,57,61,61,63,56,49,70,14],"gold":72,"neow_bonus":"BOSS_RELIC","is_daily":false,"chose_seed":false,"campfire_upgraded":5,"win_rate":0.0,"timestamp":1614352473,"path_taken":["M","M","?","M","M","R","E","M","T","E","M","?","?","M","R","BOSS","M","?","?","$","?","R","?","R","T","R","E","R","M","E","R","BOSS","M","M","?","?","$","E","R","M","T","E","?","E","?","E","R","BOSS"],"items_purchased_type":["Card","Relic","Card","Card","Relic","Card"],"build_version":"2020-12-22","purchased_purges":2,"victory":true,"max_hp_per_floor":[72,72,72,72,72,72,72,72,72,72,72,72,72,72,72,72,72,72,72,72,72,72,72,72,72,72,72,72,72,72,72,72,72,72,72,72,72,72,72,72,72,72,72,72,72,72,72,72,72,72],"card_choices":[{"not_picked":["BowlingBash","JustLucky"],"picked":"FearNoEvil","floor":1.0},{"not_picked":["CrushJoints","FlurryOfBlows"],"picked":"WheelKick","floor":2.0},{"not_picked":["PathToVictory","Study"],"picked":"BowlingBash","floor":4.0},{"not_picked":["EmptyFist","Crescendo","Indignation"],"picked":"SKIP","floor":5.0},{"not_picked":["Collect","LikeWater","PathToVictory"],"picked":"SKIP","floor":7.0},{"not_picked":["CrushJoints","BowlingBash","Crescendo"],"picked":"SKIP","floor":8.0},{"not_picked":["WheelKick","SashWhip","BowlingBash"],"picked":"SKIP","floor":10.0},{"not_picked":["Alpha","BowlingBash","Vengeance"],"picked":"SKIP","floor":11.0},{"not_picked":["Adaptation","EmptyBody"],"picked":"Protect","floor":13.0},{"not_picked":["BowlingBash","DeceiveReality","Consecrate"],"picked":"SKIP","floor":14.0},{"not_picked":["Brilliance","MasterReality"],"picked":"Establishment","floor":16.0},{"not_picked":["ThirdEye","InnerPeace+1"],"picked":"Evaluate","floor":18.0},{"not_picked":["Fasting2","PathToVictory"],"picked":"FlurryOfBlows","floor":24.0},{"not_picked":["WheelKick","MentalFortress"],"picked":"CutThroughFate+1","floor":28.0},{"not_picked":["Consecrate","Brilliance"],"picked":"FollowUp","floor":30.0},{"not_picked":["FollowUp","Vengeance"],"picked":"Consecrate+1","floor":31.0},{"not_picked":["Omniscience","Alpha"],"picked":"Vault","floor":33.0},{"not_picked":["EmptyBody","Nirvana+1","SandsOfTime+1"],"picked":"SKIP","floor":35.0},{"not_picked":["EmptyBody","CutThroughFate+1"],"picked":"CarveReality+1","floor":36.0},{"not_picked":["EmptyFist","EmptyBody"],"picked":"MasterReality","floor":40.0},{"not_picked":["CutThroughFate","FlurryOfBlows"],"picked":"SashWhip+1","floor":42},{"not_picked":["Meditate+1","BowlingBash+1"],"picked":"ConjureBlade","floor":44},{"not_picked":["Crescendo","Consecrate","WaveOfTheHand+1"],"picked":"SKIP","floor":46},{"not_picked":["Pray","FlyingSleeves","FollowUp"],"picked":"SKIP","floor":48}],"player_experience":1094083,"relics_obtained":[{"floor":7.0,"key":"Orichalcum"},{"floor":9.0,"key":"Ornamental Fan"},{"floor":10.0,"key":"Bird Faced Urn"},{"floor":26.0,"key":"Akabeko"},{"floor":28.0,"key":"Nunchaku"},{"floor":28.0,"key":"Calipers"},{"floor":31.0,"key":"Damaru"},{"floor":31.0,"key":"Omamori"},{"floor":40.0,"key":"Lantern"},{"floor":40.0,"key":"CloakClasp"},{"floor":43,"key":"Juzu Bracelet"},{"floor":44,"key":"Whetstone"},{"floor":44,"key":"CeramicFish"},{"floor":46,"key":"MealTicket"},{"floor":46,"key":"Mercury Hourglass"},{"floor":48,"key":"Shuriken"},{"floor":48,"key":"Prayer Wheel"}],"event_choices":[{"cards_removed":["Strike_P"],"damage_healed":0.0,"max_hp_gain":0.0,"max_hp_loss":0.0,"gold_gain":0.0,"event_name":"The Cleric","player_choice":"Card Removal","floor":3.0,"gold_loss":50.0,"damage_taken":0.0},{"cards_removed":["Defend_P"],"damage_healed":0.0,"max_hp_gain":0.0,"max_hp_loss":0.0,"gold_gain":0.0,"event_name":"Bonfire Elementals","player_choice":"Offered Basic","floor":12.0,"gold_loss":0.0,"damage_taken":0.0},{"cards_removed":["Evaluate"],"damage_healed":0.0,"max_hp_gain":0.0,"max_hp_loss":0.0,"gold_gain":0.0,"event_name":"WeMeetAgain","player_choice":"Gave Card","floor":19.0,"gold_loss":0.0,"damage_taken":0.0,"relics_obtained":["Toy Ornithopter"]},{"damage_healed":0.0,"max_hp_gain":0.0,"max_hp_loss":0.0,"gold_gain":0.0,"event_name":"Accursed Blacksmith","player_choice":"Forge","floor":22.0,"gold_loss":0.0,"damage_taken":0.0,"cards_upgraded":["BowlingBash"]},{"damage_healed":0.0,"max_hp_gain":0.0,"max_hp_loss":0.0,"gold_gain":0.0,"event_name":"Tomb of Lord Red Mask","player_choice":"Ignored","floor":37.0,"gold_loss":0.0,"damage_taken":0.0},{"cards_removed":["Establishment"],"damage_healed":0.0,"max_hp_gain":0.0,"max_hp_loss":0.0,"gold_gain":0.0,"event_name":"Falling","player_choice":"Removed Power","floor":38.0,"gold_loss":0.0,"damage_taken":0.0},{"damage_healed":0,"gold_gain":0,"player_choice":"Damaged","damage_taken":7,"max_hp_gain":0,"max_hp_loss":0,"event_name":"Wheel of Change","floor":47,"gold_loss":0}],"is_beta":false,"boss_relics":[{"not_picked":["VioletLotus","Runic Dome"],"picked":"Black Star"},{"not_picked":["SlaversCollar","Pandora\u0027s Box"],"picked":"Cursed Key"}],"items_purged_floors":[20,45],"is_endless":false,"potions_floor_spawned":[1,4,5,8,16,18,24,28,35,42,44],"ascension_level":6}}