{"host":"pj7egx7jkoz18hom","time":1614330906,"event":{"mods":["AchievementEnabler","BaseMod","Keyboard Shortcuts","Minty Spire (QoL Compilation)","SuperFastMode"],"gold_per_floor":[119,133,147,222,222,249,266,266,289,301,153,153,153,183,183,279,279,304,328,340,340],"floor_reached":20,"language":"KOR","playtime":802,"items_purged":[],"score":230,"play_id":"6e399d9a-4343-4201-a3aa-7e216dabf38e","local_time":"20210226181506","is_ascension_mode":true,"campfire_choices":[{"floor":8,"key":"REST"},{"data":"Barricade","floor":13,"key":"SMITH"},{"floor":15,"key":"REST"}],"circlet_count":0,"master_deck":["Strike_R","Strike_R","Strike_R","Strike_R","Defend_R","Defend_R","Defend_R","Defend_R","Bash","Corruption","Cleave","Rage","Perfected Strike","Shrug It Off","Immolate","Flame Barrier","Spot Weakness","Shrug It Off","Thunderclap","Barricade+1","Metallicize","Bludgeon","CurseOfTheBell","Body Slam"],"relics":["Burning Blood","Dream Catcher","Potion Belt","Orrery","Happy Flower","Calling Bell","MawBank","Mummified Hand","Ginger"],"acts_visited":["Exordium","TheCity"],"potions_floor_usage":[6,14,14,20],"damage_taken":[{"damage":8,"enemies":"Jaw Worm","floor":1,"turns":4},{"damage":6,"enemies":"Cultist","floor":2,"turns":3},{"damage":7,"enemies":"Small Slimes","floor":3,"turns":3},{"damage":35,"enemies":"Lagavulin","floor":6,"turns":8},{"damage":10,"enemies":"2 Fungi Beasts","floor":7,"turns":3},{"damage":7,"enemies":"Lots of Slimes","floor":10,"turns":3},{"damage":21,"enemies":"Gremlin Nob","floor":14,"turns":4},{"damage":47,"enemies":"Hexaghost","floor":16,"turns":16},{"damage":47,"enemies":"Chosen","floor":18,"turns":7},{"damage":7,"enemies":"Shell Parasite","floor":19,"turns":6},{"damage":28,"enemies":"Centurion and Healer","floor":20,"turns":4}],"seed_played":"-6528577296531002115","potions_obtained":[{"floor":2,"key":"ElixirPotion"},{"floor":3,"key":"Weak Potion"},{"floor":7,"key":"HeartOfIron"},{"floor":10,"key":"BlessingOfTheForge"},{"floor":19,"key":"SpeedPotion"}],"is_trial":false,"path_per_floor":["M","M","M","?","$","E","M","R","T","M","$","?","R","E","R","B",null,"M","M","M"],"character_chosen":"IRONCLAD","items_purchased":["Orrery"],"campfire_rested":2,"item_purchase_floors":[11],"current_hp_per_floor":[78,78,77,66,66,37,33,57,57,56,56,56,56,41,65,24,66,25,24,0,0],"gold":340,"neow_bonus":"ONE_RANDOM_RARE_CARD","is_daily":false,"chose_seed":false,"campfire_upgraded":1,"win_rate":0.0,"timestamp":1614330906,"path_taken":["M","M","M","?","$","E","M","R","T","M","$","?","R","E","R","BOSS","M","?","M"],"items_purchased_type":["Relic"],"build_version":"2020-12-22","purchased_purges":0,"victory":false,"max_hp_per_floor":[80,80,80,80,80,80,80,80,80,80,80,80,80,80,80,80,80,80,80,80,80],"card_choices":[{"not_picked":["Thunderclap","Pommel Strike"],"picked":"Cleave","floor":1},{"not_picked":["True Grit","Whirlwind"],"picked":"Rage","floor":2},{"not_picked":["Combust","Warcry"],"picked":"Perfected Strike","floor":3},{"not_picked":["Warcry","True Grit","Pummel"],"picked":"SKIP","floor":6},{"not_picked":["Limit Break","Sword Boomerang"],"picked":"Shrug It Off","floor":7},{"not_picked":["Bloodletting","Sword Boomerang"],"picked":"Immolate","floor":10},{"not_picked":["Whirlwind","Shockwave"],"picked":"Flame Barrier","floor":11},{"not_picked":["Sentinel","Flame Barrier"],"picked":"Spot Weakness","floor":11},{"not_picked":["Clash","Thunderclap"],"picked":"Shrug It Off","floor":11},{"not_picked":["Wild Strike","True Grit"],"picked":"Thunderclap","floor":11},{"not_picked":["Body Slam","Wild Strike"],"picked":"Barricade","floor":11},{"not_picked":["Havoc","Immolate","Searing Blow"],"picked":"SKIP","floor":14},{"not_picked":["Warcry","Dark Embrace"],"picked":"Metallicize","floor":15},{"not_picked":["Juggernaut","Limit Break"],"picked":"Bludgeon","floor":16},{"not_picked":["Clash","Heavy Blade"],"picked":"Body Slam","floor":18},{"not_picked":["Sword Boomerang","Evolve","Flex"],"picked":"SKIP","floor":19}],"player_experience":162856,"relics_obtained":[{"floor":6,"key":"Dream Catcher"},{"floor":9,"key":"Potion Belt"},{"floor":14,"key":"Happy Flower"},{"floor":17,"key":"MawBank"},{"floor":17,"key":"Mummified Hand"},{"floor":17,"key":"Ginger"}],"event_choices":[{"damage_healed":0,"gold_gain":75,"player_choice":"Gather Gold","damage_taken":11,"max_hp_gain":0,"max_hp_loss":0,"event_name":"World of Goop","floor":4,"gold_loss":0},{"cards_removed":["Strike_R"],"damage_healed":0,"gold_gain":0,"player_choice":"Card Removal","damage_taken":0,"max_hp_gain":0,"max_hp_loss":0,"event_name":"Wheel of Change","floor":12,"gold_loss":0}],"is_beta":false,"boss_relics":[{"not_picked":["SlaversCollar","Busted Crown"],"picked":"Calling Bell"}],"items_purged_floors":[],"is_endless":false,"potions_floor_spawned":[2,3,7,10,19],"killed_by":"Centurion and Healer","ascension_level":5}}