{"host":"xsyxumpp1kksrtww","time":1614374262,"event":{"mods":["Act Like it!","Ascension Unlocker","BaseMod","Colored Map","Colored Powertips","Gensokyo","Library of Ruina","Library of Ruina Extra","Minty Spire (QoL Compilation)","Pale of the Ancients","Permanent Neow","Quick Restart","Rare Cards Sparkle","Replay The Spire","Shop Mod","StSLib"],"gold_per_floor":[112,37,37,37,37,37,69,69,69,87,87,118,133,146,146,222,222,234,134,151,151,151,151,184,184,232,63,10,23,23,358,370,460,472,698,91,103,115,127,139,177,201,285,297,309,541,629,658,670,682,694,706,718,730,22,57,57],"floor_reached":58,"language":"ZHS","playtime":2603,"items_purged":["DegradedPillar","Clumsy","Pride"],"score":3439,"play_id":"21d95232-0552-41dc-ac6f-905ad907e8d0","local_time":"20210227051742","is_ascension_mode":true,"campfire_choices":[{"data":"DegradedShockwave","floor":6.0,"key":"SMITH"},{"data":"DegradedChain","floor":8.0,"key":"SMITH"},{"data":"DegradedLock","floor":11.0,"key":"SMITH"},{"data":"SenseQuarry","floor":15.0,"key":"SMITH"},{"data":"DegradedChain","floor":23.0,"key":"SMITH"},{"data":"DegradedFairy","floor":25.0,"key":"SMITH"},{"floor":30.0,"key":"RECALL"},{"data":"UnavoidableGaze","floor":32.0,"key":"SMITH"},{"data":"Gensokyo:PrivateSquare","floor":40.0,"key":"SMITH"},{"data":"Rewind","floor":45,"key":"SMITH"},{"data":"Clone","floor":49,"key":"SMITH"},{"data":"UnforgettableMelody","floor":54,"key":"SMITH"}],"circlet_count":0,"master_deck":["AscendersBane","DegradedFairy+1","DegradedFairy+1","DegradedFairy+1","DegradedChain+1","DegradedChain+1","DegradedLock+1","DegradedShockwave+1","DistortedBlade+1","SenseQuarry+1","Shame","Faith+1","UnavoidableGaze+1","UnforgettableMelody+1","BlindFaith+1","Gensokyo:MenInBlack","DegradedChain+1","Gensokyo:PrivateSquare+1","Gensokyo:MorningStar+1","Rewind+1","Clone+1","Master of Strategy+1","Castigation+1"],"relics":["PageOfLibrarian","Anchor","Gensokyo:CelestialsFlawlessClothing","Gensokyo:NagashiBinaDoll","Gensokyo:Mercy","Shuriken","Akabeko","Black Star","Calipers","PageOfMountain","PreservedInsect","Medical Kit","MawBank","Bag of Preparation","Runic Dome","DollysMirror","ClockworkSouvenir","PageOfUniverseFragment","Replay:Mystery Machine","Happy Flower","Golden Egg","Replay:WaspNest","PageOfSnowWhitesApple","ReplayTheSpireMod:Lightbulb","Lizard Tail","CaptainsWheel"],"acts_visited":["Gensokyo:Gensokyo","Gensokyo:Gensokyoer","Gensokyo:Gensokyoest","TheEnding"],"potions_floor_usage":[52,52],"damage_taken":[{"damage":0.0,"enemies":"Gensokyo:2_Kodama","floor":1.0,"turns":2.0},{"damage":0.0,"enemies":"Gensokyo:Cirno","floor":7.0,"turns":4.0},{"damage":0.0,"enemies":"Gensokyo:3_Fairies","floor":10.0,"turns":2.0},{"damage":0.0,"enemies":"Gensokyo:Mamizou","floor":12.0,"turns":3.0},{"damage":0.0,"enemies":"Gensokyo:Gryphon","floor":13.0,"turns":1.0},{"damage":2.0,"enemies":"Gensokyo:CorruptedTreant","floor":14.0,"turns":1.0},{"damage":0.0,"enemies":"Gensokyo:Yukari","floor":16.0,"turns":5.0},{"damage":0.0,"enemies":"Gensokyo:2_Gloops","floor":18.0,"turns":2.0},{"damage":0.0,"enemies":"Gensokyo:3_Dogs","floor":20.0,"turns":1.0},{"damage":0.0,"enemies":"Gensokyo:Tenshi","floor":24.0,"turns":3.0},{"damage":0.0,"enemies":"Gensokyo:Wraith","floor":29.0,"turns":3.0},{"damage":0.0,"enemies":"Gensokyo:Reisen","floor":31.0,"turns":2.0},{"damage":4.0,"enemies":"Gensokyo:Kaguya","floor":33.0,"turns":7.0},{"damage":0.0,"enemies":"Gensokyo:3_Boulders","floor":35.0,"turns":1.0},{"damage":7.0,"enemies":"Gensokyo:3_Boulders","floor":39.0,"turns":5.0},{"damage":0,"enemies":"Gensokyo:Doremy","floor":41,"turns":2},{"damage":0,"enemies":"Gensokyo:AncientGuardian","floor":42,"turns":3},{"damage":0,"enemies":"Gensokyo:Sharpion","floor":46,"turns":2},{"damage":0,"enemies":"Gensokyo:3_Boulders","floor":48,"turns":1},{"damage":0,"enemies":"Gensokyo:Scarlet_Devils","floor":50,"turns":7},{"damage":0,"enemies":"Gensokyo:Shinki","floor":51,"turns":8},{"damage":0,"enemies":"Gensokyo:Shinki","floor":52,"turns":8},{"damage":0,"enemies":"Shield and Spear","floor":56,"turns":3},{"damage":0,"enemies":"The Heart","floor":57,"turns":7}],"seed_played":"8289137445938488428","potions_obtained":[{"floor":1.0,"key":"Ancient Potion"},{"floor":7.0,"key":"Fruit Juice"},{"floor":12.0,"key":"Block Potion"},{"floor":18.0,"key":"Fruit Juice"},{"floor":20.0,"key":"Toxic Potion"},{"floor":41,"key":"Energy Potion"}],"is_trial":false,"path_per_floor":["M","$","?","?","?","R","E","R","T","M","R","E","M","M","R","B",null,"M","$","M","?","?","R","E","R","T","$","COS","M","R","E","R","B",null,"M","COS","?","?","?","R","E","M","T","?","R","M","T","M","R","B","B",null,null,"R","$","E","B",null],"character_chosen":"Librarian","items_purchased":["Medical Kit","PageOfSnowWhitesApple","ReplayTheSpireMod:Lightbulb","Master of Strategy"],"campfire_rested":0,"item_purchase_floors":[27,55,55,55],"current_hp_per_floor":[54,54,27,27,27,27,27,27,27,27,27,32,32,30,30,30,79,84,84,84,84,84,84,84,84,84,84,84,84,84,84,84,80,95,95,95,95,70,70,70,70,70,70,70,70,70,70,70,70,70,70,70,93,93,93,93,93],"gold":57,"neow_bonus":"RANDOM_COMMON_RELIC","is_daily":false,"chose_seed":false,"campfire_upgraded":11,"win_rate":0.0,"timestamp":1614374262,"path_taken":["M","$","?","?","?","R","E","R","T","M","R","E","?","M","R","BOSS","M","$","?","?","?","R","E","R","T","?","COS","M","R","E","R","BOSS","M","COS","?","?","?","R","E","M","T","?","R","?","?","M","R","BOSS","BOSS","R","$","E","BOSS"],"items_purchased_type":["Relic","Relic","Relic","Card"],"build_version":"2020-12-22","purchased_purges":3,"victory":true,"max_hp_per_floor":[90,90,90,90,90,90,90,90,90,90,90,95,95,95,95,95,95,100,100,100,100,100,100,100,100,100,100,100,100,100,100,100,100,100,100,100,100,100,100,100,100,100,100,100,100,100,100,100,100,100,100,100,100,100,100,100,100],"card_choices":[{"not_picked":["Zzzzzap","DarkCloud","DimensionalRift","CoordinatedAssault","SuppressingShot","EnergyStrike","YoureTooSlow","ViolentFlame","PreparedMind"],"picked":"SKIP","floor":1.0},{"not_picked":["Unlock1","Parry","InnerArdor","ShockRound","RepressedFlesh","TendonChords","Leap_lor","FieryWaltz","CumulusWall"],"picked":"SKIP","floor":7.0},{"not_picked":["ChiWen","BiAn","PreemptiveStrike","LossOfSenses","DevastatingThrash","Rampage_lor","SharpSwipe","ProselytesBlade","RatsGuideToSurvival"],"picked":"SKIP","floor":10.0},{"not_picked":["SearingSword","SmokingPipe","Rampage_lor","FeatherShield","NightInTheBackstreets","NonstopAssault","FeelinGood","Struggle","SharpenedBlade"],"picked":"SKIP","floor":12.0},{"not_picked":["BlindFaith","IngredientHunt","Leap_lor","AssaultOrder","GatherIntel","SummaryJudgment","CoordinatedAssault","ViolentFlame"],"picked":"DistortedBlade","floor":13.0},{"not_picked":["EnergyCycle","SmokingPipe","GuardingStance","LawAndOrder","WillOfThePrescript","WaitUp","ViolentFlame","MultiHit"],"picked":"SenseQuarry","floor":14.0},{"not_picked":["Overpower","FrontalAssault","FleetFootsteps","SinglePointStab+1","SunsetBlade","SmokingPipe+1","SharpSwipe","Diversion","Pound"],"picked":"SKIP","floor":18.0},{"not_picked":["EnergyConversion+1","UpbeatPerformance+1","SnakesPrey","Thirst","StrikeDown","TimeForALittleTest+1","SearingSword","Tttonst","Multislash+1"],"picked":"SKIP","floor":20.0},{"not_picked":["Deflect_lor","HardRehearsal","GuidanceOfTheGears+1","GrazeTheGrass","ViolentFlame","BizarreAttack","QuickSuppression","FierceCharge","Decapitation"],"picked":"SKIP","floor":24.0},{"not_picked":["Outburst+1","Crush","PreemptiveStrike","EnergyShield","GreatSerpentsImpact","DaringDecision","Ripple","Multislash"],"picked":"Faith+1","floor":29.0},{"not_picked":["Marionette+1","InkOver","Multislash","SilentMist","BindingArms","IngredientHunt","StructuralAnalysis","Parry"],"picked":"UnavoidableGaze","floor":31.0},{"not_picked":["Cruelty","CleanUp"],"picked":"UnforgettableMelody","floor":33.0},{"not_picked":["HighKick+1","SerpentineBarrier+1","GreatSerpentsImpact+1","TendonChords","ClassAndRespect","MultiBlock","HiddenBlade","InkOver+1"],"picked":"BlindFaith+1","floor":35.0},{"not_picked":["Gensokyo:RainbowDanmaku+1","Gensokyo:UnlikelyAid+1"],"picked":"Gensokyo:MorningStar+1","floor":39.0},{"not_picked":["BattleCommand","TraceOfFumes+1","GreatSerpentsImpact+1","Parry","FaintMemories","FleetFootsteps","DevastatingThrash","SearingSword+1"],"picked":"Rewind","floor":41},{"not_picked":["CircusKnives","SnakesPrey","Zzzzzap","CutIn+1","Parry","FleshFillet","SunsetBlade+1","SteelKnuckles+1","ProselytesBlade+1"],"picked":"SKIP","floor":42},{"not_picked":["SkitterAway","Laceration+1","CoordinatedAssault","DefenseOrder+1","PinpointShot+1","MindPrepared","Diversion","Standoff+1","Creak"],"picked":"SKIP","floor":46},{"not_picked":["Multislash","ViolentFlame","SmokingPipe+1","BayonetCombat+1","Ripple","Leap_lor","GuidanceOfTheGears","BoundaryOfDeath"],"picked":"Clone","floor":48},{"not_picked":["ProselytesBlade+1","AssaultOrder","StrikeDown","Reload","TasteMyFlamingBat","RulesOfTheBackstreets","Parry2","SpearedSweep"],"picked":"Castigation","floor":56}],"player_experience":971383,"relics_obtained":[{"floor":7.0,"key":"Shuriken"},{"floor":12.0,"key":"Akabeko"},{"floor":24.0,"key":"Calipers"},{"floor":24.0,"key":"PageOfMountain"},{"floor":26.0,"key":"PreservedInsect"},{"floor":31.0,"key":"MawBank"},{"floor":31.0,"key":"Bag of Preparation"},{"floor":41,"key":"Replay:Mystery Machine"},{"floor":41,"key":"Happy Flower"},{"floor":43,"key":"Golden Egg"},{"floor":47,"key":"Replay:WaspNest"},{"floor":56,"key":"Lizard Tail"},{"floor":56,"key":"CaptainsWheel"}],"event_choices":[],"is_beta":false,"boss_relics":[{"not_picked":["Velvet Choker","Snecko Eye"],"picked":"Black Star"},{"not_picked":["Ring of Chaos","Astrolabe"],"picked":"Runic Dome"}],"items_purged_floors":[2,19,55],"is_endless":false,"potions_floor_spawned":[1,7,12,18,20,41,46],"ascension_level":20}}