{"host":"1n4zh8skucxnzijq","time":1614333281,"event":{"mods":["AchievementEnabler","BaseMod","Minty Spire (QoL Compilation)","Quick Restart"],"gold_per_floor":[112,112,112,126,186,186,236,236,283,309,309,375,403,418,418,418,418],"floor_reached":16,"language":"ENG","playtime":398,"items_purged":[],"score":220,"play_id":"0f4de9eb-6417-4744-aef9-b37fbb8778f7","local_time":"20210226095441","is_ascension_mode":true,"campfire_choices":[{"data":"Strike_G","floor":6,"key":"SMITH"},{"data":"All Out Attack","floor":8,"key":"SMITH"},{"data":"Deadly Poison","floor":11,"key":"SMITH"},{"data":"Flying Knee","floor":15,"key":"SMITH"}],"circlet_count":0,"master_deck":["AscendersBane","Strike_G","Strike_G+1","Strike_G+1","Strike_G+1","Defend_G+1","Defend_G","Defend_G+1","Defend_G","Defend_G","Survivor","Neutralize+1","All Out Attack+1","Deadly Poison+1","Dagger Throw","After Image","Flying Knee+1"],"relics":["Ring of the Snake","SsserpentHead","War Paint","Pen Nib","Whetstone","Bag of Preparation"],"acts_visited":["Exordium"],"potions_floor_usage":[10,13],"damage_taken":[{"damage":0,"enemies":"2 Louse","floor":1,"turns":2},{"damage":0,"enemies":"Small Slimes","floor":4,"turns":3},{"damage":0,"enemies":"Cultist","floor":5,"turns":3},{"damage":20,"enemies":"Gremlin Nob","floor":10,"turns":4},{"damage":0,"enemies":"3 Louse","floor":12,"turns":2},{"damage":16,"enemies":"3 Sentries","floor":13,"turns":7},{"damage":2,"enemies":"Red Slaver","floor":14,"turns":3},{"damage":15,"enemies":"The Guardian","floor":16,"turns":7}],"seed_played":"3420410469093669683","potions_obtained":[{"floor":1,"key":"Poison Potion"},{"floor":5,"key":"Block Potion"},{"floor":12,"key":"SkillPotion"},{"floor":13,"key":"FearPotion"}],"is_trial":false,"path_per_floor":["M","?","?","M","M","R","?","R","T","E","R","M","E","M","R","B"],"character_chosen":"THE_SILENT","items_purchased":[],"campfire_rested":0,"item_purchase_floors":[],"current_hp_per_floor":[59,52,52,52,52,52,52,52,52,32,32,32,16,14,14,0,0],"gold":418,"neow_bonus":"UPGRADE_CARD","is_daily":false,"chose_seed":false,"campfire_upgraded":4,"win_rate":0.0,"timestamp":1614333281,"path_taken":["M","?","?","M","?","R","?","R","T","E","R","?","E","M","R","BOSS"],"items_purchased_type":[],"build_version":"2020-12-22","purchased_purges":0,"victory":false,"max_hp_per_floor":[66,66,66,66,66,66,66,66,66,66,66,66,66,66,66,66,66],"card_choices":[{"not_picked":["Expertise","Choke"],"picked":"All Out Attack","floor":1},{"not_picked":["PiercingWail","Sucker Punch"],"picked":"Deadly Poison","floor":4},{"not_picked":["Bane","Outmaneuver","All Out Attack"],"picked":"SKIP","floor":5},{"not_picked":["Underhanded Strike","Flechettes"],"picked":"Dagger Throw","floor":10},{"not_picked":["Slice","Deflect"],"picked":"After Image","floor":12},{"not_picked":["Dodge and Roll","Cloak And Dagger","Quick Slash"],"picked":"SKIP","floor":13},{"not_picked":["Slice","Deflect"],"picked":"Flying Knee","floor":14}],"player_experience":1185656,"relics_obtained":[{"floor":9,"key":"Pen Nib"},{"floor":10,"key":"Whetstone"},{"floor":13,"key":"Bag of Preparation"}],"event_choices":[{"cards_removed":["Strike_G"],"damage_healed":0,"gold_gain":0,"player_choice":"Card Removal","damage_taken":7,"max_hp_gain":0,"max_hp_loss":0,"event_name":"Golden Wing","floor":2,"gold_loss":0},{"damage_healed":0,"gold_gain":0,"player_choice":"Trade","damage_taken":0,"relics_obtained":["SsserpentHead"],"max_hp_gain":0,"max_hp_loss":0,"event_name":"FaceTrader","floor":3,"gold_loss":0},{"damage_healed":0,"gold_gain":0,"player_choice":"Gave Potion","damage_taken":0,"relics_obtained":["War Paint"],"max_hp_gain":0,"max_hp_loss":0,"event_name":"WeMeetAgain","floor":7,"gold_loss":0}],"is_beta":false,"boss_relics":[],"items_purged_floors":[],"is_endless":false,"potions_floor_spawned":[1,5,12,13],"killed_by":"The Guardian","ascension_level":20}}