{"host":"3p4eynvdmgjf7qvn","time":1614329269,"event":{"mods":["Aspiration","BaseMod","Better Note","Better Skull","Colored Map","Colored Powertips","Downfall","Hermit","Hubris","Minty Spire (QoL Compilation)","Relic Stats","Robot Space Explorer","StSLib","The Bug Knight","The Disciple","The Forsaken","The Hierophant","The Jungle","The Marked","The Necromancer","TheBandit"],"gold_per_floor":[114,289,239,15,30,60,60,90,140,155,155,170,185,200,200,300,300,315,330,330,105,120,120,135,135,160,175,190,190,205,220,220,329,329,344,359,374,392,42,42,57,57,82,82,106,121,121,136,136,136],"floor_reached":51,"language":"ENG","playtime":2809,"items_purged":["theForsaken:ShieldBash","theForsaken:Confusion"],"score":817,"play_id":"8457de8e-ba43-40c7-8b2c-b69e04abc5fb","local_time":"20210226094749","daily_mods":["SealedDeck","Vintage","Lethality"],"is_ascension_mode":false,"campfire_choices":[{"data":"theForsaken:WrathOfGod","floor":7,"key":"SMITH"},{"data":"theForsaken:WrathOfGod+1","floor":11,"key":"SMITH"},{"data":"theForsaken:WrathOfGod+2","floor":15,"key":"SMITH"},{"data":"theForsaken:SacredOath","floor":23,"key":"SMITH"},{"data":"theForsaken:WrathOfGod+3","floor":25,"key":"SMITH"},{"data":"theForsaken:WrathOfGod+4","floor":29,"key":"SMITH"},{"data":"theForsaken:WrathOfGod+5","floor":32,"key":"SMITH"},{"data":"theForsaken:WrathOfGod+6","floor":40,"key":"SMITH"},{"data":"theForsaken:WrathOfGod+7","floor":42,"key":"SMITH"},{"data":"theForsaken:WrathOfGod+8","floor":44,"key":"SMITH"},{"data":"theForsaken:WrathOfGod+10","floor":49,"key":"SMITH"}],"circlet_count":0,"master_deck":["theForsaken:ShieldBash","theForsaken:HymnOfPatience+1","theForsaken:DarkBargain","theForsaken:FuryStrikes","theForsaken:FatRoll","theForsaken:Eulogy+1","theForsaken:QuickAttack","theForsaken:FuryStrikes","theForsaken:WrathOfGod+11","Dramatic Entrance","theForsaken:RainingSunlight","theForsaken:Enfeeble+1","theForsaken:SacredOath+1","Madness","Madness"],"relics":["theForsaken:JudgementScales","Slimebound:PreparedRelic","Toy Ornithopter","aspiration:StickyExplosives_weak","Blood Vial","aspiration:HiddenCompartment","Vajra","hubris:AstralHammer","Oddly Smooth Stone","Tiny Chest","SlaversCollar","War Paint","bronze:BronzeIdol","HandDrill","Boot","WingedGreaves","CeramicFish","hexamod:CandleOfCauterizing","Potion Belt","Smiling Mask","theForsaken:HumbleEgg","Velvet Choker","Regal Pillow","hubris:Reverence","hubris:TenFootPole","PreservedInsect","Strange Spoon","Meat on the Bone","Art of War","Pen Nib","aspiration:SeaSaltIceCream","Empty Cage","Whetstone"],"acts_visited":["Exordium","TheCity","TheBeyond"],"potions_floor_usage":[27,28,28,28,28,37,41,48,50,50],"damage_taken":[{"damage":9,"enemies":"2 Louse","floor":1,"turns":2},{"damage":0,"enemies":"Small Slimes","floor":5,"turns":2},{"damage":8,"enemies":"HollowMod:MossKnight","floor":6,"turns":2},{"damage":0,"enemies":"3 Sentries","floor":8,"turns":2},{"damage":0,"enemies":"Jaw Worm","floor":10,"turns":1},{"damage":0,"enemies":"3 Louse","floor":12,"turns":1},{"damage":0,"enemies":"Looter","floor":13,"turns":1},{"damage":0,"enemies":"Blue Slaver","floor":14,"turns":1},{"damage":0,"enemies":"Hexaghost","floor":16,"turns":4},{"damage":0,"enemies":"Chosen","floor":18,"turns":2},{"damage":0,"enemies":"Spheric Guardian","floor":19,"turns":2},{"damage":0,"enemies":"Snecko","floor":22,"turns":2},{"damage":4,"enemies":"Shelled Parasite and Fungi","floor":24,"turns":2},{"damage":0,"enemies":"Centurion and Healer","floor":27,"turns":2},{"damage":0,"enemies":"Snake Plant","floor":28,"turns":1},{"damage":0,"enemies":"3 Cultists","floor":30,"turns":2},{"damage":0,"enemies":"Shelled Parasite and Fungi","floor":31,"turns":1},{"damage":0,"enemies":"Collector","floor":33,"turns":2},{"damage":6,"enemies":"3 Shapes","floor":35,"turns":1},{"damage":0,"enemies":"3 Darklings","floor":36,"turns":2},{"damage":0,"enemies":"4 Shapes","floor":37,"turns":1},{"damage":0,"enemies":"Jaw Worm Horde","floor":41,"turns":2},{"damage":0,"enemies":"Writhing Mass","floor":45,"turns":2},{"damage":16,"enemies":"Sphere and 2 Shapes","floor":46,"turns":3},{"damage":1,"enemies":"4 Shapes","floor":48,"turns":2},{"damage":31,"enemies":"Awakened One","floor":50,"turns":5}],"seed_played":"4728103701414758894","potions_obtained":[{"floor":6,"key":"EntropicBrew"},{"floor":8,"key":"SkillPotion"},{"floor":10,"key":"sneckomod:MuddlingPotion"},{"floor":12,"key":"Strength Potion"},{"floor":18,"key":"Dexterity Potion"},{"floor":27,"key":"DuplicationPotion"},{"floor":31,"key":"Swift Potion"},{"floor":35,"key":"theForsaken:FearPotion"},{"floor":36,"key":"Weak Potion"},{"floor":37,"key":"hexamod:SoulburnPotion"}],"is_trial":false,"path_per_floor":["M","?","?","$","M","E","R","E","T","M","R","M","M","M","R","B",null,"M","M","?","$","M","R","M","R","T","M","M","R","M","M","R","B",null,"M","M","M","?","$","R","M","R","T","R","M","M","R","M","R","B",null],"character_chosen":"THE_FORSAKEN","items_purchased":["theForsaken:WrathOfGod","Dramatic Entrance","theForsaken:RainingSunlight","HandDrill","PreservedInsect","Strange Spoon"],"campfire_rested":0,"item_purchase_floors":[4,4,4,21,39,39],"current_hp_per_floor":[56,56,56,56,56,48,48,48,48,50,50,52,54,56,56,58,65,65,65,54,54,56,56,54,54,54,61,70,70,70,70,70,70,70,64,66,70,66,66,66,70,70,70,70,70,54,54,60,60,41],"gold":136,"neow_bonus":"","is_daily":true,"chose_seed":false,"campfire_upgraded":11,"win_rate":0.0,"timestamp":1614329269,"path_taken":["M","?","?","$","M","E","R","E","T","M","R","M","M","M","R","BOSS","M","M","?","$","M","R","M","R","T","M","M","R","M","M","R","BOSS","M","M","M","?","$","R","M","R","T","R","M","M","R","M","R","BOSS"],"items_purchased_type":["Card","Card","Card","Relic","Relic","Relic"],"build_version":"2020-12-22","purchased_purges":2,"victory":true,"max_hp_per_floor":[65,65,65,65,65,65,65,65,65,65,65,65,65,65,65,65,65,65,65,70,70,70,70,70,70,70,70,70,70,70,70,70,70,70,70,70,70,70,70,70,70,70,70,70,70,67,67,67,67,67],"relic_stats":{"Regal Pillow":0,"counters":[26,50],"CeramicFish":36,"PreservedInsect":0,"Pen Nib":[2],"Whetstone":["theForsaken:Enfeeble","theForsaken:WrathOfGod"],"War Paint":["theForsaken:Eulogy","theForsaken:HymnOfPatience"],"Boot":[4],"Smiling Mask":50,"Blood Vial":28,"Strange Spoon":[14],"Tiny Chest":0,"HandDrill":[28],"Art of War":[0],"obtain_stats":[{"Regal Pillow":35,"CeramicFish":26,"Vajra":10,"Whetstone":48,"Boot":22,"Smiling Mask":30,"Empty Cage":46,"aspiration:StickyExplosives_weak":6,"Blood Vial":8,"theForsaken:HumbleEgg":31,"hubris:AstralHammer":12,"Tiny Chest":14,"WingedGreaves":24,"HandDrill":21,"Potion Belt":28,"hexamod:CandleOfCauterizing":27,"Oddly Smooth Stone":13,"Velvet Choker":34,"PreservedInsect":39,"Pen Nib":45,"aspiration:SeaSaltIceCream":46,"War Paint":18,"aspiration:HiddenCompartment":9,"bronze:BronzeIdol":19,"SlaversCollar":17,"Strange Spoon":39,"Slimebound:PreparedRelic":1,"hubris:TenFootPole":37,"Art of War":43,"theForsaken:JudgementScales":0,"Toy Ornithopter":5,"hubris:Reverence":36,"Meat on the Bone":41},{"Regal Pillow":19,"CeramicFish":13,"Vajra":5,"Whetstone":25,"Boot":12,"Smiling Mask":16,"Empty Cage":24,"aspiration:StickyExplosives_weak":3,"Blood Vial":4,"theForsaken:HumbleEgg":17,"hubris:AstralHammer":6,"Tiny Chest":8,"WingedGreaves":13,"HandDrill":11,"Potion Belt":15,"hexamod:CandleOfCauterizing":14,"Oddly Smooth Stone":7,"Velvet Choker":18,"PreservedInsect":21,"Pen Nib":23,"aspiration:SeaSaltIceCream":24,"War Paint":10,"aspiration:HiddenCompartment":4,"bronze:BronzeIdol":11,"SlaversCollar":9,"Strange Spoon":21,"Slimebound:PreparedRelic":1,"hubris:TenFootPole":21,"Art of War":22,"theForsaken:JudgementScales":0,"Toy Ornithopter":2,"hubris:Reverence":20,"Meat on the Bone":22},{"Regal Pillow":33,"CeramicFish":24,"Vajra":9,"Whetstone":45,"Boot":22,"Smiling Mask":29,"Empty Cage":43,"aspiration:StickyExplosives_weak":6,"Blood Vial":8,"theForsaken:HumbleEgg":30,"hubris:AstralHammer":10,"Tiny Chest":12,"WingedGreaves":24,"HandDrill":20,"Potion Belt":27,"hexamod:CandleOfCauterizing":26,"Oddly Smooth Stone":11,"Velvet Choker":32,"PreservedInsect":36,"Pen Nib":40,"aspiration:SeaSaltIceCream":43,"War Paint":18,"aspiration:HiddenCompartment":8,"bronze:BronzeIdol":20,"SlaversCollar":16,"Strange Spoon":36,"Slimebound:PreparedRelic":2,"hubris:TenFootPole":36,"Art of War":38,"theForsaken:JudgementScales":0,"Toy Ornithopter":4,"hubris:Reverence":35,"Meat on the Bone":38}],"Toy Ornithopter":31,"Meat on the Bone":0},"card_choices":[{"not_picked":["theForsaken:RainingSunlight","theForsaken:BlindFaith","theForsaken:NobleSacrifice"],"picked":"SKIP","floor":6},{"not_picked":["theForsaken:NobleSacrifice","theForsaken:Bolster"],"picked":"theForsaken:Enfeeble","floor":8},{"not_picked":["theForsaken:FountainOfLife","theForsaken:DarkRift"],"picked":"theForsaken:SacredOath","floor":16},{"not_picked":["theForsaken:Purification","theForsaken:Prudence"],"picked":"theForsaken:Confusion","floor":33}],"player_experience":366428,"relics_obtained":[{"floor":1,"key":"Slimebound:PreparedRelic"},{"floor":5,"key":"Toy Ornithopter"},{"floor":6,"key":"aspiration:StickyExplosives_weak"},{"floor":8,"key":"Blood Vial"},{"floor":9,"key":"aspiration:HiddenCompartment"},{"floor":10,"key":"Vajra"},{"floor":12,"key":"hubris:AstralHammer"},{"floor":13,"key":"Oddly Smooth Stone"},{"floor":14,"key":"Tiny Chest"},{"floor":18,"key":"War Paint"},{"floor":19,"key":"bronze:BronzeIdol"},{"floor":22,"key":"Boot"},{"floor":24,"key":"WingedGreaves"},{"floor":26,"key":"CeramicFish"},{"floor":27,"key":"hexamod:CandleOfCauterizing"},{"floor":28,"key":"Potion Belt"},{"floor":30,"key":"Smiling Mask"},{"floor":31,"key":"theForsaken:HumbleEgg"},{"floor":35,"key":"Regal Pillow"},{"floor":36,"key":"hubris:Reverence"},{"floor":37,"key":"hubris:TenFootPole"},{"floor":41,"key":"Meat on the Bone"},{"floor":43,"key":"Art of War"},{"floor":45,"key":"Pen Nib"},{"floor":46,"key":"aspiration:SeaSaltIceCream"},{"floor":48,"key":"Whetstone"}],"event_choices":[{"damage_healed":0,"gold_gain":175,"player_choice":"AGREE","damage_taken":0,"max_hp_gain":0,"max_hp_loss":0,"event_name":"Liars Game","floor":2,"gold_loss":0,"cards_obtained":["Doubt"]},{"cards_removed":["Doubt"],"damage_healed":0,"gold_gain":0,"player_choice":"Card Removal","damage_taken":0,"max_hp_gain":0,"max_hp_loss":0,"event_name":"The Cleric","floor":3,"gold_loss":50},{"damage_healed":0,"gold_gain":0,"player_choice":"Shed Blood","damage_taken":16,"max_hp_gain":5,"max_hp_loss":0,"event_name":"Forgotten Altar","floor":20,"gold_loss":0},{"damage_healed":0,"gold_gain":0,"player_choice":"Embrace Madness","damage_taken":9,"max_hp_gain":0,"max_hp_loss":0,"event_name":"Winding Halls","floor":38,"gold_loss":0,"cards_obtained":["Madness","Madness"]}],"is_beta":false,"boss_relics":[{"not_picked":["SacredBark","hubris:TerracottaHorce"],"picked":"SlaversCollar"},{"not_picked":["hubris:VirtuousBlindfold","hubris:ScarierMask"],"picked":"Velvet Choker"}],"items_purged_floors":[21,39],"is_endless":false,"potions_floor_spawned":[6,8,10,12,18,27,31,35,36,37],"ascension_level":0}}