{"host":"hg2vyukq38ky973l","time":1614320570,"event":{"mods":["AchievementEnabler","BaseMod","Minty Spire (QoL Compilation)"],"gold_per_floor":[113,93,110,120,120,120,155,155,180,198,213,223,223,241,241,241,241],"floor_reached":16,"language":"ENG","playtime":1146,"items_purged":[],"score":104,"play_id":"27ca8c10-4098-47a7-9c43-ff2b41e6c17e","local_time":"20210226162250","is_ascension_mode":false,"campfire_choices":[{"data":"Prostrate","floor":6.0,"key":"SMITH"},{"floor":8,"key":"REST"},{"floor":15,"key":"REST"}],"circlet_count":0,"master_deck":["Strike_P","Strike_P","Strike_P","Defend_P","Defend_P","Defend_P","Eruption+1","Vigilance","Prostrate+1","Halt","JustLucky","Halt","ThirdEye"],"relics":["PureWater","Potion Belt","Strawberry"],"acts_visited":["Exordium"],"potions_floor_usage":[7,7,7],"damage_taken":[{"damage":0.0,"enemies":"Small Slimes","floor":1.0,"turns":3.0},{"damage":0.0,"enemies":"Cultist","floor":3.0,"turns":5.0},{"damage":2.0,"enemies":"Jaw Worm","floor":4.0,"turns":5.0},{"damage":49,"enemies":"3 Sentries","floor":7,"turns":14},{"damage":9,"enemies":"Lots of Slimes","floor":10,"turns":6},{"damage":9,"enemies":"Large Slime","floor":11,"turns":13},{"damage":0,"enemies":"Blue Slaver","floor":12,"turns":4},{"damage":0,"enemies":"Looter","floor":14,"turns":4},{"damage":51,"enemies":"Hexaghost","floor":16,"turns":16}],"seed_played":"-9080127054018756925","potions_obtained":[{"floor":2.0,"key":"SneckoOil"},{"floor":3.0,"key":"Block Potion"},{"floor":4.0,"key":"BottledMiracle"},{"floor":14,"key":"Dexterity Potion"}],"is_trial":false,"path_per_floor":["M","?","M","M","?","R","E","R","T","M","M","M","?","M","R","B"],"character_chosen":"WATCHER","items_purchased":[],"campfire_rested":2,"item_purchase_floors":[],"current_hp_per_floor":[72,72,72,70,63,63,14,35,42,33,24,24,24,24,47,0,0],"gold":241,"neow_bonus":"UPGRADE_CARD","is_daily":false,"chose_seed":false,"campfire_upgraded":1,"win_rate":0.0,"timestamp":1614320570,"path_taken":["M","?","M","?","?","R","E","R","T","M","M","M","?","?","R","BOSS"],"items_purchased_type":[],"build_version":"2020-12-22","purchased_purges":0,"victory":false,"max_hp_per_floor":[72,72,72,72,72,72,72,72,79,79,79,79,79,79,79,79,79],"card_choices":[{"not_picked":["Consecrate","EmptyBody"],"picked":"Prostrate","floor":1.0},{"not_picked":["WaveOfTheHand","WindmillStrike","EmptyFist"],"picked":"SKIP","floor":3.0},{"not_picked":["Fasting2","FlyingSleeves"],"picked":"Halt","floor":4.0},{"not_picked":["Indignation","CrushJoints"],"picked":"JustLucky","floor":7},{"not_picked":["Collect","EmptyBody"],"picked":"Halt","floor":10},{"not_picked":["EmptyFist","CutThroughFate"],"picked":"ThirdEye","floor":11},{"not_picked":["Evaluate","FlurryOfBlows","Crescendo"],"picked":"SKIP","floor":12},{"not_picked":["Tantrum","CrushJoints","EmptyFist"],"picked":"SKIP","floor":14}],"player_experience":328654,"relics_obtained":[{"floor":7,"key":"Potion Belt"},{"floor":9,"key":"Strawberry"}],"event_choices":[{"damage_healed":0.0,"max_hp_gain":0.0,"max_hp_loss":0.0,"gold_gain":0.0,"event_name":"The Woman in Blue","player_choice":"Bought 1 Potion","floor":2.0,"gold_loss":0.0,"damage_taken":0.0},{"cards_removed":["Strike_P"],"damage_healed":0.0,"max_hp_gain":0.0,"max_hp_loss":0.0,"gold_gain":0.0,"event_name":"Golden Wing","player_choice":"Card Removal","floor":5.0,"gold_loss":0.0,"damage_taken":7.0},{"cards_removed":["Defend_P"],"damage_healed":0,"gold_gain":0,"player_choice":"Purged","damage_taken":0,"max_hp_gain":0,"max_hp_loss":0,"event_name":"Purifier","floor":13,"gold_loss":0}],"is_beta":false,"boss_relics":[],"items_purged_floors":[],"is_endless":false,"potions_floor_spawned":[3,4,14],"killed_by":"Hexaghost","ascension_level":0}}