{"host":"6wux4armhsntp4yb","time":1614372741,"event":{"mods":["BaseMod","Colored Map","DeckTracker","Minty Spire (QoL Compilation)","Relic Stats"],"gold_per_floor":[116,132,132,1,76,76,108,108,187,201,201,221,255,270,270,341,341,353,364,364,364,364,364,389,404,404,304,336,23,23,41,41,120,120,134,134,145,160,185,185,212,212,236,255,255,266,300,345,345,345,345,345],"floor_reached":51,"language":"JPN","playtime":4280,"items_purged":["Strike_G","Strike_G+1","Masterful Stab"],"score":1581,"play_id":"295080d5-004b-4e68-8a35-7cc2231cff1b","local_time":"20210227055221","is_ascension_mode":true,"campfire_choices":[{"data":"Neutralize","floor":6.0,"key":"SMITH"},{"data":"Slice","floor":8.0,"key":"SMITH"},{"data":"Caltrops","floor":11.0,"key":"SMITH"},{"data":"Eviscerate","floor":15.0,"key":"SMITH"},{"data":"Corpse Explosion","floor":23.0,"key":"SMITH"},{"data":"Footwork","floor":30.0,"key":"SMITH"},{"data":"Concentrate","floor":32.0,"key":"SMITH"},{"data":"Noxious Fumes","floor":40.0,"key":"SMITH"},{"data":"Footwork","floor":42.0,"key":"SMITH"},{"floor":49.0,"key":"RECALL"}],"circlet_count":0,"master_deck":["AscendersBane","Strike_G+1","Defend_G+1","Defend_G+1","Defend_G+1","Defend_G+1","Defend_G+1","Survivor","Neutralize+1","Dagger Throw","Quick Slash","Slice+1","Backflip","Caltrops+1","Dagger Throw","Backstab","Eviscerate+1","Corpse Explosion+1","Expertise+1","Backflip+1","Heel Hook","Concentrate+1","Writhe","Noxious Fumes+1","Deep Breath+1","Footwork+1","Acrobatics+1","Burst+1","Footwork+1","Leg Sweep+1","Writhe","Calculated Gamble+1","Madness+1","Madness+1","Bouncing Flask+1","Predator+1"],"relics":["Ring of the Serpent","NeowsBlessing","MealTicket","Mummified Hand","Meat on the Bone","Cursed Key","Blood Vial","Blue Candle","Toxic Egg 2","Calipers","Ginger","Darkstone Periapt","FossilizedHelix"],"acts_visited":["Exordium","TheCity","TheBeyond"],"potions_floor_usage":[],"damage_taken":[{"damage":0.0,"enemies":"Cultist","floor":1.0,"turns":1.0},{"damage":0.0,"enemies":"2 Louse","floor":2.0,"turns":1.0},{"damage":0.0,"enemies":"Lagavulin","floor":7.0,"turns":1.0},{"damage":0.0,"enemies":"Small Slimes","floor":10.0,"turns":3.0},{"damage":1.0,"enemies":"3 Louse","floor":12.0,"turns":3.0},{"damage":19.0,"enemies":"3 Sentries","floor":13.0,"turns":9.0},{"damage":1.0,"enemies":"Lots of Slimes","floor":14.0,"turns":4.0},{"damage":25.0,"enemies":"The Guardian","floor":16.0,"turns":8.0},{"damage":12.0,"enemies":"Chosen","floor":18.0,"turns":3.0},{"damage":1.0,"enemies":"3 Byrds","floor":19.0,"turns":2.0},{"damage":13.0,"enemies":"Slavers","floor":24.0,"turns":2.0},{"damage":2.0,"enemies":"Snake Plant","floor":25.0,"turns":3.0},{"damage":34.0,"enemies":"Gremlin Leader","floor":28.0,"turns":6.0},{"damage":8.0,"enemies":"Chosen and Byrds","floor":31.0,"turns":4.0},{"damage":20.0,"enemies":"Automaton","floor":33.0,"turns":11.0},{"damage":1.0,"enemies":"3 Shapes","floor":35.0,"turns":5.0},{"damage":1.0,"enemies":"Orb Walker","floor":37.0,"turns":5.0},{"damage":1.0,"enemies":"Spire Growth","floor":38.0,"turns":5.0},{"damage":0.0,"enemies":"Mind Bloom Boss Battle","floor":39.0,"turns":6.0},{"damage":3.0,"enemies":"Nemesis","floor":41.0,"turns":7.0},{"damage":3.0,"enemies":"Jaw Worm Horde","floor":44.0,"turns":2.0},{"damage":6.0,"enemies":"4 Shapes","floor":46.0,"turns":2.0},{"damage":9.0,"enemies":"Reptomancer","floor":47.0,"turns":7.0},{"damage":17.0,"enemies":"2 Orb Walkers","floor":48.0,"turns":3.0},{"damage":8,"enemies":"Donu and Deca","floor":50,"turns":7},{"damage":55,"enemies":"Time Eater","floor":51,"turns":6}],"seed_played":"-1959470614666311716","potions_obtained":[{"floor":7.0,"key":"SneckoOil"},{"floor":10.0,"key":"FairyPotion"},{"floor":12.0,"key":"Energy Potion"},{"floor":14.0,"key":"FearPotion"},{"floor":18.0,"key":"LiquidMemories"},{"floor":24.0,"key":"ColorlessPotion"},{"floor":39.0,"key":"Energy Potion"},{"floor":41.0,"key":"AttackPotion"},{"floor":44.0,"key":"ColorlessPotion"},{"floor":46.0,"key":"Block Potion"}],"is_trial":false,"path_per_floor":["M","M","?","$","?","R","E","R","T","M","R","M","E","M","R","B",null,"M","M","?","?","?","R","E","M","T","$","E","$","R","M","R","B",null,"M","?","M","M","?","R","E","R","T","M","?","M","E","?","R","B","B"],"character_chosen":"THE_SILENT","items_purchased":["Slice","Deep Breath+1","Footwork"],"campfire_rested":0,"item_purchase_floors":[4,29,29],"current_hp_per_floor":[59,59,59,59,48,48,48,48,48,48,48,47,28,39,39,26,56,44,43,43,43,56,56,43,43,43,58,38,53,53,47,47,41,60,61,61,62,63,65,65,63,63,69,68,55,51,44,41,41,47,0,0],"gold":345,"neow_bonus":"THREE_ENEMY_KILL","is_daily":false,"chose_seed":false,"campfire_upgraded":9,"win_rate":0.0,"timestamp":1614372741,"path_taken":["M","M","?","$","?","R","E","R","T","M","R","M","E","M","R","BOSS","M","M","?","?","?","R","E","M","T","$","E","$","R","M","R","BOSS","M","?","?","M","?","R","E","R","T","M","?","M","E","?","R","BOSS","BOSS"],"items_purchased_type":["Card","Card","Card"],"build_version":"2020-12-22","purchased_purges":3,"victory":false,"max_hp_per_floor":[66,66,66,66,66,66,66,66,66,66,66,66,66,66,66,66,66,66,66,66,66,66,66,66,66,66,66,66,66,66,66,66,66,66,66,66,66,66,66,66,66,66,72,72,72,72,72,72,72,72,72,72],"relic_stats":{"Blood Vial":29,"Darkstone Periapt":6,"counters":[26,116],"Mummified Hand":[57],"Blue Candle":[20],"MealTicket":30,"Ginger":[3],"Cursed Key":2,"obtain_stats":[{"Darkstone Periapt":41,"Calipers":36,"NeowsBlessing":0,"Blue Candle":26,"Ginger":39,"Cursed Key":17,"Blood Vial":24,"Mummified Hand":9,"MealTicket":7,"Toxic Egg 2":28,"Ring of the Serpent":34,"FossilizedHelix":47,"Ring of the Snake":0,"Meat on the Bone":13},{"Darkstone Periapt":20,"Calipers":16,"NeowsBlessing":0,"Blue Candle":12,"Ginger":19,"Cursed Key":8,"Blood Vial":11,"Mummified Hand":3,"MealTicket":3,"Toxic Egg 2":13,"Ring of the Serpent":15,"FossilizedHelix":23,"Ring of the Snake":0,"Meat on the Bone":6},{"Darkstone Periapt":89,"Calipers":66,"NeowsBlessing":0,"Blue Candle":40,"Ginger":82,"Cursed Key":30,"Blood Vial":37,"Mummified Hand":3,"MealTicket":3,"Toxic Egg 2":46,"Ring of the Serpent":61,"FossilizedHelix":100,"Ring of the Snake":0,"Meat on the Bone":18}],"Meat on the Bone":72},"card_choices":[{"not_picked":["Backflip","Leg Sweep"],"picked":"Dagger Throw","floor":1.0},{"not_picked":["Underhanded Strike","Cloak And Dagger"],"picked":"Quick Slash","floor":2.0},{"not_picked":["Masterful Stab","Leg Sweep"],"picked":"Backflip","floor":7.0},{"not_picked":["Cloak And Dagger","Dagger Throw"],"picked":"Caltrops","floor":10.0},{"not_picked":["Infinite Blades","Dagger Spray"],"picked":"Dagger Throw","floor":12.0},{"not_picked":["Underhanded Strike","All Out Attack"],"picked":"Backstab","floor":13.0},{"not_picked":["Leg Sweep","Poisoned Stab"],"picked":"Eviscerate","floor":14.0},{"not_picked":["Burst","Grand Finale"],"picked":"Corpse Explosion","floor":16.0},{"not_picked":["Bane","Dagger Throw"],"picked":"Expertise+1","floor":18.0},{"not_picked":["Bane","Dash"],"picked":"Backflip+1","floor":19.0},{"not_picked":["Quick Slash","Slice","Masterful Stab"],"picked":"SKIP","floor":24.0},{"not_picked":["Acrobatics","Blade Dance"],"picked":"Concentrate","floor":25.0},{"not_picked":["Deadly Poison+1","Quick Slash"],"picked":"Noxious Fumes","floor":28.0},{"not_picked":["Glass Knife","Dodge and Roll+1"],"picked":"Acrobatics+1","floor":31.0},{"not_picked":["Tools of the Trade","Bullet Time+1"],"picked":"Burst+1","floor":33.0},{"not_picked":["Prepared+1","Bane"],"picked":"Footwork","floor":35.0},{"not_picked":["Underhanded Strike","Dagger Spray","Slice"],"picked":"SKIP","floor":37.0},{"not_picked":["Dodge and Roll+1","Caltrops","Outmaneuver+1"],"picked":"SKIP","floor":38.0},{"not_picked":["Blade Dance+1","Sucker Punch"],"picked":"Leg Sweep+1","floor":39.0},{"not_picked":["Accuracy","Acrobatics+1","Bane"],"picked":"SKIP","floor":41.0},{"not_picked":["Sucker Punch","Backstab"],"picked":"Calculated Gamble+1","floor":44.0},{"not_picked":["Bane","Dagger Spray"],"picked":"Bouncing Flask+1","floor":46.0},{"not_picked":["Dagger Throw","Caltrops","Endless Agony+1"],"picked":"SKIP","floor":47.0},{"not_picked":["PiercingWail+1","Acrobatics+1"],"picked":"Predator+1","floor":48.0}],"player_experience":5946087,"relics_obtained":[{"floor":7.0,"key":"MealTicket"},{"floor":9.0,"key":"Mummified Hand"},{"floor":13.0,"key":"Meat on the Bone"},{"floor":24.0,"key":"Blood Vial"},{"floor":26.0,"key":"Blue Candle"},{"floor":28.0,"key":"Toxic Egg 2"},{"floor":39.0,"key":"Ginger"},{"floor":41.0,"key":"Darkstone Periapt"},{"floor":47.0,"key":"FossilizedHelix"}],"event_choices":[{"damage_healed":0.0,"max_hp_gain":0.0,"max_hp_loss":0.0,"gold_gain":0.0,"event_name":"Shining Light","player_choice":"Ignored","floor":3.0,"gold_loss":0.0,"damage_taken":0.0},{"damage_healed":0.0,"max_hp_gain":0.0,"max_hp_loss":0.0,"gold_gain":75.0,"event_name":"World of Goop","player_choice":"Gather Gold","floor":5.0,"gold_loss":0.0,"damage_taken":11.0},{"damage_healed":0.0,"max_hp_gain":0.0,"max_hp_loss":0.0,"gold_gain":0.0,"cards_transformed":["Strike_G","Strike_G"],"event_name":"Drug Dealer","player_choice":"Became Test Subject","floor":20.0,"gold_loss":0.0,"damage_taken":0.0,"cards_obtained":["Masterful Stab","Heel Hook"]},{"damage_healed":0.0,"max_hp_gain":0.0,"max_hp_loss":0.0,"gold_gain":0.0,"event_name":"Back to Basics","player_choice":"Simplicity","floor":21.0,"gold_loss":0.0,"damage_taken":0.0,"cards_upgraded":["Strike_G","Strike_G","Defend_G","Defend_G","Defend_G","Defend_G","Defend_G"]},{"damage_healed":13.0,"max_hp_gain":0.0,"max_hp_loss":0.0,"gold_gain":0.0,"event_name":"The Library","player_choice":"Heal","floor":22.0,"gold_loss":0.0,"damage_taken":0.0},{"damage_healed":0.0,"max_hp_gain":0.0,"max_hp_loss":0.0,"gold_gain":0.0,"event_name":"WeMeetAgain","player_choice":"Gave Potion","floor":36.0,"gold_loss":0.0,"damage_taken":0.0,"relics_obtained":["Calipers"]},{"damage_healed":0.0,"max_hp_gain":0.0,"max_hp_loss":0.0,"gold_gain":0.0,"event_name":"MindBloom","player_choice":"Fight","floor":39.0,"gold_loss":0.0,"damage_taken":0.0},{"damage_healed":0.0,"max_hp_gain":0.0,"max_hp_loss":0.0,"gold_gain":0.0,"event_name":"Winding Halls","player_choice":"Embrace Madness","floor":45.0,"gold_loss":0.0,"damage_taken":13.0,"cards_obtained":["Madness","Madness"]},{"damage_healed":0.0,"max_hp_gain":0.0,"max_hp_loss":0.0,"gold_gain":0.0,"event_name":"Mysterious Sphere","player_choice":"Fight","floor":48.0,"gold_loss":0.0,"damage_taken":0.0}],"is_beta":false,"boss_relics":[{"not_picked":["Tiny House","Velvet Choker"],"picked":"Cursed Key"},{"not_picked":["Busted Crown","Sozu"],"picked":"Ring of the Serpent"}],"items_purged_floors":[4,27,29],"is_endless":false,"potions_floor_spawned":[7,10,12,14,18,24,25,28,39,41,44,46],"killed_by":"Time Eater","ascension_level":20}}