{"host":"7vsti54a9aip3o1e","time":1614381034,"event":{"mods":["AchievementEnabler","BaseMod","Colored Map","Colored Powertips","Highlight Path","Minty Spire (QoL Compilation)","Quick Restart","Rare Cards Sparkle","SuperFastMode"],"gold_per_floor":[115,115,127,83,103,103,131,131,131,165,165,182,182,202,202,274,274,289,289,289,309,324,324,324,324,324,324,20,20,20,37,37,37,37],"floor_reached":33,"language":"ENG","playtime":632,"items_purged":["Writhe"],"score":455,"play_id":"07767bba-5500-4c7b-9eb9-84130afc153c","local_time":"20210226181034","is_ascension_mode":true,"campfire_choices":[{"data":"Streamline","floor":6,"key":"SMITH"},{"floor":11,"key":"REST"},{"floor":15,"key":"REST"},{"floor":23,"key":"REST"},{"floor":25,"key":"REST"},{"data":"Thunder Strike","floor":27,"key":"SMITH"},{"floor":32,"key":"REST"}],"circlet_count":0,"master_deck":["AscendersBane","Strike_B","Strike_B","Strike_B","Defend_B","Defend_B","Defend_B","Defend_B","Zap","Dualcast","Go for the Eyes","Streamline+1","FTL","Go for the Eyes","Capacitor","Leap","Thunder Strike+1","Redo"],"relics":["Cracked Core","NeowsBlessing","NlothsMask","Gambling Chip","Cables","Busted Crown","Toy Ornithopter","Mercury Hourglass","Frozen Egg 2","PrismaticShard","CeramicFish"],"acts_visited":["Exordium","TheCity"],"potions_floor_usage":[],"damage_taken":[{"damage":0,"enemies":"Small Slimes","floor":1,"turns":1},{"damage":0,"enemies":"Cultist","floor":3,"turns":1},{"damage":0,"enemies":"Jaw Worm","floor":5,"turns":1},{"damage":33,"enemies":"Gremlin Nob","floor":7,"turns":4},{"damage":20,"enemies":"3 Sentries","floor":10,"turns":6},{"damage":1,"enemies":"Looter","floor":12,"turns":3},{"damage":5,"enemies":"Red Slaver","floor":14,"turns":3},{"damage":35,"enemies":"Hexaghost","floor":16,"turns":10},{"damage":17,"enemies":"Shell Parasite","floor":18,"turns":7},{"damage":11,"enemies":"3 Byrds","floor":21,"turns":4},{"damage":30,"enemies":"Snake Plant","floor":22,"turns":5},{"damage":33,"enemies":"Sentry and Sphere","floor":31,"turns":4},{"damage":42,"enemies":"Collector","floor":33,"turns":3}],"seed_played":"7182840128291611958","potions_obtained":[{"floor":7,"key":"Weak Potion"},{"floor":10,"key":"FocusPotion"}],"is_trial":false,"path_per_floor":["M","?","M","$","M","R","E","?","T","E","R","M","?","M","R","B",null,"M","T","?","M","M","R","?","R","T","R","$","T","$","M","R","B"],"character_chosen":"DEFECT","items_purchased":["FTL","Redo","PrismaticShard"],"campfire_rested":5,"item_purchase_floors":[4,28,28],"current_hp_per_floor":[64,64,64,64,64,64,31,36,36,16,38,37,37,32,54,19,62,45,45,45,34,4,26,26,48,48,48,48,48,48,15,37,0,0],"gold":37,"neow_bonus":"THREE_ENEMY_KILL","is_daily":false,"chose_seed":false,"campfire_upgraded":2,"win_rate":0.0,"timestamp":1614381034,"path_taken":["M","?","?","$","M","R","E","?","T","E","R","M","?","M","R","BOSS","M","?","?","?","M","R","?","R","T","R","$","?","$","?","R","BOSS"],"items_purchased_type":["Card","Card","Relic"],"build_version":"2020-12-22","purchased_purges":1,"victory":false,"max_hp_per_floor":[71,71,71,71,71,71,71,76,76,76,76,76,76,76,76,76,76,76,76,76,76,76,76,76,76,76,76,76,76,76,76,76,76,76],"card_choices":[{"not_picked":["Redo","Reinforced Body"],"picked":"Go for the Eyes","floor":1},{"not_picked":["Redo","Rebound"],"picked":"Streamline","floor":3},{"not_picked":["Recycle","Hologram","Turbo"],"picked":"SKIP","floor":5},{"not_picked":["White Noise","Aggregate"],"picked":"Go for the Eyes","floor":7},{"not_picked":["Static Discharge","Stack","Hello World"],"picked":"SKIP","floor":10},{"not_picked":["Rebound","Cold Snap"],"picked":"Capacitor","floor":12},{"not_picked":["Ball Lightning","Tempest","Compile Driver"],"picked":"SKIP","floor":14},{"not_picked":["Creative AI","Echo Form"],"picked":"Thunder Strike","floor":16},{"not_picked":["Reinforced Body+1"],"picked":"SKIP","floor":18},{"not_picked":["Stack"],"picked":"SKIP","floor":21},{"not_picked":["Redo"],"picked":"SKIP","floor":22},{"not_picked":["Capacitor+1"],"picked":"SKIP","floor":31}],"player_experience":575407,"relics_obtained":[{"floor":7,"key":"Gambling Chip"},{"floor":10,"key":"Cables"},{"floor":19,"key":"Toy Ornithopter"},{"floor":26,"key":"Frozen Egg 2"},{"floor":29,"key":"CeramicFish"}],"event_choices":[{"damage_healed":0,"gold_gain":0,"player_choice":"Trade","damage_taken":0,"relics_obtained":["NlothsMask"],"max_hp_gain":0,"max_hp_loss":0,"event_name":"FaceTrader","floor":2,"gold_loss":0},{"damage_healed":0,"gold_gain":0,"player_choice":"Donut","damage_taken":0,"max_hp_gain":5,"max_hp_loss":0,"event_name":"Big Fish","floor":8,"gold_loss":0},{"damage_healed":0,"gold_gain":0,"cards_transformed":["Strike_B"],"player_choice":"Transformed","damage_taken":0,"max_hp_gain":0,"max_hp_loss":0,"event_name":"Transmorgrifier","floor":13,"gold_loss":0,"cards_obtained":["Leap"]},{"damage_healed":0,"gold_gain":0,"player_choice":"Ignored","damage_taken":0,"max_hp_gain":0,"max_hp_loss":0,"event_name":"Transmorgrifier","floor":20,"gold_loss":0},{"damage_healed":0,"gold_gain":0,"player_choice":"Opened","damage_taken":0,"relics_obtained":["Mercury Hourglass"],"max_hp_gain":0,"max_hp_loss":0,"event_name":"The Mausoleum","floor":24,"gold_loss":0,"cards_obtained":["Writhe"]}],"is_beta":false,"boss_relics":[{"not_picked":["Tiny House","Pandora\u0027s Box"],"picked":"Busted Crown"}],"items_purged_floors":[28],"is_endless":false,"potions_floor_spawned":[7,10,12,14,21],"killed_by":"Collector","ascension_level":16}}