{"host":"0hpcwmnjk6ebq46s","time":1614313838,"event":{"mods":["Act Like it!","AlwaysNeverKeys","Ascension Reborn","Aspiration","Astrologer","Bard","BaseMod","Better Note","Better Third Choice","Colored Map","Colored Powertips","Conspire","Downfall","Duelist Mod","Energized Spire","GifTheSpireLib","Glutton Mod","Googly Eyes","Halation","Hallownest","Hubris","Infinite Spire","Jedi Mod","Mad Scientist","Marisa????????","Mimic Mod","Minty Spire (QoL Compilation)","Permanent Neow","Relic Stats","Reliquary","Remilia??????","Replay The Spire","Ruina","Spicy Shops","Spire Arcade","StSLib","Stuff the Spire","SuperFastMode","The Administrix","The Animator","The Blue Laboratory","The Bug Knight","The Construct","The Cursed","The Disciple","The Hierophant","The Necromancer","The Runesmith","The Wild Card","TheFirefly","Transform Curses","UnlockEverythingMod"],"gold_per_floor":[115,132,147,160,206,241,241,269,292,292,467,467,47,47,47,162,162,200,246,270,303,303,303,303,303,303,339,339,69,90,119,119,169,169],"floor_reached":33,"language":"ENG","playtime":4431,"items_purged":["downfall:Haunted","Decay","Doubt"],"score":305,"play_id":"f5720c38-12f9-4ce7-8fa9-28737e35525d","local_time":"20210225223038","is_ascension_mode":true,"campfire_choices":[{"data":"AdministrixMod:ShadowPlay","floor":7,"key":"SMITH"},{"data":"AdministrixMod:WifeLightning","floor":12,"key":"SMITH"},{"data":"AdministrixMod:BlueCloak","floor":15,"key":"SMITH"},{"floor":15,"key":"RECALL"},{"floor":23,"key":"REST"},{"floor":25,"key":"REST"},{"data":"theDuelist:BlizzardThunderbird","floor":28,"key":"SMITH"},{"data":"theDuelist:RainbowMedicine","floor":28,"key":"SMITH"},{"data":"Glutton:Hoard","floor":32,"key":"SMITH"},{"data":"theDuelist:Wiretap+1","floor":32,"key":"SMITH"}],"circlet_count":0,"master_deck":["AdministrixMod:Strike_Administrix","AdministrixMod:Strike_Administrix","AdministrixMod:Strike_Administrix","AdministrixMod:Strike_Administrix","AdministrixMod:RedCloak","AdministrixMod:Defend_Administrix","AdministrixMod:Defend_Administrix","AdministrixMod:Defend_Administrix","AdministrixMod:Defend_Administrix","AdministrixMod:BlueCloak+1","AdministrixMod:StarSwordSoul","AdministrixMod:ChooseYourEnd","AdministrixMod:PassageOfAges","AdministrixMod:WifeLightning+1","AdministrixMod:DiversionaryTactic","theDuelist:RainbowMedicine+1","theDuelist:Wiretap+2","theDuelist:BlizzardThunderbird+1","Evaluate+1","hubris:DuctTapeCard","PanicButton","Glutton:Hoard+1"],"relics":["AdministrixMod:ConductorRitualBaton","Regal Pillow","Dream Catcher","Orichalcum","Replay:Bandana","PrismaticShard","halation:PenCase","Question Card","aspiration:Nostalgia","m_CorellonBlood","hubris:DuctTape","hubris:SlimyHat"],"acts_visited":["Exordium","TheCity"],"potions_floor_usage":[21],"damage_taken":[{"damage":0,"enemies":"Cultist","floor":1,"turns":3},{"damage":6,"enemies":"Jaw Worm","floor":2,"turns":4},{"damage":0,"enemies":"Small Slimes","floor":3,"turns":2},{"damage":3,"enemies":"Looter","floor":4,"turns":3},{"damage":11,"enemies":"Replay:BlueRogue","floor":6,"turns":8},{"damage":25,"enemies":"Gremlin Nob","floor":8,"turns":4},{"damage":0,"enemies":"Hexaghost","floor":16,"turns":11},{"damage":9,"enemies":"3 Byrds","floor":18,"turns":5},{"damage":3,"enemies":"conspire:FuzzyDice","floor":19,"turns":8},{"damage":26,"enemies":"conspire:FuzzyDice","floor":20,"turns":4},{"damage":25,"enemies":"Chosen and Byrds","floor":21,"turns":8},{"damage":20,"enemies":"Snake Plant","floor":27,"turns":7},{"damage":3,"enemies":"Snecko","floor":30,"turns":9},{"damage":2,"enemies":"Chosen and Byrds","floor":31,"turns":9},{"damage":28,"enemies":"hubris:MusketHawk","floor":33,"turns":7}],"seed_played":"-734644985318568287","potions_obtained":[{"floor":1,"key":"blueLaboratory:EnragingPotion"},{"floor":6,"key":"blueLaboratory:BottledHope"},{"floor":8,"key":"Ancient Potion"},{"floor":27,"key":"hexamod:SoulburnPotion"}],"is_trial":false,"path_per_floor":["M","M","M","M","T","E","R","E","T","?","?","R","$","?","R","B",null,"M","MIM","M","M","?","R","$","R","T","M","R","$","M","M","R","B"],"character_chosen":"TheAdministrix","items_purchased":["halation:PenCase","AdministrixMod:DiversionaryTactic","aspiration:Nostalgia","PanicButton","hubris:SlimyHat"],"campfire_rested":2,"item_purchase_floors":[13,13,24,29,29],"current_hp_per_floor":[65,59,59,56,56,45,45,20,20,20,20,20,20,20,20,20,65,56,53,27,2,2,36,14,48,48,28,28,28,25,23,23,0,0],"gold":169,"neow_bonus":"ONE_RANDOM_RARE_CARD","is_daily":false,"chose_seed":false,"campfire_upgraded":7,"win_rate":0.0,"timestamp":1614313838,"path_taken":["M","M","M","M","?","E","R","E","T","?","?","R","?","?","R","BOSS","M","?","M","M","?","R","?","R","T","?","R","$","M","M","R","BOSS"],"items_purchased_type":["Relic","Card","Relic","Card","Relic"],"build_version":"2020-12-22","purchased_purges":3,"victory":false,"max_hp_per_floor":[65,65,65,65,65,65,65,65,65,65,65,65,65,65,65,65,65,65,65,65,65,65,65,65,65,65,65,65,65,65,65,65,65,65],"relic_stats":{"Regal Pillow":30,"Dream Catcher":2,"counters":[15,92],"Orichalcum":[114],"Question Card":7,"obtain_stats":[{"Regal Pillow":5,"Dream Catcher":6,"Replay:Bandana":9,"m_CorellonBlood":24,"hubris:DuctTape":26,"aspiration:Nostalgia":24,"halation:PenCase":13,"AdministrixMod:ConductorRitualBaton":0,"hubris:SlimyHat":29,"Orichalcum":8,"PrismaticShard":10,"Question Card":19},{"Regal Pillow":4,"Dream Catcher":5,"Replay:Bandana":6,"m_CorellonBlood":11,"hubris:DuctTape":11,"aspiration:Nostalgia":11,"halation:PenCase":6,"AdministrixMod:ConductorRitualBaton":0,"hubris:SlimyHat":12,"Orichalcum":6,"PrismaticShard":6,"Question Card":9},{"Regal Pillow":12,"Dream Catcher":20,"Replay:Bandana":24,"m_CorellonBlood":60,"hubris:DuctTape":60,"aspiration:Nostalgia":60,"halation:PenCase":24,"AdministrixMod:ConductorRitualBaton":0,"hubris:SlimyHat":67,"Orichalcum":24,"PrismaticShard":24,"Question Card":48}]},"card_choices":[{"not_picked":["AdministrixMod:RegentEdict","AdministrixMod:PassageOfAges"],"picked":"AdministrixMod:ChooseYourEnd","floor":1},{"not_picked":["AdministrixMod:QuietConspiracy","AdministrixMod:CrackingPangu"],"picked":"AdministrixMod:ShadowPlay","floor":2},{"not_picked":["AdministrixMod:CenturiesAscent","AdministrixMod:Transition"],"picked":"AdministrixMod:NoblePath","floor":3},{"not_picked":["AdministrixMod:GirlsDoItBetter","AdministrixMod:QuietConspiracy","AdministrixMod:BloodlessSapphire"],"picked":"SKIP","floor":4},{"not_picked":["AdministrixMod:NoblePath","AdministrixMod:CrackingPangu"],"picked":"AdministrixMod:PassageOfAges","floor":6},{"not_picked":["AdministrixMod:ExtolVirtue","AdministrixMod:SyncreticPlunge"],"picked":"AdministrixMod:WifeLightning","floor":8},{"not_picked":["sneckomod:DangerNoodle","astrologer:HeatDeath"],"picked":"theDuelist:RainbowMedicine","floor":16},{"not_picked":["theDuelist:Tsukahagi","theDuelist:VampireDuke","theDuelist:SuperSolarNutrient"],"picked":"SKIP","floor":18},{"not_picked":["ScarletDevil+1","Slimebound:GoopTackle"],"picked":"theDuelist:Wiretap+1","floor":19},{"not_picked":["astrologer:ShootingStar+1","theDuelist:MetalRaidersMetronome","jedi:acidrain","theDuelist:VeilDarkness"],"picked":"SKIP","floor":20},{"not_picked":["theDuelist:BlizzardWarrior","bronze:OilSpill+1","animator:Guy"],"picked":"theDuelist:BlizzardThunderbird","floor":21},{"not_picked":["Guardian:VentSteam","theDuelist:BlastHeldTribute","construct:FocusedBeam"],"picked":"Evaluate+1","floor":23},{"not_picked":["theDuelist:CyberValley","theDuelist:TerrorkingSalmon","bard:ReverseGravity","animator:Tyuule+1"],"picked":"SKIP","floor":27},{"not_picked":["theDuelist:ReinforcementsArmy","HollowMod:BrokenVessel","theDuelist:BigDesFrog","MadScienceMod:AcidSpray"],"picked":"SKIP","floor":30},{"not_picked":["Guardian:Gem_Green","VestedLegacy+1","theDuelist:GhostrickDullahan"],"picked":"Glutton:Hoard","floor":31}],"player_experience":102654,"relics_obtained":[{"floor":5,"key":"Regal Pillow"},{"floor":6,"key":"Dream Catcher"},{"floor":8,"key":"Orichalcum"},{"floor":9,"key":"Replay:Bandana"},{"floor":19,"key":"Question Card"},{"floor":26,"key":"hubris:DuctTape"}],"event_choices":[{"damage_healed":0,"gold_gain":175,"player_choice":"AGREE","damage_taken":292,"max_hp_gain":0,"max_hp_loss":0,"event_name":"betterThird:BetterSerpent","floor":11,"gold_loss":0},{"damage_healed":0,"gold_gain":0,"player_choice":"Upgraded","damage_taken":0,"max_hp_gain":0,"max_hp_loss":0,"event_name":"Upgrade Shrine","floor":14,"gold_loss":0,"cards_upgraded":["AdministrixMod:NoblePath"]},{"damage_healed":0,"gold_gain":0,"player_choice":"Cursed","damage_taken":0,"max_hp_gain":0,"max_hp_loss":0,"event_name":"Wheel of Change","floor":22,"gold_loss":0,"cards_obtained":["Decay"]}],"is_beta":false,"boss_relics":[{"not_picked":["halation:ForbiddenBikini","ReplayTheSpireMod:DimensionalGlitch","energizedSpire:EnergizedDie"]}],"items_purged_floors":[13,24,24],"is_endless":false,"potions_floor_spawned":[1,6,8,18,27,30],"killed_by":"hubris:MusketHawk","ascension_level":0}}