{"host":"c2bue2hyafvtxka5","time":1614300815,"event":{"mods":["BaseMod","Hermit","Minty Spire (QoL Compilation)","Replay The Spire","StSLib","SuperFastMode","The Cursed","The Disciple","The Necromancer","The Servant 0.9.4"],"gold_per_floor":[116,127,47,66,66,66,91,91,145,173,173,348,377,410,410,416,416],"floor_reached":16,"language":"ENG","playtime":510,"items_purged":[],"score":130,"play_id":"74a4120f-9270-446e-bd1d-d562dd5c80fb","local_time":"20210225195335","is_ascension_mode":true,"campfire_choices":[{"data":"Bone_Armory","floor":6,"key":"SMITH"},{"floor":8,"key":"REST"},{"floor":15,"key":"REST"}],"circlet_count":0,"master_deck":["Strike_W","Strike_W","Strike_W","Defend_W","Defend_W","Defend_W","Defend_W","Negative_Energy_Arrows","Bone_Wall","Toxic_Smoke_Screen","Bone_Armory+1","Bone_Spikes","Summon_Death_Knight","Death_March_Dance","Doubt","Negative_Energy_Shield","Bone_Armor"],"relics":["Vampire_Amulet","Juzu Bracelet","Replay:Rubber Ducky","Replay:Bandana","Odd Mushroom"],"acts_visited":["Exordium"],"potions_floor_usage":[7,14,16],"damage_taken":[{"damage":11,"enemies":"Jaw Worm","floor":1,"turns":6},{"damage":9,"enemies":"Cultist","floor":2,"turns":5},{"damage":3,"enemies":"Small Slimes","floor":4,"turns":6},{"damage":36,"enemies":"Gremlin Nob","floor":7,"turns":5},{"damage":23,"enemies":"3 Sentries","floor":10,"turns":12},{"damage":13,"enemies":"3 Louse","floor":13,"turns":4},{"damage":16,"enemies":"The Mushroom Lair","floor":14,"turns":6},{"damage":37,"enemies":"Hexaghost","floor":16,"turns":19}],"seed_played":"-1085667182531233629","potions_obtained":[{"floor":1,"key":"Strength Potion"},{"floor":10,"key":"Adrenaline Potion"},{"floor":13,"key":"Fire Potion"}],"is_trial":false,"path_per_floor":["M","M","$","M","?","R","E","R","T","E","?","?","M","?","R","B"],"character_chosen":"NECROMANCER","items_purchased":["Bone_Armory"],"campfire_rested":2,"item_purchase_floors":[3],"current_hp_per_floor":[66,59,59,60,60,60,26,48,48,31,31,31,24,14,36,0,0],"gold":416,"neow_bonus":"REMOVE_CARD","is_daily":false,"chose_seed":false,"campfire_upgraded":1,"win_rate":0.0,"timestamp":1614300815,"path_taken":["M","M","$","M","?","R","E","R","T","E","?","?","M","?","R","BOSS"],"items_purchased_type":["Card"],"build_version":"2020-12-22","purchased_purges":0,"victory":false,"max_hp_per_floor":[75,75,75,75,75,75,75,75,75,75,75,75,75,75,75,75,75],"card_choices":[{"not_picked":["Blood_Shield","Necromantic_Selection","Shackles_Of_Pain"],"picked":"SKIP","floor":1},{"not_picked":["Negative_Energy_Mist","Bones_to_Steel"],"picked":"Toxic_Smoke_Screen","floor":2},{"not_picked":["Toxic_Smoke_Screen","Siphon_Strength"],"picked":"Bone_Spikes","floor":4},{"not_picked":["Requiem","Negative_Energy_Burst"],"picked":"Summon_Death_Knight","floor":7},{"not_picked":["Bone_Shift","Consume_Illness","Necromantic_Selection"],"picked":"SKIP","floor":10},{"not_picked":["Necromantic_Selection","Blood_Shield"],"picked":"Negative_Energy_Shield","floor":13},{"not_picked":["Negative_Energy_Burst","Negative_Energy_Javelin"],"picked":"Bone_Armor","floor":14}],"player_experience":118187,"relics_obtained":[{"floor":7,"key":"Juzu Bracelet"},{"floor":9,"key":"Replay:Rubber Ducky"},{"floor":10,"key":"Replay:Bandana"},{"floor":14,"key":"Odd Mushroom"}],"event_choices":[{"damage_healed":0,"gold_gain":0,"player_choice":"Bought 0 Potions","damage_taken":0,"max_hp_gain":0,"max_hp_loss":0,"event_name":"The Woman in Blue","floor":5,"gold_loss":0},{"damage_healed":0,"gold_gain":0,"player_choice":"1 cards matched","damage_taken":0,"max_hp_gain":0,"max_hp_loss":0,"event_name":"Match and Keep!","floor":11,"gold_loss":0,"cards_obtained":["Death_March_Dance"]},{"damage_healed":0,"gold_gain":175,"player_choice":"AGREE","damage_taken":0,"max_hp_gain":0,"max_hp_loss":0,"event_name":"Liars Game","floor":12,"gold_loss":0,"cards_obtained":["Doubt"]},{"damage_healed":0,"gold_gain":0,"player_choice":"Fought Mushrooms","damage_taken":0,"max_hp_gain":0,"max_hp_loss":0,"event_name":"Mushrooms","floor":14,"gold_loss":0}],"is_beta":false,"boss_relics":[],"items_purged_floors":[],"is_endless":false,"potions_floor_spawned":[1,10,13],"killed_by":"Hexaghost","ascension_level":4}}