{"host":"o9lehcdjc4u6j9un","time":1614347257,"event":{"mods":["Aspiration","BaseMod","Better-Laid Plans","Bossed Relics","Colored Map","Hermit","Marisa£®ÏF”Í°°ƒß¿Ì…≥£©","Minty Spire (QoL Compilation)","StSLib","The Marked","The Runesmith"],"gold_per_floor":[109,109,34,34,34,34,50,65,89,89,113,113,13,49,49,49,49],"floor_reached":16,"language":"ZHS","playtime":459,"items_purged":["hermit:Strike_Hermit","Injury"],"score":98,"play_id":"12dd2101-07c8-48bd-88ab-d6dbdcdd0246","local_time":"20210226214737","is_ascension_mode":false,"campfire_choices":[{"data":"hermit:HighCaliber","floor":6,"key":"SMITH"},{"data":"hermit:CalledShot","floor":10,"key":"SMITH"},{"data":"hermit:CalledShot","floor":12,"key":"SMITH"},{"data":"hermit:Combo","floor":15,"key":"SMITH"}],"circlet_count":0,"master_deck":["hermit:Strike_Hermit","hermit:Strike_Hermit","hermit:Strike_Hermit","hermit:Defend_Hermit","hermit:Defend_Hermit","hermit:Defend_Hermit","hermit:Defend_Hermit","hermit:Snapshot","hermit:Covet","hermit:HighCaliber+1","Regret","hermit:CalledShot+1","hermit:CalledShot+1","hermit:Combo+1"],"relics":["hermit:Momento","Orichalcum","Golden Idol","Bag of Marbles","Letter Opener"],"acts_visited":["Exordium"],"potions_floor_usage":[],"damage_taken":[{"damage":2,"enemies":"Small Slimes","floor":1,"turns":4},{"damage":0,"enemies":"2 Louse","floor":7,"turns":3},{"damage":4,"enemies":"Jaw Worm","floor":8,"turns":4},{"damage":8,"enemies":"Red Slaver","floor":11,"turns":2},{"damage":30,"enemies":"Lagavulin","floor":14,"turns":5},{"damage":39,"enemies":"The Guardian","floor":16,"turns":6}],"seed_played":"-2077162796425447259","potions_obtained":[{"floor":14,"key":"Energy Potion"}],"is_trial":false,"path_per_floor":["M","?","$","?","$","R","M","M","T","R","M","R","$","E","R","B"],"character_chosen":"HERMIT","items_purchased":[],"campfire_rested":0,"item_purchase_floors":[],"current_hp_per_floor":[80,80,80,80,80,80,80,76,76,76,68,68,68,38,38,0,0],"gold":49,"neow_bonus":"TEN_PERCENT_HP_BONUS","is_daily":false,"chose_seed":false,"campfire_upgraded":4,"win_rate":0.0,"timestamp":1614347257,"path_taken":["M","?","$","?","?","R","?","M","T","R","M","R","?","E","R","BOSS"],"items_purchased_type":[],"build_version":"2020-12-22","purchased_purges":2,"victory":false,"max_hp_per_floor":[82,82,82,82,82,82,82,82,82,82,82,82,82,82,82,82,82],"card_choices":[{"not_picked":["hermit:Headshot","hermit:BigShot"],"picked":"hermit:HighCaliber","floor":1},{"not_picked":["hermit:HighCaliber","hermit:LowProfile"],"picked":"hermit:CalledShot","floor":7},{"not_picked":["hermit:BodyArmor","hermit:Quickdraw"],"picked":"hermit:CalledShot","floor":8},{"not_picked":["hermit:Desperado","hermit:LoneWolf","hermit:Scavenge"],"picked":"SKIP","floor":11},{"not_picked":["hermit:Ricochet","hermit:EternalForm"],"picked":"hermit:Combo","floor":14}],"player_experience":175822,"relics_obtained":[{"floor":9,"key":"Bag of Marbles"},{"floor":14,"key":"Letter Opener"}],"event_choices":[{"damage_healed":0,"gold_gain":0,"player_choice":"Box","damage_taken":0,"relics_obtained":["Orichalcum"],"max_hp_gain":0,"max_hp_loss":0,"event_name":"Big Fish","floor":2,"gold_loss":0,"cards_obtained":["Regret"]},{"damage_healed":0,"gold_gain":0,"player_choice":"Take Wound","damage_taken":0,"relics_obtained":["Golden Idol"],"max_hp_gain":0,"max_hp_loss":0,"event_name":"Golden Idol","floor":4,"gold_loss":0,"cards_obtained":["Injury"]}],"is_beta":false,"boss_relics":[],"items_purged_floors":[3,13],"is_endless":false,"potions_floor_spawned":[14],"killed_by":"The Guardian","ascension_level":0}}