{"host":"zcytydgb505ghzux","time":1614314328,"event":{"mods":["Act Like it!","BaseMod","Colored Powertips","Downfall","Highlight Path","Infinite Spire","Jorbs\u0027s Wanderer Trilogy","Marisa????????","Minty Spire (QoL Compilation)","Replay The Spire","StSLib","The Construct","The Mystic","The Wild Card"],"gold_per_floor":[99,99,119,119,138,172,251,251,251,151,170,180,209,220,232,331,331,331,346,338,338,358,358,385,285,285,312,312,347,371,404,429,527,527,427,455,513,513,533,555,579,599,599,633,183,183,216,265,297,423,523,523,523],"floor_reached":51,"language":"ENG","playtime":3180,"items_purged":["hexamod:Strike"],"score":749,"play_id":"ea9e5dbf-4c01-4bf4-8969-a3fb50733534","local_time":"20210225233848","is_ascension_mode":false,"campfire_choices":[{"floor":1,"key":"RECALL"},{"floor":8,"key":"REST"},{"floor":10,"key":"REST"},{"data":"infinitespire:Punishment","floor":18,"key":"SMITH"},{"data":"hexamod:NightmareGuise","floor":25,"key":"SMITH"},{"data":"infinitespire:FutureSight","floor":28,"key":"SMITH"},{"data":"hexamod:HeatShield","floor":35,"key":"SMITH"},{"floor":43,"key":"REST"},{"data":"infinitespire:Starlight","floor":46,"key":"SMITH"}],"circlet_count":0,"master_deck":["hexamod:Strike","hexamod:Strike","hexamod:Strike","hexamod:Defend","hexamod:Defend","hexamod:Defend","hexamod:Defend","hexamod:Sear","hexamod:Float+1","hexamod:InspiringFlames","hexamod:ShieldOfDarkness","infinitespire:Punishment+1","hexamod:SwordOfDarkness","hexamod:NightmareGuise+1","hexamod:ThermalTransfer+1","hexamod:ExtraCrispy","Reaper","hexamod:WildfireWeapon","hexamod:FirstSeal","hexamod:SecondSeal","hexamod:ThirdSeal","hexamod:FourthSeal","hexamod:NightmareStrike","infinitespire:FutureSight+1","hexamod:HauntingEcho","hexamod:HeatShield+1","infinitespire:Starlight+1","hexamod:HeatMetal","hexamod:Hexaguard","hexamod:EmpoweredFlame","hexamod:SwordOfDarkness+1","hexamod:GhostLash+1","hexamod:ThermalTransfer+1","hexamod:PhantomFireball"],"relics":["m_DevilBlood","infinitespire:BottledMercury","Pantograph","downfall:HeartBlessingRed","Odd Mushroom","SlaversCollar","Ornamental Fan","downfall:HeartBlessingBlue","Replay:WaspNest","InkBottle","Busted Crown","downfall:HeartBlessingGreen","Replay:Kaleidoscope","Ancient Tea Set","Replay:Bandana","Whetstone","Juzu Bracelet","Blood Vial","Replay:Wanted Poster"],"acts_visited":["Exordium","TheCity","TheBeyond","Exordium"],"potions_floor_usage":[6,30,30,33,36,39,39,40,50],"damage_taken":[{"damage":0,"enemies":"Small Slimes","floor":3,"turns":5},{"damage":0,"enemies":"2 Louse","floor":5,"turns":3},{"damage":44,"enemies":"Gremlin Nob","floor":6,"turns":5},{"damage":0,"enemies":"Cultist","floor":11,"turns":3},{"damage":2,"enemies":"3 Louse","floor":12,"turns":4},{"damage":7,"enemies":"The Mushroom Lair","floor":13,"turns":4},{"damage":0,"enemies":"downfall:LooterAlt","floor":14,"turns":2},{"damage":3,"enemies":"Large Slime","floor":15,"turns":5},{"damage":33,"enemies":"WA_ARCHETYPE_RETAIN","floor":16,"turns":7},{"damage":5,"enemies":"Chosen","floor":19,"turns":3},{"damage":18,"enemies":"downfall:LooterAlt2","floor":22,"turns":6},{"damage":20,"enemies":"Centurion and Healer","floor":27,"turns":7},{"damage":31,"enemies":"Nightmare","floor":29,"turns":10},{"damage":22,"enemies":"Cultist and Chosen","floor":30,"turns":8},{"damage":48,"enemies":"Book of Stabbing","floor":31,"turns":5},{"damage":29,"enemies":"Sentry and Sphere","floor":32,"turns":7},{"damage":93,"enemies":"IC_MUSHROOM_ARCHETYPE","floor":33,"turns":9},{"damage":7,"enemies":"Orb Walker","floor":36,"turns":4},{"damage":42,"enemies":"Orb Walker","floor":37,"turns":6},{"damage":20,"enemies":"3 Darklings","floor":39,"turns":6},{"damage":31,"enemies":"Sphere and 2 Shapes","floor":40,"turns":6},{"damage":18,"enemies":"4 Shapes","floor":42,"turns":5},{"damage":24,"enemies":"Nemesis","floor":44,"turns":6},{"damage":0,"enemies":"downfall:FleeingMerchant","floor":45,"turns":4},{"damage":27,"enemies":"Jaw Worm Horde","floor":47,"turns":4},{"damage":18,"enemies":"Reptomancer","floor":48,"turns":6},{"damage":23,"enemies":"Transient","floor":49,"turns":5},{"damage":67,"enemies":"DF_ARCHETYPE_ORBS","floor":50,"turns":13}],"seed_played":"-893872393978317655","potions_obtained":[{"floor":3,"key":"Explosive Potion"},{"floor":6,"key":"construct:ShiftPotion"},{"floor":13,"key":"Dexterity Potion"},{"floor":14,"key":"Weak Potion"},{"floor":22,"key":"hexamod:InfernoChargePotion"},{"floor":27,"key":"hexamod:DoubleChargePotion"},{"floor":30,"key":"Fire Potion"},{"floor":33,"key":"SpeedPotion"},{"floor":37,"key":"Flashbang"},{"floor":37,"key":"LifebloodPotion"},{"floor":38,"key":"Swift Potion"},{"floor":44,"key":"bronze:BurnAndBuffPotion"},{"floor":45,"key":"DistilledChaos"},{"floor":47,"key":"Elixir"},{"floor":48,"key":"Fire Potion"},{"floor":49,"key":"hexamod:InfernoChargePotion"},{"floor":50,"key":"hexamod:InfernoChargePotion"}],"is_trial":false,"path_per_floor":["R","?","M","?","M","E","T","R","?","R","M","M","?","M","M","B",null,"R","M","?","?","M","?","T","R","AVR","M","R","NM","M","E","M","B",null,"R","M","?","?","M","M","T","M","R","E","$","R","M","E","M","B",null],"character_chosen":"THE_SPIRIT","items_purchased":["Whetstone","hexamod:PhantomFireball","Juzu Bracelet"],"campfire_rested":3,"item_purchase_floors":[45,45,45],"current_hp_per_floor":[77,77,77,77,77,41,41,64,45,68,72,74,75,77,77,54,77,77,77,70,70,68,68,68,78,78,73,73,65,75,55,58,24,87,87,87,58,58,65,63,63,71,87,80,87,87,68,75,87,54,87,87,87],"gold":523,"neow_bonus":"TEN_PERCENT_HP_BONUS","is_daily":false,"chose_seed":false,"campfire_upgraded":5,"win_rate":0.0,"timestamp":1614314328,"path_taken":["R","?","M","?","?","E","T","R","?","R","M","M","?","M","M","BOSS","R","M","?","?","M","?","T","R","AVR","M","R","NM","M","E","M","BOSS","R","M","?","?","?","M","T","?","R","E","$","R","M","E","M","BOSS"],"items_purchased_type":["Relic","Card","Relic"],"build_version":"2020-12-22","purchased_purges":1,"victory":false,"max_hp_per_floor":[77,77,77,77,77,77,77,77,77,77,77,77,77,77,77,77,77,77,77,77,77,77,77,77,87,87,87,87,87,87,87,87,87,87,87,87,87,87,87,87,87,87,87,87,87,87,87,87,87,87,87,87,87],"card_choices":[{"not_picked":["hexamod:GhostLash","hexamod:BacktrackSmack"],"picked":"hexamod:InspiringFlames","floor":3},{"not_picked":["hexamod:NightmareGuise","hexamod:HeatCrush"],"picked":"hexamod:ShieldOfDarkness","floor":5},{"not_picked":["True Grit","Carnage","hexamod:RetreatToShadows"],"picked":"SKIP","floor":6},{"not_picked":["infinitespire:Menacing","infinitespire:DeathsTouch"],"picked":"infinitespire:Punishment","floor":9},{"not_picked":["Defy Death","hexamod:BacktrackSmack"],"picked":"hexamod:SwordOfDarkness","floor":11},{"not_picked":["hexamod:Rewind","Carnage"],"picked":"hexamod:NightmareGuise","floor":12},{"not_picked":["hexamod:SpectersWail","hexamod:Again"],"picked":"hexamod:ThermalTransfer","floor":13},{"not_picked":["hexamod:NecessarySacrifice","True Grit"],"picked":"hexamod:ExtraCrispy","floor":14},{"not_picked":["hexamod:SkipABeat","Feel No Pain"],"picked":"Reaper","floor":15},{"not_picked":["hexamod:GhostflameInferno","hexamod:TurnItUp"],"picked":"hexamod:WildfireWeapon","floor":16},{"not_picked":["hexamod:AdvancingGuard","hexamod:RainOfEmbers"],"picked":"hexamod:GhostShield+1","floor":19},{"not_picked":["hexamod:NightmareGuise","hexamod:ShieldOfDarkness"],"picked":"hexamod:NightmareStrike","floor":22},{"not_picked":["hexamod:SwordOfDarkness+1","hexamod:RainOfEmbers"],"picked":"hexamod:HauntingEcho","floor":27},{"not_picked":["hexamod:AdvancingGuard","hexamod:Haunt+1","hexamod:GhostflameBarrier"],"picked":"SKIP","floor":27},{"not_picked":["hexamod:Rewind","hexamod:NightmareGuise"],"picked":"hexamod:HeatShield","floor":29},{"not_picked":["infinitespire:TheBestDefense","ReplayTheSpireMod:Echoes of Time"],"picked":"infinitespire:Starlight","floor":29},{"not_picked":["hexamod:RetreatToShadows","hexamod:BurningTouch"],"picked":"hexamod:HeatMetal","floor":29},{"not_picked":["hexamod:HeatMetal","hexamod:NightmareStrike"],"picked":"hexamod:Hexaguard","floor":30},{"not_picked":["hexamod:Again","hexamod:HeatMetal+1"],"picked":"hexamod:EmpoweredFlame","floor":30},{"not_picked":["hexamod:PhantomFireball+1","hexamod:UnlimitedPower","hexamod:WildfireWeapon"],"picked":"SKIP","floor":31},{"not_picked":["hexamod:HeatMetal+1","hexamod:GhostflameBarrier+1","hexamod:HauntingEcho"],"picked":"SKIP","floor":31},{"not_picked":["hexamod:Firestarter","hexamod:EtherealExpedition"],"picked":"hexamod:SwordOfDarkness","floor":32},{"not_picked":["hexamod:PhantomCloak+1","hexamod:DynamicBlow","hexamod:GhostShield"],"picked":"SKIP","floor":32},{"not_picked":["hexamod:PhantomCloak+1","hexamod:DynamicBlow","hexamod:GhostShield"],"picked":"SKIP","floor":32},{"not_picked":["hexamod:ChargedBarrage+1"],"picked":"SKIP","floor":36},{"not_picked":["hexamod:Again+1"],"picked":"SKIP","floor":39},{"not_picked":["hexamod:HauntingEcho"],"picked":"SKIP","floor":39},{"not_picked":[],"picked":"hexamod:GhostLash+1","floor":40},{"not_picked":["hexamod:RecurringNightmare"],"picked":"SKIP","floor":40},{"not_picked":["hexamod:PhantomCloak"],"picked":"SKIP","floor":42},{"not_picked":["hexamod:HauntingEcho"],"picked":"SKIP","floor":42},{"not_picked":["hexamod:ForkedFlame"],"picked":"SKIP","floor":44},{"not_picked":["hexamod:GhostOfSpirePast+1"],"picked":"SKIP","floor":44},{"not_picked":[],"picked":"hexamod:ThermalTransfer+1","floor":45},{"not_picked":["hexamod:RecurringNightmare"],"picked":"SKIP","floor":45},{"not_picked":["hexamod:NightmareStrike"],"picked":"SKIP","floor":47},{"not_picked":["hexamod:SwordOfDarkness+1"],"picked":"SKIP","floor":47},{"not_picked":["hexamod:FastForward"],"picked":"SKIP","floor":48},{"not_picked":["hexamod:BurningTouch"],"picked":"SKIP","floor":49}],"player_experience":103230,"relics_obtained":[{"floor":6,"key":"infinitespire:BottledMercury"},{"floor":7,"key":"Pantograph"},{"floor":13,"key":"Odd Mushroom"},{"floor":29,"key":"Replay:WaspNest"},{"floor":31,"key":"InkBottle"},{"floor":37,"key":"Replay:Kaleidoscope"},{"floor":41,"key":"Ancient Tea Set"},{"floor":44,"key":"Replay:Bandana"},{"floor":48,"key":"Blood Vial"}],"event_choices":[{"damage_healed":0,"gold_gain":0,"player_choice":"Forge","damage_taken":0,"max_hp_gain":0,"max_hp_loss":0,"event_name":"Accursed Blacksmith","floor":4,"gold_loss":0,"cards_upgraded":["hexamod:Float"]},{"damage_healed":0,"gold_gain":0,"player_choice":"Fought Mushrooms","damage_taken":0,"max_hp_gain":0,"max_hp_loss":0,"event_name":"Mushrooms","floor":13,"gold_loss":0},{"damage_healed":0,"gold_gain":0,"player_choice":"Got Potions","damage_taken":0,"max_hp_gain":0,"max_hp_loss":0,"event_name":"Lab","floor":38,"gold_loss":0}],"is_beta":false,"boss_relics":[{"not_picked":["Philosopher\u0027s Stone","SacredBark"],"picked":"SlaversCollar"},{"not_picked":["Ring of Chaos","Abe\u0027s Treasure"],"picked":"Busted Crown"},{"not_picked":["Pandora\u0027s Box","Calling Bell"],"picked":"Replay:Wanted Poster"}],"items_purged_floors":[45],"is_endless":true,"potions_floor_spawned":[3,6,13,14,22,27,33,37,40,47,48],"ascension_level":0}}