{"host":"m0xu04lznsue37gd","time":1614337005,"event":{"mods":["2.2 Compatiblity","AchievementEnabler","Act Like it!","BaseMod","Better Third Choice","Colored Map","Colored Powertips","Hallownest","Minty Spire (QoL Compilation)","Quick Restart","Random Character Button","StSLib","Synergy Search"],"gold_per_floor":[117,117,67,87,14,14,37,68,118,118,149,149,149,162,162,263,263,263,223,223,178,93,93,93,93,93,93,93,93,93,93,93,93,93,93,93,93,93,93,93,93,93,93],"floor_reached":42,"language":"ENG","playtime":1623,"items_purged":[],"score":849,"play_id":"a4bdb97a-ec19-42d1-b797-082039d073db","local_time":"20210226115645","is_ascension_mode":true,"campfire_choices":[{"data":"Eruption","floor":6.0,"key":"SMITH"},{"data":"DeceiveReality","floor":12.0,"key":"SMITH"},{"data":"WindmillStrike","floor":15.0,"key":"SMITH"},{"data":"LikeWater","floor":27.0,"key":"SMITH"},{"data":"SashWhip","floor":29.0,"key":"SMITH"},{"data":"CutThroughFate","floor":32.0,"key":"SMITH"},{"data":"Forethought","floor":41.0,"key":"SMITH"}],"circlet_count":0,"master_deck":["AscendersBane","Strike_P+1","Defend_P+1","Eruption+1","Vigilance","WindmillStrike+1","DeceiveReality+1","EmptyMind","FearNoEvil","PathToVictory+1","Vengeance","DeusExMachina+1","LikeWater+1","CutThroughFate+1","FollowUp+1","WheelKick","SashWhip+1","ThirdEye+1","ClearTheMind+1","WindmillStrike+1","CutThroughFate+1","Secret Technique","Forethought+1","Good Instincts","EmptyFist+1"],"relics":["PureWater","NeowsBlessing","Pen Nib","Juzu Bracelet","Matryoshka","Tiny Chest","Nunchaku","Akabeko","Ectoplasm","Bag of Marbles","War Paint","Letter Opener","Omamori","Potion Belt","Eternal Feather","Astrolabe","Toy Ornithopter"],"acts_visited":["Exordium","TheCity","TheBeyond"],"potions_floor_usage":[],"damage_taken":[{"damage":0.0,"enemies":"Small Slimes","floor":1.0,"turns":1.0},{"damage":0.0,"enemies":"Jaw Worm","floor":4.0,"turns":1.0},{"damage":0.0,"enemies":"Lagavulin","floor":8.0,"turns":2.0},{"damage":6.0,"enemies":"3 Sentries","floor":11.0,"turns":5.0},{"damage":0.0,"enemies":"Cultist","floor":14.0,"turns":2.0},{"damage":0.0,"enemies":"Slime Boss","floor":16.0,"turns":7.0},{"damage":7.0,"enemies":"Chosen","floor":18.0,"turns":3.0},{"damage":3.0,"enemies":"2 Thieves","floor":21.0,"turns":3.0},{"damage":0.0,"enemies":"Gremlin Leader","floor":23.0,"turns":2.0},{"damage":1.0,"enemies":"Centurion and Healer","floor":24.0,"turns":5.0},{"damage":6.0,"enemies":"Sentry and Sphere","floor":25.0,"turns":5.0},{"damage":28.0,"enemies":"Collector","floor":33.0,"turns":7.0},{"damage":0.0,"enemies":"Orb Walker","floor":35.0,"turns":2.0},{"damage":26.0,"enemies":"3 Darklings","floor":36.0,"turns":3.0},{"damage":18.0,"enemies":"Reptomancer","floor":40.0,"turns":7.0},{"damage":0,"enemies":"Giant Head","floor":42,"turns":1}],"seed_played":"-5295013587836866394","potions_obtained":[{"floor":1.0,"key":"Block Potion"},{"floor":4.0,"key":"Explosive Potion"},{"floor":11.0,"key":"Ambrosia"},{"floor":21.0,"key":"AttackPotion"},{"floor":23.0,"key":"ColorlessPotion"},{"floor":25.0,"key":"CultistPotion"},{"floor":40.0,"key":"Fruit Juice"}],"is_trial":false,"path_per_floor":["M","?","?","M","$","R","T","E","T","?","E","R","?","M","R","B",null,"M","?","T","M","?","E","M","M","T","R","?","R","T","T","R","B",null,"M","M","?","?","?","E","R","E"],"character_chosen":"WATCHER","items_purchased":["EmptyMind"],"campfire_rested":0,"item_purchase_floors":[5],"current_hp_per_floor":[65,65,65,65,65,65,65,65,65,65,59,59,52,52,52,52,67,60,60,60,57,57,57,56,50,50,50,50,50,50,50,62,34,63,63,37,27,27,63,55,68,68,68],"gold":93,"neow_bonus":"THREE_ENEMY_KILL","is_daily":false,"chose_seed":false,"campfire_upgraded":7,"win_rate":0.0,"timestamp":1614337005,"path_taken":["M","?","?","M","$","R","?","E","T","?","E","R","?","M","R","BOSS","M","?","?","M","?","E","M","M","T","R","?","R","?","?","R","BOSS","M","M","?","?","?","E","R","E"],"items_purchased_type":["Card"],"build_version":"2020-12-22","purchased_purges":0,"victory":false,"max_hp_per_floor":[72,72,72,72,72,72,72,72,72,72,72,72,72,72,72,72,72,72,72,72,72,72,72,72,72,72,72,72,72,72,72,72,72,72,72,72,72,72,63,68,68,68,68],"card_choices":[{"not_picked":["Worship","CrushJoints"],"picked":"WindmillStrike","floor":1.0},{"not_picked":["EmptyBody","FollowUp"],"picked":"DeceiveReality","floor":4.0},{"not_picked":["WindmillStrike","EmptyMind"],"picked":"FearNoEvil","floor":8.0},{"not_picked":["Collect","Protect"],"picked":"PathToVictory","floor":11.0},{"not_picked":["Wish","Worship"],"picked":"Vengeance","floor":14.0},{"not_picked":["ConjureBlade","Alpha"],"picked":"DeusExMachina","floor":16.0},{"not_picked":["FlyingSleeves+1","PathToVictory"],"picked":"LikeWater","floor":18.0},{"not_picked":["DeceiveReality","Fasting2","Study"],"picked":"SKIP","floor":21.0},{"not_picked":["Crescendo","Perseverance"],"picked":"CutThroughFate","floor":23.0},{"not_picked":["Pray","Worship+1"],"picked":"FollowUp+1","floor":24.0},{"not_picked":["FollowUp+1","FearNoEvil"],"picked":"WheelKick","floor":25.0},{"not_picked":["MasterReality","Wish"],"picked":"Devotion","floor":33.0},{"not_picked":["CrushJoints","Meditate"],"picked":"CutThroughFate+1","floor":35.0},{"not_picked":["Sanctity","CarveReality","Evaluate"],"picked":"SKIP","floor":36.0},{"not_picked":["Discovery","HandOfGreed"],"picked":"Secret Technique","floor":37.0},{"not_picked":["Impatience","Metamorphosis"],"picked":"Forethought","floor":37.0},{"not_picked":["Sadistic Nature","Dark Shackles"],"picked":"Good Instincts","floor":37.0},{"not_picked":["EmptyBody","CutThroughFate+1"],"picked":"EmptyFist+1","floor":40.0}],"player_experience":681203,"relics_obtained":[{"floor":7.0,"key":"Juzu Bracelet"},{"floor":8.0,"key":"Matryoshka"},{"floor":9.0,"key":"Tiny Chest"},{"floor":9.0,"key":"Nunchaku"},{"floor":11.0,"key":"Akabeko"},{"floor":20.0,"key":"Bag of Marbles"},{"floor":20.0,"key":"War Paint"},{"floor":23.0,"key":"Omamori"},{"floor":26.0,"key":"Potion Belt"},{"floor":30.0,"key":"Eternal Feather"},{"floor":40.0,"key":"Toy Ornithopter"}],"event_choices":[{"damage_healed":0.0,"max_hp_gain":0.0,"max_hp_loss":0.0,"gold_gain":0.0,"event_name":"Big Fish","player_choice":"Box","floor":2.0,"gold_loss":0.0,"damage_taken":0.0,"relics_obtained":["Pen Nib"],"cards_obtained":["Regret"]},{"cards_removed":["Regret"],"damage_healed":0.0,"max_hp_gain":0.0,"max_hp_loss":0.0,"gold_gain":0.0,"event_name":"The Cleric","player_choice":"Card Removal","floor":3.0,"gold_loss":50.0,"damage_taken":0.0},{"cards_removed":["Defend_P"],"damage_healed":0.0,"max_hp_gain":0.0,"max_hp_loss":0.0,"gold_gain":0.0,"event_name":"Purifier","player_choice":"Purged","floor":10.0,"gold_loss":0.0,"damage_taken":0.0},{"cards_removed":["Defend_P"],"damage_healed":0.0,"max_hp_gain":0.0,"max_hp_loss":0.0,"gold_gain":0.0,"event_name":"Golden Wing","player_choice":"Card Removal","floor":13.0,"gold_loss":0.0,"damage_taken":7.0},{"damage_healed":0.0,"max_hp_gain":0.0,"max_hp_loss":0.0,"gold_gain":0.0,"event_name":"Designer","player_choice":"Upgraded Two","floor":19.0,"gold_loss":40.0,"damage_taken":0.0,"cards_upgraded":["DeusExMachina","Strike_P"]},{"damage_healed":0.0,"max_hp_gain":0.0,"max_hp_loss":0.0,"gold_gain":0.0,"event_name":"Addict","player_choice":"Obtained Relic","floor":22.0,"gold_loss":85.0,"damage_taken":0.0,"relics_obtained":["Letter Opener"]},{"damage_healed":0.0,"max_hp_gain":0.0,"max_hp_loss":0.0,"gold_gain":0.0,"cards_transformed":["Strike_P","Strike_P"],"event_name":"Drug Dealer","player_choice":"Became Test Subject","floor":28.0,"gold_loss":0.0,"damage_taken":0.0,"cards_obtained":["SashWhip","WheelKick"]},{"damage_healed":0.0,"max_hp_gain":0.0,"max_hp_loss":0.0,"gold_gain":0.0,"event_name":"SensoryStone","player_choice":"Memory 3","floor":37.0,"gold_loss":0.0,"damage_taken":10.0},{"cards_removed":["Devotion"],"damage_healed":0.0,"max_hp_gain":0.0,"max_hp_loss":0.0,"gold_gain":0.0,"event_name":"Falling","player_choice":"Removed Power","floor":38.0,"gold_loss":0.0,"damage_taken":0.0},{"damage_healed":63.0,"max_hp_gain":0.0,"max_hp_loss":9.0,"gold_gain":0.0,"event_name":"The Moai Head","player_choice":"Heal","floor":39.0,"gold_loss":0.0,"damage_taken":0.0}],"is_beta":false,"boss_relics":[{"not_picked":["Cursed Key","Pandora\u0027s Box"],"picked":"Ectoplasm"},{"not_picked":["Snecko Eye","Sozu"],"picked":"Astrolabe"}],"items_purged_floors":[],"is_endless":false,"potions_floor_spawned":[1,4,11,21,23,25,40],"killed_by":"Giant Head","ascension_level":11}}