{"host":"x8s7139x96bc3le0","time":1614375133,"event":{"mods":["AchievementEnabler","BaseMod","Bestiary","Minty Spire (QoL Compilation)","Relic Stats","ojb\u0027s Better Paths Mod","ojb\u0027s Info Mod"],"gold_per_floor":[114,114,114,114,131,156,131,131,157,185,185,213,231,266,266,370,370,388,399,68,78,90,122,47,47,73,73,85,98,117,117,117],"floor_reached":31,"language":"ENG","playtime":1239,"items_purged":["Strike_B"],"score":457,"play_id":"2d9251f7-6c35-494e-94b4-49a53268c47b","local_time":"20210226223213","is_ascension_mode":true,"campfire_choices":[{"data":"Go for the Eyes","floor":8,"key":"SMITH"},{"data":"Dualcast","floor":11,"key":"SMITH"},{"data":"Genetic Algorithm","floor":15,"key":"SMITH"},{"data":"Biased Cognition","floor":25,"key":"SMITH"},{"data":"Self Repair","floor":27,"key":"SMITH"}],"circlet_count":0,"master_deck":["Strike_B","Strike_B","Defend_B","Defend_B","Defend_B","Defend_B","Zap+1","Dualcast+1","Go for the Eyes+1","Beam Cell","Ball Lightning","Sweeping Beam","Core Surge","Self Repair+1","Genetic Algorithm+1","Biased Cognition","Leap+1","Biased Cognition+1","Coolheaded","Glacier+1","Creative AI","Defragment"],"relics":["Cracked Core","NeowsBlessing","Vajra","Pen Nib","Pear","Happy Flower","Ancient Tea Set","Inserter","Membership Card","Pantograph","Incense Burner","Lantern"],"acts_visited":["Exordium","TheCity"],"potions_floor_usage":[19,23,30,30,31],"damage_taken":[{"damage":0,"enemies":"Small Slimes","floor":1,"turns":1},{"damage":0,"enemies":"2 Louse","floor":5,"turns":1},{"damage":0,"enemies":"3 Sentries","floor":6,"turns":1},{"damage":15,"enemies":"Lagavulin","floor":10,"turns":5},{"damage":16,"enemies":"Gremlin Nob","floor":12,"turns":3},{"damage":2,"enemies":"Jaw Worm","floor":13,"turns":2},{"damage":19,"enemies":"3 Sentries","floor":14,"turns":4},{"damage":0,"enemies":"Slime Boss","floor":16,"turns":6},{"damage":14,"enemies":"3 Byrds","floor":18,"turns":4},{"damage":0,"enemies":"Spheric Guardian","floor":19,"turns":3},{"damage":20,"enemies":"Snake Plant","floor":21,"turns":4},{"damage":22,"enemies":"Shelled Parasite and Fungi","floor":22,"turns":5},{"damage":42,"enemies":"Slavers","floor":23,"turns":4},{"damage":18,"enemies":"Cultist and Chosen","floor":28,"turns":4},{"damage":1,"enemies":"Centurion and Healer","floor":29,"turns":5},{"damage":12,"enemies":"Snake Plant","floor":30,"turns":3},{"damage":36,"enemies":"Book of Stabbing","floor":31,"turns":5}],"seed_played":"-4472389954723686035","potions_obtained":[{"floor":6,"key":"Weak Potion"},{"floor":10,"key":"Regen Potion"},{"floor":12,"key":"Weak Potion"},{"floor":16,"key":"FocusPotion"},{"floor":18,"key":"Explosive Potion"},{"floor":23,"key":"ColorlessPotion"},{"floor":29,"key":"Block Potion"}],"is_trial":false,"path_per_floor":["M","?","?","?","M","E","$","R","T","E","R","E","M","E","R","B",null,"M","M","$","M","M","E","?","R","T","R","M","M","M","E"],"character_chosen":"DEFECT","items_purchased":["Sweeping Beam","Membership Card","Pantograph","Coolheaded"],"campfire_rested":0,"item_purchase_floors":[7,20,20,20],"current_hp_per_floor":[75,75,75,80,80,80,80,80,80,75,75,59,64,52,52,59,90,83,90,90,77,62,27,27,27,27,27,19,28,35,0,0],"gold":117,"neow_bonus":"THREE_ENEMY_KILL","is_daily":false,"chose_seed":false,"campfire_upgraded":5,"win_rate":0.0,"timestamp":1614375133,"path_taken":["M","?","?","?","?","E","?","R","T","E","R","E","M","E","R","BOSS","M","M","$","M","M","E","?","R","T","R","M","M","M","E"],"items_purchased_type":["Card","Relic","Relic","Card"],"build_version":"2020-12-22","purchased_purges":1,"victory":false,"max_hp_per_floor":[75,75,75,80,80,80,80,80,80,90,90,90,90,90,90,90,90,90,90,90,90,90,90,90,90,90,90,90,90,90,90,90],"relic_stats":{"Inserter":[18],"Happy Flower":[16],"counters":[17,60],"Pantograph":0,"Pen Nib":[10],"obtain_stats":[{"Lantern":26,"Pear":10,"Inserter":17,"NeowsBlessing":0,"Happy Flower":12,"Pantograph":20,"Vajra":6,"Pen Nib":9,"Incense Burner":23,"Membership Card":20,"Cracked Core":0,"Ancient Tea Set":14},{"Lantern":13,"Pear":4,"Inserter":8,"NeowsBlessing":0,"Happy Flower":5,"Pantograph":10,"Vajra":3,"Pen Nib":3,"Incense Burner":13,"Membership Card":10,"Cracked Core":0,"Ancient Tea Set":7},{"Lantern":43,"Pear":8,"Inserter":23,"NeowsBlessing":0,"Happy Flower":11,"Pantograph":30,"Vajra":3,"Pen Nib":3,"Incense Burner":43,"Membership Card":30,"Cracked Core":0,"Ancient Tea Set":17}]},"card_choices":[{"not_picked":["Leap","Barrage"],"picked":"Go for the Eyes","floor":1},{"not_picked":["Gash","Rip and Tear"],"picked":"Beam Cell","floor":5},{"not_picked":["Sweeping Beam","Undo"],"picked":"Ball Lightning","floor":6},{"not_picked":["Go for the Eyes","Streamline"],"picked":"Core Surge","floor":10},{"not_picked":["Consume","Reboot"],"picked":"Self Repair","floor":12},{"not_picked":["Recycle","Sunder"],"picked":"Genetic Algorithm","floor":13},{"not_picked":["Consume","Fission","Steam"],"picked":"SKIP","floor":14},{"not_picked":["Echo Form","Core Surge"],"picked":"Biased Cognition","floor":16},{"not_picked":["Barrage","Recycle"],"picked":"Leap+1","floor":18},{"not_picked":["Hologram","Sunder"],"picked":"Biased Cognition","floor":19},{"not_picked":["Storm","Turbo","Redo"],"picked":"SKIP","floor":21},{"not_picked":["Hologram","Coolheaded+1"],"picked":"Glacier+1","floor":22},{"not_picked":["Beam Cell","Barrage","Redo"],"picked":"SKIP","floor":23},{"not_picked":["Coolheaded","Redo+1"],"picked":"Creative AI","floor":28},{"not_picked":["Rip and Tear","Go for the Eyes","Conserve Battery"],"picked":"SKIP","floor":29},{"not_picked":["Genetic Algorithm","Rip and Tear+1"],"picked":"Defragment","floor":30}],"player_experience":895128,"relics_obtained":[{"floor":6,"key":"Vajra"},{"floor":9,"key":"Pen Nib"},{"floor":10,"key":"Pear"},{"floor":12,"key":"Happy Flower"},{"floor":14,"key":"Ancient Tea Set"},{"floor":23,"key":"Incense Burner"},{"floor":26,"key":"Lantern"}],"event_choices":[{"damage_healed":0,"gold_gain":0,"player_choice":"Grow","damage_taken":0,"max_hp_gain":0,"max_hp_loss":0,"event_name":"Living Wall","floor":2,"gold_loss":0,"cards_upgraded":["Zap"]},{"damage_healed":0,"gold_gain":0,"player_choice":"Ignored","damage_taken":0,"max_hp_gain":0,"max_hp_loss":0,"event_name":"Liars Game","floor":3,"gold_loss":0},{"damage_healed":0,"gold_gain":0,"player_choice":"Donut","damage_taken":0,"max_hp_gain":5,"max_hp_loss":0,"event_name":"Big Fish","floor":4,"gold_loss":0},{"cards_removed":["Strike_B"],"damage_healed":0,"gold_gain":0,"player_choice":"Gave Gold","damage_taken":0,"max_hp_gain":0,"max_hp_loss":0,"event_name":"Beggar","floor":24,"gold_loss":75}],"is_beta":false,"boss_relics":[{"not_picked":["Snecko Eye","FrozenCore"],"picked":"Inserter"}],"items_purged_floors":[20],"is_endless":false,"potions_floor_spawned":[6,10,12,16,18,23,29],"killed_by":"Book of Stabbing","ascension_level":4}}