{"host":"rqgzkpsifhykr0rp","time":1614319626,"event":{"mods":["BaseMod","Colored Map","Downfall","Minty Spire (QoL Compilation)","StSLib"],"gold_per_floor":[349,363,378,391,411,430,454,485,497,530,40,53,53,53,65,166,166,66,166,181,197,29,229,229,244,144,176,36,36,86,116,131,236,236,136,153,166,178,178,207,262,612,624,46,81,96,50,75,86,86,86,120,70,70,70,70,70,70],"floor_reached":56,"language":"ENG","playtime":7831,"items_purged":["champ:Strike","champ:Defend","champ:Defend","champ:Defend","LessonLearned+1","champ:FanOfKnives"],"score":1059,"play_id":"831aae26-4e86-42a0-b4bb-9bbbb5f5a624","local_time":"20210226010706","is_ascension_mode":true,"campfire_choices":[{"floor":1,"key":"RECALL"},{"data":"champ:Backstep","floor":13,"key":"SMITH"},{"data":"champ:Improvising","floor":18,"key":"SMITH"},{"data":"champ:StanceDance","floor":26,"key":"SMITH"},{"data":"champ:FlashCut","floor":29,"key":"SMITH"},{"data":"champ:StanceDance","floor":35,"key":"SMITH"},{"data":"Noxious Fumes","floor":54,"key":"SMITH"}],"circlet_count":0,"master_deck":["champ:Execute","champ:Taunt","champ:StanceDance+1","champ:FlashCut+1","champ:SkillfulDodge","champ:Backstep+1","champ:BringItOn","champ:StanceDance+1","champ:FlashCut+1","Consecrate+1","Conclude+1","champ:Improvising+1","J.A.X.","Spot Weakness","champ:FocusedDefense","champ:SteelEdge+1","DeusExMachina","hexamod:SuperheatedStrike+1","Slimebound:GoopSpray+1","champ:FlashCut+1","Slimebound:SplitAcid+1","BootSequence+1","Dark Shackles+1","champ:Backstep+1","Slimebound:DuplicatedForm","expansioncontent:Chronoboost+1","expansioncontent:GuardianWhirl+1","expansioncontent:Chronoboost","Noxious Fumes+1","champ:FlashCut+1","sneckomod:UnknownDraw","expansioncontent:DashGenerateEvil+1"],"relics":["champ:ChampionCrown","Blood Vial","Orichalcum","Molten Egg 2","PrismaticShard","Black Star","downfall:HeartBlessingRed","MutagenicStrength","Pen Nib","downfall:HeartBlessingBlue","Vajra","Anchor","Orrery","Art of War","FossilizedHelix","Empty Cage","downfall:HeartBlessingGreen","TungstenRod","MealTicket","Happy Flower","Old Coin","Toolbox","Pear","Boot","Ice Cream","Smiling Mask","Bottled Tornado","Centennial Puzzle","Gremlin Horn"],"acts_visited":["Exordium","TheCity","TheBeyond","TheEnding"],"potions_floor_usage":[6,8,8,8,9,11,16,21,28,50,50,50],"damage_taken":[{"damage":10,"enemies":"2 Louse","floor":2,"turns":4},{"damage":3,"enemies":"Jaw Worm","floor":3,"turns":3},{"damage":16,"enemies":"Cultist","floor":4,"turns":4},{"damage":10,"enemies":"2 Fungi Beasts","floor":5,"turns":3},{"damage":20,"enemies":"Exordium Wildlife","floor":6,"turns":5},{"damage":20,"enemies":"3 Sentries","floor":8,"turns":8},{"damage":12,"enemies":"Exordium Thugs","floor":9,"turns":5},{"damage":24,"enemies":"Lagavulin","floor":10,"turns":6},{"damage":20,"enemies":"downfall:FleeingMerchant","floor":11,"turns":4},{"damage":20,"enemies":"Large Slime","floor":12,"turns":5},{"damage":7,"enemies":"Blue Slaver","floor":15,"turns":3},{"damage":34,"enemies":"IC_STATUS_ARCHETYPE","floor":16,"turns":10},{"damage":21,"enemies":"downfall:Augmenter","floor":19,"turns":8},{"damage":15,"enemies":"Spheric Guardian","floor":20,"turns":3},{"damage":15,"enemies":"Shell Parasite","floor":21,"turns":4},{"damage":22,"enemies":"downfall:FleeingMerchant","floor":22,"turns":4},{"damage":19,"enemies":"3 Cultists","floor":25,"turns":4},{"damage":16,"enemies":"Gremlin Leader","floor":27,"turns":3},{"damage":20,"enemies":"downfall:FleeingMerchant","floor":28,"turns":4},{"damage":3,"enemies":"downfall:FleeingMerchant","floor":30,"turns":3},{"damage":3,"enemies":"Book of Stabbing","floor":31,"turns":5},{"damage":0,"enemies":"Cultist and Chosen","floor":32,"turns":3},{"damage":77,"enemies":"DF_ARCHETYPE_CLAW","floor":33,"turns":6},{"damage":10,"enemies":"3 Darklings","floor":36,"turns":3},{"damage":0,"enemies":"3 Shapes","floor":37,"turns":4},{"damage":19,"enemies":"3 Darklings","floor":38,"turns":8},{"damage":57,"enemies":"Giant Head","floor":40,"turns":9},{"damage":17,"enemies":"Giant Head","floor":42,"turns":8},{"damage":16,"enemies":"Writhing Mass","floor":43,"turns":5},{"damage":4,"enemies":"Nemesis","floor":45,"turns":5},{"damage":18,"enemies":"Spire Growth","floor":46,"turns":5},{"damage":16,"enemies":"Giant Head","floor":48,"turns":7},{"damage":14,"enemies":"3 Darklings","floor":49,"turns":3},{"damage":33,"enemies":"SI_POISON_ARCHETYPE","floor":50,"turns":9},{"damage":53,"enemies":"downfall:CharBossMerchant","floor":52,"turns":7},{"damage":51,"enemies":"downfall:NeowBoss","floor":55,"turns":15},{"damage":69,"enemies":"downfall:NeowBossFinal","floor":56,"turns":11}],"seed_played":"-6091837666687476588","potions_obtained":[{"floor":2,"key":"hexamod:SoulburnPotion"},{"floor":4,"key":"Swift Potion"},{"floor":6,"key":"EntropicBrew"},{"floor":8,"key":"LiquidBronze"},{"floor":20,"key":"champ:OpenerPotion"},{"floor":25,"key":"BlessingOfTheForge"},{"floor":31,"key":"GamblersBrew"},{"floor":32,"key":"SpeedPotion"},{"floor":33,"key":"Weak Potion"},{"floor":43,"key":"SkillPotion"},{"floor":45,"key":"Dexterity Potion"}],"is_trial":false,"path_per_floor":["R","M","M","M","M","M","T","E","M","E","$","M","R","?","M","B",null,"R","?","M","M","$","?","T","M","R","E","$","R","$","E","M","B",null,"R","M","M","M","?","E","T","?","M","$","E","M","$","E","M","B",null,"E","$","R","B","B"],"character_chosen":"THE_CHAMP","items_purchased":["Molten Egg 2","PrismaticShard","champ:FlashCut+1","Orrery","Toolbox","Pear","champ:FlashCut+1"],"campfire_rested":0,"item_purchase_floors":[11,11,22,30,44,44,47],"current_hp_per_floor":[63,58,55,54,54,54,54,54,54,52,54,56,56,56,51,39,90,90,76,78,80,70,70,70,58,68,64,66,66,65,64,81,36,100,100,100,100,96,86,61,61,71,72,97,106,90,105,104,92,76,110,62,77,77,53,0,0,0],"gold":70,"neow_bonus":"TWO_FIFTY_GOLD","is_daily":false,"chose_seed":false,"campfire_upgraded":6,"win_rate":0.0,"timestamp":1614319626,"path_taken":["R","M","M","M","M","M","T","E","M","E","$","M","R","?","M","BOSS","R","?","M","M","$","?","T","?","R","E","$","R","$","E","M","BOSS","R","M","M","M","?","E","T","?","M","?","E","M","$","E","M","BOSS","E","$","R","BOSS","BOSS"],"items_purchased_type":["Relic","Relic","Card","Relic","Relic","Relic","Card"],"build_version":"2020-12-22","purchased_purges":6,"victory":false,"max_hp_per_floor":[90,90,90,90,90,90,90,90,90,90,90,90,90,90,90,90,90,90,90,90,90,90,90,90,90,100,100,100,100,100,100,100,100,100,100,100,100,100,100,100,100,100,100,110,110,110,110,110,110,110,110,110,110,110,110,110,110,110],"card_choices":[{"not_picked":["champ:DefensiveShout","champ:BerserkerStyle"],"picked":"champ:StanceDance","floor":2},{"not_picked":["champ:RecklessLeap","champ:DefensiveShout"],"picked":"champ:FlashCut","floor":3},{"not_picked":["champ:BerserkersShout","champ:GutPunch"],"picked":"champ:SkillfulDodge","floor":4},{"not_picked":["champ:PerfectedStrike","champ:LastStand"],"picked":"champ:Backstep","floor":5},{"not_picked":["champ:SwordSigil","champ:PerfectedStrike"],"picked":"champ:BringItOn","floor":6},{"not_picked":["champ:ShieldSigil","champ:PreemptiveStrike","champ:Backstep"],"picked":"SKIP","floor":8},{"not_picked":["champ:AdrenalArmor","champ:UltimateStance"],"picked":"champ:StanceDance","floor":9},{"not_picked":["champ:RapidStrikes","champ:FocusedBerserking"],"picked":"champ:FanOfKnives","floor":10},{"not_picked":["champ:FanOfKnives","champ:BladeFlurry"],"picked":"champ:FlashCut","floor":11},{"not_picked":["sneckomod:UnknownClassGUARDIAN","ClearTheMind"],"picked":"Consecrate+1","floor":12},{"not_picked":["Clothesline+1","Shrug It Off"],"picked":"Conclude+1","floor":15},{"not_picked":["Exhume","Guardian:StasisEngine"],"picked":"champ:Improvising","floor":16},{"not_picked":[],"picked":"J.A.X.","floor":19},{"not_picked":["hexamod:Rewind","champ:CrownThrow+1"],"picked":"Spot Weakness","floor":19},{"not_picked":["Deadly Poison","Sweeping Beam+1"],"picked":"DeusExMachina","floor":20},{"not_picked":["Hologram","Guardian:SpikerProtocol"],"picked":"hexamod:SuperheatedStrike+1","floor":21},{"not_picked":["Perfected Strike+1","Protect+1"],"picked":"Slimebound:GoopSpray+1","floor":22},{"not_picked":["Heavy Blade+1","EmptyBody","Slimebound:TongueLash+1"],"picked":"SKIP","floor":25},{"not_picked":["Guardian:GemFinder","Collect"],"picked":"sneckomod:UnknownClassTHE_CHAMP_GRAY","floor":27},{"not_picked":["sneckomod:UnknownCommonAttack+1","Dual Wield","Calculated Gamble+1"],"picked":"SKIP","floor":28},{"not_picked":["bronze:DelayedSlice+1","All Out Attack+1"],"picked":"Slimebound:SplitAcid+1","floor":30},{"not_picked":["sneckomod:QuickMove","EmptyBody"],"picked":"BootSequence+1","floor":30},{"not_picked":["Perfected Strike+1","Intimidate"],"picked":"Dark Shackles+1","floor":30},{"not_picked":["Crescendo+1","Static Discharge"],"picked":"champ:Backstep+1","floor":30},{"not_picked":["JustLucky+1","hexamod:ThirdSeal"],"picked":"Slimebound:DuplicatedForm","floor":31},{"not_picked":["Ball Lightning+1","sneckomod:UnknownClassHEXA_GHOST_PURPLE+1","Guardian:RollAttack+1"],"picked":"SKIP","floor":32},{"not_picked":["champ:StrikeOfGenius","sneckomod:SerpentMind"],"picked":"LessonLearned+1","floor":33},{"not_picked":["FearNoEvil+1","sneckomod:SoulDraw","hexamod:BacktrackSmack+1"],"picked":"SKIP","floor":36},{"not_picked":["hexamod:HeatShield+1","hexamod:NightmareStrike+1","BowlingBash+1"],"picked":"SKIP","floor":37},{"not_picked":["champ:RecklessLeap+1","Slimebound:LeadByExample+1"],"picked":"expansioncontent:Chronoboost+1","floor":38},{"not_picked":["expansioncontent:HyperBeam","expansioncontent:InvincibleStrength"],"picked":"expansioncontent:GuardianWhirl","floor":39},{"not_picked":["expansioncontent:HyperBeam","expansioncontent:GuardianWhirl"],"picked":"expansioncontent:Chronoboost","floor":39},{"not_picked":["bronze:Assembly","Rage+1","champ:BladeFlurry+1"],"picked":"SKIP","floor":40},{"not_picked":["Carnage+1","sneckomod:QuickMove"],"picked":"Noxious Fumes","floor":43},{"not_picked":["Tempest+1","Combust","sneckomod:UnknownCommonSkill"],"picked":"SKIP","floor":45},{"not_picked":["Sword Boomerang+1","PathToVictory","Slimebound:TongueLash+1"],"picked":"SKIP","floor":46},{"not_picked":["Streamline+1","Reflex","Wild Strike+1"],"picked":"SKIP","floor":48},{"not_picked":["Streamline+1","Reflex","Wild Strike+1"],"picked":"SKIP","floor":48},{"not_picked":["Perfected Strike+1","Anger+1"],"picked":"sneckomod:UnknownDraw","floor":49},{"not_picked":["expansioncontent:HyperBeam+1","hexamod:BacktrackSmack+1"],"picked":"expansioncontent:DashGenerateEvil+1","floor":52}],"player_experience":335459,"relics_obtained":[{"floor":8,"key":"Blood Vial"},{"floor":10,"key":"Orichalcum"},{"floor":19,"key":"MutagenicStrength"},{"floor":24,"key":"Pen Nib"},{"floor":27,"key":"Vajra"},{"floor":27,"key":"Anchor"},{"floor":31,"key":"Art of War"},{"floor":31,"key":"FossilizedHelix"},{"floor":40,"key":"TungstenRod"},{"floor":40,"key":"MealTicket"},{"floor":41,"key":"Happy Flower"},{"floor":42,"key":"Old Coin"},{"floor":45,"key":"Boot"},{"floor":45,"key":"Ice Cream"},{"floor":48,"key":"Smiling Mask"},{"floor":48,"key":"Bottled Tornado"},{"floor":52,"key":"Centennial Puzzle"},{"floor":52,"key":"Gremlin Horn"}],"event_choices":[{"cards_removed":["champ:Strike"],"damage_healed":0,"gold_gain":0,"player_choice":"Card Removal","damage_taken":0,"max_hp_gain":0,"max_hp_loss":0,"event_name":"The Cleric","floor":14,"gold_loss":0},{"damage_healed":0,"gold_gain":200,"player_choice":"Gold","damage_taken":0,"max_hp_gain":0,"max_hp_loss":0,"event_name":"Wheel of Change","floor":23,"gold_loss":0}],"is_beta":false,"boss_relics":[{"not_picked":["champ:ChampionCrownUpgraded","Philosopher\u0027s Stone"],"picked":"Black Star"},{"not_picked":["Runic Dome","Busted Crown"],"picked":"Empty Cage"}],"items_purged_floors":[11,22,28,30,44,53],"is_endless":false,"potions_floor_spawned":[2,4,6,8,20,25,31,32,33,42,43,45,46,49],"killed_by":"downfall:NeowBossFinal","ascension_level":1}}