{"host":"gcjbq24aew6ut89u","time":1614321904,"event":{"mods":["BaseMod","Colored Powertips","Highlight Path","KomeijiMod","Lobotomy","Marisa£®ÏF”Í°°ƒß¿Ì…≥£©","Minty Spire (QoL Compilation)","Replay The Spire","Shop Mod","StSLib","The Jungle","Waifu the Spire"],"gold_per_floor":[118,118,131,131,141,141,166,166,218,218,228,228,246,276,276,276,276],"floor_reached":16,"language":"ZHS","playtime":367,"items_purged":[],"score":121,"play_id":"be0808c9-67c3-441d-bdb0-7726bf457bdc","local_time":"20210226144504","is_ascension_mode":true,"campfire_choices":[{"data":"Demonic Infusion","floor":6.0,"key":"SMITH"},{"data":"Bash","floor":8.0,"key":"SMITH"},{"data":"Flex","floor":10.0,"key":"SMITH"},{"data":"Heavy Blade","floor":12.0,"key":"SMITH"},{"data":"Sword Boomerang","floor":15.0,"key":"SMITH"}],"circlet_count":0,"master_deck":["Strike_R","Strike_R","Strike_R","Strike_R","Strike_R","Defend_R","Defend_R","Defend_R","Defend_R","Bash+1","Flex+1","Demonic Infusion+1","Sword Boomerang+1","Heavy Blade+1"],"relics":["Burning Blood","NeowsBlessing","Oddly Smooth Stone","Ancient Tea Set","Iron Hammer"],"acts_visited":["Exordium"],"potions_floor_usage":[16,16],"damage_taken":[{"damage":0.0,"enemies":"Small Slimes","floor":1.0,"turns":1.0},{"damage":0.0,"enemies":"2 Louse","floor":3.0,"turns":1.0},{"damage":0.0,"enemies":"Cultist","floor":5.0,"turns":1.0},{"damage":49.0,"enemies":"Lagavulin","floor":7.0,"turns":9.0},{"damage":6.0,"enemies":"Large Slime","floor":11.0,"turns":4.0},{"damage":0.0,"enemies":"Exordium Thugs","floor":13.0,"turns":3.0},{"damage":33.0,"enemies":"3 Sentries","floor":14.0,"turns":9.0},{"damage":24,"enemies":"The Guardian","floor":16,"turns":2}],"seed_played":"-3425471702298494206","potions_obtained":[{"floor":3.0,"key":"JyouchiReiPotion"},{"floor":4.0,"key":"Dexterity Potion"},{"floor":4.0,"key":"CultistPotion"}],"is_trial":false,"path_per_floor":["M","?","M","?","M","R","E","R","T","R","M","R","M","E","R","B"],"character_chosen":"IRONCLAD","items_purchased":[],"campfire_rested":0,"item_purchase_floors":[],"current_hp_per_floor":[80,85,85,85,85,85,42,42,42,42,42,42,48,21,21,0,0],"gold":276,"neow_bonus":"THREE_ENEMY_KILL","is_daily":false,"chose_seed":false,"campfire_upgraded":5,"win_rate":0.0,"timestamp":1614321904,"path_taken":["M","?","M","?","M","R","E","R","T","R","M","R","M","E","R","BOSS"],"items_purchased_type":[],"build_version":"2020-12-22","purchased_purges":0,"victory":false,"max_hp_per_floor":[80,85,85,85,85,85,85,85,85,85,85,85,85,85,85,85,85],"card_choices":[{"not_picked":["Havoc","Iron Wave"],"picked":"Flex","floor":1.0},{"not_picked":["Replay:Undeath\u0027s Touch","Flex"],"picked":"Demonic Infusion","floor":3.0},{"not_picked":["Flex","Carnage","Burning Pact"],"picked":"SKIP","floor":5.0},{"not_picked":["Seeing Red","Havoc"],"picked":"Sword Boomerang","floor":7.0},{"not_picked":["Run Through","Sentinel"],"picked":"Heavy Blade","floor":11.0},{"not_picked":["Reckless Charge","Metallicize","Rupture"],"picked":"SKIP","floor":13.0},{"not_picked":["Life Link","Rampage","Rage"],"picked":"SKIP","floor":14.0}],"player_experience":80296,"relics_obtained":[{"floor":7.0,"key":"Oddly Smooth Stone"},{"floor":9.0,"key":"Ancient Tea Set"},{"floor":14.0,"key":"Iron Hammer"}],"event_choices":[{"damage_healed":0.0,"max_hp_gain":5.0,"max_hp_loss":0.0,"gold_gain":0.0,"event_name":"Big Fish","player_choice":"Donut","floor":2.0,"gold_loss":0.0,"damage_taken":0.0},{"damage_healed":0.0,"max_hp_gain":0.0,"max_hp_loss":0.0,"gold_gain":0.0,"event_name":"Lab","player_choice":"Got Potions","floor":4.0,"gold_loss":0.0,"damage_taken":0.0}],"is_beta":false,"boss_relics":[],"items_purged_floors":[],"is_endless":false,"potions_floor_spawned":[3,5,13],"killed_by":"The Guardian","ascension_level":2}}