{"host":"4xh8v5undae39mue","time":1614363791,"event":{"mods":["AchievementEnabler","BaseMod","Minty Spire (QoL Compilation)"],"gold_per_floor":[116,116,126,146,146,174,194,194,220,247,247,21,21,47,47,151,151,170,184,184,203,218,218,218,218,245,273,284,284,284,299,299,396,396,410,103,121,134,184,212,212,212,237,251,251,57,57,157,157,157,157],"floor_reached":50,"language":"ENG","playtime":3896,"items_purged":["Strike_G","Strike_G"],"score":635,"play_id":"62d5cdc6-6d01-4780-98e5-b26b0575c236","local_time":"20210226132311","is_ascension_mode":true,"campfire_choices":[{"data":"Bouncing Flask","floor":8,"key":"SMITH"},{"floor":11,"key":"REST"},{"data":"Footwork","floor":13,"key":"SMITH"},{"floor":15,"key":"REST"},{"floor":23,"key":"REST"},{"floor":29,"key":"REST"},{"data":"Burst","floor":32,"key":"SMITH"},{"floor":41,"key":"REST"},{"floor":45,"key":"DIG"},{"floor":49,"key":"DIG"}],"circlet_count":0,"master_deck":["Strike_G","Strike_G","Defend_G","Defend_G","Defend_G+1","Defend_G","Defend_G","Survivor","Neutralize","Skewer+1","Blade Dance","Backflip","Bouncing Flask+1","All Out Attack","Dagger Throw","Leg Sweep","Footwork+1","Noxious Fumes","Burst+1","Infinite Blades","Catalyst","Caltrops+1","Blur","Writhe","Blur+1","Backflip+1","Prepared","Adrenaline","Finisher","Cloak And Dagger+1","Master of Strategy","Madness","Madness"],"relics":["Ring of the Snake","Smiling Mask","MealTicket","Blood Vial","TwistedFunnel","Ancient Tea Set","Sozu","Dream Catcher","Bronze Scales","Ninja Scroll","WristBlade","Ornamental Fan","Shovel","The Courier","Lantern","TungstenRod","Bag of Marbles"],"acts_visited":["Exordium","TheCity","TheBeyond"],"potions_floor_usage":[6,6,6,10,14,27,33],"damage_taken":[{"damage":2,"enemies":"Small Slimes","floor":1,"turns":4},{"damage":1,"enemies":"Jaw Worm","floor":3,"turns":2},{"damage":6,"enemies":"2 Louse","floor":4,"turns":3},{"damage":20,"enemies":"Lagavulin","floor":6,"turns":5},{"damage":3,"enemies":"Looter","floor":7,"turns":2},{"damage":15,"enemies":"3 Sentries","floor":10,"turns":5},{"damage":19,"enemies":"Lagavulin","floor":14,"turns":6},{"damage":7,"enemies":"The Guardian","floor":16,"turns":9},{"damage":7,"enemies":"Shell Parasite","floor":18,"turns":6},{"damage":16,"enemies":"Spheric Guardian","floor":19,"turns":4},{"damage":12,"enemies":"3 Cultists","floor":21,"turns":6},{"damage":17,"enemies":"Sentry and Sphere","floor":22,"turns":6},{"damage":3,"enemies":"Book of Stabbing","floor":27,"turns":5},{"damage":20,"enemies":"Shelled Parasite and Fungi","floor":28,"turns":5},{"damage":12,"enemies":"Cultist and Chosen","floor":31,"turns":4},{"damage":47,"enemies":"Collector","floor":33,"turns":7},{"damage":0,"enemies":"3 Shapes","floor":35,"turns":6},{"damage":0,"enemies":"Orb Walker","floor":37,"turns":2},{"damage":5,"enemies":"3 Darklings","floor":38,"turns":5},{"damage":0,"enemies":"Mind Bloom Boss Battle","floor":39,"turns":6},{"damage":49,"enemies":"Reptomancer","floor":40,"turns":6},{"damage":6,"enemies":"Spire Growth","floor":44,"turns":5},{"damage":74,"enemies":"Donu and Deca","floor":50,"turns":8}],"seed_played":"4586933483419172517","potions_obtained":[{"floor":1,"key":"EntropicBrew"},{"floor":4,"key":"Weak Potion"},{"floor":10,"key":"PowerPotion"},{"floor":14,"key":"LiquidMemories"},{"floor":16,"key":"AttackPotion"}],"is_trial":false,"path_per_floor":["M","?","M","M","?","E","M","R","T","E","R","$","R","E","R","B",null,"M","M","?","M","M","R","?","?","T","E","M","R","T","M","R","B",null,"M","$","M","M","?","E","R","?","T","M","R","$","?","?","R","B"],"character_chosen":"THE_SILENT","items_purchased":["TwistedFunnel","Footwork","Ornamental Fan","Master of Strategy"],"campfire_rested":5,"item_purchase_floors":[12,12,36,46],"current_hp_per_floor":[75,60,59,53,53,33,30,30,30,15,38,53,53,36,59,54,71,66,52,52,42,27,50,50,50,50,49,31,54,54,44,44,23,64,66,77,77,72,74,27,50,77,77,71,71,77,68,68,68,0,0],"gold":157,"neow_bonus":"TEN_PERCENT_HP_BONUS","is_daily":false,"chose_seed":false,"campfire_upgraded":3,"win_rate":0.0,"timestamp":1614363791,"path_taken":["M","?","M","M","?","E","M","R","T","E","R","$","R","E","R","BOSS","M","M","?","M","M","R","?","?","T","E","?","R","?","M","R","BOSS","M","$","M","M","?","E","R","?","T","?","R","$","?","?","R","BOSS"],"items_purchased_type":["Relic","Card","Relic","Card"],"build_version":"2020-12-22","purchased_purges":2,"victory":false,"max_hp_per_floor":[77,77,77,77,77,77,77,77,77,77,77,77,77,77,77,77,77,77,77,77,77,77,77,77,77,77,77,77,77,77,77,77,77,77,77,77,77,77,77,77,77,77,77,77,77,77,77,77,77,77,77],"card_choices":[{"not_picked":["Flying Knee","Reflex"],"picked":"Skewer","floor":1},{"not_picked":["Poisoned Stab","Concentrate"],"picked":"Blade Dance","floor":3},{"not_picked":["Dodge and Roll","Setup"],"picked":"Backflip","floor":4},{"not_picked":["Heel Hook","Dagger Spray"],"picked":"All Out Attack","floor":6},{"not_picked":["Predator","Deflect"],"picked":"Dagger Throw","floor":7},{"not_picked":["Escape Plan","Acrobatics"],"picked":"Leg Sweep","floor":10},{"not_picked":["Distraction","Acrobatics"],"picked":"Noxious Fumes","floor":14},{"not_picked":["Phantasmal Killer","After Image"],"picked":"Burst","floor":16},{"not_picked":["Dagger Throw","Slice"],"picked":"Infinite Blades","floor":18},{"not_picked":["Blade Dance","Predator+1","Underhanded Strike"],"picked":"SKIP","floor":19},{"not_picked":["Dagger Throw","Flying Knee"],"picked":"Caltrops+1","floor":21},{"not_picked":["Dagger Spray","Slice+1"],"picked":"Blur","floor":22},{"not_picked":["Predator","Slice+1"],"picked":"Blur+1","floor":27},{"not_picked":["Dash","Slice+1"],"picked":"Backflip+1","floor":28},{"not_picked":["Caltrops","Sucker Punch"],"picked":"Prepared","floor":29},{"not_picked":["Blade Dance","Dagger Throw","Flying Knee+1"],"picked":"SKIP","floor":31},{"not_picked":["Die Die Die","Tools of the Trade"],"picked":"Adrenaline","floor":33},{"not_picked":["Eviscerate","Prepared"],"picked":"Finisher","floor":35},{"not_picked":["Flying Knee+1","Blade Dance","Poisoned Stab+1"],"picked":"SKIP","floor":37},{"not_picked":["Finisher+1","Flechettes+1","Flying Knee+1"],"picked":"SKIP","floor":38},{"not_picked":["Eviscerate+1","Prepared+1"],"picked":"Cloak And Dagger+1","floor":40},{"not_picked":["Underhanded Strike","Quick Slash","Dagger Spray+1"],"picked":"SKIP","floor":44}],"player_experience":266771,"relics_obtained":[{"floor":6,"key":"Smiling Mask"},{"floor":9,"key":"MealTicket"},{"floor":10,"key":"Blood Vial"},{"floor":14,"key":"Ancient Tea Set"},{"floor":27,"key":"Bronze Scales"},{"floor":30,"key":"Ninja Scroll"},{"floor":39,"key":"Shovel"},{"floor":40,"key":"The Courier"},{"floor":43,"key":"Lantern"},{"floor":45,"key":"TungstenRod"},{"floor":49,"key":"Bag of Marbles"}],"event_choices":[{"damage_healed":0,"gold_gain":0,"player_choice":"Entered Light","damage_taken":15,"max_hp_gain":0,"max_hp_loss":0,"event_name":"Shining Light","floor":2,"gold_loss":0,"cards_upgraded":["Defend_G","Skewer"]},{"damage_healed":0,"gold_gain":0,"cards_transformed":["Strike_G"],"player_choice":"Change","damage_taken":0,"max_hp_gain":0,"max_hp_loss":0,"event_name":"Living Wall","floor":5,"gold_loss":0,"cards_obtained":["Bouncing Flask"]},{"damage_healed":0,"gold_gain":0,"player_choice":"Read","damage_taken":0,"max_hp_gain":0,"max_hp_loss":0,"event_name":"The Library","floor":20,"gold_loss":0,"cards_obtained":["Catalyst"]},{"damage_healed":0,"gold_gain":0,"player_choice":"Opened","damage_taken":0,"relics_obtained":["Dream Catcher"],"max_hp_gain":0,"max_hp_loss":0,"event_name":"The Mausoleum","floor":24,"gold_loss":0,"cards_obtained":["Writhe"]},{"damage_healed":0,"gold_gain":0,"player_choice":"Got Potions","damage_taken":0,"max_hp_gain":0,"max_hp_loss":0,"event_name":"Lab","floor":25,"gold_loss":0},{"damage_healed":0,"gold_gain":0,"player_choice":"Fight","damage_taken":0,"max_hp_gain":0,"max_hp_loss":0,"event_name":"MindBloom","floor":39,"gold_loss":0},{"damage_healed":27,"gold_gain":0,"player_choice":"Full Heal","damage_taken":0,"max_hp_gain":0,"max_hp_loss":0,"event_name":"Wheel of Change","floor":42,"gold_loss":0},{"damage_healed":0,"gold_gain":0,"player_choice":"Embrace Madness","damage_taken":10,"max_hp_gain":0,"max_hp_loss":0,"event_name":"Winding Halls","floor":47,"gold_loss":0,"cards_obtained":["Madness","Madness"]},{"damage_healed":0,"gold_gain":100,"player_choice":"Pray","damage_taken":0,"max_hp_gain":0,"max_hp_loss":0,"event_name":"Golden Shrine","floor":48,"gold_loss":0}],"is_beta":false,"boss_relics":[{"not_picked":["SlaversCollar","Philosopher\u0027s Stone"],"picked":"Sozu"},{"not_picked":["Black Star","Busted Crown"],"picked":"WristBlade"}],"items_purged_floors":[36,46],"is_endless":false,"potions_floor_spawned":[1,4,10,14,16,18,19,22,37,39],"killed_by":"Donu and Deca","ascension_level":5}}