{"host":"test","time":1614354606,"event":{"mods":["BaseMod","Bestiary","Colored Map","Colored Powertips","Minty Spire (QoL Compilation)","Relic Stats","Slay the Relics Exporter","SpireBot","StSLib","ojb\u0027s Better Paths Mod","ojb\u0027s Info Mod: The sequel"],"gold_per_floor":[119,134,134,148,118,149,166,176,200,200,215,215,240,61,61,134,134,151,16,16,16,34,34,65,65,90,15,45,62,62,94,94,166,166,186,186,24,38,53,84,84,95,118,118,150,150,100,135,135,135,135,135,135,77,106,106],"floor_reached":57,"language":"JPN","playtime":4188,"items_purged":["Strike_G+1"],"score":2837,"play_id":"182e0bb1-bece-480f-ae95-032210289d68","local_time":"20210227005006","is_ascension_mode":true,"campfire_choices":[{"data":"Unload","floor":10.0,"key":"SMITH"},{"data":"Leg Sweep","floor":12.0,"key":"SMITH"},{"data":"Wraith Form v2","floor":15.0,"key":"SMITH"},{"data":"Phantasmal Killer","floor":23.0,"key":"SMITH"},{"data":"Catalyst","floor":25.0,"key":"SMITH"},{"floor":30.0,"key":"REST"},{"data":"Wraith Form v2","floor":32.0,"key":"SMITH"},{"data":"Well Laid Plans","floor":41.0,"key":"SMITH"},{"data":"Envenom","floor":44.0,"key":"SMITH"},{"floor":46.0,"key":"RECALL"},{"floor":49.0,"key":"REST"},{"data":"Wraith Form v2","floor":53,"key":"SMITH"}],"circlet_count":0,"master_deck":["AscendersBane","Defend_G+1","Defend_G+1","Defend_G+1","Survivor","Neutralize","Phantasmal Killer+1","Bane","Masterful Stab+1","Deadly Poison","Poisoned Stab","Unload+1","Leg Sweep+1","Dagger Spray","Wraith Form v2+1","Venomology","Venomology+1","Blade Dance+1","Sucker Punch+1","Catalyst+1","Noxious Fumes+1","Escape Plan","Backflip","Backflip","Wraith Form v2+1","Envenom+1","PiercingWail","Well Laid Plans+1","Leg Sweep+1","Riddle With Holes+1","Cloak And Dagger+1","PiercingWail","Acrobatics","Wraith Form v2+1","Acrobatics","Adrenaline"],"relics":["Ring of the Snake","Paper Crane","Potion Belt","Astrolabe","Blood Vial","Art of War","Boot","Bag of Preparation","Philosopher\u0027s Stone","Kunai","Omamori","Nunchaku","Darkstone Periapt","Oddly Smooth Stone"],"acts_visited":["Exordium","TheCity","TheBeyond","TheEnding"],"potions_floor_usage":[50,50,51,51,55,56,56,56,56],"damage_taken":[{"damage":0.0,"enemies":"Cultist","floor":1.0,"turns":4.0},{"damage":0.0,"enemies":"Small Slimes","floor":2.0,"turns":2.0},{"damage":0.0,"enemies":"Jaw Worm","floor":4.0,"turns":2.0},{"damage":0.0,"enemies":"Gremlin Nob","floor":6.0,"turns":2.0},{"damage":0.0,"enemies":"Looter","floor":7.0,"turns":2.0},{"damage":0.0,"enemies":"Blue Slaver","floor":8.0,"turns":2.0},{"damage":0.0,"enemies":"Exordium Thugs","floor":11.0,"turns":2.0},{"damage":18.0,"enemies":"3 Sentries","floor":13.0,"turns":6.0},{"damage":12.0,"enemies":"Slime Boss","floor":16.0,"turns":8.0},{"damage":0.0,"enemies":"Chosen","floor":18.0,"turns":3.0},{"damage":9.0,"enemies":"3 Byrds","floor":22.0,"turns":4.0},{"damage":8.0,"enemies":"Book of Stabbing","floor":24.0,"turns":8.0},{"damage":7.0,"enemies":"Gremlin Leader","floor":28.0,"turns":6.0},{"damage":10.0,"enemies":"Snecko","floor":29.0,"turns":3.0},{"damage":5.0,"enemies":"Book of Stabbing","floor":31.0,"turns":5.0},{"damage":21.0,"enemies":"Champ","floor":33.0,"turns":13.0},{"damage":15.0,"enemies":"3 Darklings","floor":35.0,"turns":6.0},{"damage":1.0,"enemies":"Orb Walker","floor":38.0,"turns":3.0},{"damage":0.0,"enemies":"Maw","floor":39.0,"turns":6.0},{"damage":10.0,"enemies":"Reptomancer","floor":40.0,"turns":7.0},{"damage":0.0,"enemies":"Spire Growth","floor":42.0,"turns":6.0},{"damage":1.0,"enemies":"Giant Head","floor":45.0,"turns":9.0},{"damage":7.0,"enemies":"Reptomancer","floor":48.0,"turns":5.0},{"damage":41,"enemies":"Donu and Deca","floor":50,"turns":12},{"damage":6,"enemies":"Time Eater","floor":51,"turns":11},{"damage":6,"enemies":"Shield and Spear","floor":55,"turns":10},{"damage":17,"enemies":"The Heart","floor":56,"turns":9}],"seed_played":"-7284425191585356324","potions_obtained":[{"floor":1.0,"key":"SpeedPotion"},{"floor":5.0,"key":"DistilledChaos"},{"floor":6.0,"key":"FearPotion"},{"floor":13.0,"key":"BlessingOfTheForge"},{"floor":22.0,"key":"CultistPotion"},{"floor":28.0,"key":"SkillPotion"},{"floor":29.0,"key":"EntropicBrew"},{"floor":40.0,"key":"DuplicationPotion"},{"floor":45.0,"key":"GamblersBrew"}],"is_trial":false,"path_per_floor":["M","M","?","M","?","E","M","M","T","R","M","R","E","$","R","B",null,"M","$","?","?","M","R","E","R","T","?","E","M","R","E","R","B",null,"M","?","$","M","M","E","R","M","T","R","E","R","?","E","R","B","B",null,"R","$","E","B",null],"character_chosen":"THE_SILENT","items_purchased":["Wraith Form v2","Noxious Fumes","Block Potion","Well Laid Plans","Acrobatics"],"campfire_rested":2,"item_purchase_floors":[14,19,19,37,54],"current_hp_per_floor":[59,59,41,41,41,41,41,41,41,41,41,41,23,23,23,11,48,48,48,48,48,39,39,31,31,31,31,26,18,36,33,33,14,49,36,36,36,37,39,31,31,33,33,33,34,34,34,29,47,8,4,46,46,46,42,27],"gold":106,"neow_bonus":"TRANSFORM_TWO_CARDS","is_daily":false,"chose_seed":true,"campfire_upgraded":9,"win_rate":0.0,"timestamp":1614354606,"path_taken":["M","M","?","M","?","E","?","M","T","R","M","R","E","?","R","BOSS","M","$","?","?","M","R","E","R","T","?","E","M","R","E","R","BOSS","M","?","$","M","M","E","R","M","T","R","E","R","?","E","R","BOSS","BOSS","R","$","E","BOSS"],"items_purchased_type":["Card","Card","Potion","Card","Card"],"build_version":"2020-12-18","purchased_purges":1,"victory":true,"max_hp_per_floor":[60,60,60,60,60,60,60,60,60,60,60,60,60,60,60,60,60,60,60,60,60,60,60,60,60,60,60,60,60,60,60,60,60,60,60,60,60,60,60,60,60,60,60,60,60,60,60,60,60,60,60,60,60,60,60,60],"relic_stats":{"Blood Vial":30,"Darkstone Periapt":0,"Nunchaku":[7],"counters":[27,156],"Astrolabe":["Venomology","Blade Dance","Sucker Punch"],"Art of War":[29],"Bag of Preparation":[24],"Kunai":[16],"Boot":[116],"obtain_stats":[{"Potion Belt":13,"Darkstone Periapt":48,"Astrolabe":17,"Oddly Smooth Stone":55,"Bag of Preparation":31,"Omamori":43,"Paper Crane":6,"Boot":28,"Blood Vial":24,"Nunchaku":45,"Philosopher\u0027s Stone":34,"Art of War":26,"Kunai":40,"Ring of the Snake":0},{"Potion Belt":8,"Darkstone Periapt":23,"Astrolabe":9,"Oddly Smooth Stone":26,"Bag of Preparation":15,"Omamori":21,"Paper Crane":4,"Boot":13,"Blood Vial":12,"Nunchaku":22,"Philosopher\u0027s Stone":16,"Art of War":12,"Kunai":20,"Ring of the Snake":0},{"Potion Belt":22,"Darkstone Periapt":114,"Astrolabe":30,"Oddly Smooth Stone":147,"Bag of Preparation":59,"Omamori":100,"Paper Crane":10,"Boot":51,"Blood Vial":45,"Nunchaku":109,"Philosopher\u0027s Stone":72,"Art of War":45,"Kunai":94,"Ring of the Snake":0}],"Ring of the Snake":[54]},"card_choices":[{"not_picked":["Flying Knee","Quick Slash"],"picked":"Masterful Stab","floor":1.0},{"not_picked":["Skewer","Heel Hook"],"picked":"Deadly Poison","floor":2.0},{"not_picked":["Outmaneuver","Acrobatics"],"picked":"Poisoned Stab","floor":4.0},{"not_picked":["Finisher","Dagger Throw"],"picked":"Unload","floor":6.0},{"not_picked":["Dagger Spray","Quick Slash"],"picked":"Leg Sweep","floor":7.0},{"not_picked":["Quick Slash","Slice","Blade Dance"],"picked":"SKIP","floor":8.0},{"not_picked":["Quick Slash","Slice","Blade Dance"],"picked":"SKIP","floor":8.0},{"not_picked":["Dash","Bane"],"picked":"Terror","floor":11.0},{"not_picked":["Accuracy","Riddle With Holes"],"picked":"Dagger Spray","floor":13.0},{"not_picked":["Unload","Adrenaline"],"picked":"Venomology","floor":16.0},{"not_picked":["Underhanded Strike+1","Sucker Punch"],"picked":"Catalyst","floor":18.0},{"not_picked":["Reflex","Caltrops+1","Dagger Spray"],"picked":"SKIP","floor":22.0},{"not_picked":["Sucker Punch","Riddle With Holes"],"picked":"Escape Plan","floor":24.0},{"not_picked":["Venomology","Flying Knee"],"picked":"Backflip","floor":28.0},{"not_picked":["Setup","Quick Slash"],"picked":"Backflip","floor":29.0},{"not_picked":["Underhanded Strike","Bouncing Flask"],"picked":"Wraith Form v2","floor":31.0},{"not_picked":["Glass Knife","Die Die Die"],"picked":"Envenom","floor":33.0},{"not_picked":["Outmaneuver","Deflect"],"picked":"PiercingWail","floor":35.0},{"not_picked":["Slice","Escape Plan+1"],"picked":"Leg Sweep+1","floor":38.0},{"not_picked":["Escape Plan","Grand Finale"],"picked":"Riddle With Holes+1","floor":39.0},{"not_picked":["Dagger Throw+1","Acrobatics"],"picked":"Cloak And Dagger+1","floor":40.0},{"not_picked":["Quick Slash","Deflect+1"],"picked":"PiercingWail","floor":42.0},{"not_picked":["Poisoned Stab","Slice"],"picked":"Acrobatics","floor":45.0},{"not_picked":["Prepared+1","PiercingWail"],"picked":"Wraith Form v2","floor":48.0},{"not_picked":["Backflip","Calculated Gamble"],"picked":"Adrenaline","floor":55}],"player_experience":2141745,"relics_obtained":[{"floor":6.0,"key":"Paper Crane"},{"floor":13.0,"key":"Potion Belt"},{"floor":24.0,"key":"Blood Vial"},{"floor":26.0,"key":"Art of War"},{"floor":28.0,"key":"Boot"},{"floor":31.0,"key":"Bag of Preparation"},{"floor":40.0,"key":"Kunai"},{"floor":43.0,"key":"Omamori"},{"floor":45.0,"key":"Nunchaku"},{"floor":48.0,"key":"Darkstone Periapt"},{"floor":55,"key":"Oddly Smooth Stone"}],"event_choices":[{"damage_healed":0.0,"max_hp_gain":0.0,"max_hp_loss":0.0,"gold_gain":0.0,"event_name":"Shining Light","player_choice":"Entered Light","floor":3.0,"gold_loss":0.0,"damage_taken":18.0,"cards_upgraded":["Defend_G","Masterful Stab"]},{"damage_healed":0.0,"max_hp_gain":0.0,"max_hp_loss":0.0,"gold_gain":0.0,"event_name":"The Woman in Blue","player_choice":"Bought 2 Potions","floor":5.0,"gold_loss":0.0,"damage_taken":0.0},{"damage_healed":0.0,"max_hp_gain":0.0,"max_hp_loss":0.0,"gold_gain":0.0,"event_name":"The Mausoleum","player_choice":"Ignored","floor":20.0,"gold_loss":0.0,"damage_taken":0.0},{"damage_healed":0.0,"max_hp_gain":0.0,"max_hp_loss":0.0,"gold_gain":0.0,"event_name":"Back to Basics","player_choice":"Simplicity","floor":21.0,"gold_loss":0.0,"damage_taken":0.0,"cards_upgraded":["Strike_G","Strike_G","Defend_G","Defend_G"]},{"cards_removed":["Strike_G"],"damage_healed":0.0,"max_hp_gain":0.0,"max_hp_loss":0.0,"gold_gain":0.0,"event_name":"Beggar","player_choice":"Gave Gold","floor":27.0,"gold_loss":75.0,"damage_taken":0.0},{"cards_removed":["Terror"],"damage_healed":0.0,"max_hp_gain":0.0,"max_hp_loss":0.0,"gold_gain":0.0,"event_name":"Falling","player_choice":"Removed Skill","floor":36.0,"gold_loss":0.0,"damage_taken":0.0},{"damage_healed":0.0,"max_hp_gain":0.0,"max_hp_loss":0.0,"gold_gain":0.0,"event_name":"Designer","player_choice":"Upgrade","floor":47.0,"gold_loss":50.0,"damage_taken":0.0,"cards_upgraded":["Noxious Fumes"]}],"is_beta":true,"boss_relics":[{"not_picked":["HoveringKite","SacredBark"],"picked":"Astrolabe"},{"not_picked":["Busted Crown","Ring of the Serpent"],"picked":"Philosopher\u0027s Stone"}],"items_purged_floors":[37],"is_endless":false,"potions_floor_spawned":[1,6,11,13,22,28,29,40,45,48,55],"ascension_level":20}}