{"host":"75labscqqrd170u0","time":1614308083,"event":{"mods":["BaseMod","Minty Spire (QoL Compilation)","Replay The Spire","StSLib"],"gold_per_floor":[117,117,117,117,46,46,79,79,79,79,104,104,123,156,156,156,156],"floor_reached":16,"language":"ENG","playtime":486,"items_purged":[],"score":106,"play_id":"85b1b6f0-4ece-4d7e-9f02-4ced72cd1673","local_time":"20210225215443","is_ascension_mode":false,"campfire_choices":[{"floor":6,"key":"RECALL"},{"floor":8,"key":"REST"},{"floor":12,"key":"REST"},{"data":"Capacitor","floor":15,"key":"SMITH"}],"circlet_count":0,"master_deck":["Strike_B","Strike_B","Strike_B","Strike_B","Defend_B","Defend_B","Defend_B","Zap","Dualcast","Cold Snap","Injury","Panic Button+1","Capacitor+1","Gash","Fusion","Sweeping Beam","Self Repair"],"relics":["Cracked Core","Shuriken","Golden Idol","Boot","Thread and Needle","Orichalcum"],"acts_visited":["Exordium"],"potions_floor_usage":[11,14],"damage_taken":[{"damage":2,"enemies":"Jaw Worm","floor":1,"turns":4},{"damage":59,"enemies":"Gremlin Nob","floor":7,"turns":6},{"damage":0,"enemies":"Small Slimes","floor":11,"turns":2},{"damage":0,"enemies":"2 Louse","floor":13,"turns":1},{"damage":6,"enemies":"Replay:BlueRogue","floor":14,"turns":5},{"damage":27,"enemies":"Hexaghost","floor":16,"turns":7}],"seed_played":"7871263508167526405","potions_obtained":[{"floor":10,"key":"Milkshake"},{"floor":10,"key":"EntropicBrew"},{"floor":10,"key":"SkillPotion"},{"floor":11,"key":"DuplicationPotion"},{"floor":13,"key":"FearPotion"}],"is_trial":false,"path_per_floor":["M","?","?","?","$","R","E","R","T","?","M","R","M","E","R","B"],"character_chosen":"DEFECT","items_purchased":["Capacitor"],"campfire_rested":2,"item_purchase_floors":[5],"current_hp_per_floor":[80,77,77,77,77,77,18,42,42,42,42,66,66,60,60,33,33],"gold":156,"neow_bonus":"TEN_PERCENT_HP_BONUS","is_daily":false,"chose_seed":false,"campfire_upgraded":1,"win_rate":0.0,"timestamp":1614308083,"path_taken":["M","?","?","?","$","R","E","R","T","?","M","R","?","E","R","BOSS"],"items_purchased_type":["Card"],"build_version":"2020-12-13","purchased_purges":0,"victory":false,"max_hp_per_floor":[82,82,82,82,82,82,82,82,82,82,82,82,82,82,82,82,82],"card_choices":[{"not_picked":["Rebound","ReplayTheSpireMod:Repulse"],"picked":"Cold Snap","floor":1},{"not_picked":["Ball Lightning","Sweeping Beam"],"picked":"Gash","floor":7},{"not_picked":["ReplaySort","Lockon"],"picked":"Fusion","floor":11},{"not_picked":["Rebound","Aggregate"],"picked":"Sweeping Beam","floor":13},{"not_picked":["Chill","BootSequence"],"picked":"Self Repair","floor":14}],"player_experience":107183,"relics_obtained":[{"floor":7,"key":"Boot"},{"floor":9,"key":"Thread and Needle"},{"floor":14,"key":"Orichalcum"}],"event_choices":[{"damage_healed":0,"gold_gain":0,"player_choice":"Success","damage_taken":3,"relics_obtained":["Shuriken"],"max_hp_gain":0,"max_hp_loss":0,"event_name":"Scrap Ooze","floor":2,"gold_loss":0},{"damage_healed":0,"gold_gain":0,"player_choice":"Take Wound","damage_taken":0,"relics_obtained":["Golden Idol"],"max_hp_gain":0,"max_hp_loss":0,"event_name":"Golden Idol","floor":3,"gold_loss":0,"cards_obtained":["Injury"]},{"damage_healed":0,"gold_gain":0,"player_choice":"Got Potions","damage_taken":0,"max_hp_gain":0,"max_hp_loss":0,"event_name":"Lab","floor":10,"gold_loss":0}],"is_beta":false,"boss_relics":[],"items_purged_floors":[],"is_endless":false,"potions_floor_spawned":[11,13],"killed_by":"Hexaghost","ascension_level":0}}