{"host":"5w25fvbdcbru4pxd","time":1614311804,"event":{"mods":["ATMod(阿瑾Mod)","Act Like it!","Arknights","BaseMod","Friendly Minions","Library of Ruina","Library of Ruina Extra","Lobotomy","LobotomyExtend","Marked Mod","Minty Spire (QoL Compilation)","MostiFishMod","Relic Filter Mod","Replay The Spire","RumiaBox-露米娅的神秘盒子","Shop Mod","StSLib","TestMod","Waifu the Spire","Yakumo Yukari mod","Yuri Mod","[IsaacMod]以撒尖塔","noobMod","【遗物卡牌】REMEMod"],"gold_per_floor":[114,127,127,127,127,127,54,54,81,81,106,124,124,139,139,239,239,251,265,265,279,306,306,326,379,456,456,469,469,487,486,486,586,586,639,639,639,639,589,599,653,653,653,680,680,697,716,767,767,767,767],"floor_reached":50,"language":"ZHS","playtime":2595,"items_purged":["LightAttack","LightAttack","LightDefense+1"],"score":699,"play_id":"45ae2036-dd75-48d1-b51c-d5b710ff5f33","local_time":"20210226115644","is_ascension_mode":false,"campfire_choices":[{"data":"DeusExMachina","floor":6,"key":"SMITH"},{"data":"AT_FocusSwordFire","floor":8,"key":"SMITH"},{"data":"FieryDragonSlash","floor":10,"key":"SMITH"},{"data":"GoinFirst","floor":13,"key":"SMITH"},{"floor":15,"key":"DIG"},{"data":"GutHarvesting","floor":23,"key":"SMITH"},{"data":"FormingStorm","floor":32,"key":"SMITH"},{"data":"Tttonst","floor":42,"key":"SMITH"},{"data":"WillProduceFineSilk","floor":45,"key":"SMITH"}],"circlet_count":0,"master_deck":["Dodge+1","LightDefense+1","LightDefense+1","ChargeAndCover+1","FocusedStrikes+1","AT_FocusSwordFire+1","Scarecrow","FieryDragonSlash+1","WrathOfTorment+1","GoinFirst+1","PunishingBird","Bloodbath","FleetFootsteps+1","MeatLantern","Suppress+1","GutHarvesting+1","LaLuna","ViolentFlame+1","BulkyImpact+1","GuidanceOfTheGears+1","BoundaryOfDeath+1","BlackArmy","Deflect_lor+1","GalaxyChild","Tttonst+1","Alriune","WillProduceFineSilk+1","CENSORED","BiAn+1","BlowItUp"],"relics":["PageOfLibrarian","testmod-TestBox","ice","DaveBox","AT_ATBox","REME_ComplimentaryCards","HushsDoor","RhineSuit","SteamSale","CogitoBucket","LetterFromLob","Nloth\u0027s Gift","MerchantsRug","Gremlin Food","Vajra","testmod-NegativeEmotionEnhancer","ChangeAnything","Bronze Scales","Replay:Ringing Soul","SacredBark","Happy Flower","AtMidnight","BackwardClock","TungstenRod","Bag of Preparation"],"acts_visited":["Exordium","TheCity","TheBeyond"],"potions_floor_usage":[24],"damage_taken":[{"damage":0,"enemies":"ats:Genji","floor":1,"turns":2},{"damage":0,"enemies":"Small Slimes","floor":2,"turns":2},{"damage":0,"enemies":"Replay:BlueRogue","floor":11,"turns":1},{"damage":6,"enemies":"2 Louse","floor":12,"turns":2},{"damage":0,"enemies":"2 Fungi Beasts","floor":14,"turns":2},{"damage":0,"enemies":"Hexaghost","floor":16,"turns":3},{"damage":42,"enemies":"Chosen","floor":18,"turns":3},{"damage":0,"enemies":"Spheric Guardian","floor":19,"turns":2},{"damage":45,"enemies":"Centurion and Healer","floor":21,"turns":2},{"damage":0,"enemies":"Snake Plant","floor":24,"turns":3},{"damage":0,"enemies":"Snecko","floor":25,"turns":2},{"damage":29,"enemies":"Centurion and Healer","floor":28,"turns":3},{"damage":0,"enemies":"Snake Plant","floor":30,"turns":2},{"damage":5,"enemies":"Champ","floor":33,"turns":5},{"damage":12,"enemies":"3 Darklings","floor":35,"turns":7},{"damage":299,"enemies":"3 Darklings","floor":36,"turns":15},{"damage":4,"enemies":"3 Shapes","floor":40,"turns":1},{"damage":4,"enemies":"Transient","floor":41,"turns":5},{"damage":0,"enemies":"R_Hoarder","floor":44,"turns":3},{"damage":0,"enemies":"Maw","floor":46,"turns":3},{"damage":0,"enemies":"Writhing Mass","floor":47,"turns":2},{"damage":3,"enemies":"Jaw Worm Horde","floor":48,"turns":2},{"damage":324,"enemies":"Replay:Hell Engine","floor":50,"turns":4}],"seed_played":"-2309439568911867445","potions_obtained":[{"floor":1,"key":"SkillPotion"},{"floor":12,"key":"Languid Potion"},{"floor":14,"key":"BlessingOfTheForge"},{"floor":16,"key":"FearPotion"},{"floor":25,"key":"Doom Potion"},{"floor":30,"key":"LifebloodPotion"}],"is_trial":false,"path_per_floor":["M","M","?","?","?","R","$","R","T","R","E","M","R","M","R","B",null,"M","M","?","M","T","R","M","M","T","?","M","?","M","$","R","B",null,"M","?","?","?","$","M","M","R","T","E","R","M","M","M","R","B"],"character_chosen":"Librarian","items_purchased":["MerchantsRug","Deflect_lor"],"campfire_rested":0,"item_purchase_floors":[7,34],"current_hp_per_floor":[60,60,60,60,60,60,60,60,60,60,60,54,54,57,57,62,71,66,71,58,20,20,20,30,34,34,34,80,83,94,94,94,103,102,101,130,130,115,115,134,174,174,174,204,204,211,213,217,220,0,0],"gold":767,"neow_bonus":"","is_daily":false,"chose_seed":false,"campfire_upgraded":8,"win_rate":0.0,"timestamp":1614311804,"path_taken":["M","M","?","?","?","R","$","R","T","R","E","M","R","M","R","BOSS","M","M","?","M","?","R","M","M","T","?","M","?","M","$","R","BOSS","M","?","?","?","$","M","M","R","T","E","R","M","M","M","R","BOSS"],"items_purchased_type":["Relic","Card"],"build_version":"2020-12-22","purchased_purges":3,"victory":false,"max_hp_per_floor":[71,84,84,84,84,84,84,84,84,84,78,78,84,84,84,76,71,72,73,78,79,79,87,74,75,75,75,86,89,96,96,96,103,102,109,130,130,130,130,134,174,195,195,204,204,211,213,217,220,233,233],"card_choices":[{"not_picked":[],"picked":"Bomb","floor":0},{"not_picked":["BeautyBeast","Porccubus"],"picked":"Scarecrow","floor":1},{"not_picked":["SmokingPipe","MultiBlock","PreemptiveStrike","TasteMyFlamingBat","HiddenBlade","FervidEmotions","EmotionalTurbulence","Parry2"],"picked":"FieryDragonSlash","floor":1},{"not_picked":["MHz","CherryBlossoms","CrumblingArmor"],"picked":"Singing Bowl","floor":2},{"not_picked":["ScatteringSlash","GuardingStance","FierceCharge","Fence","QuickSuppression","ProselytesBlade","StrongStrike","ForTheFamily","InnerArdor"],"picked":"SKIP","floor":2},{"not_picked":["ScatteringSlash","GuardingStance","FierceCharge","Fence","QuickSuppression","ProselytesBlade","StrongStrike","ForTheFamily","InnerArdor"],"picked":"SKIP","floor":2},{"not_picked":["TraceOfFumes","UndertakePrescript","HandleRequest","SnakesPrey","IngredientHunt","UpbeatPerformance","ReadyUp","Rampage_lor"],"picked":"GoinFirst","floor":11},{"not_picked":["MHz","LaLuna","WallGazer"],"picked":"Singing Bowl","floor":11},{"not_picked":["SpiderBud","OldLady"],"picked":"PunishingBird","floor":11},{"not_picked":["VoidDream","LongBird"],"picked":"Bloodbath","floor":12},{"not_picked":["GatherIntel","Standoff","ShrineToMusic","Duel_lor","FrontalAssault","ToOvercomeCrisis","ConcentratedFire","HighKick"],"picked":"FleetFootsteps","floor":12},{"not_picked":["LongBird","Scorched"],"picked":"MeatLantern","floor":14},{"not_picked":["LawAndOrder","Thirst","EndlessBattle","CoordinatedAssault","HandlingWork","Wallop_lor","ViolentFlame","Fence"],"picked":"SenseQuarry","floor":14},{"not_picked":["MindCrush","EnergyBeam"],"picked":"Suppress","floor":16},{"not_picked":["WhitesApple","CherryBlossoms"],"picked":"Funeral","floor":16},{"not_picked":["Retaliate","QuickSuppression","Wallop_lor","AGoldenOpportunity","SmokingPipe","BiAn+1","Rewind+1","SuanNi","FlashOfSunup"],"picked":"SKIP","floor":18},{"not_picked":["UpbeatPerformance","BackAttack","QuickSuppression","GreatSerpentsImpact","Fence","NightInTheBackstreets+1","SkitterAway+1","OpportunitySpotted+1"],"picked":"GutHarvesting","floor":19},{"not_picked":["LittleHelper","VoidDream"],"picked":"LaLuna","floor":21},{"not_picked":["DesperateStruggle","IdentifyWeakpoint","FleetEdge+1","RatsGuideToSurvival","Struggle","Parry2","UpbeatPerformance","Disposal","BiAn"],"picked":"SKIP","floor":21},{"not_picked":["Duel_lor","TendonChords","FlashingStrike","Leap_lor+1","SpearedSweep","NightInTheBackstreets","RagingStormLove","MultiBlock"],"picked":"ViolentFlame","floor":24},{"not_picked":["NightInTheBackstreets","SinglePointStab","FierceCharge+1","SharpSwipe","SilentMist","Faith","TendonChords","SmokingPipe"],"picked":"FormingStorm","floor":25},{"not_picked":["Overpower","GrazeTheGrass","SmokingPipe","Eliminate","MultiBlock","EndlessBattle","VenomousFangs","Punishment","Parry+1"],"picked":"SKIP","floor":28},{"not_picked":["BackAttack","HighKick","VioletBlade","Multislash","InnerArdor","StrongStrike","Diversion+1","TendonChords+1","Thrust"],"picked":"SKIP","floor":30},{"not_picked":["Castigation","ScratchThat"],"picked":"BoundaryOfDeath","floor":33},{"not_picked":["SpiderBud","HeroicMonk"],"picked":"BlackArmy","floor":33},{"not_picked":["StayCalm","SerpentSwordTechnique","SnakesPrey","FleetFootsteps+1","KeepItFresh","Overcharge","SkyClearingCut+1","EndlessBattle","MultiBlock+1"],"picked":"SKIP","floor":35},{"not_picked":["SingingMachine","FieryBird"],"picked":"GalaxyChild","floor":40},{"not_picked":["DarkCloud","ShrineToMusic+1","StrikeDown","Thrust+1","UnforgettableMelody","Rampage_lor+1","WillOfThePrescript","RhinoRam"],"picked":"Tttonst","floor":40},{"not_picked":["GreedKing","WallGazer"],"picked":"Alriune","floor":41},{"not_picked":["HandleRequest+1","GuidanceOfTheGears+1","SinglePointStab","ChiWen+1","Outburst+1","Reload","EnergyStrike+1","StayCalm","SweepTheBackstreets"],"picked":"SKIP","floor":41},{"not_picked":["SilentNight","GuidanceOfTheGears","MindWhip+1","Castigation","FeatherShield+1","GroundSmash","FleshFillet","Unlock1"],"picked":"WillProduceFineSilk","floor":44},{"not_picked":["Woodsman","Wellcheers"],"picked":"CENSORED","floor":46},{"not_picked":["Riposte+1","QuickSuppression","BiAn+1","StructuralAnalysis","DaringDecision","FlyingSword+1","AbsorbImpact+1","FierceCharge+1","WillOfThePrescript"],"picked":"SKIP","floor":46},{"not_picked":["Riposte+1","QuickSuppression","StructuralAnalysis","DaringDecision","FlyingSword+1","AbsorbImpact+1","FierceCharge+1","WillOfThePrescript"],"picked":"BiAn+1","floor":46},{"not_picked":["Diversion+1","FaintMemories+1","JiaoTu","UncannyStrike","Reload","Pound+1","ViolentFlame+1","SkitterAway","VenomousFangs+1"],"picked":"SKIP","floor":47},{"not_picked":["QueenBee","QueenOfHatred"],"picked":"MeltingLove","floor":48},{"not_picked":["Standoff","QuickSuppression+1","FrontalAssault+1","UncannyStrike+1","Execute_lor","Struggle+1","CombatPreparation","MindPrepared+1","SunsetBlade"],"picked":"SKIP","floor":48},{"not_picked":["Standoff","QuickSuppression+1","FrontalAssault+1","UncannyStrike+1","Execute_lor","Struggle+1","CombatPreparation","MindPrepared+1","SunsetBlade"],"picked":"SKIP","floor":48}],"player_experience":47066,"relics_obtained":[{"floor":1,"key":"LetterFromLob"},{"floor":9,"key":"REME_PuzzleBoxRelic"},{"floor":11,"key":"Gremlin Food"},{"floor":15,"key":"Vajra"},{"floor":22,"key":"Bronze Scales"},{"floor":26,"key":"Replay:Ringing Soul"},{"floor":40,"key":"AtMidnight"},{"floor":43,"key":"TungstenRod"},{"floor":44,"key":"Bag of Preparation"}],"event_choices":[{"damage_healed":0,"gold_gain":0,"player_choice":"Swap Relic","damage_taken":0,"relics_obtained":["Nloth\u0027s Gift"],"max_hp_gain":0,"max_hp_loss":0,"event_name":"给自己的盒子","floor":3,"relics_lost":["testmod-CasingShield"],"gold_loss":0},{"damage_healed":0,"gold_gain":0,"player_choice":"Ignored","damage_taken":0,"max_hp_gain":0,"max_hp_loss":0,"event_name":"Liars Game","floor":5,"gold_loss":0},{"damage_healed":0,"gold_gain":0,"player_choice":"Shed Blood","damage_taken":18,"max_hp_gain":5,"max_hp_loss":0,"event_name":"Forgotten Altar","floor":20,"gold_loss":0},{"damage_healed":0,"gold_gain":0,"player_choice":"2 cards matched","damage_taken":0,"max_hp_gain":0,"max_hp_loss":0,"event_name":"Match and Keep!","floor":29,"gold_loss":0,"cards_obtained":["BulkyImpact","GuidanceOfTheGears"]},{"damage_healed":0,"gold_gain":0,"player_choice":"Ignored","damage_taken":0,"max_hp_gain":0,"max_hp_loss":0,"event_name":"Tomb of Lord Red Mask","floor":37,"gold_loss":0}],"is_beta":false,"boss_relics":[{"not_picked":["testmod-PortableAltar","MagicMushroom"],"picked":"testmod-NegativeEmotionEnhancer"},{"not_picked":[]},{"not_picked":["testmod-GoldenSoul","OneHitWonderSystem"],"picked":"SacredBark"},{"not_picked":[]}],"items_purged_floors":[17,31,39],"is_endless":false,"potions_floor_spawned":[1,12,14,16,25,30,33,35,36,44,46,47],"killed_by":"Replay:Hell Engine","ascension_level":0}}