{"host":"skr63qsdfgeey3it","time":1614308098,"event":{"mods":["BaseMod","Colored Map","Hubris","Minty Spire (QoL Compilation)","Monster B Gone","Reliquary","Replay The Spire","Spicy Shops","StSLib"],"gold_per_floor":[118,43,43,60,60,94,94,123,123,143,143,218,218,218,218,294,294,309,309,309,309,584,584,609,624,651,651,401,30,49,59,59,138,138,149,149,149,49,63,63,76,104,104,117,117,117,135,135,135],"floor_reached":48,"language":"ENG","playtime":1695,"items_purged":["hubris:Gluttony","Regret"],"score":1236,"play_id":"d4e73d49-a57c-4dbe-a1e4-cf96c698983e","local_time":"20210225205458","is_ascension_mode":true,"campfire_choices":[{"data":"Hologram","floor":7,"key":"SMITH"},{"floor":11,"key":"REST"},{"floor":13,"key":"REST"},{"floor":15,"key":"REST"},{"data":"Rainbow","floor":23,"key":"SMITH"},{"floor":27,"key":"REST"},{"data":"Fusion","floor":32,"key":"SMITH"},{"floor":40,"key":"REST"},{"floor":46,"key":"REST"}],"circlet_count":0,"master_deck":["AscendersBane","Strike_B","Defend_B","Defend_B","Defend_B","Defend_B","Zap","Dualcast","Redo","Conserve Battery","Hologram+1","Electrodynamics","Rainbow+1","Leap","hubris:Ukulele","Leap+1","Tempest+1","Steam","ReplayTheSpireMod:Omega Cannon","Fusion+1","Static Discharge","Stack","Stack","Steam","Madness","Madness","Electrodynamics","Loop+1","Undo","Double Energy+1","Skim","ReplayTheSpireMod:Repulse+1","hubris:NaturalOne","Capacitor","Hologram","Reinforced Body","Creative AI"],"relics":["Cracked Core","Replay:Kaleidoscope","hubris:Towel","Replay:Rubber Ducky","Cables","Replay:Baseball","Replay:WaspNest","Empty Cage","hubris:Icosahedron","Mercury Hourglass","Strawberry","Thread and Needle","Lee\u0027s Waffle","reliquary:KinkedSpring","Prayer Wheel","Shovel","hubris:RGBLights"],"acts_visited":["Exordium","TheCity","TheBeyond"],"potions_floor_usage":[16,24,33,35,41,44,48],"damage_taken":[{"damage":4,"enemies":"Small Slimes","floor":1,"turns":4},{"damage":0,"enemies":"2 Louse","floor":4,"turns":1},{"damage":28,"enemies":"Lagavulin","floor":6,"turns":8},{"damage":29,"enemies":"Gremlin Nob","floor":8,"turns":4},{"damage":0,"enemies":"Cultist","floor":10,"turns":3},{"damage":15,"enemies":"Fading Forest","floor":16,"turns":11},{"damage":0,"enemies":"Chosen","floor":18,"turns":4},{"damage":41,"enemies":"Gremlin Leader","floor":24,"turns":4},{"damage":14,"enemies":"Shell Parasite","floor":25,"turns":6},{"damage":10,"enemies":"Sentry and Sphere","floor":30,"turns":3},{"damage":21,"enemies":"Snake Plant","floor":31,"turns":3},{"damage":34,"enemies":"Pondfish","floor":33,"turns":8},{"damage":9,"enemies":"3 Darklings","floor":35,"turns":3},{"damage":13,"enemies":"3 Shapes","floor":39,"turns":2},{"damage":15,"enemies":"Sphere and 2 Shapes","floor":41,"turns":4},{"damage":0,"enemies":"Nemesis","floor":42,"turns":6},{"damage":0,"enemies":"Maw","floor":44,"turns":6},{"damage":7,"enemies":"Spire Growth","floor":47,"turns":4},{"damage":77,"enemies":"Giant Head","floor":48,"turns":7}],"seed_played":"-4951565336661971299","potions_obtained":[{"floor":8,"key":"FocusPotion"},{"floor":10,"key":"FairyPotion"},{"floor":16,"key":"Strength Potion"},{"floor":25,"key":"Explosive Potion"},{"floor":33,"key":"PowerPotion"},{"floor":35,"key":"FearPotion"},{"floor":39,"key":"Energy Potion"},{"floor":41,"key":"Adrenaline Potion"},{"floor":44,"key":"BlessingOfTheForge"}],"is_trial":false,"path_per_floor":["M","$","?","M","?","E","R","E","T","M","R","?","R","T","R","B",null,"M","?","?","?","?","R","E","M","T","R","$","$","M","M","R","B",null,"M","?","?","$","M","R","M","E","T","M","?","R","M","E"],"character_chosen":"DEFECT","items_purchased":["Thread and Needle","Steam","ReplayTheSpireMod:Omega Cannon","Lee\u0027s Waffle","Fusion","Static Discharge"],"campfire_rested":6,"item_purchase_floors":[28,28,28,29,29,29],"current_hp_per_floor":[60,60,60,60,60,32,32,3,3,3,24,13,34,34,55,58,68,68,68,47,47,47,47,6,15,22,45,45,85,75,54,54,20,69,60,45,45,45,32,57,42,42,42,42,42,67,60,0,0],"gold":135,"neow_bonus":"ONE_RARE_RELIC","is_daily":false,"chose_seed":false,"campfire_upgraded":3,"win_rate":0.0,"timestamp":1614308098,"path_taken":["M","$","?","M","?","E","R","E","T","?","R","?","R","?","R","BOSS","M","?","?","?","?","R","E","?","T","R","?","$","M","M","R","BOSS","M","?","?","$","M","R","M","E","T","?","?","R","M","E"],"items_purchased_type":["Relic","Card","Card","Relic","Card","Card"],"build_version":"2020-12-22","purchased_purges":2,"victory":false,"max_hp_per_floor":[71,71,71,71,71,71,71,71,71,71,71,71,71,71,71,71,71,71,71,71,71,71,71,71,71,78,78,78,85,85,85,85,85,85,85,85,85,85,85,85,85,85,85,85,85,85,85,85,85],"card_choices":[{"not_picked":["White Noise","Turbo"],"picked":"Redo","floor":1},{"not_picked":["Gash","Hologram"],"picked":"Conserve Battery","floor":4},{"not_picked":["BasicCrystalCard","Stack"],"picked":"Hologram","floor":6},{"not_picked":["Conserve Battery","Panic Button"],"picked":"Electrodynamics","floor":8},{"not_picked":["BasicCrystalCard","Rebound","ReplaySort"],"picked":"SKIP","floor":10},{"not_picked":["Reboot","Meteor Strike"],"picked":"Rainbow","floor":16},{"not_picked":["Cold Snap","Redo"],"picked":"Leap","floor":18},{"not_picked":["Rebound","Stack"],"picked":"Leap+1","floor":24},{"not_picked":["Redo","Streamline"],"picked":"Tempest+1","floor":25},{"not_picked":["Compile Driver","Beam Cell"],"picked":"Stack","floor":30},{"not_picked":["Cold Snap","Darkness"],"picked":"Stack","floor":31},{"not_picked":["hubris:Prefetch","Rainbow"],"picked":"ReplayTheSpireMod:Fabricate Wheel","floor":33},{"not_picked":["Gash+1","Hologram"],"picked":"Steam","floor":35},{"not_picked":["ReplayTheSpireMod:Reroute Power","Cold Snap"],"picked":"Loop+1","floor":39},{"not_picked":["ReplayTheSpireMod:Reroute Power","Coolheaded+1"],"picked":"Undo","floor":39},{"not_picked":["hubris:DoWhile","ReplayTheSpireMod:Repulse"],"picked":"Double Energy+1","floor":41},{"not_picked":["Redo","ReplayGash"],"picked":"Skim","floor":41},{"not_picked":["Compile Driver","Beam Cell"],"picked":"ReplayTheSpireMod:Repulse+1","floor":42},{"not_picked":["Steam","Cold Snap"],"picked":"Capacitor","floor":44},{"not_picked":["Force Field+1","Genetic Algorithm"],"picked":"Hologram","floor":44},{"not_picked":["Cold Snap","Darkness"],"picked":"Reinforced Body","floor":47},{"not_picked":["BasicCrystalCard","Panic Button"],"picked":"Creative AI","floor":47}],"player_experience":1021055,"relics_obtained":[{"floor":6,"key":"Replay:Rubber Ducky"},{"floor":8,"key":"Cables"},{"floor":9,"key":"Replay:Baseball"},{"floor":14,"key":"Replay:WaspNest"},{"floor":24,"key":"Mercury Hourglass"},{"floor":26,"key":"Strawberry"},{"floor":42,"key":"Shovel"},{"floor":43,"key":"hubris:RGBLights"}],"event_choices":[{"cards_removed":["Strike_B"],"damage_healed":0,"gold_gain":0,"player_choice":"Offered Basic","damage_taken":0,"max_hp_gain":0,"max_hp_loss":0,"event_name":"Bonfire Elementals","floor":5,"gold_loss":0},{"damage_healed":0,"gold_gain":75,"player_choice":"Gather Gold","damage_taken":11,"max_hp_gain":0,"max_hp_loss":0,"event_name":"World of Goop","floor":12,"gold_loss":0},{"damage_healed":0,"gold_gain":0,"player_choice":"Obtained Book","damage_taken":21,"max_hp_gain":0,"max_hp_loss":0,"event_name":"Cursed Tome","floor":20,"gold_loss":0},{"damage_healed":0,"gold_gain":0,"player_choice":"Read","damage_taken":0,"max_hp_gain":0,"max_hp_loss":0,"event_name":"The Library","floor":21,"gold_loss":0,"cards_obtained":["hubris:Ukulele"]},{"damage_healed":0,"gold_gain":275,"player_choice":"Desecrate","damage_taken":0,"max_hp_gain":0,"max_hp_loss":0,"event_name":"Golden Shrine","floor":22,"gold_loss":0,"cards_obtained":["Regret"]},{"damage_healed":0,"gold_gain":0,"player_choice":"Embrace Madness","damage_taken":15,"max_hp_gain":0,"max_hp_loss":0,"event_name":"Winding Halls","floor":36,"gold_loss":0,"cards_obtained":["Madness","Madness"]},{"damage_healed":0,"gold_gain":0,"player_choice":"Copied","damage_taken":0,"max_hp_gain":0,"max_hp_loss":0,"event_name":"Duplicator","floor":37,"gold_loss":0,"cards_obtained":["Electrodynamics"]},{"damage_healed":0,"gold_gain":0,"player_choice":"Ignored","damage_taken":0,"max_hp_gain":0,"max_hp_loss":0,"event_name":"Tomb of Lord Red Mask","floor":45,"gold_loss":0}],"is_beta":false,"boss_relics":[{"not_picked":["hubris:ScarierMask","Calling Bell"],"picked":"Empty Cage"},{"not_picked":["Abe\u0027s Treasure","SacredBark"],"picked":"reliquary:KinkedSpring"}],"items_purged_floors":[2,38],"is_endless":false,"potions_floor_spawned":[8,10,16,18,25,30,33,35,39,41,44],"killed_by":"Giant Head","ascension_level":16}}