{"host":"xz7n3qy1zq36rzpg","time":1614335251,"event":{"mods":["BaseMod","Colored Map","Colored Powertips","Highlight Path","Minty Spire (QoL Compilation)","Quick Restart","Shop Mod"],"gold_per_floor":[11,24,24,0,0,31,44,44,44,64,78,78,78,114,114,245,245,268,268,307,86,112,145,145,186,260,300,324,324,97,97,97,220,220,233,249,270,125,125,156,156,180,180,402,402,441,199,199,199,199],"floor_reached":51,"language":"ENG","playtime":2712,"items_purged":["Strike_R","Defend_R"],"score":1065,"play_id":"e26a97db-cb72-449b-af45-91bca715f1a7","local_time":"20210226112731","is_ascension_mode":true,"campfire_choices":[{"floor":8.0,"key":"REST"},{"data":"Reaper","floor":12.0,"key":"SMITH"},{"data":"Rampage","floor":13.0,"key":"SMITH"},{"data":"Inflame","floor":15.0,"key":"SMITH"},{"data":"Inflame","floor":24.0,"key":"SMITH"},{"data":"Heavy Blade","floor":29.0,"key":"SMITH"},{"data":"Cleave","floor":32.0,"key":"SMITH"},{"floor":41.0,"key":"REST"},{"data":"Flame Barrier","floor":45.0,"key":"SMITH"},{"data":"Exhume","floor":49,"key":"SMITH"}],"circlet_count":0,"master_deck":["Strike_R","Strike_R","Defend_R+1","Defend_R+1","Bash","Feed+1","Cleave+1","Rampage+1","Ghostly Armor","Reaper+1","Inflame+1","Exhume+1","Ghostly Armor+1","Combust+1","Immolate+1","Pommel Strike","Necronomicurse","Rage","Heavy Blade+1","Inflame+1","Bloodletting","Cleave+1","Infernal Blade","Shockwave+1","Shrug It Off","Thunderclap+1","Anger","Parasite","Uppercut+1","Flame Barrier+1","Hemokinesis+1","True Grit+1"],"relics":["Burning Blood","Golden Idol","WingedGreaves","Magic Flower","Regal Pillow","Astrolabe","Necronomicon","Red Mask","Vajra","Blood Vial","Shovel","Bottled Flame","Whetstone","MutagenicStrength","Sozu","Anchor","Strawberry","Mummified Hand","MealTicket","Paper Frog"],"acts_visited":["Exordium","TheCity","TheBeyond"],"potions_floor_usage":[50],"damage_taken":[{"damage":10.0,"enemies":"2 Louse","floor":1.0,"turns":2.0},{"damage":7.0,"enemies":"Jaw Worm","floor":2.0,"turns":4.0},{"damage":34.0,"enemies":"Lagavulin","floor":6.0,"turns":9.0},{"damage":3.0,"enemies":"Small Slimes","floor":7.0,"turns":3.0},{"damage":9.0,"enemies":"Exordium Wildlife","floor":10.0,"turns":6.0},{"damage":0.0,"enemies":"3 Louse","floor":11.0,"turns":4.0},{"damage":27.0,"enemies":"3 Sentries","floor":14.0,"turns":8.0},{"damage":69.0,"enemies":"Hexaghost","floor":16.0,"turns":11.0},{"damage":15.0,"enemies":"Chosen","floor":18.0,"turns":4.0},{"damage":0.0,"enemies":"Masked Bandits","floor":20.0,"turns":2.0},{"damage":19.0,"enemies":"Book of Stabbing","floor":23.0,"turns":4.0},{"damage":0.0,"enemies":"Gremlin Leader","floor":25.0,"turns":3.0},{"damage":33.0,"enemies":"Slavers","floor":27.0,"turns":3.0},{"damage":1.0,"enemies":"Shell Parasite","floor":28.0,"turns":4.0},{"damage":16.0,"enemies":"Collector","floor":33.0,"turns":5.0},{"damage":15.0,"enemies":"3 Darklings","floor":35.0,"turns":3.0},{"damage":5.0,"enemies":"Orb Walker","floor":36.0,"turns":3.0},{"damage":39.0,"enemies":"Writhing Mass","floor":37.0,"turns":4.0},{"damage":39.0,"enemies":"Nemesis","floor":40.0,"turns":5.0},{"damage":58.0,"enemies":"Sphere and 2 Shapes","floor":42.0,"turns":5.0},{"damage":39,"enemies":"Reptomancer","floor":46,"turns":6},{"damage":118,"enemies":"Awakened One","floor":50,"turns":10}],"seed_played":"-4685530391421853920","potions_obtained":[{"floor":7.0,"key":"ElixirPotion"},{"floor":10.0,"key":"SmokeBomb"},{"floor":11.0,"key":"GamblersBrew"},{"floor":14.0,"key":"BlessingOfTheForge"},{"floor":23.0,"key":"SpeedPotion"},{"floor":25.0,"key":"Fire Potion"},{"floor":33.0,"key":"LiquidMemories"}],"is_trial":false,"path_per_floor":["M","M","?","?","?","E","M","R","T","M","M","R","R","E","R","B",null,"M","?","?","$","T","E","R","E","T","E","M","R","$","?","R","B",null,"M","M","M","$","?","E","R","M","T","?","R","E","$","?","R","B",null],"character_chosen":"IRONCLAD","items_purchased":["Heavy Blade","Inflame","Dexterity Potion","Shrug It Off","DistilledChaos","Anchor","Paper Frog"],"campfire_rested":2,"item_purchase_floors":[21,21,21,30,30,38,47],"current_hp_per_floor":[71,73,73,73,57,29,35,59,59,64,78,78,78,80,80,20,74,68,52,92,92,92,82,82,92,92,68,79,79,79,79,79,81,92,100,104,79,79,79,59,107,61,61,61,61,55,70,70,70,64],"gold":199,"neow_bonus":"THREE_RARE_CARDS","is_daily":false,"chose_seed":false,"campfire_upgraded":8,"win_rate":0.0,"timestamp":1614335251,"path_taken":["M","M","?","?","?","E","M","R","T","M","M","R","R","E","R","BOSS","M","?","?","$","?","E","R","E","T","E","M","R","$","?","R","BOSS","M","M","M","$","?","E","R","M","T","?","R","E","$","?","R","BOSS"],"items_purchased_type":["Card","Card","Potion","Card","Potion","Relic","Relic"],"build_version":"2020-12-22","purchased_purges":2,"victory":true,"max_hp_per_floor":[83,86,80,80,80,80,83,83,83,86,89,89,89,92,92,92,92,92,92,92,92,92,92,92,92,92,92,92,92,92,92,92,96,96,100,104,104,104,104,111,111,111,111,111,111,111,111,111,111,111],"card_choices":[{"not_picked":["Offering","Barricade"],"picked":"Feed","floor":0.0},{"not_picked":["Armaments","Shrug It Off"],"picked":"Cleave","floor":1.0},{"not_picked":["Feed","Sword Boomerang"],"picked":"Flex","floor":2.0},{"not_picked":["Clothesline","Cleave"],"picked":"Rampage","floor":6.0},{"not_picked":["Sword Boomerang","Clothesline","Wild Strike"],"picked":"SKIP","floor":7.0},{"not_picked":["Rupture","Searing Blow"],"picked":"Ghostly Armor","floor":10.0},{"not_picked":["Clash","Heavy Blade"],"picked":"Reaper","floor":11.0},{"not_picked":["Perfected Strike","Sword Boomerang"],"picked":"Inflame","floor":14.0},{"not_picked":["Fiend Fire","Juggernaut"],"picked":"Exhume","floor":16.0},{"not_picked":["Clash","Flex+1"],"picked":"Pommel Strike","floor":18.0},{"not_picked":["Hemokinesis","Pommel Strike"],"picked":"Rage","floor":20.0},{"not_picked":["Rupture+1","Sword Boomerang"],"picked":"Bloodletting","floor":23.0},{"not_picked":["Clash","Heavy Blade"],"picked":"Cleave","floor":25.0},{"not_picked":["Immolate","Bloodletting"],"picked":"Infernal Blade","floor":27.0},{"not_picked":["Wild Strike+1","Heavy Blade"],"picked":"Shockwave+1","floor":28.0},{"not_picked":["Body Slam","Cleave"],"picked":"Thunderclap+1","floor":35.0},{"not_picked":["Shockwave+1","Sever Soul"],"picked":"Anger","floor":36.0},{"not_picked":["Shrug It Off+1","Combust"],"picked":"Uppercut+1","floor":37.0},{"not_picked":["Anger+1","Warcry+1"],"picked":"Flame Barrier","floor":40.0},{"not_picked":["Ghostly Armor","Twin Strike"],"picked":"Hemokinesis+1","floor":42.0},{"not_picked":["Pommel Strike+1","Seeing Red+1"],"picked":"True Grit+1","floor":46}],"player_experience":590513,"relics_obtained":[{"floor":6.0,"key":"WingedGreaves"},{"floor":9.0,"key":"Magic Flower"},{"floor":14.0,"key":"Regal Pillow"},{"floor":19.0,"key":"Necronomicon"},{"floor":20.0,"key":"Red Mask"},{"floor":22.0,"key":"Vajra"},{"floor":23.0,"key":"Blood Vial"},{"floor":25.0,"key":"Shovel"},{"floor":26.0,"key":"Bottled Flame"},{"floor":27.0,"key":"Whetstone"},{"floor":40.0,"key":"Strawberry"},{"floor":43.0,"key":"Mummified Hand"},{"floor":46,"key":"MealTicket"}],"event_choices":[{"damage_healed":0.0,"max_hp_gain":0.0,"max_hp_loss":6.0,"gold_gain":0.0,"event_name":"Golden Idol","player_choice":"Lose Max HP","floor":3.0,"gold_loss":0.0,"damage_taken":0.0,"relics_obtained":["Golden Idol"]},{"damage_healed":0.0,"max_hp_gain":0.0,"max_hp_loss":0.0,"gold_gain":0.0,"event_name":"World of Goop","player_choice":"Left Gold","floor":4.0,"gold_loss":24.0,"damage_taken":0.0},{"damage_healed":0.0,"max_hp_gain":0.0,"max_hp_loss":0.0,"gold_gain":0.0,"event_name":"Shining Light","player_choice":"Entered Light","floor":5.0,"gold_loss":0.0,"damage_taken":16.0,"cards_upgraded":["Defend_R","Defend_R"]},{"damage_healed":0.0,"max_hp_gain":0.0,"max_hp_loss":0.0,"gold_gain":0.0,"event_name":"Cursed Tome","player_choice":"Obtained Book","floor":19.0,"gold_loss":0.0,"damage_taken":16.0},{"damage_healed":0.0,"max_hp_gain":0.0,"max_hp_loss":0.0,"gold_gain":0.0,"event_name":"Masked Bandits","player_choice":"Fought Bandits","floor":20.0,"gold_loss":0.0,"damage_taken":0.0},{"damage_healed":0.0,"max_hp_gain":0.0,"max_hp_loss":0.0,"gold_gain":0.0,"event_name":"Drug Dealer","player_choice":"Inject Mutagens","floor":31.0,"gold_loss":0.0,"damage_taken":0.0,"relics_obtained":["MutagenicStrength"]},{"cards_removed":["Flex"],"damage_healed":0.0,"max_hp_gain":0.0,"max_hp_loss":0.0,"gold_gain":0.0,"event_name":"Falling","player_choice":"Removed Skill","floor":39.0,"gold_loss":0.0,"damage_taken":0.0},{"damage_healed":0.0,"max_hp_gain":0.0,"max_hp_loss":0.0,"gold_gain":222.0,"event_name":"Tomb of Lord Red Mask","player_choice":"Wore Mask","floor":44.0,"gold_loss":0.0,"damage_taken":0.0},{"damage_healed":0,"gold_gain":0,"player_choice":"Ignored","damage_taken":0,"max_hp_gain":0,"max_hp_loss":0,"event_name":"Mysterious Sphere","floor":48,"gold_loss":0}],"is_beta":false,"boss_relics":[{"not_picked":["Snecko Eye","Ectoplasm"],"picked":"Astrolabe"},{"not_picked":["Black Blood","Empty Cage"],"picked":"Sozu"}],"items_purged_floors":[21,30],"is_endless":false,"potions_floor_spawned":[7,10,11,14,23,25,33,36,40,42,46],"ascension_level":6}}