{"host":"qs4i4ylu78kazn3c","time":1614372596,"event":{"mods":["BaseMod","Beaked The Cultist","Better Third Choice","Better Vampires","Block Reminder","Colored Map","Conspire","Curses Come First","Downfall","GifTheSpireLib","Halation","Hermit","Hubris","Jorbs\u0027s Wanderer Trilogy","Minty Spire (QoL Compilation)","Replay The Spire","StSLib","Stuff the Spire","The Dragon Tamer","The Valiant","everything is the same but u backflip on backflip"],"gold_per_floor":[112,37,54,66,77,77,77,97,97,97,121,140,157,184,184,283,283,302,302,252,262,279,279,80,91,91,103,122,122,139,156,156,256,256,276,288,301,301,33,33,33],"floor_reached":40,"language":"ENG","playtime":2228,"items_purged":["Strike_R","Strike_R","Strike_R","Strike_R"],"score":515,"play_id":"0aec3407-0a59-4f73-9ae5-980b3ac3d905","local_time":"20210226154956","is_ascension_mode":true,"campfire_choices":[{"data":"Immolate","floor":6,"key":"SMITH"},{"data":"Evolve","floor":10,"key":"SMITH"},{"data":"ReplayTheSpireMod:Muscle Training","floor":15,"key":"SMITH"},{"data":"StuffTheSpire:Slingshot","floor":23,"key":"SMITH"},{"data":"ReplayTheSpireMod:Strike From Hell","floor":29,"key":"SMITH"},{"data":"ReplayTheSpireMod:Strike From Hell","floor":32,"key":"SMITH"}],"circlet_count":0,"master_deck":["Defend_R","Defend_R","Defend_R","Defend_R","Bash","Immolate+1","Evolve+1","Shrug It Off","Burning Pact","Iron Wave","StuffTheSpire:BloodClot+1","Pommel Strike","ReplayTheSpireMod:Strike From Hell+1","Shrug It Off","ReplayTheSpireMod:Muscle Training+1","Fiend Fire","Replay:Undeath\u0027s Touch","Blood for Blood","ReplayTheSpireMod:Strike From Hell+1","StuffTheSpire:Slingshot+1","ReplayTheSpireMod:Stacked","Eclipse","StuffTheSpire:RockThrow","Pummel"],"relics":["Black Blood","StuffTheSpire:Gunfinga","Odd Mushroom","Smiling Mask","conspire:SpecialSausage","Medical Kit","Strawberry","halation:BottledHappiness"],"acts_visited":["Exordium","TheCity","TheBeyond"],"potions_floor_usage":[12,14,14,16,22,25,25,31,31],"damage_taken":[{"damage":6,"enemies":"Cultist","floor":1,"turns":3},{"damage":7,"enemies":"Jaw Worm","floor":3,"turns":2},{"damage":0,"enemies":"Small Slimes","floor":4,"turns":2},{"damage":15,"enemies":"Exordium Wildlife","floor":5,"turns":3},{"damage":15,"enemies":"conspire:2 RoseBushes","floor":8,"turns":4},{"damage":0,"enemies":"The Mushroom Lair","floor":11,"turns":2},{"damage":4,"enemies":"Red Slaver","floor":12,"turns":3},{"damage":7,"enemies":"Exordium Wildlife","floor":13,"turns":4},{"damage":9,"enemies":"Gremlin Nob","floor":14,"turns":3},{"damage":43,"enemies":"The Guardian","floor":16,"turns":13},{"damage":7,"enemies":"Shell Parasite","floor":18,"turns":14},{"damage":6,"enemies":"Chosen","floor":21,"turns":4},{"damage":1,"enemies":"Sentry and Sphere","floor":22,"turns":3},{"damage":19,"enemies":"conspire:HollyBat","floor":25,"turns":6},{"damage":4,"enemies":"Cultist and Chosen","floor":27,"turns":6},{"damage":6,"enemies":"3 Cultists","floor":28,"turns":4},{"damage":11,"enemies":"Snake Plant","floor":30,"turns":4},{"damage":2,"enemies":"Chosen and Byrds","floor":31,"turns":4},{"damage":77,"enemies":"hubris:MusketHawk","floor":33,"turns":10},{"damage":17,"enemies":"Orb Walker","floor":35,"turns":5},{"damage":59,"enemies":"3 Darklings","floor":36,"turns":8},{"damage":24,"enemies":"Jaw Worm Horde","floor":37,"turns":5},{"damage":89,"enemies":"Giant Head","floor":40,"turns":7}],"seed_played":"-6579239903948954822","potions_obtained":[{"floor":3,"key":"Block Potion"},{"floor":5,"key":"SkillPotion"},{"floor":11,"key":"Block Potion"},{"floor":13,"key":"Block Potion"},{"floor":16,"key":"Adrenaline Potion"},{"floor":21,"key":"SneckoOil"},{"floor":22,"key":"LifebloodPotion"},{"floor":27,"key":"Languid Potion"},{"floor":28,"key":"sneckomod:MuddlingPotion"},{"floor":37,"key":"Milkshake"}],"is_trial":false,"path_per_floor":["M","$","M","M","M","R","?","M","T","R","?","M","M","E","R","B",null,"M","?","$","M","M","R","$","M","T","M","M","R","M","M","R","B",null,"M","M","M","?","$","E"],"character_chosen":"IRONCLAD","items_purchased":["Medical Kit","halation:BottledHappiness","Pummel"],"campfire_rested":0,"item_purchase_floors":[24,39,39],"current_hp_per_floor":[72,72,71,77,68,68,68,59,59,59,65,67,66,63,63,26,67,66,66,66,66,71,71,71,58,65,67,67,67,62,66,66,71,83,78,31,19,76,76,0,0],"gold":33,"neow_bonus":"ONE_RANDOM_RARE_CARD","is_daily":false,"chose_seed":false,"campfire_upgraded":6,"win_rate":0.0,"timestamp":1614372596,"path_taken":["M","$","M","M","?","R","?","M","T","R","?","M","?","E","R","BOSS","M","?","$","?","M","R","$","M","T","M","M","R","M","M","R","BOSS","M","M","M","?","$","E"],"items_purchased_type":["Relic","Relic","Card"],"build_version":"2020-12-22","purchased_purges":4,"victory":false,"max_hp_per_floor":[80,80,80,80,80,80,80,80,80,80,80,80,80,80,80,80,80,80,80,80,80,80,80,80,80,87,87,87,87,87,87,87,87,87,87,87,87,76,76,76,76],"card_choices":[{"not_picked":["Havoc","Hemokinesis"],"picked":"Evolve","floor":1},{"not_picked":["Clothesline","Body Slam"],"picked":"Shrug It Off","floor":3},{"not_picked":["Cleave","Searing Blow"],"picked":"Burning Pact","floor":4},{"not_picked":["Rage","Brutality"],"picked":"Iron Wave","floor":5},{"not_picked":["Clothesline","StuffTheSpire:Incineration"],"picked":"Pommel Strike","floor":8},{"not_picked":["Pommel Strike","Rupture"],"picked":"ReplayTheSpireMod:Strike From Hell","floor":11},{"not_picked":["Armaments","Headbutt"],"picked":"Shrug It Off","floor":12},{"not_picked":["StuffTheSpire:Incineration","Armaments","Run Through"],"picked":"SKIP","floor":13},{"not_picked":["Dual Wield","True Grit"],"picked":"ReplayTheSpireMod:Muscle Training","floor":14},{"not_picked":["Feed","Juggernaut"],"picked":"Fiend Fire","floor":16},{"not_picked":["Thunderclap+1","Flex+1"],"picked":"Replay:Undeath\u0027s Touch","floor":18},{"not_picked":["Warcry","Pummel+1"],"picked":"ReplayTheSpireMod:Strike From Hell","floor":21},{"not_picked":["Twin Strike","Dropkick"],"picked":"StuffTheSpire:Slingshot","floor":22},{"not_picked":["Rampage","StuffTheSpire:Slingshot"],"picked":"ReplayTheSpireMod:Stacked","floor":25},{"not_picked":["Body Slam+1","StuffTheSpire:Incineration+1","Uppercut"],"picked":"SKIP","floor":27},{"not_picked":["Fire Breathing","ReplayTheSpireMod:Strike From Hell+1","conspire:ExplosiveBarrier"],"picked":"SKIP","floor":28},{"not_picked":["conspire:ExplosiveBarrier","Clash","Warcry"],"picked":"SKIP","floor":30},{"not_picked":["Clash","StuffTheSpire:Slingshot+1","Life Link+1"],"picked":"SKIP","floor":31},{"not_picked":["Corruption","Brutality"],"picked":"Eclipse","floor":33},{"not_picked":["ReplayTheSpireMod:Muscle Training","Cleave","Replay:Undeath\u0027s Touch+1"],"picked":"SKIP","floor":35},{"not_picked":["Blood for Blood+1","Headbutt+1"],"picked":"StuffTheSpire:RockThrow","floor":36},{"not_picked":["Cleave","Uppercut","Pommel Strike"],"picked":"SKIP","floor":37}],"player_experience":848434,"relics_obtained":[{"floor":9,"key":"StuffTheSpire:Gunfinga"},{"floor":11,"key":"Odd Mushroom"},{"floor":14,"key":"Smiling Mask"},{"floor":26,"key":"Strawberry"}],"event_choices":[{"damage_healed":0,"gold_gain":0,"player_choice":"Fought Mushrooms","damage_taken":0,"max_hp_gain":0,"max_hp_loss":0,"event_name":"Mushrooms","floor":11,"gold_loss":0},{"damage_healed":0,"gold_gain":0,"player_choice":"1 cards matched","damage_taken":0,"max_hp_gain":0,"max_hp_loss":0,"event_name":"Match and Keep!","floor":19,"gold_loss":0,"cards_obtained":["Blood for Blood"]},{"damage_healed":76,"gold_gain":0,"player_choice":"Heal","damage_taken":0,"max_hp_gain":0,"max_hp_loss":11,"event_name":"The Moai Head","floor":38,"gold_loss":0}],"is_beta":false,"boss_relics":[{"not_picked":["hubris:BlackHole","beaked:MawFillet"],"picked":"conspire:SpecialSausage"},{"not_picked":["Black Star","Kintsugi"],"picked":"Black Blood"}],"items_purged_floors":[2,20,24,39],"is_endless":false,"potions_floor_spawned":[3,5,11,13,16,21,22,27,28,37],"killed_by":"Giant Head","ascension_level":6}}