{"host":"by2xx8ri294xcjpl","time":1614348654,"event":{"mods":["ATMod(阿瑾Mod)","Act Like it!","BaseMod","Dota2Spire","Downfall","Minty Spire (QoL Compilation)","Relic Stats","Replay The Spire","StSLib","【功能Mod】混沌之环修复补丁","【功能Mod】精心准备","【遗物Mod】简单游戏","【遗物卡牌】REMEMod"],"gold_per_floor":[99,111,127,202,202,202,254,286,86,121,156,190,190,32,52,151,151,151,171,185,185,104,215,215,244,270,170,205,230,258,6,19,120,120,120,135,135,169,279,304,304,304,335,335,365,365,365,394,404,504,504,504,504],"floor_reached":51,"language":"ZHS","playtime":2683,"items_purged":["Writhe"],"score":1869,"play_id":"0dc3489d-8d7b-4018-9e47-f2a752925bc4","local_time":"20210226221054","daily_mods":["Colorless Cards","Heirloom","Flight","DeadlyEvents","Elite Swarm"],"is_ascension_mode":true,"campfire_choices":[{"floor":1,"key":"DIG"},{"floor":6,"key":"RECALL"},{"data":"ReplayTheSpireMod:Necrogeddon","floor":9,"key":"SMITH"},{"data":"REME_MawOfCthun","floor":13,"key":"SMITH"},{"data":"REME_WheelOfFate","floor":18,"key":"SMITH"},{"floor":27,"key":"REST"},{"data":"REME_MawOfCthun","floor":35,"key":"SMITH"},{"data":"1","floor":44,"key":"LIFT"},{"data":"Apotheosis","floor":46,"key":"SMITH"},{"data":"2","floor":47,"key":"LIFT"}],"circlet_count":0,"master_deck":["bronze:Strike","bronze:Strike","bronze:Strike","bronze:Strike","bronze:Defend","bronze:Defend","bronze:Defend","bronze:Defend","bronze:Replicate","bronze:Goto","ReplayTheSpireMod:Necrogeddon+1","bronze:Iterate+1","bronze:Iterate+1","REME_HeartOfCthun+1","Poisoned Strike+1","REME_MawOfCthun+1","bronze:Branch+1","REME_WheelOfFate+1","bronze:FineTuning","bronze:BronzeOrb+1","bronze:ClassDefault","Apotheosis+1","REME_ProfessionalPlagiarism","bronze:RecursiveStrike+1","Magnetism","REME_BodyOfCthun","REME_MawOfCthun+1","bronze:Frontload+1","bronze:AlphaBuild+1","bronze:RecursiveStrike+1","Pot Of Greed","Pot Of Greed","Pot Of Greed","HandOfGreed+1","REME_HeartOfCthun+1","bronze:AlphaBuild+1"],"relics":["bronze:BronzeCore","REME_ComplimentaryCards","EasyRelic","AT_ATBox","Guardian:GemstoneGun","Molten Egg 2","AT_ChloranthyRing","downfall:HeartBlessingRed","downfall:HeartBlessingBlue","Dota2Spire:AssaultCuirass","Dota2Spire:BlackKingBar","hexamod:CandleOfCauterizing","Dota2Spire:MaskOfMadness","ChewingGum","StrikeDummy","Tiny Chest","Torii","ReplayTheSpireMod:Lightbulb","Dota2Spire:LinkenSphere","Happy Flower","downfall:HeartBlessingGreen","Replay:Accelerometer","Orichalcum","Bottled Lightning","Kunai","AT_RedTearstoneRing","Sozu","Counterbalance","Girya","Replay:Kaleidoscope","Pear","champ:DeflectingBracers","Grinning Jar","Pocketwatch","expansioncontent:StudyCardRelic"],"acts_visited":["Exordium","TheCity","TheBeyond","Exordium"],"potions_floor_usage":[],"damage_taken":[{"damage":3,"enemies":"Jaw Worm","floor":2,"turns":3},{"damage":0,"enemies":"2 Louse","floor":3,"turns":3},{"damage":3,"enemies":"3 Sentries","floor":8,"turns":5},{"damage":6,"enemies":"Replay:BlueRogue","floor":10,"turns":3},{"damage":0,"enemies":"Lagavulin","floor":11,"turns":2},{"damage":5,"enemies":"Replay:BlueRogue","floor":12,"turns":3},{"damage":0,"enemies":"downfall:FleeingMerchant","floor":14,"turns":4},{"damage":0,"enemies":"Cultist","floor":15,"turns":3},{"damage":4,"enemies":"SI_SHIV_ARCHETYPE","floor":16,"turns":3},{"damage":0,"enemies":"Chosen","floor":19,"turns":2},{"damage":0,"enemies":"3 Byrds","floor":20,"turns":3},{"damage":0,"enemies":"downfall:FleeingMerchant","floor":22,"turns":3},{"damage":0,"enemies":"Book of Stabbing","floor":23,"turns":4},{"damage":2,"enemies":"Replay:Snechameleon","floor":25,"turns":4},{"damage":17,"enemies":"Slavers","floor":26,"turns":2},{"damage":0,"enemies":"REME_1_Revenger","floor":28,"turns":2},{"damage":0,"enemies":"Slavers","floor":29,"turns":1},{"damage":0,"enemies":"Replay:Snechameleon","floor":30,"turns":2},{"damage":0,"enemies":"Cultist and Chosen","floor":32,"turns":2},{"damage":0,"enemies":"WA_ARCHETYPE_CALM","floor":33,"turns":7},{"damage":1,"enemies":"3 Darklings","floor":36,"turns":2},{"damage":0,"enemies":"R_Hoarder","floor":38,"turns":5},{"damage":1,"enemies":"Nemesis","floor":39,"turns":3},{"damage":1,"enemies":"Reptomancer","floor":40,"turns":6},{"damage":1,"enemies":"R_Hoarder","floor":43,"turns":6},{"damage":0,"enemies":"Reptomancer","floor":45,"turns":4},{"damage":0,"enemies":"Giant Head","floor":48,"turns":5},{"damage":0,"enemies":"Orb Walker","floor":49,"turns":1},{"damage":16,"enemies":"IC_BLOCK_ARCHETYPE","floor":50,"turns":7}],"seed_played":"-7424260728715586939","potions_obtained":[{"floor":3,"key":"DuplicationPotion"},{"floor":11,"key":"Milkshake"},{"floor":12,"key":"Ancient Potion"},{"floor":16,"key":"Fire Potion"}],"is_trial":true,"path_per_floor":["R","M","M","?","?","R","T","E","R","E","E","E","R","$","M","B",null,"R","M","M","?","$","E","T","E","E","R","E","E","E","$","M","B",null,"R","M","?","E","E","E","T","T","E","R","E","R","R","E","M","B",null],"character_chosen":"THE_AUTOMATON","items_purchased":["Dota2Spire:MaskOfMadness","Tiny Chest","Apotheosis","Kunai"],"campfire_rested":1,"item_purchase_floors":[14,22,22,31],"current_hp_per_floor":[70,67,67,56,56,56,56,53,63,57,57,52,52,52,52,48,80,80,80,80,80,80,80,80,78,61,80,80,80,80,80,80,80,80,80,79,79,79,78,77,77,87,86,86,86,86,86,90,90,74,90,90,90],"gold":504,"neow_bonus":"","is_daily":false,"chose_seed":false,"campfire_upgraded":5,"win_rate":0.0,"timestamp":1614348654,"path_taken":["R","M","M","?","?","R","T","E","R","E","?","E","R","$","M","BOSS","R","M","M","?","$","E","T","E","E","R","E","E","E","$","M","BOSS","R","M","?","?","?","E","T","?","E","R","E","R","R","E","M","BOSS"],"items_purchased_type":["Relic","Relic","Card","Relic"],"build_version":"2020-12-22","purchased_purges":1,"victory":false,"max_hp_per_floor":[70,70,70,70,70,70,70,70,80,80,80,80,80,80,80,80,80,80,80,80,80,80,80,80,80,80,80,80,80,80,80,80,80,80,80,80,80,80,80,80,80,90,90,90,90,90,90,90,90,90,90,90,90],"relic_stats":{"Sozu":2,"Torii":8,"Happy Flower":[17],"counters":[29,100],"Tiny Chest":1,"Kunai":[29],"Orichalcum":[72],"obtain_stats":[{"Dota2Spire:MaskOfMadness":14,"Replay:Accelerometer":28,"bronze:BronzeCore":0,"AT_ATBox":0,"Torii":23,"downfall:HeartBlessingGreen":27,"expansioncontent:StudyCardRelic":51,"Sozu":34,"downfall:HeartBlessingBlue":9,"Tiny Chest":22,"Dota2Spire:AssaultCuirass":10,"Kunai":31,"AT_ChloranthyRing":8,"Girya":39,"hexamod:CandleOfCauterizing":12,"AT_RedTearstoneRing":33,"Pear":42,"downfall:HeartBlessingRed":9,"Dota2Spire:BlackKingBar":11,"Happy Flower":26,"Guardian:GemstoneGun":0,"Counterbalance":38,"champ:DeflectingBracers":43,"Replay:Kaleidoscope":40,"Orichalcum":29,"EasyRelic":0,"Molten Egg 2":1,"ChewingGum":17,"Dota2Spire:LinkenSphere":25,"Bottled Lightning":30,"Grinning Jar":45,"StrikeDummy":21,"ReplayTheSpireMod:Lightbulb":24,"REME_ComplimentaryCards":0,"Pocketwatch":48},{"Dota2Spire:MaskOfMadness":7,"Replay:Accelerometer":16,"bronze:BronzeCore":0,"AT_ATBox":0,"Torii":13,"downfall:HeartBlessingGreen":15,"expansioncontent:StudyCardRelic":29,"Sozu":20,"downfall:HeartBlessingBlue":3,"Tiny Chest":12,"Dota2Spire:AssaultCuirass":4,"Kunai":18,"AT_ChloranthyRing":3,"Girya":23,"hexamod:CandleOfCauterizing":6,"AT_RedTearstoneRing":20,"Pear":24,"downfall:HeartBlessingRed":3,"Dota2Spire:BlackKingBar":5,"Happy Flower":15,"Guardian:GemstoneGun":0,"Counterbalance":22,"champ:DeflectingBracers":25,"Replay:Kaleidoscope":24,"Orichalcum":17,"EasyRelic":0,"Molten Egg 2":0,"ChewingGum":9,"Dota2Spire:LinkenSphere":14,"Bottled Lightning":18,"Grinning Jar":26,"StrikeDummy":11,"ReplayTheSpireMod:Lightbulb":13,"REME_ComplimentaryCards":0,"Pocketwatch":27},{"Dota2Spire:MaskOfMadness":23,"Replay:Accelerometer":49,"bronze:BronzeCore":0,"AT_ATBox":0,"Torii":41,"downfall:HeartBlessingGreen":47,"expansioncontent:StudyCardRelic":100,"Sozu":61,"downfall:HeartBlessingBlue":11,"Tiny Chest":37,"Dota2Spire:AssaultCuirass":14,"Kunai":52,"AT_ChloranthyRing":11,"Girya":71,"hexamod:CandleOfCauterizing":19,"AT_RedTearstoneRing":56,"Pear":77,"downfall:HeartBlessingRed":11,"Dota2Spire:BlackKingBar":16,"Happy Flower":47,"Guardian:GemstoneGun":0,"Counterbalance":68,"champ:DeflectingBracers":83,"Replay:Kaleidoscope":77,"Orichalcum":50,"EasyRelic":0,"Molten Egg 2":0,"ChewingGum":29,"Dota2Spire:LinkenSphere":45,"Bottled Lightning":52,"Grinning Jar":87,"StrikeDummy":34,"ReplayTheSpireMod:Lightbulb":41,"REME_ComplimentaryCards":0,"Pocketwatch":92}],"Pocketwatch":[0]},"card_choices":[{"not_picked":["bronze:OilSpill+1","bronze:CutThrough+1","REME_MagicPocketWatch"],"picked":"SKIP","floor":2},{"not_picked":["bronze:Deprecate","bronze:Turbo"],"picked":"bronze:Iterate+1","floor":3},{"not_picked":["ReplayUltimateDefense","Secret Weapon","bronze:HyperBeam+1"],"picked":"SKIP","floor":8},{"not_picked":["AT_BreakingExtremeWeapon","REME_MawOfCthun"],"picked":"REME_HeartOfCthun+1","floor":10},{"not_picked":["The Bomb","REME_BuildACard"],"picked":"Poisoned Strike+1","floor":11},{"not_picked":["Master of Strategy","bronze:Break+1"],"picked":"REME_MawOfCthun","floor":12},{"not_picked":["bronze:BugBarrage+1","Finesse"],"picked":"bronze:Branch+1","floor":14},{"not_picked":["bronze:OilSpill+1","bronze:Invalidate","bronze:Break+1"],"picked":"SKIP","floor":15},{"not_picked":["Secret Technique","Panache"],"picked":"REME_WheelOfFate","floor":16},{"not_picked":["bronze:Return","bronze:BitShift"],"picked":"bronze:FineTuning","floor":19},{"not_picked":["bronze:Branch+1","bronze:Overload"],"picked":"bronze:BronzeOrb+1","floor":20},{"not_picked":["bronze:HyperBeam+1","bronze:BitShift+1"],"picked":"bronze:ClassDefault","floor":22},{"not_picked":["Violence","Crow Ritual"],"picked":"REME_ProfessionalPlagiarism","floor":23},{"not_picked":["bronze:ThunderWave+1","REME_HeartOfCthun+1"],"picked":"bronze:RecursiveStrike+1","floor":25},{"not_picked":["Thinking Ahead","ReplayTheSpireMod:Brewmster"],"picked":"Magnetism","floor":26},{"not_picked":["Secret Technique","bronze:Format","bronze:Break+1"],"picked":"SKIP","floor":28},{"not_picked":["bronze:FindAndReplace","Secret Weapon","REME_BattleFury"],"picked":"SKIP","floor":29},{"not_picked":["bronze:HardenedForm","Crow Ritual"],"picked":"REME_BodyOfCthun","floor":30},{"not_picked":["Impatience","AT_Homeward","bronze:OilSpill+1"],"picked":"SKIP","floor":32},{"not_picked":["AT_EmpoweredMortalDraw+1","bronze:HyperBeam+1"],"picked":"REME_MawOfCthun","floor":33},{"not_picked":["bronze:OilSpill+1","bronze:ClassDefault"],"picked":"bronze:Frontload+1","floor":36},{"not_picked":["Secret Weapon","Transmutation"],"picked":"bronze:AlphaBuild+1","floor":38},{"not_picked":["REME_HeartOfCthun+1","Thinking Ahead"],"picked":"bronze:RecursiveStrike+1","floor":39},{"not_picked":["AT_EmpoweredMortalDraw+1","REME_PuzzleBox","bronze:CleanCode"],"picked":"SKIP","floor":40},{"not_picked":["Mayhem","REME_AllRoundStrike+1","Sadistic Nature"],"picked":"SKIP","floor":43},{"not_picked":["bronze:Format","ReplayTheSpireMod:Brewmster"],"picked":"HandOfGreed+1","floor":45},{"not_picked":["REME_PuzzleBox","AT_FalsePromise"],"picked":"REME_HeartOfCthun+1","floor":48},{"not_picked":["bronze:Branch+1","bronze:Shield+1","bronze:BuggyMess"],"picked":"SKIP","floor":49},{"not_picked":["Midas Touch","Thinking Ahead"],"picked":"bronze:AlphaBuild+1","floor":50}],"player_experience":47929,"relics_obtained":[{"floor":1,"key":"Molten Egg 2"},{"floor":8,"key":"AT_ChloranthyRing"},{"floor":10,"key":"Dota2Spire:AssaultCuirass"},{"floor":11,"key":"Dota2Spire:BlackKingBar"},{"floor":12,"key":"hexamod:CandleOfCauterizing"},{"floor":23,"key":"Torii"},{"floor":24,"key":"ReplayTheSpireMod:Lightbulb"},{"floor":25,"key":"Dota2Spire:LinkenSphere"},{"floor":26,"key":"Happy Flower"},{"floor":28,"key":"Replay:Accelerometer"},{"floor":29,"key":"Orichalcum"},{"floor":30,"key":"Bottled Lightning"},{"floor":38,"key":"Counterbalance"},{"floor":39,"key":"Girya"},{"floor":40,"key":"Replay:Kaleidoscope"},{"floor":42,"key":"Pear"},{"floor":43,"key":"champ:DeflectingBracers"},{"floor":45,"key":"Grinning Jar"},{"floor":48,"key":"Pocketwatch"}],"event_choices":[{"damage_healed":0,"gold_gain":75,"player_choice":"Gather Gold","damage_taken":11,"max_hp_gain":0,"max_hp_loss":0,"event_name":"World of Goop","floor":4,"gold_loss":0}],"is_beta":false,"boss_relics":[{"not_picked":["REME_LowDesire","AT_TrinityForce"],"picked":"ChewingGum"},{"not_picked":["Dota2Spire:Bloodstone","AT_MortalBlade"],"picked":"Sozu"},{"not_picked":["REME_DuelDisc","Runic Pyramid"],"picked":"expansioncontent:StudyCardRelic"}],"items_purged_floors":[22],"is_endless":true,"potions_floor_spawned":[3,11,12,15,16,19,20,29,30,32,36,38,40,49,50],"ascension_level":1}}