{"host":"jz4ul6vrcxqkcr33","time":1614381220,"event":{"mods":["BaseMod","Minty Spire (QoL Compilation)","StSLib"],"gold_per_floor":[119,136,136,156,174,174,208,208,277,277,277,303,320,320,320,448,448,468,18,38,62,86,86,109,147,194,194,232,15,53,53,53,53,53],"floor_reached":33,"language":"ENG","playtime":1424,"items_purged":["Clumsy"],"score":457,"play_id":"0537cc58-c332-40eb-979d-13d909fb4d48","local_time":"20210226181340","is_ascension_mode":true,"campfire_choices":[{"data":"Cloak And Dagger","floor":6,"key":"SMITH"},{"floor":8,"key":"REST"},{"floor":10,"key":"REST"},{"floor":15,"key":"REST"},{"floor":23,"key":"REST"},{"floor":27,"key":"REST"},{"floor":32,"key":"REST"}],"circlet_count":0,"master_deck":["Strike_G","Strike_G","Strike_G","Strike_G","Strike_G","Defend_G","Defend_G","Defend_G","Defend_G","Defend_G","Survivor","Neutralize","Dagger Throw","Sucker Punch","Cloak And Dagger+1","Cloak And Dagger","Flying Knee","Blade Dance","Prepared","Adrenaline","Dagger Spray","Dagger Throw","Calculated Gamble+1","Flying Knee+1","Blade Dance","Crippling Poison","Leg Sweep","Terror","Choke+1"],"relics":["Ring of the Snake","Tingsha","Question Card","Ancient Tea Set","Golden Idol","Cursed Key","FossilizedHelix","Sling","Potion Belt","Nunchaku","Calipers","Bronze Scales","StrikeDummy"],"acts_visited":["Exordium","TheCity"],"potions_floor_usage":[7,7,16,16,21,25,25,30,33],"damage_taken":[{"damage":3,"enemies":"2 Louse","floor":1,"turns":3},{"damage":0,"enemies":"Cultist","floor":2,"turns":3},{"damage":0,"enemies":"Small Slimes","floor":4,"turns":3},{"damage":1,"enemies":"Blue Slaver","floor":5,"turns":6},{"damage":49,"enemies":"Gremlin Nob","floor":7,"turns":6},{"damage":18,"enemies":"Lagavulin","floor":12,"turns":6},{"damage":0,"enemies":"Looter","floor":13,"turns":3},{"damage":36,"enemies":"Slime Boss","floor":16,"turns":9},{"damage":8,"enemies":"Shell Parasite","floor":18,"turns":5},{"damage":3,"enemies":"2 Thieves","floor":20,"turns":4},{"damage":5,"enemies":"Centurion and Healer","floor":21,"turns":4},{"damage":0,"enemies":"Snecko","floor":22,"turns":4},{"damage":26,"enemies":"Snake Plant","floor":24,"turns":5},{"damage":5,"enemies":"Book of Stabbing","floor":25,"turns":3},{"damage":21,"enemies":"Gremlin Leader","floor":28,"turns":6},{"damage":7,"enemies":"Slavers","floor":30,"turns":4},{"damage":79,"enemies":"Champ","floor":33,"turns":9}],"seed_played":"-7318559564980861715","potions_obtained":[{"floor":1,"key":"Regen Potion"},{"floor":2,"key":"CunningPotion"},{"floor":4,"key":"CunningPotion"},{"floor":11,"key":"CultistPotion"},{"floor":11,"key":"AttackPotion"},{"floor":21,"key":"Strength Potion"},{"floor":24,"key":"Fire Potion"},{"floor":30,"key":"SkillPotion"}],"is_trial":false,"path_per_floor":["M","M","?","M","M","R","E","R","T","R","?","E","M","?","R","B",null,"M","$","M","M","M","R","M","E","T","R","E","$","E","?","R","B"],"character_chosen":"THE_SILENT","items_purchased":["FossilizedHelix","Sling","DistilledChaos","Terror"],"campfire_rested":6,"item_purchase_floors":[19,19,29,29],"current_hp_per_floor":[56,56,56,56,55,55,21,46,46,71,71,53,53,32,57,21,68,60,60,57,52,52,77,51,46,46,71,50,50,43,43,68,0,0],"gold":53,"neow_bonus":"TWENTY_PERCENT_HP_BONUS","is_daily":false,"chose_seed":false,"campfire_upgraded":1,"win_rate":0.0,"timestamp":1614381220,"path_taken":["M","M","?","M","?","R","E","R","T","R","?","E","?","?","R","BOSS","M","$","M","M","M","R","M","E","T","R","E","$","E","?","R","BOSS"],"items_purchased_type":["Relic","Relic","Potion","Card"],"build_version":"2020-12-13","purchased_purges":1,"victory":false,"max_hp_per_floor":[84,84,84,84,84,84,84,84,84,84,84,84,84,84,84,84,84,84,84,84,84,84,84,84,84,84,84,84,84,84,84,84,84,84],"card_choices":[{"not_picked":["Footwork","Finisher"],"picked":"Dagger Throw","floor":1},{"not_picked":["Caltrops","Quick Slash"],"picked":"Sucker Punch","floor":2},{"not_picked":["Terror","Flying Knee"],"picked":"Cloak And Dagger","floor":4},{"not_picked":["Dagger Spray","PiercingWail"],"picked":"Cloak And Dagger","floor":5},{"not_picked":["Concentrate","Setup"],"picked":"Flying Knee","floor":7},{"not_picked":["Poisoned Stab","Quick Slash","Setup"],"picked":"Blade Dance","floor":12},{"not_picked":["Dagger Throw","Slice","Calculated Gamble"],"picked":"Prepared","floor":13},{"not_picked":["Grand Finale","Storm of Steel","Burst"],"picked":"Adrenaline","floor":16},{"not_picked":["Skewer","Deadly Poison","Bane"],"picked":"Dagger Spray","floor":18},{"not_picked":["Deadly Poison","Escape Plan","Outmaneuver"],"picked":"Dagger Throw","floor":20},{"not_picked":["Noxious Fumes","Concentrate","Dash"],"picked":"Calculated Gamble+1","floor":21},{"not_picked":["Dagger Spray","Choke","Slice"],"picked":"Flying Knee+1","floor":22},{"not_picked":["Distraction","Escape Plan+1","Choke"],"picked":"Blade Dance","floor":24},{"not_picked":["Deflect","Cloak And Dagger","Concentrate"],"picked":"Crippling Poison","floor":25},{"not_picked":["Poisoned Stab","Dodge and Roll","Dagger Throw"],"picked":"Leg Sweep","floor":28},{"not_picked":["Crippling Poison","Bane","Expertise"],"picked":"Choke+1","floor":30}],"player_experience":293890,"relics_obtained":[{"floor":7,"key":"Tingsha"},{"floor":9,"key":"Question Card"},{"floor":12,"key":"Ancient Tea Set"},{"floor":25,"key":"Potion Belt"},{"floor":26,"key":"Nunchaku"},{"floor":28,"key":"Calipers"},{"floor":30,"key":"Bronze Scales"}],"event_choices":[{"damage_healed":0,"gold_gain":0,"player_choice":"Bought 0 Potions","damage_taken":0,"max_hp_gain":0,"max_hp_loss":0,"event_name":"The Woman in Blue","floor":3,"gold_loss":0},{"damage_healed":0,"gold_gain":0,"player_choice":"Got Potions","damage_taken":0,"max_hp_gain":0,"max_hp_loss":0,"event_name":"Lab","floor":11,"gold_loss":0},{"damage_healed":0,"gold_gain":0,"player_choice":"Take Damage","damage_taken":21,"relics_obtained":["Golden Idol"],"max_hp_gain":0,"max_hp_loss":0,"event_name":"Golden Idol","floor":14,"gold_loss":0},{"damage_healed":0,"gold_gain":0,"player_choice":"Opened","damage_taken":0,"relics_obtained":["StrikeDummy"],"max_hp_gain":0,"max_hp_loss":0,"event_name":"The Mausoleum","floor":31,"gold_loss":0}],"is_beta":false,"boss_relics":[{"not_picked":["Ectoplasm","Fusion Hammer"],"picked":"Cursed Key"}],"items_purged_floors":[29],"is_endless":false,"potions_floor_spawned":[1,2,4,21,24,30],"killed_by":"Champ","ascension_level":9}}