{"host":"ryj999m4rfm064ad","time":1614313786,"event":{"mods":["Act Like it!","BaseMod","Colored Map","Downfall","Highlight Path","Minty Spire (QoL Compilation)","Permanent Neow","Ruina","StSLib","UnlockEverythingMod"],"gold_per_floor":[114,134,134,66,66,109,127,127,196,216,216,237,260,53,53,181,181,194,119,98,98,111,111,154,174,174,193,193,208,188,212,212,212,212],"floor_reached":33,"language":"ENG","playtime":2495,"items_purged":["Defend_G"],"score":296,"play_id":"d8f5dcbe-c8ed-45cb-a694-26f8baf1c3a8","local_time":"20210225232946","is_ascension_mode":false,"campfire_choices":[{"data":"Infinite Blades","floor":11,"key":"SMITH"},{"data":"Cloak And Dagger","floor":15,"key":"SMITH"},{"floor":23,"key":"REST"},{"data":"Cloak And Dagger","floor":28,"key":"SMITH"},{"data":"Malaise","floor":32,"key":"SMITH"}],"circlet_count":0,"master_deck":["Strike_G","Strike_G","Strike_G","Strike_G","Defend_G","Defend_G","Defend_G","Defend_G","Survivor","Neutralize","Blade Dance","Infinite Blades+1","Malaise+1","Footwork+1","Cloak And Dagger+1","Envenom+1","Cloak And Dagger+1","Infinite Blades+1"],"relics":["Ring of the Snake","NeowsBlessing","Strawberry","Golden Idol","Tingsha","Frozen Egg 2","Chemical X","HornCleat"],"acts_visited":["Exordium","TheCity"],"potions_floor_usage":[22,24,24,33,33],"damage_taken":[{"damage":0,"enemies":"2 Louse","floor":1,"turns":1},{"damage":0,"enemies":"Small Slimes","floor":2,"turns":1},{"damage":0,"enemies":"Lagavulin","floor":6,"turns":1},{"damage":1,"enemies":"Cultist","floor":7,"turns":3},{"damage":1,"enemies":"Gremlin Gang","floor":10,"turns":6},{"damage":3,"enemies":"Exordium Wildlife","floor":12,"turns":4},{"damage":3,"enemies":"Red Slaver","floor":13,"turns":3},{"damage":9,"enemies":"The Guardian","floor":16,"turns":15},{"damage":9,"enemies":"3 Byrds","floor":18,"turns":5},{"damage":17,"enemies":"2 Thieves","floor":20,"turns":5},{"damage":12,"enemies":"Centurion and Healer","floor":22,"turns":8},{"damage":2,"enemies":"Gremlin Leader","floor":24,"turns":9},{"damage":0,"enemies":"Snecko","floor":25,"turns":5},{"damage":1,"enemies":"3 Cultists","floor":27,"turns":7},{"damage":9,"enemies":"Snake Plant","floor":29,"turns":7},{"damage":12,"enemies":"Chosen and Byrds","floor":31,"turns":7},{"damage":30,"enemies":"Champ","floor":33,"turns":8}],"seed_played":"-2643196359084594364","potions_obtained":[{"floor":1,"key":"LiquidBronze"},{"floor":7,"key":"GamblersBrew"},{"floor":16,"key":"bronze:BurnAndBuffPotion"},{"floor":20,"key":"champ:CounterPotion"},{"floor":22,"key":"Explosive Potion"},{"floor":30,"key":"SkillPotion"},{"floor":31,"key":"DistilledChaos"}],"is_trial":false,"path_per_floor":["M","M","?","$","?","E","M","?","T","M","R","M","M","$","R","B",null,"M","$","M","$","M","R","E","M","T","M","R","M","?","M","R","B"],"character_chosen":"THE_SILENT","items_purchased":["Infinite Blades","Chemical X","Cloak And Dagger"],"campfire_rested":1,"item_purchase_floors":[4,14,14],"current_hp_per_floor":[70,70,44,44,44,44,43,43,43,42,42,39,36,36,36,27,71,62,62,45,45,33,54,52,52,52,51,51,42,42,30,30,0,0],"gold":212,"neow_bonus":"THREE_ENEMY_KILL","is_daily":false,"chose_seed":false,"campfire_upgraded":4,"win_rate":0.0,"timestamp":1614313786,"path_taken":["M","M","?","$","?","E","M","?","T","M","R","M","?","$","R","BOSS","M","$","M","$","?","R","E","M","T","M","R","M","?","?","R","BOSS"],"items_purchased_type":["Card","Relic","Card"],"build_version":"2020-12-22","purchased_purges":1,"victory":false,"max_hp_per_floor":[70,70,77,77,71,71,71,71,71,71,71,71,71,71,71,71,71,71,71,71,71,71,71,71,71,71,71,71,71,71,71,71,71,71],"card_choices":[{"not_picked":["Cloak And Dagger","Deflect"],"picked":"Blade Dance","floor":1},{"not_picked":["Quick Slash","Slice","Backflip"],"picked":"SKIP","floor":2},{"not_picked":["Slice","Bane","Skewer"],"picked":"SKIP","floor":6},{"not_picked":["Poisoned Stab","Deadly Poison","Bane"],"picked":"SKIP","floor":7},{"not_picked":["Deadly Poison","Acrobatics","Doppelganger"],"picked":"SKIP","floor":10},{"not_picked":["Flechettes","Concentrate","Deadly Poison"],"picked":"SKIP","floor":12},{"not_picked":["Outmaneuver","Backflip"],"picked":"Footwork+1","floor":13},{"not_picked":["Bullet Time","Tools of the Trade+1"],"picked":"Envenom+1","floor":16},{"not_picked":["Distraction+1","PiercingWail"],"picked":"Cloak And Dagger","floor":18},{"not_picked":["All Out Attack+1","Sucker Punch","Skewer"],"picked":"SKIP","floor":20},{"not_picked":["Dash","Cloak And Dagger","Acrobatics"],"picked":"SKIP","floor":22},{"not_picked":["Setup+1","Concentrate","Flying Knee"],"picked":"SKIP","floor":24},{"not_picked":["Bullet Time","Poisoned Stab","Concentrate+1"],"picked":"SKIP","floor":25},{"not_picked":["Outmaneuver","Acrobatics","Flechettes"],"picked":"SKIP","floor":27},{"not_picked":["Underhanded Strike","Prepared"],"picked":"Infinite Blades+1","floor":29},{"not_picked":["Catalyst+1","Underhanded Strike+1","Backflip"],"picked":"SKIP","floor":31}],"player_experience":630187,"relics_obtained":[{"floor":6,"key":"Tingsha"},{"floor":9,"key":"Frozen Egg 2"},{"floor":24,"key":"HornCleat"}],"event_choices":[{"damage_healed":0,"gold_gain":0,"player_choice":"Success","damage_taken":33,"relics_obtained":["Strawberry"],"max_hp_gain":0,"max_hp_loss":0,"event_name":"Scrap Ooze","floor":3,"gold_loss":0},{"damage_healed":0,"gold_gain":0,"player_choice":"Lose Max HP","damage_taken":0,"relics_obtained":["Golden Idol"],"max_hp_gain":0,"max_hp_loss":6,"event_name":"Golden Idol","floor":5,"gold_loss":0},{"damage_healed":0,"gold_gain":0,"cards_transformed":["Strike_G"],"player_choice":"Transformed","damage_taken":0,"max_hp_gain":0,"max_hp_loss":0,"event_name":"Transmorgrifier","floor":8,"gold_loss":0,"cards_obtained":["Malaise"]},{"damage_healed":0,"gold_gain":0,"player_choice":"Bought 1 Potion","damage_taken":0,"max_hp_gain":0,"max_hp_loss":0,"event_name":"The Woman in Blue","floor":30,"gold_loss":0}],"is_beta":false,"boss_relics":[{"not_picked":["Velvet Choker","Calling Bell","Snecko Eye"]}],"items_purged_floors":[19],"is_endless":false,"potions_floor_spawned":[1,7,16,20,22,31],"killed_by":"Champ","ascension_level":0}}