{"host":"x05n69rv5q9mps34","time":1614302736,"event":{"mods":["AchievementEnabler","BaseMod","Colored Map","Minty Spire (QoL Compilation)","SuperFastMode"],"gold_per_floor":[110,124,124,136,86,86,114,127,175,71,95,95,115,40,40,135,135,151,151,169,183,199,199,248,248,295,147,147,147,164,164,164,263,263,280,280,280,297,297,297,307,307,377,232,232,252,42,52,52,52,52],"floor_reached":50,"language":"ENG","playtime":2390,"items_purged":["Defend_B","Strike_B","Zap"],"score":440,"play_id":"3acd258b-39dd-4591-a439-924dabd93c93","local_time":"20210225222536","is_ascension_mode":false,"campfire_choices":[{"data":"Ball Lightning","floor":6,"key":"SMITH"},{"data":"Barrage","floor":12,"key":"SMITH"},{"floor":15,"key":"REST"},{"floor":23,"key":"RECALL"},{"data":"Buffer","floor":25,"key":"SMITH"},{"data":"Capacitor","floor":29,"key":"SMITH"},{"data":"Glacier","floor":32,"key":"SMITH"},{"data":"Echo Form","floor":40,"key":"SMITH"},{"data":"Chill","floor":42,"key":"SMITH"},{"data":"Turbo","floor":45,"key":"SMITH"},{"floor":49,"key":"REST"}],"circlet_count":0,"master_deck":["Strike_B","Strike_B","Defend_B","Defend_B","Dualcast","Cold Snap","Ball Lightning+1","Cold Snap","Conserve Battery","Coolheaded","Coolheaded","Capacitor+1","Barrage+1","Chill+1","Self Repair","Buffer+1","Coolheaded","Undo","Defragment+1","Sunder","Glacier+1","RitualDagger","Echo Form+1","Barrage+1","Beam Cell+1","Conserve Battery+1","Turbo+1","Meteor Strike","Loop","Self Repair+1"],"relics":["Cracked Core"],"acts_visited":["Exordium","TheCity","TheBeyond"],"potions_floor_usage":[38,41,41,50,50],"damage_taken":[{"damage":1,"enemies":"Jaw Worm","floor":1,"turns":4},{"damage":3,"enemies":"Small Slimes","floor":2,"turns":2},{"damage":2,"enemies":"2 Louse","floor":4,"turns":2},{"damage":13,"enemies":"Gremlin Nob","floor":7,"turns":4},{"damage":5,"enemies":"Lots of Slimes","floor":8,"turns":4},{"damage":15,"enemies":"Exordium Thugs","floor":13,"turns":4},{"damage":29,"enemies":"The Guardian","floor":16,"turns":14},{"damage":15,"enemies":"3 Byrds","floor":18,"turns":7},{"damage":2,"enemies":"Spheric Guardian","floor":20,"turns":7},{"damage":7,"enemies":"Centurion and Healer","floor":21,"turns":10},{"damage":16,"enemies":"Snake Plant","floor":22,"turns":9},{"damage":0,"enemies":"Cultist and Chosen","floor":30,"turns":9},{"damage":27,"enemies":"Champ","floor":33,"turns":18},{"damage":0,"enemies":"3 Shapes","floor":35,"turns":7},{"damage":2,"enemies":"Orb Walker","floor":38,"turns":6},{"damage":25,"enemies":"Maw","floor":41,"turns":9},{"damage":3,"enemies":"Sphere and 2 Shapes","floor":46,"turns":6},{"damage":25,"enemies":"Writhing Mass","floor":48,"turns":10},{"damage":61,"enemies":"Awakened One","floor":50,"turns":4}],"seed_played":"-2285139846564972625","potions_obtained":[{"floor":1,"key":"SkillPotion"},{"floor":8,"key":"GamblersBrew"},{"floor":16,"key":"Swift Potion"},{"floor":38,"key":"SteroidPotion"},{"floor":48,"key":"Explosive Potion"}],"is_trial":false,"path_per_floor":["M","M","?","M","?","R","E","M","T","$","T","R","M","$","R","B",null,"M","?","M","M","M","R","T","R","T","$","?","R","M","?","R","B",null,"M","?","?","M","?","R","M","R","T","$","R","M","$","M","R","B"],"character_chosen":"DEFECT","items_purchased":["Capacitor","Barrage","Self Repair","Sunder","Turbo","Loop","BlessingOfTheForge"],"campfire_rested":2,"item_purchase_floors":[10,10,14,27,44,47,47],"current_hp_per_floor":[74,71,71,69,69,69,56,51,51,51,51,51,36,36,58,36,75,67,67,72,72,63,63,63,63,63,63,63,63,70,64,64,44,75,75,71,71,71,71,71,53,53,53,53,53,50,50,39,60,0,0],"gold":52,"neow_bonus":"THREE_CARDS","is_daily":false,"chose_seed":false,"campfire_upgraded":8,"win_rate":0.0,"timestamp":1614302736,"path_taken":["M","M","?","M","?","R","E","M","T","$","?","R","M","?","R","BOSS","M","?","M","M","?","R","?","R","T","?","?","R","?","?","R","BOSS","M","?","?","M","?","R","M","R","T","$","R","M","$","M","R","BOSS"],"items_purchased_type":["Card","Card","Card","Card","Card","Card","Potion"],"build_version":"2020-12-22","purchased_purges":3,"victory":false,"max_hp_per_floor":[75,75,75,75,75,75,75,75,75,75,75,75,75,75,75,75,75,75,75,75,75,75,75,75,75,75,75,75,75,75,75,75,75,75,75,71,71,71,71,71,71,71,71,71,71,71,71,71,71,71,71],"card_choices":[{"not_picked":["Darkness","Lockon"],"picked":"Cold Snap","floor":0},{"not_picked":["Steam Power","Scrape"],"picked":"Ball Lightning","floor":1},{"not_picked":["Leap","Go for the Eyes"],"picked":"Cold Snap","floor":2},{"not_picked":["Lockon","Scrape"],"picked":"Conserve Battery","floor":4},{"not_picked":["Darkness","Steam"],"picked":"Coolheaded","floor":7},{"not_picked":["Reprogram","Conserve Battery"],"picked":"Coolheaded","floor":8},{"not_picked":["Tempest","Melter"],"picked":"Chill","floor":13},{"not_picked":["Multi-Cast","Hyperbeam"],"picked":"Buffer","floor":16},{"not_picked":["Redo+1","Gash"],"picked":"Coolheaded","floor":18},{"not_picked":["Auto Shields","Streamline","Darkness"],"picked":"SKIP","floor":20},{"not_picked":["Gash+1","Redo"],"picked":"Undo","floor":21},{"not_picked":["Cold Snap","Steam"],"picked":"Defragment+1","floor":22},{"not_picked":["Cold Snap","Redo+1"],"picked":"Glacier","floor":30},{"not_picked":["Multi-Cast","Hyperbeam"],"picked":"Echo Form","floor":33},{"not_picked":["Aggregate","Compile Driver"],"picked":"Barrage+1","floor":35},{"not_picked":["Sweeping Beam+1","Hologram"],"picked":"Beam Cell+1","floor":38},{"not_picked":["Redo","Go for the Eyes"],"picked":"Conserve Battery+1","floor":41},{"not_picked":["Heatsinks","Turbo+1"],"picked":"Meteor Strike","floor":46},{"not_picked":["Leap","Barrage+1"],"picked":"Self Repair+1","floor":48}],"player_experience":1035255,"relics_obtained":[],"event_choices":[{"damage_healed":0,"gold_gain":0,"player_choice":"Fled","damage_taken":0,"max_hp_gain":0,"max_hp_loss":0,"event_name":"Scrap Ooze","floor":3,"gold_loss":0},{"cards_removed":["Strike_B"],"damage_healed":0,"gold_gain":0,"player_choice":"Card Removal","damage_taken":0,"max_hp_gain":0,"max_hp_loss":0,"event_name":"The Cleric","floor":5,"gold_loss":50},{"damage_healed":0,"gold_gain":0,"player_choice":"0 cards matched","damage_taken":0,"max_hp_gain":0,"max_hp_loss":0,"event_name":"Match and Keep!","floor":19,"gold_loss":0,"cards_obtained":[]},{"damage_healed":0,"gold_gain":0,"player_choice":"Ignored","damage_taken":0,"max_hp_gain":0,"max_hp_loss":0,"event_name":"Vampires","floor":28,"gold_loss":0},{"damage_healed":0,"gold_gain":0,"player_choice":"Joined the Cult","damage_taken":6,"max_hp_gain":0,"max_hp_loss":0,"event_name":"Nest","floor":31,"gold_loss":0,"cards_obtained":["RitualDagger"]},{"damage_healed":0,"gold_gain":0,"player_choice":"Max HP","damage_taken":0,"max_hp_gain":0,"max_hp_loss":4,"event_name":"Winding Halls","floor":36,"gold_loss":0},{"damage_healed":0,"gold_gain":0,"player_choice":"Ignored","damage_taken":0,"max_hp_gain":0,"max_hp_loss":0,"event_name":"Mysterious Sphere","floor":37,"gold_loss":0},{"cards_removed":["Defend_B"],"damage_healed":0,"gold_gain":0,"player_choice":"Card Removal","damage_taken":0,"max_hp_gain":0,"max_hp_loss":0,"event_name":"Wheel of Change","floor":39,"gold_loss":0}],"is_beta":false,"boss_relics":[{"not_picked":["Black Star","SlaversCollar","SacredBark"]},{"not_picked":["Cursed Key","Astrolabe","Calling Bell"]}],"items_purged_floors":[27,44,47],"is_endless":false,"potions_floor_spawned":[1,8,16,21,22,30,38,48],"killed_by":"Awakened One","ascension_level":0}}