{"host":"ggy1mjjy92c62u6a","time":1614327811,"event":{"mods":["10 clothes from DAL","ATMod(阿瑾Mod)","Act Like it!","BaseMod","Colored Powertips","GifTheSpireLib","Infinite Spire","Library of Ruina","Library of Ruina Extra","Lobotomy","LobotomyExtend","Marisa（F雨　魔理沙）","Minty Spire (QoL Compilation)","Quick Restart","Relic Filter Mod","Relic Stats","Reliquary","Remilia（蕾米莉亚）","Replay The Spire","RumiaBox-露米娅的神秘盒子","Shop Mod","Spicy Shops","StSLib","SuperFastMode","Youmu（魂魄妖梦）","[功能]功能增强和修复MOD","【功能Mod】混沌之环修复补丁","【遗物Mod】死灵法师NEW","【遗物卡牌】REMEMod"],"gold_per_floor":[117,117,134,151,151,182,182,182,182,507,521,87,87,87,87,163,163,174,193,211,229,40,40,66,66,66,66,66,85,85,95,95,192,192,203,203,221,221,78,91,91,107,107,107,122,122,136,136,136,136,136],"floor_reached":52,"language":"ZHS","playtime":1254,"items_purged":["Defend_R","Strike_R","Delirium","Strike_R","Defend_R"],"score":664,"play_id":"a504652c-4468-4a2b-b0a0-86bff3ec7a37","local_time":"20210226162331","is_ascension_mode":true,"campfire_choices":[{"data":"Heavy Blade","floor":7.0,"key":"SMITH"},{"floor":13.0,"key":"REST"},{"floor":15.0,"key":"REST"},{"data":"Limit Break","floor":27.0,"key":"SMITH"},{"floor":32.0,"key":"REST"},{"data":"Offering","floor":41.0,"key":"SMITH"},{"floor":44.0,"key":"REST"},{"floor":49.0,"key":"REST"}],"circlet_count":0,"master_deck":["Strike_R","Strike_R","Defend_R","Defend_R","Bash","DarkMatter+1","AT_ChampionStep+1","Heavy Blade","Armaments","Heavy Blade+1","Flex","Whirlwind","Master of Strategy+1","Limit Break+1","Replay:Sluggish","DegradedShockwave","Forethought","Replay:Fractal Strike","Spot Weakness","Pommel Strike+1","Double Tap","Seeing Red","Flex","Replay:Fractal Strike","Offering+1","REME_ACTH","ReplayTheSpireMod:Muscle Training+1","Headbutt","REME_Scribble"],"relics":["REME_ComplimentaryCards","AT_ATBox","infinitespire:Burning Sword","Baka","LetterFromLob","DALC_ONE","Quantum Egg","Blue Doll","Old Coin","AT_ChloranthyRing","ReplayTheSpireMod:SealedPack","Pear","ReplayTheSpireMod:CursedCoin","PlanX","Ccalipers","The Courier","PageOfPunishingBird","Philosopher\u0027s Stone","reliquary:Sod","PageOfBigBird","PageOfNothingThere"],"acts_visited":["Exordium","TheCity","TheBeyond"],"potions_floor_usage":[],"damage_taken":[{"damage":9.0,"enemies":"Small Slimes","floor":1.0,"turns":3.0},{"damage":2.0,"enemies":"Cultist","floor":3.0,"turns":2.0},{"damage":3.0,"enemies":"2 Louse","floor":4.0,"turns":2.0},{"damage":2.0,"enemies":"Gremlin Nob","floor":6.0,"turns":3.0},{"damage":24.0,"enemies":"3 Sentries","floor":10.0,"turns":5.0},{"damage":14.0,"enemies":"Red Slaver","floor":11.0,"turns":2.0},{"damage":0.0,"enemies":"Slime Boss","floor":16.0,"turns":3.0},{"damage":21.0,"enemies":"Shell Parasite","floor":18.0,"turns":3.0},{"damage":22.0,"enemies":"2 Thieves","floor":19.0,"turns":2.0},{"damage":0.0,"enemies":"Centurion and Healer","floor":20.0,"turns":1.0},{"damage":13.0,"enemies":"Sentry and Sphere","floor":21.0,"turns":3.0},{"damage":15.0,"enemies":"Shelled Parasite and Fungi","floor":29.0,"turns":3.0},{"damage":18.0,"enemies":"Centurion and Healer","floor":31.0,"turns":4.0},{"damage":10.0,"enemies":"KingOfGreed","floor":33.0,"turns":4.0},{"damage":13.0,"enemies":"Orb Walker","floor":35.0,"turns":2.0},{"damage":7.0,"enemies":"3 Shapes","floor":37.0,"turns":2.0},{"damage":12.0,"enemies":"Sphere and 2 Shapes","floor":40.0,"turns":5.0},{"damage":49.0,"enemies":"Writhing Mass","floor":42.0,"turns":4.0},{"damage":1.0,"enemies":"Jaw Worm Horde","floor":45.0,"turns":1.0},{"damage":4.0,"enemies":"3 Darklings","floor":47.0,"turns":2.0},{"damage":84,"enemies":"Replay:Hell Engine","floor":50,"turns":3}],"seed_played":"6508588657407821868","potions_obtained":[{"floor":1.0,"key":"Doom Potion"},{"floor":3.0,"key":"GamblersBrew"},{"floor":6.0,"key":"Block Potion"},{"floor":29.0,"key":"Explosive Potion"},{"floor":37.0,"key":"BlessingOfTheForge"}],"is_trial":false,"path_per_floor":["M","?","M","M","T","E","R","?","T","E","M","$","R","?","R","B",null,"M","M","M","M","$","E","T","?","T","R","?","M","AVR","M","R","B",null,"M","AVR","M","?","$","M","R","M","T","R","M","?","M","?","R","B",null,null],"character_chosen":"IRONCLAD","items_purchased":["Flex","AT_ChloranthyRing","Whirlwind","Master of Strategy+1","ReplayTheSpireMod:CursedCoin","Flex","PlanX","PageOfBigBird"],"campfire_rested":5,"item_purchase_floors":[12,12,12,12,22,22,22,39],"current_hp_per_floor":[71,71,69,66,66,64,64,48,48,24,10,10,34,34,58,58,80,59,48,48,35,35,35,35,35,35,35,35,20,20,2,31,21,99,86,86,79,79,79,69,69,23,23,54,53,53,51,51,82,28,28],"gold":136,"neow_bonus":"BOSS_RELIC","is_daily":false,"chose_seed":false,"campfire_upgraded":3,"win_rate":0.0,"timestamp":1614327811,"path_taken":["M","?","M","?","?","E","R","?","T","E","M","$","R","?","R","BOSS","M","M","M","M","$","E","?","?","T","R","?","M","AVR","M","R","BOSS","M","AVR","?","?","$","M","R","?","T","R","M","?","M","?","R","BOSS"],"items_purchased_type":["Card","Relic","Card","Card","Relic","Card","Relic","Relic"],"build_version":"2020-12-22","purchased_purges":5,"victory":true,"max_hp_per_floor":[80,80,80,80,80,80,80,80,80,80,80,80,80,80,80,80,80,80,80,80,99,99,99,99,99,99,99,99,99,99,99,99,99,99,99,99,99,99,99,101,101,104,104,104,104,104,106,106,106,100,100],"relic_stats":{"counters":[21,59],"obtain_stats":[{"AT_ChloranthyRing":12,"AT_ATBox":0,"Pear":21,"ReplayTheSpireMod:CursedCoin":22,"Quantum Egg":5,"Blue Doll":6,"PageOfNothingThere":43,"ReplayTheSpireMod:SealedPack":17,"The Courier":26,"Baka":1,"DALC_ONE":3,"PageOfPunishingBird":30,"Burning Blood":0,"Old Coin":10,"reliquary:Sod":36,"Ccalipers":24,"PlanX":22,"Philosopher\u0027s Stone":34,"infinitespire:Burning Sword":0,"LetterFromLob":1,"PageOfBigBird":39,"REME_ComplimentaryCards":0},{"AT_ChloranthyRing":6,"AT_ATBox":0,"Pear":11,"ReplayTheSpireMod:CursedCoin":11,"Quantum Egg":3,"Blue Doll":4,"PageOfNothingThere":18,"ReplayTheSpireMod:SealedPack":7,"The Courier":11,"Baka":1,"DALC_ONE":2,"PageOfPunishingBird":12,"Burning Blood":0,"Old Coin":5,"reliquary:Sod":15,"Ccalipers":11,"PlanX":11,"Philosopher\u0027s Stone":14,"infinitespire:Burning Sword":0,"LetterFromLob":1,"PageOfBigBird":16,"REME_ComplimentaryCards":0},{"AT_ChloranthyRing":17,"AT_ATBox":0,"Pear":29,"ReplayTheSpireMod:CursedCoin":29,"Quantum Egg":7,"Blue Doll":10,"PageOfNothingThere":53,"ReplayTheSpireMod:SealedPack":20,"The Courier":29,"Baka":3,"DALC_ONE":5,"PageOfPunishingBird":32,"Burning Blood":0,"Old Coin":15,"reliquary:Sod":42,"Ccalipers":29,"PlanX":29,"Philosopher\u0027s Stone":40,"infinitespire:Burning Sword":0,"LetterFromLob":3,"PageOfBigBird":44,"REME_ComplimentaryCards":0}]},"card_choices":[{"not_picked":["Cleave","Sword Boomerang","Disarm"],"picked":"SKIP","floor":1.0},{"not_picked":["Rage","Dual Wield"],"picked":"Heavy Blade","floor":3.0},{"not_picked":["ReplayTheSpireMod:Strike From Hell","Headbutt"],"picked":"Armaments","floor":4.0},{"not_picked":["Carnage","Iron Wave","Juggernaut"],"picked":"SKIP","floor":6.0},{"not_picked":["Body Slam","Sword Boomerang","Run Through"],"picked":"SKIP","floor":10.0},{"not_picked":["AT_BodySlamDance","Clothesline","Shrug It Off"],"picked":"SKIP","floor":11.0},{"not_picked":["Juggernaut","Demon Form"],"picked":"Limit Break","floor":16.0},{"not_picked":["Eruption","HpAim"],"picked":"DegradedShockwave","floor":17.0},{"not_picked":["AT_Homeward","HandOfGreedExtend"],"picked":"Forethought","floor":17.0},{"not_picked":["infinitespire:Execution","infinitespire:SealOfDarkness+"],"picked":"Replay:Fractal Strike","floor":17.0},{"not_picked":["Thunderclap","Second Wind"],"picked":"Pommel Strike+1","floor":18.0},{"not_picked":["Dual Wield","ReplayTheSpireMod:Strike From Hell"],"picked":"Double Tap","floor":19.0},{"not_picked":["Clash","Pommel Strike","Armaments"],"picked":"SKIP","floor":20.0},{"not_picked":["REME_FearOfPain","Second Wind"],"picked":"Seeing Red","floor":21.0},{"not_picked":["Anger","Flex"],"picked":"Offering","floor":29.0},{"not_picked":["Burning Pact","Combust","Dark Embrace"],"picked":"SKIP","floor":31.0},{"not_picked":["Fiend Fire","Demonic Infusion"],"picked":"REME_ACTH","floor":33.0},{"not_picked":["REME_Cut","AT_IchimonjiDouble","REME_FearOfPain+1"],"picked":"SKIP","floor":35.0},{"not_picked":["infinitespire:OneForAll+1","Wild Strike"],"picked":"ReplayTheSpireMod:Muscle Training+1","floor":37.0},{"not_picked":["Run Through","Iron Wave","Sword Boomerang+1"],"picked":"SKIP","floor":37.0},{"not_picked":["Limit Break","Pommel Strike+1","Life Link+1"],"picked":"SKIP","floor":37.0},{"not_picked":["Thunderclap","Warcry","Dropkick"],"picked":"SKIP","floor":37.0},{"not_picked":["Replay:Undeath\u0027s Touch+1","Feel No Pain","Thunderclap"],"picked":"SKIP","floor":40.0},{"not_picked":["Iron Wave","AT_IchimonjiDouble+1","Wild Strike+1"],"picked":"SKIP","floor":42.0},{"not_picked":["True Grit+1","Blood for Blood+1","Carnage"],"picked":"SKIP","floor":45.0},{"not_picked":["Armaments+1","Shockwave","Perfected Strike"],"picked":"SKIP","floor":47.0}],"player_experience":171006,"relics_obtained":[{"floor":1.0,"key":"Baka"},{"floor":1.0,"key":"LetterFromLob"},{"floor":3.0,"key":"DALC_ONE"},{"floor":5.0,"key":"Quantum Egg"},{"floor":6.0,"key":"Blue Doll"},{"floor":10.0,"key":"Old Coin"},{"floor":21.0,"key":"Pear"},{"floor":24.0,"key":"Ccalipers"},{"floor":26.0,"key":"The Courier"},{"floor":43.0,"key":"PageOfNothingThere"}],"event_choices":[{"cards_removed":["Strike_R"],"damage_healed":0.0,"max_hp_gain":0.0,"max_hp_loss":0.0,"gold_gain":0.0,"event_name":"Bonfire Elementals","player_choice":"Offered Basic","floor":2.0,"gold_loss":0.0,"damage_taken":0.0},{"damage_healed":0.0,"max_hp_gain":0.0,"max_hp_loss":0.0,"gold_gain":0.0,"event_name":"Shining Light","player_choice":"Entered Light","floor":8.0,"gold_loss":0.0,"damage_taken":16.0,"cards_upgraded":["AT_ChampionStep","DarkMatter"]},{"damage_healed":0.0,"max_hp_gain":0.0,"max_hp_loss":0.0,"gold_gain":0.0,"event_name":"Match and Keep!","player_choice":"0 cards matched","floor":14.0,"gold_loss":0.0,"damage_taken":0.0,"cards_obtained":[]},{"damage_healed":0.0,"max_hp_gain":0.0,"max_hp_loss":0.0,"gold_gain":0.0,"event_name":"Ghosts","player_choice":"Ignored","floor":25.0,"gold_loss":0.0,"damage_taken":0.0},{"damage_healed":0.0,"max_hp_gain":0.0,"max_hp_loss":0.0,"gold_gain":0.0,"event_name":"Duplicator","player_choice":"Copied","floor":28.0,"gold_loss":0.0,"damage_taken":0.0,"cards_obtained":["Replay:Fractal Strike"]},{"damage_healed":0.0,"max_hp_gain":0.0,"max_hp_loss":0.0,"gold_gain":0.0,"event_name":"Match and Keep!","player_choice":"2 cards matched","floor":38.0,"gold_loss":0.0,"damage_taken":0.0,"cards_obtained":["Headbutt","REME_Scribble"]}],"is_beta":false,"boss_relics":[{"not_picked":["EctoplasmExtend","Mark of Pain"],"picked":"ReplayTheSpireMod:SealedPack"},{"not_picked":["Abe\u0027s Treasure","REME_DuelDisc"],"picked":"Philosopher\u0027s Stone"}],"items_purged_floors":[12,12,22,30,36],"is_endless":false,"potions_floor_spawned":[1,3,6,16,21,29,33,37,42],"ascension_level":1}}