{"host":"n9djqtt305zq066c","time":1614341731,"event":{"mods":["Act Like it!","BaseMod","Colored Map","Library of Ruina","Library of Ruina Extra","Minty Spire (QoL Compilation)","Rare Cards Sparkle","StSLib"],"gold_per_floor":[115,129,149,160,160,186,186,203,203,214,179,214,229,242,242,339,339,356,376,376,389,314,314,348,383,383,383,383,400,400,426,426,521,521,532,545,562,317,539,573,592,604,604,621,621,621,671,701,701,701,701,701,701,130,164,164],"floor_reached":57,"language":"ZHS","playtime":1991,"items_purged":["FlowOfTheSword+1","FrontalAssault+1","SinglePointStab"],"score":1718,"play_id":"74d5dcf2-f1d7-47fa-b054-556975851a06","local_time":"20210226201531","is_ascension_mode":true,"campfire_choices":[{"data":"DegradedChain","floor":7.0,"key":"SMITH"},{"data":"TheWillOfTheCity","floor":15.0,"key":"SMITH"},{"data":"TheWillOfTheCity","floor":23.0,"key":"SMITH"},{"data":"UnforgettableMelody","floor":28.0,"key":"SMITH"},{"data":"FrontalAssault","floor":30.0,"key":"SMITH"},{"data":"TendonChords","floor":32.0,"key":"SMITH"},{"floor":45,"key":"REST"},{"floor":49,"key":"RECALL"},{"data":"DegradedShockwave","floor":53,"key":"SMITH"}],"circlet_count":0,"master_deck":["DegradedFairy","DegradedFairy","DegradedFairy","DegradedChain","DegradedChain+1","DegradedLock","DegradedPillar","DegradedPillar","DegradedShockwave+1","TheWillOfTheCity+1","TendonChords+1","UnforgettableMelody+1","FocusFire+1","IllEndYou+1","FrontalAssault+1","TheWillOfTheCity+1","SmokingPipe","SwordOfVolition","RapidGashes+1","Laceration","ForTheFamily","LeRegole","Duel_lor+1","Observe"],"relics":["PageOfLibrarian","Art of War","PageOfTodaysShyLook","Orichalcum","Astrolabe","Omamori","Red Mask","PageOfThreeBirds","PageOfSnowWhitesApple","Snecko Eye","Dream Catcher","PageOfPorccubus","PageOfNosferatu","Pocketwatch","PreservedInsect","Bag of Marbles","Bronze Scales","Frozen Eye","Sundial"],"acts_visited":["Exordium","TheCity","TheBeyond","TheEnding"],"potions_floor_usage":[51,51],"damage_taken":[{"damage":0.0,"enemies":"Cultist","floor":1.0,"turns":1.0},{"damage":0.0,"enemies":"2 Louse","floor":2.0,"turns":1.0},{"damage":0.0,"enemies":"Small Slimes","floor":3.0,"turns":1.0},{"damage":0.0,"enemies":"Looter","floor":4.0,"turns":1.0},{"damage":3.0,"enemies":"3 Sentries","floor":6.0,"turns":3.0},{"damage":0.0,"enemies":"Large Slime","floor":8.0,"turns":2.0},{"damage":0.0,"enemies":"Exordium Wildlife","floor":10.0,"turns":2.0},{"damage":0.0,"enemies":"Gremlin Nob","floor":12.0,"turns":2.0},{"damage":0.0,"enemies":"Looter","floor":13.0,"turns":1.0},{"damage":0.0,"enemies":"Large Slime","floor":14.0,"turns":2.0},{"damage":0.0,"enemies":"The Guardian","floor":16.0,"turns":5.0},{"damage":0.0,"enemies":"3 Byrds","floor":18.0,"turns":2.0},{"damage":0.0,"enemies":"2 Thieves","floor":19.0,"turns":2.0},{"damage":0.0,"enemies":"3 Cultists","floor":21.0,"turns":3.0},{"damage":4.0,"enemies":"Book of Stabbing","floor":24.0,"turns":2.0},{"damage":0.0,"enemies":"Masked Bandits","floor":25.0,"turns":1.0},{"damage":4.0,"enemies":"Centurion and Healer","floor":29.0,"turns":3.0},{"damage":0.0,"enemies":"Champ","floor":33.0,"turns":5.0},{"damage":0.0,"enemies":"Orb Walker","floor":35.0,"turns":2.0},{"damage":0,"enemies":"3 Shapes","floor":36,"turns":2},{"damage":0,"enemies":"Sphere and 2 Shapes","floor":37,"turns":2},{"damage":0,"enemies":"Reptomancer","floor":40,"turns":2},{"damage":0,"enemies":"Spire Growth","floor":41,"turns":1},{"damage":0,"enemies":"Maw","floor":42,"turns":2},{"damage":1,"enemies":"Sphere and 2 Shapes","floor":44,"turns":2},{"damage":0,"enemies":"Mind Bloom Boss Battle","floor":47,"turns":2},{"damage":0,"enemies":"Giant Head","floor":48,"turns":1},{"damage":0,"enemies":"Awakened One","floor":50,"turns":3},{"damage":17,"enemies":"Awakened One","floor":51,"turns":5},{"damage":0,"enemies":"Shield and Spear","floor":55,"turns":1},{"damage":25,"enemies":"The Heart","floor":56,"turns":4}],"seed_played":"2181986531403684723","potions_obtained":[{"floor":1.0,"key":"Ancient Potion"},{"floor":3.0,"key":"LiquidMemories"},{"floor":8.0,"key":"ColorlessPotion"}],"is_trial":false,"path_per_floor":["M","M","M","M","$","E","R","M","T","M","?","E","M","M","R","B",null,"M","M","?","M","$","R","E","?","T","?","R","M","R","T","R","B",null,"M","M","M","$","?","E","M","M","T","M","R","T","?","E","R","B",null,null,"R","$","E","B",null],"character_chosen":"Librarian","items_purchased":["Dream Catcher","Bag of Marbles","Bronze Scales","Frozen Eye"],"campfire_rested":1,"item_purchase_floors":[38,54,54,54],"current_hp_per_floor":[60,60,60,60,60,57,57,57,57,57,79,79,79,79,79,82,90,90,90,90,90,90,90,86,89,89,89,89,85,85,85,85,85,90,90,90,90,90,90,90,90,90,18,17,65,65,68,71,71,74,60,162,162,162,162,137],"gold":164,"neow_bonus":"RANDOM_COLORLESS","is_daily":false,"chose_seed":false,"campfire_upgraded":7,"win_rate":0.0,"timestamp":1614341731,"path_taken":["M","M","M","M","$","E","R","M","T","?","?","E","M","M","R","BOSS","M","M","?","M","$","R","E","?","T","?","R","M","R","?","R","BOSS","M","M","M","$","?","E","M","M","T","M","R","?","?","E","R","BOSS","R","$","E","BOSS"],"items_purchased_type":["Relic","Relic","Relic","Relic"],"build_version":"2020-12-22","purchased_purges":3,"victory":true,"max_hp_per_floor":[90,90,90,90,90,90,90,90,90,90,90,90,90,90,90,90,90,90,90,90,90,90,90,90,90,90,90,90,90,90,90,90,90,90,90,90,90,90,90,90,90,90,162,162,162,162,162,162,162,162,162,162,162,162,162,162],"card_choices":[{"not_picked":["ForcefulGesture","QuickAttack","BayonetCombat","HandleRequest","Eliminate","IronWall","PreemptiveStrike","CleanUp"],"picked":"TheWillOfTheCity","floor":1.0},{"not_picked":["Eject","BiteOff","UpbeatPerformance","EnergyStrike","BlindFaith","SpearedSweep","GuidanceOfTheGears","QuickAttack","Slice_lor"],"picked":"SKIP","floor":2.0},{"not_picked":["Mutilate","JiaoTu","TheArtOfRapidSteps","Standoff","MultiBlock","StrongStrike","FierceOnslaught","ICanCookAnything"],"picked":"TendonChords","floor":3.0},{"not_picked":["Rewind","AutomatedMovement","ShockingBlow","Leap_lor","Thrust","YouOnlyLiveOnce","HiddenBlade","NightInTheBackstreets"],"picked":"Concentration","floor":4.0},{"not_picked":["Pound","ForcefulGesture","WrathOfTorment","QuickSuppression","EndlessBattle","SpearedSweep","SerpentineBarrier","SharpenedBlade"],"picked":"SilentMist","floor":6.0},{"not_picked":["Faith","UnavoidableGaze","ShockingBlow","Preparation","HighKick","GuidanceOfTheGears","WrathOfTorment","Standoff","ExtractFuel"],"picked":"SKIP","floor":8.0},{"not_picked":["AGoldenOpportunity","FervidEmotions","ViolentFlame","YourShield","GutHarvesting","FierceCharge","GrazeTheGrass","EndlessBattle","IronWall"],"picked":"SKIP","floor":10.0},{"not_picked":["Fence","EnergyStrike","TrashDisposal","SunsetBlade","ViolentFlame","SharpSwipe","AssaultOrder","DesperateStruggle"],"picked":"Reload","floor":12.0},{"not_picked":["StrongStrike","ToOvercomeCrisis","Diversion","FlyingSword","CoordinatedAssault","OpportunitySpotted","FlowOfTheSword","EnergyShield","QuickAttack"],"picked":"SKIP","floor":13.0},{"not_picked":["Thrust","DirtyBlow","Lock","SharpenedBlade","BackstreetsDash","StructuralAnalysis","GuardingStance","IronWall","MultiBlock"],"picked":"SKIP","floor":14.0},{"not_picked":["DistortedBlade","SilentNight"],"picked":"UnforgettableMelody","floor":16.0},{"not_picked":["BattleCommand","SharpSwipe+1","Rewind+1","Parry","TheWillOfTheCity+1","GrazeTheGrass+1","Outburst","GuardingStance+1"],"picked":"FrontalAssault","floor":18.0},{"not_picked":["TheRedNotes+1","Lock","BiAn","Leap_lor","ScatteringSlash","Unlock1","EnergyShield","StartinOutLightly"],"picked":"TheWillOfTheCity","floor":19.0},{"not_picked":["PinpointShot","DestructiveImpact+1","AGoldenOpportunity+1","Transpierce","FeelinGood","Quickness+1","FlyingSword","SilentMist"],"picked":"SmokingPipe","floor":21.0},{"not_picked":["VenomousFangs","GreatSerpentsImpact+1","StructuralAnalysis","Multislash","Pound","DaringDecision","HighKick","MultiBlock"],"picked":"SwordOfVolition","floor":24.0},{"not_picked":["SmokingPipe","ShockRound+1","Wallop_lor+1","YoureTooSlow","Leap_lor+1","Execute_lor","BiAn","MultiHit"],"picked":"FrontalAssault+1","floor":25.0},{"not_picked":["CircusKnives","MultiBlock+1","Pound","QuickAttack","BackstreetsDash+1","Suppress","Parry","PinpointShot"],"picked":"SinglePointStab","floor":29.0},{"not_picked":["Leap_lor+1","FrontalAssault","EnergyConversion","Multislash+1","SharpSwipe","HiddenBlade","Brawl+1","FlashOfSunup"],"picked":"RapidGashes+1","floor":35},{"not_picked":["AlloutWar","Thrust","Diversion+1","FleetFootsteps","Outburst+1","SinglePointStab+1","ViolentFlame","UnavoidableGaze+1"],"picked":"Laceration","floor":36},{"not_picked":["Faith+1","TieShanKao","Eject+1","BurningFlash+1","SnakesPrey","MultiHit+1","SinglePointStab","Endure"],"picked":"ForTheFamily","floor":37},{"not_picked":["SkyClearingCut","Leap_lor+1","SmokingPipe+1","GrazeTheGrass","UpbeatPerformance","FlashingStrike","Eject+1","TimeForALittleTest+1","StructuralAnalysis+1"],"picked":"SKIP","floor":40},{"not_picked":["DarkCloud+1","YoureAHindrance","Diversion+1","Creak+1","QuickSuppression+1","HighKick","BoundaryOfDeath","PinpointShot"],"picked":"LeRegole","floor":41},{"not_picked":["Standoff+1","MindWhip+1","EnergyCycle+1","SuppressingShot+1","EndlessBattle","Unlock1","Ripple","ICanCookAnything+1","NightInTheBackstreets+1"],"picked":"SKIP","floor":42},{"not_picked":["Mutilate","ProselytesBlade","Parry","DesperateStruggle+1","EndlessBattle","NightInTheBackstreets","SenseQuarry","FierceCharge+1","MultiBlock+1"],"picked":"SKIP","floor":44},{"not_picked":["GatherIntel+1","FendThisOffIfYouCan+1","FlowOfTheSword","DirtyBlow+1","Creak","AsThePrescriptOrders+1","Diversion+1","RushDown"],"picked":"Duel_lor+1","floor":45},{"not_picked":["HighKick+1","DaringDecision","ShockRound","HandleRequest","DesperateStruggle","MultiBlock","BackAttack+1","DarkCloud","FierceCharge"],"picked":"SKIP","floor":48},{"not_picked":["GrazeTheGrass","Faith","Execute_lor","FlashingStrike","Leap_lor","FierceCharge+1","SpearedSweep+1","CoordinatedAssault+1"],"picked":"Observe","floor":55}],"player_experience":233978,"relics_obtained":[{"floor":6.0,"key":"Art of War"},{"floor":9.0,"key":"PageOfTodaysShyLook"},{"floor":12.0,"key":"Orichalcum"},{"floor":24.0,"key":"Omamori"},{"floor":25.0,"key":"Red Mask"},{"floor":26.0,"key":"PageOfThreeBirds"},{"floor":31.0,"key":"PageOfSnowWhitesApple"},{"floor":40,"key":"PageOfPorccubus"},{"floor":43,"key":"PageOfNosferatu"},{"floor":47,"key":"Pocketwatch"},{"floor":48,"key":"PreservedInsect"},{"floor":55,"key":"Sundial"}],"event_choices":[{"damage_healed":22.0,"max_hp_gain":0.0,"max_hp_loss":0.0,"gold_gain":0.0,"event_name":"The Cleric","player_choice":"Healed","floor":11.0,"gold_loss":35.0,"damage_taken":0.0},{"damage_healed":0.0,"max_hp_gain":0.0,"max_hp_loss":0.0,"gold_gain":0.0,"event_name":"The Mausoleum","player_choice":"Ignored","floor":20.0,"gold_loss":0.0,"damage_taken":0.0},{"damage_healed":0.0,"max_hp_gain":0.0,"max_hp_loss":0.0,"gold_gain":0.0,"event_name":"Masked Bandits","player_choice":"Fought Bandits","floor":25.0,"gold_loss":0.0,"damage_taken":0.0},{"damage_healed":0.0,"max_hp_gain":0.0,"max_hp_loss":0.0,"gold_gain":0.0,"event_name":"Vampires","player_choice":"Ignored","floor":27.0,"gold_loss":0.0,"damage_taken":0.0},{"damage_healed":0,"gold_gain":222,"player_choice":"Wore Mask","damage_taken":0,"max_hp_gain":0,"max_hp_loss":0,"event_name":"Tomb of Lord Red Mask","floor":39,"gold_loss":0},{"damage_healed":0,"gold_gain":0,"player_choice":"Fight","damage_taken":0,"max_hp_gain":0,"max_hp_loss":0,"event_name":"MindBloom","floor":47,"gold_loss":0}],"is_beta":false,"boss_relics":[{"not_picked":["SacredBark","Runic Dome"],"picked":"Astrolabe"},{"not_picked":["Philosopher\u0027s Stone","Black Star"],"picked":"Snecko Eye"}],"items_purged_floors":[22,38,54],"is_endless":false,"potions_floor_spawned":[1,3,8,10,12,14,16,18,19,24,33,37,42,44,47],"ascension_level":2}}