{"host":"k73jsiy5lznhl6mk","time":1614380165,"event":{"mods":["BaseMod","Colored Map","Colored Powertips","Highlight Path","Infinite Spire","Ironclad Rager","Minty Spire (QoL Compilation)","Retaliation","Spicy Shops","StSLib","The Blue Laboratory","The Jungle","Uncapped"],"gold_per_floor":[110,110,110,122,138,138,197,197,197,214,270,270,288,301,301,401,401,417,417,428,37,37,37,67,86,86,86,86],"floor_reached":27,"language":"ENG","playtime":1654,"items_purged":[],"score":223,"play_id":"ee454ef2-c10a-40ac-900d-3ce5ca318534","local_time":"20210226145605","is_ascension_mode":false,"campfire_choices":[{"data":"Backstab","floor":6,"key":"SMITH"},{"floor":15,"key":"REST"},{"data":"infinitespire:Neurotoxin","floor":23,"key":"SMITH"}],"circlet_count":0,"master_deck":["Survivor","Neutralize","ICR:VenomStrike+1","ICR:VenomStrike","ICR:VenomStrike","ICR:VenomStrike","ICR:VenomStrike","ICR:Dodge","ICR:Dodge","ICR:Dodge","ICR:Dodge","ICR:Dodge","Backstab+1","Bane","Accuracy+1","Well Laid Plans","Acrobatics","Underhanded Strike","PiercingWail","infinitespire:Neurotoxin+1","Concentrate","infinitespire:Punishment+1","Backflip","Pride","Cloak And Dagger","Sucker Punch+1"],"relics":["PureWater","infinitespire:Cubic Diamond","Bird Faced Urn","Bottled Tornado","infinitespire:EmpoweringShard","Philosopher\u0027s Stone","Bottled Flame","Tiny Chest","Anchor","infinitespire:FocusingShard","Smiling Mask","Potion Belt"],"acts_visited":["Exordium","TheCity"],"potions_floor_usage":[],"damage_taken":[{"damage":4,"enemies":"Small Slimes","floor":1,"turns":4},{"damage":0,"enemies":"Jaw Worm","floor":4,"turns":3},{"damage":0,"enemies":"2 Louse","floor":5,"turns":2},{"damage":10,"enemies":"Large Slime","floor":10,"turns":7},{"damage":16,"enemies":"3 Sentries","floor":11,"turns":10},{"damage":0,"enemies":"3 Louse","floor":13,"turns":4},{"damage":5,"enemies":"2 Fungi Beasts","floor":14,"turns":3},{"damage":49,"enemies":"Hexaghost","floor":16,"turns":11},{"damage":11,"enemies":"3 Byrds","floor":18,"turns":7},{"damage":0,"enemies":"Chosen","floor":20,"turns":3},{"damage":25,"enemies":"Book of Stabbing","floor":24,"turns":5},{"damage":11,"enemies":"Snecko","floor":25,"turns":4},{"damage":46,"enemies":"Nightmare","floor":27,"turns":5}],"seed_played":"-7977242606622422234","potions_obtained":[{"floor":11,"key":"blueLaboratory:AbyssPotion"},{"floor":14,"key":"blueLaboratory:EnvenomedCoating"},{"floor":16,"key":"SteroidPotion"},{"floor":20,"key":"blueLaboratory:PyrophylliteBrew"}],"is_trial":false,"path_per_floor":["M","?","T","M","M","R","?","?","T","M","?","?","M","M","R","B",null,"M","AVR","M","$","?","R","E","M","T","NM"],"character_chosen":"THE_SILENT","items_purchased":["Tiny Chest","Anchor","infinitespire:FocusingShard"],"campfire_rested":1,"item_purchase_floors":[21,21,21],"current_hp_per_floor":[66,66,66,66,66,66,66,71,71,63,51,36,40,39,61,16,75,66,66,68,68,68,68,47,38,38,0,0],"gold":86,"neow_bonus":"SILENT_POISONER","is_daily":false,"chose_seed":false,"campfire_upgraded":2,"win_rate":0.0,"timestamp":1614380165,"path_taken":["M","?","?","M","M","R","?","?","T","M","?","?","?","M","R","BOSS","M","AVR","M","$","?","R","E","M","T","NM"],"items_purchased_type":["Relic","Relic","Relic"],"build_version":"2020-12-22","purchased_purges":0,"victory":false,"max_hp_per_floor":[70,70,70,70,70,70,70,75,75,75,75,75,75,75,75,75,75,75,75,75,75,75,75,75,75,75,75,75],"card_choices":[{"not_picked":["Outmaneuver","Predator"],"picked":"Backstab","floor":1},{"not_picked":["Outmaneuver","Poisoned Stab"],"picked":"Bane","floor":4},{"not_picked":["Flying Knee","Predator"],"picked":"Accuracy","floor":5},{"not_picked":["Heel Hook","Eviscerate"],"picked":"Well Laid Plans","floor":10},{"not_picked":["Night Terror","Poisoned Stab"],"picked":"Acrobatics","floor":11},{"not_picked":["Quick Slash","Deadly Poison"],"picked":"Underhanded Strike","floor":13},{"not_picked":["Backflip","Slice"],"picked":"PiercingWail","floor":14},{"not_picked":["Phantasmal Killer","Envenom"],"picked":"infinitespire:Neurotoxin","floor":16},{"not_picked":["Underhanded Strike","Reflex"],"picked":"Concentrate","floor":18},{"not_picked":["Deadly Poison","Setup+1"],"picked":"Backflip","floor":20},{"not_picked":["Sucker Punch","Quick Slash"],"picked":"Cloak And Dagger","floor":24},{"not_picked":["Tactician","Underhanded Strike"],"picked":"Sucker Punch+1","floor":25}],"player_experience":451738,"relics_obtained":[{"floor":3,"key":"Bird Faced Urn"},{"floor":9,"key":"Bottled Tornado"},{"floor":11,"key":"infinitespire:EmpoweringShard"},{"floor":24,"key":"Smiling Mask"},{"floor":26,"key":"Potion Belt"}],"event_choices":[{"damage_healed":0,"gold_gain":59,"player_choice":"Gained Gold","damage_taken":0,"max_hp_gain":0,"max_hp_loss":0,"event_name":"Golden Wing","floor":7,"gold_loss":0},{"damage_healed":0,"gold_gain":0,"player_choice":"Donut","damage_taken":0,"max_hp_gain":5,"max_hp_loss":0,"event_name":"Big Fish","floor":8,"gold_loss":0},{"damage_healed":0,"gold_gain":30,"player_choice":"Searched \u00273\u0027 times","damage_taken":0,"max_hp_gain":0,"max_hp_loss":0,"event_name":"Dead Adventurer","floor":11,"gold_loss":0},{"damage_healed":0,"gold_gain":0,"player_choice":"Entered Light","damage_taken":15,"max_hp_gain":0,"max_hp_loss":0,"event_name":"Shining Light","floor":12,"gold_loss":0,"cards_upgraded":["Accuracy","ICR:VenomStrike"]},{"damage_healed":0,"gold_gain":0,"player_choice":"Forge","damage_taken":0,"max_hp_gain":0,"max_hp_loss":0,"event_name":"Accursed Blacksmith","floor":22,"gold_loss":0,"cards_upgraded":["infinitespire:Punishment"]}],"is_beta":false,"boss_relics":[{"not_picked":["SacredBark","Coffee Dripper"],"picked":"Philosopher\u0027s Stone"}],"items_purged_floors":[],"is_endless":false,"potions_floor_spawned":[11,14,16,20],"killed_by":"Nightmare","ascension_level":0}}