{"host":"5jdby9iqu3ct6557","time":1614315441,"event":{"mods":["BaseMod","DeckTracker","Highlight Path","Minty Spire (QoL Compilation)","Relic Stats","StSLib","ojb\u0027s Info Mod"],"gold_per_floor":[111,128,140,2,2,36,36,71,71,71,82,82,95,55,55,128,128,146,163,175,175,187,187,199,199,199,199,231,245,245,260,260,338,338,358,373,20,20,20,20],"floor_reached":39,"language":"ENG","playtime":4488,"items_purged":[],"score":826,"play_id":"bbeb2c6f-02ae-412e-85f6-9826defdc926","local_time":"20210225235721","is_ascension_mode":true,"campfire_choices":[{"data":"Finisher","floor":7,"key":"SMITH"},{"floor":10,"key":"REST"},{"data":"Bouncing Flask","floor":12,"key":"SMITH"},{"data":"Blade Dance","floor":15,"key":"SMITH"},{"floor":23,"key":"REST"},{"floor":27,"key":"REST"},{"floor":30,"key":"REST"},{"floor":32,"key":"REST"}],"circlet_count":0,"master_deck":["AscendersBane","Strike_G+1","Strike_G+1","Strike_G+1","Strike_G+1","Defend_G+1","Defend_G+1","Defend_G+1","Defend_G+1","Defend_G+1","Survivor","Neutralize","Bouncing Flask+1","Sucker Punch","Blade Dance+1","Finisher+1","Slice","Riddle With Holes","Terror","Phantasmal Killer","Well Laid Plans","Crippling Poison","Glass Knife","Noxious Fumes","Adrenaline","Dagger Spray+1","Panache"],"relics":["Ring of the Snake","Potion Belt","Shovel","Du-Vu Doll","Dead Branch","SlaversCollar","StrikeDummy","Fusion Hammer","OrangePellets"],"acts_visited":["Exordium","TheCity","TheBeyond"],"potions_floor_usage":[6,8,16,18,22,22,28,33,33,39],"damage_taken":[{"damage":5,"enemies":"Jaw Worm","floor":1,"turns":5},{"damage":8,"enemies":"Cultist","floor":2,"turns":5},{"damage":4,"enemies":"Small Slimes","floor":3,"turns":5},{"damage":12,"enemies":"Lagavulin","floor":6,"turns":7},{"damage":9,"enemies":"3 Sentries","floor":8,"turns":4},{"damage":0,"enemies":"Gremlin Gang","floor":11,"turns":1},{"damage":0,"enemies":"Looter","floor":13,"turns":1},{"damage":14,"enemies":"Hexaghost","floor":16,"turns":8},{"damage":11,"enemies":"2 Thieves","floor":18,"turns":3},{"damage":19,"enemies":"Spheric Guardian","floor":19,"turns":4},{"damage":7,"enemies":"Chosen and Byrds","floor":20,"turns":4},{"damage":23,"enemies":"Snake Plant","floor":22,"turns":4},{"damage":16,"enemies":"Cultist and Chosen","floor":24,"turns":4},{"damage":15,"enemies":"Book of Stabbing","floor":28,"turns":3},{"damage":7,"enemies":"Sentry and Sphere","floor":29,"turns":4},{"damage":17,"enemies":"Centurion and Healer","floor":31,"turns":7},{"damage":23,"enemies":"Collector","floor":33,"turns":10},{"damage":21,"enemies":"3 Darklings","floor":35,"turns":4},{"damage":16,"enemies":"Orb Walker","floor":36,"turns":3},{"damage":8,"enemies":"Jaw Worm Horde","floor":39,"turns":3}],"seed_played":"-8896717326545257219","potions_obtained":[{"floor":6,"key":"SkillPotion"},{"floor":8,"key":"SkillPotion"},{"floor":14,"key":"LiquidMemories"},{"floor":14,"key":"Energy Potion"},{"floor":14,"key":"LiquidBronze"},{"floor":22,"key":"LiquidMemories"},{"floor":28,"key":"PowerPotion"},{"floor":31,"key":"LiquidBronze"},{"floor":33,"key":"CunningPotion"},{"floor":36,"key":"Ancient Potion"}],"is_trial":false,"path_per_floor":["M","M","M","$","?","E","R","E","T","R","M","R","M","?","R","B",null,"M","M","M","?","M","R","M","?","T","R","E","M","R","M","R","B",null,"M","M","$","?","M"],"character_chosen":"THE_SILENT","items_purchased":["DuplicationPotion","Block Potion","OrangePellets","Panache"],"campfire_rested":5,"item_purchase_floors":[4,4,37,37],"current_hp_per_floor":[54,46,42,42,42,30,30,21,21,40,40,40,40,40,40,26,56,45,26,19,32,9,28,12,12,12,31,16,9,28,11,30,7,51,30,14,14,5,0,0],"gold":20,"neow_bonus":"RANDOM_COMMON_RELIC","is_daily":false,"chose_seed":false,"campfire_upgraded":3,"win_rate":0.0,"timestamp":1614315441,"path_taken":["M","M","M","$","?","E","R","E","T","R","?","R","M","?","R","BOSS","M","?","M","?","M","R","M","?","T","R","E","M","R","?","R","BOSS","M","M","$","?","M"],"items_purchased_type":["Potion","Potion","Relic","Card"],"build_version":"2020-12-22","purchased_purges":0,"victory":false,"max_hp_per_floor":[66,66,66,66,66,66,66,66,66,66,66,66,66,66,66,66,66,66,66,66,66,66,66,66,66,66,66,66,66,66,66,66,66,66,66,66,66,66,66,66],"relic_stats":{"OrangePellets":[0],"Shovel":0,"counters":[20,89],"Dead Branch":[109],"obtain_stats":[{"Potion Belt":0,"Du-Vu Doll":8,"SlaversCollar":17,"OrangePellets":37,"Shovel":6,"Dead Branch":9,"Fusion Hammer":34,"StrikeDummy":28,"Ring of the Snake":0},{"Potion Belt":0,"Du-Vu Doll":5,"SlaversCollar":8,"OrangePellets":19,"Shovel":4,"Dead Branch":5,"Fusion Hammer":17,"StrikeDummy":14,"Ring of the Snake":0},{"Potion Belt":0,"Du-Vu Doll":26,"SlaversCollar":36,"OrangePellets":86,"Shovel":22,"Dead Branch":26,"Fusion Hammer":79,"StrikeDummy":58,"Ring of the Snake":0}],"Ring of the Snake":[40]},"card_choices":[{"not_picked":["Bane","Dagger Throw"],"picked":"Bouncing Flask","floor":1},{"not_picked":["Noxious Fumes","Slice"],"picked":"Sucker Punch","floor":2},{"not_picked":["Underhanded Strike","Poisoned Stab"],"picked":"Blade Dance","floor":3},{"not_picked":["Bouncing Flask","Outmaneuver"],"picked":"Slice","floor":6},{"not_picked":["Dash","Doppelganger"],"picked":"Riddle With Holes","floor":8},{"not_picked":["Backflip","Skewer"],"picked":"Terror","floor":13},{"not_picked":["Tools of the Trade","Doppelganger"],"picked":"Phantasmal Killer","floor":16},{"not_picked":["Concentrate","Outmaneuver"],"picked":"Well Laid Plans","floor":18},{"not_picked":["Backflip","Poisoned Stab+1"],"picked":"Crippling Poison","floor":22},{"not_picked":["Blur","Slice"],"picked":"Glass Knife","floor":24},{"not_picked":["Poisoned Stab","Finisher"],"picked":"Noxious Fumes","floor":29},{"not_picked":["Glass Knife","Burst"],"picked":"Adrenaline","floor":33},{"not_picked":["Sucker Punch","Flying Knee"],"picked":"Dagger Spray+1","floor":36}],"player_experience":2825704,"relics_obtained":[{"floor":6,"key":"Shovel"},{"floor":8,"key":"Du-Vu Doll"},{"floor":9,"key":"Dead Branch"},{"floor":28,"key":"StrikeDummy"}],"event_choices":[{"damage_healed":0,"gold_gain":0,"cards_transformed":["Strike_G"],"player_choice":"Transformed","damage_taken":0,"max_hp_gain":0,"max_hp_loss":0,"event_name":"Transmorgrifier","floor":5,"gold_loss":0,"cards_obtained":["Finisher"]},{"damage_healed":0,"gold_gain":0,"player_choice":"Bought 3 Potions","damage_taken":0,"max_hp_gain":0,"max_hp_loss":0,"event_name":"The Woman in Blue","floor":14,"gold_loss":0},{"damage_healed":13,"gold_gain":0,"player_choice":"Heal","damage_taken":0,"max_hp_gain":0,"max_hp_loss":0,"event_name":"The Library","floor":21,"gold_loss":0},{"damage_healed":0,"gold_gain":0,"player_choice":"Simplicity","damage_taken":0,"max_hp_gain":0,"max_hp_loss":0,"event_name":"Back to Basics","floor":25,"gold_loss":0,"cards_upgraded":["Strike_G","Strike_G","Strike_G","Strike_G","Defend_G","Defend_G","Defend_G","Defend_G","Defend_G"]},{"damage_healed":0,"gold_gain":0,"player_choice":"Damaged","damage_taken":9,"max_hp_gain":0,"max_hp_loss":0,"event_name":"Wheel of Change","floor":38,"gold_loss":0}],"is_beta":false,"boss_relics":[{"not_picked":["Ectoplasm","Astrolabe"],"picked":"SlaversCollar"},{"not_picked":["Philosopher\u0027s Stone","Tiny House"],"picked":"Fusion Hammer"}],"items_purged_floors":[],"is_endless":false,"potions_floor_spawned":[6,8,22,28,31,33,36],"killed_by":"Jaw Worm Horde","ascension_level":20}}