{"host":"08yfhu6uhosdn245","time":1614371811,"event":{"mods":["2.2 Compatiblity","AchievementEnabler","BaseMod","Bestiary","Colored Map","Colored Powertips","Curses Come First","Highlight Path","Minty Spire (QoL Compilation)","Quick Restart","Relic Stats","StSLib"],"gold_per_floor":[110,125,125,139,158,158,191,191,217,247,271,318,330,355,367,379,379],"floor_reached":16,"language":"ENG","playtime":572,"items_purged":[],"score":143,"play_id":"57a47f49-21f7-4512-b105-b9ad95a8da7e","local_time":"20210226153651","is_ascension_mode":true,"campfire_choices":[{"data":"Searing Blow","floor":6.0,"key":"SMITH"},{"floor":13,"key":"REST"},{"data":"Searing Blow+1","floor":15,"key":"SMITH"}],"circlet_count":0,"master_deck":["Strike_R","Strike_R","Strike_R","Strike_R","Strike_R","Defend_R","Defend_R","Defend_R","Defend_R","Bash","Thunderclap","Sword Boomerang","Searing Blow+2","Dual Wield","Juggernaut","Wild Strike+1","Headbutt+1","Feel No Pain","Sentinel","Ghostly Armor"],"relics":["Burning Blood","NeowsBlessing","Blue Candle","Molten Egg 2","Matryoshka","Dream Catcher","MawBank","Juzu Bracelet"],"acts_visited":["Exordium"],"potions_floor_usage":[12,16,16],"damage_taken":[{"damage":0.0,"enemies":"Cultist","floor":1.0,"turns":1.0},{"damage":0.0,"enemies":"2 Louse","floor":2.0,"turns":1.0},{"damage":0.0,"enemies":"Small Slimes","floor":4.0,"turns":1.0},{"damage":13.0,"enemies":"Red Slaver","floor":5.0,"turns":4.0},{"damage":32.0,"enemies":"Gremlin Nob","floor":7.0,"turns":4.0},{"damage":12.0,"enemies":"2 Fungi Beasts","floor":10.0,"turns":3.0},{"damage":19.0,"enemies":"Exordium Wildlife","floor":11.0,"turns":4.0},{"damage":23,"enemies":"Lagavulin","floor":12,"turns":7},{"damage":0,"enemies":"Exordium Thugs","floor":14,"turns":3},{"damage":45,"enemies":"The Guardian","floor":16,"turns":8}],"seed_played":"3470883897644048232","potions_obtained":[{"floor":5.0,"key":"PowerPotion"},{"floor":11.0,"key":"Block Potion"},{"floor":12,"key":"ColorlessPotion"},{"floor":14,"key":"DistilledChaos"}],"is_trial":false,"path_per_floor":["M","M","T","M","M","R","E","?","T","M","M","E","R","M","R","B"],"character_chosen":"IRONCLAD","items_purchased":[],"campfire_rested":1,"item_purchase_floors":[],"current_hp_per_floor":[80,80,80,80,73,73,47,44,44,38,25,8,32,38,38,0,0],"gold":379,"neow_bonus":"THREE_ENEMY_KILL","is_daily":false,"chose_seed":false,"campfire_upgraded":2,"win_rate":0.0,"timestamp":1614371811,"path_taken":["M","?","?","M","?","R","E","?","T","M","M","E","R","M","R","BOSS"],"items_purchased_type":[],"build_version":"2020-12-22","purchased_purges":0,"victory":false,"max_hp_per_floor":[80,80,80,80,80,80,80,80,80,80,80,80,80,80,80,80,80],"relic_stats":{"Dream Catcher":1,"counters":[10,36],"Blue Candle":[0],"Juzu Bracelet":0,"MawBank":84,"obtain_stats":[{"Dream Catcher":9,"Matryoshka":8,"NeowsBlessing":0,"Blue Candle":3,"Molten Egg 2":7,"Juzu Bracelet":12,"MawBank":9,"Burning Blood":0},{"Dream Catcher":5,"Matryoshka":5,"NeowsBlessing":0,"Blue Candle":2,"Molten Egg 2":5,"Juzu Bracelet":8,"MawBank":5,"Burning Blood":0},{"Dream Catcher":11,"Matryoshka":11,"NeowsBlessing":0,"Blue Candle":2,"Molten Egg 2":11,"Juzu Bracelet":25,"MawBank":11,"Burning Blood":0}],"Burning Blood":36},"card_choices":[{"not_picked":["Armaments","Heavy Blade"],"picked":"Thunderclap","floor":1.0},{"not_picked":["Twin Strike","Rage"],"picked":"Sword Boomerang","floor":2.0},{"not_picked":["Heavy Blade","Clothesline"],"picked":"Searing Blow","floor":4.0},{"not_picked":["Body Slam","Heavy Blade"],"picked":"Dual Wield","floor":5.0},{"not_picked":["Bloodletting","Sentinel"],"picked":"Juggernaut","floor":7.0},{"not_picked":["Havoc","Body Slam+1"],"picked":"Wild Strike+1","floor":10.0},{"not_picked":["Havoc","Flex"],"picked":"Headbutt+1","floor":11.0},{"not_picked":["Body Slam+1","Heavy Blade+1"],"picked":"Feel No Pain","floor":12},{"not_picked":["Blood for Blood+1","Exhume"],"picked":"Sentinel","floor":13},{"not_picked":["Cleave+1","Searing Blow+1"],"picked":"Ghostly Armor","floor":14}],"player_experience":431217,"relics_obtained":[{"floor":3.0,"key":"Blue Candle"},{"floor":7.0,"key":"Molten Egg 2"},{"floor":9.0,"key":"Dream Catcher"},{"floor":9.0,"key":"MawBank"},{"floor":12,"key":"Juzu Bracelet"}],"event_choices":[{"damage_healed":0.0,"max_hp_gain":0.0,"max_hp_loss":0.0,"gold_gain":0.0,"event_name":"Scrap Ooze","player_choice":"Success","floor":8.0,"gold_loss":0.0,"damage_taken":3.0,"relics_obtained":["Matryoshka"]}],"is_beta":false,"boss_relics":[],"items_purged_floors":[],"is_endless":false,"potions_floor_spawned":[5,11,12,14],"killed_by":"The Guardian","ascension_level":5}}