{"host":"3zmssa4s99zhxek5","time":1614322939,"event":{"mods":["AchievementEnabler","BaseMod","Minty Spire (QoL Compilation)","Permanent Neow","Relic Stats"],"gold_per_floor":[159,159,199,199,261,261,287,349,403,433,498,498,498,446,446,446,446],"floor_reached":16,"language":"KOR","playtime":598,"items_purged":[],"score":220,"play_id":"1d2453dc-ad89-4533-bbe4-1c1c08809b6c","local_time":"20210226160219","is_ascension_mode":true,"campfire_choices":[{"data":"Shockwave","floor":6,"key":"SMITH"},{"data":"True Grit","floor":12,"key":"SMITH"},{"data":"Bludgeon","floor":15,"key":"SMITH"}],"circlet_count":0,"master_deck":["AscendersBane","Strike_R","Strike_R+1","Strike_R+1","Strike_R","Strike_R","Defend_R+1","Defend_R+1","Defend_R","Defend_R","Bash","HandOfGreed+1","Fire Breathing","Headbutt","Shockwave+1","Bludgeon+1","Thunderclap","True Grit+1"],"relics":["Burning Blood","Bottled Lightning","War Paint","Centennial Puzzle","Eternal Feather"],"acts_visited":["Exordium"],"potions_floor_usage":[7,11,16,16],"damage_taken":[{"damage":4,"enemies":"2 Louse","floor":1,"turns":5},{"damage":13,"enemies":"Cultist","floor":3,"turns":5},{"damage":7,"enemies":"Small Slimes","floor":5,"turns":4},{"damage":30,"enemies":"3 Sentries","floor":7,"turns":3},{"damage":11,"enemies":"2 Fungi Beasts","floor":8,"turns":3},{"damage":7,"enemies":"Lagavulin","floor":10,"turns":5},{"damage":1,"enemies":"3 Louse","floor":11,"turns":5},{"damage":13,"enemies":"Slime Boss","floor":16,"turns":5}],"seed_played":"-7723215718428598303","potions_obtained":[{"floor":1,"key":"AttackPotion"},{"floor":3,"key":"EssenceOfSteel"},{"floor":10,"key":"SpeedPotion"},{"floor":11,"key":"Weak Potion"}],"is_trial":false,"path_per_floor":["M","?","M","?","M","R","E","M","T","E","M","R","?","?","R","B"],"character_chosen":"IRONCLAD","items_purchased":[],"campfire_rested":0,"item_purchase_floors":[],"current_hp_per_floor":[68,48,41,41,40,40,16,11,11,10,15,15,4,4,13,0,0],"gold":446,"neow_bonus":"RANDOM_COLORLESS_2","is_daily":false,"chose_seed":false,"campfire_upgraded":3,"win_rate":0.0,"timestamp":1614322939,"path_taken":["M","?","M","?","?","R","E","M","T","E","M","R","?","?","R","BOSS"],"items_purchased_type":[],"build_version":"2020-12-22","purchased_purges":0,"victory":false,"max_hp_per_floor":[68,68,68,68,68,68,68,68,68,68,68,68,68,68,68,68,68],"relic_stats":{"Centennial Puzzle":[3],"counters":[8,35],"Eternal Feather":9,"War Paint":["Defend_R","Defend_R"],"obtain_stats":[{"Centennial Puzzle":10,"Eternal Feather":13,"Bottled Lightning":7,"War Paint":9,"Burning Blood":0},{"Centennial Puzzle":6,"Eternal Feather":7,"Bottled Lightning":4,"War Paint":5,"Burning Blood":0},{"Centennial Puzzle":25,"Eternal Feather":30,"Bottled Lightning":17,"War Paint":20,"Burning Blood":0}],"Burning Blood":40},"card_choices":[{"not_picked":["Metamorphosis","Sadistic Nature"],"picked":"HandOfGreed","floor":0},{"not_picked":["Cleave","Body Slam"],"picked":"Fire Breathing","floor":1},{"not_picked":["Clothesline","Twin Strike"],"picked":"Headbutt","floor":3},{"not_picked":["Twin Strike","Pommel Strike"],"picked":"Shockwave","floor":5},{"not_picked":["Cleave","Anger"],"picked":"Bludgeon","floor":7},{"not_picked":["Feel No Pain","Perfected Strike","Carnage"],"picked":"SKIP","floor":8},{"not_picked":["Armaments","Body Slam"],"picked":"Thunderclap","floor":10},{"not_picked":["Combust","Feed"],"picked":"True Grit","floor":11}],"player_experience":1693839,"relics_obtained":[{"floor":7,"key":"Bottled Lightning"},{"floor":9,"key":"War Paint"},{"floor":10,"key":"Centennial Puzzle"}],"event_choices":[{"damage_healed":0,"gold_gain":0,"player_choice":"Entered Light","damage_taken":20,"max_hp_gain":0,"max_hp_loss":0,"event_name":"Shining Light","floor":2,"gold_loss":0,"cards_upgraded":["Strike_R","Strike_R"]},{"damage_healed":0,"gold_gain":0,"player_choice":"Forge","damage_taken":0,"max_hp_gain":0,"max_hp_loss":0,"event_name":"Accursed Blacksmith","floor":4,"gold_loss":0,"cards_upgraded":["HandOfGreed"]},{"damage_healed":0,"gold_gain":0,"player_choice":"Success","damage_taken":11,"relics_obtained":["Eternal Feather"],"max_hp_gain":0,"max_hp_loss":0,"event_name":"Scrap Ooze","floor":13,"gold_loss":0},{"damage_healed":0,"gold_gain":0,"player_choice":"Left Gold","damage_taken":0,"max_hp_gain":0,"max_hp_loss":0,"event_name":"World of Goop","floor":14,"gold_loss":52}],"is_beta":false,"boss_relics":[],"items_purged_floors":[],"is_endless":false,"potions_floor_spawned":[1,3,10,11],"killed_by":"Slime Boss","ascension_level":20}}