{"host":"vjt3l4e4gk5t90rp","time":1614373182,"event":{"mods":["BaseMod","Colored Map","Highlight Path","Minty Spire (QoL Compilation)","StSLib"],"gold_per_floor":[112,122,122,141,161,192,192,210,234,247,263,279,279,297,297,401,401,418,172,186,186,205,237,249,51,51,51,69,69,69,96,96,194,194,204,222,202,102,121,121,121],"floor_reached":40,"language":"KOR","playtime":4207,"items_purged":["Strike_G","Strike_G","Well Laid Plans+1"],"score":518,"play_id":"7dc6b04e-ef7d-48f6-8c8b-0456152c40df","local_time":"20210227055942","is_ascension_mode":true,"campfire_choices":[{"data":"Footwork","floor":7.0,"key":"SMITH"},{"floor":13.0,"key":"REST"},{"data":"Backflip","floor":15.0,"key":"SMITH"},{"floor":24.0,"key":"REST"},{"floor":27.0,"key":"REST"},{"floor":30.0,"key":"REST"},{"floor":32.0,"key":"REST"}],"circlet_count":0,"master_deck":["Strike_G","Defend_G","Defend_G","Defend_G","Defend_G","Defend_G","Survivor","Neutralize+1","Acrobatics","Poisoned Stab","Footwork+1","Poisoned Stab","Poisoned Stab","Storm of Steel","Dagger Spray","Backflip+1","Cloak And Dagger","Acrobatics+1","Noxious Fumes","Crippling Poison","Backstab","Expertise","Infinite Blades","Footwork+1","Terror","Caltrops","Tactician","Grand Finale","Cloak And Dagger+1"],"relics":["Ring of the Snake","Letter Opener","Nunchaku","Black Star","MawBank","Blood Vial","Blue Candle","Ancient Tea Set","The Courier","Runic Pyramid"],"acts_visited":["Exordium","TheCity","TheBeyond"],"potions_floor_usage":[],"damage_taken":[{"damage":1.0,"enemies":"Small Slimes","floor":1.0,"turns":4.0},{"damage":0.0,"enemies":"Cultist","floor":2.0,"turns":3.0},{"damage":1.0,"enemies":"Jaw Worm","floor":4.0,"turns":5.0},{"damage":1.0,"enemies":"Large Slime","floor":5.0,"turns":6.0},{"damage":12.0,"enemies":"Lagavulin","floor":6.0,"turns":10.0},{"damage":7.0,"enemies":"Looter","floor":8.0,"turns":4.0},{"damage":5.0,"enemies":"Red Slaver","floor":10.0,"turns":4.0},{"damage":22.0,"enemies":"Large Slime","floor":11.0,"turns":8.0},{"damage":14.0,"enemies":"Exordium Thugs","floor":12.0,"turns":4.0},{"damage":3.0,"enemies":"Looter","floor":14.0,"turns":3.0},{"damage":20.0,"enemies":"The Guardian","floor":16.0,"turns":14.0},{"damage":15.0,"enemies":"Shell Parasite","floor":18.0,"turns":8.0},{"damage":12.0,"enemies":"2 Thieves","floor":20.0,"turns":3.0},{"damage":27.0,"enemies":"Centurion and Healer","floor":22.0,"turns":7.0},{"damage":9.0,"enemies":"Slavers","floor":23.0,"turns":8.0},{"damage":23.0,"enemies":"Shelled Parasite and Fungi","floor":28.0,"turns":8.0},{"damage":30.0,"enemies":"Book of Stabbing","floor":31.0,"turns":8.0},{"damage":33.0,"enemies":"Automaton","floor":33.0,"turns":13.0},{"damage":35.0,"enemies":"3 Darklings","floor":35.0,"turns":6.0},{"damage":13.0,"enemies":"3 Shapes","floor":36.0,"turns":9.0},{"damage":14.0,"enemies":"Writhing Mass","floor":39.0,"turns":6.0},{"damage":14,"enemies":"Giant Head","floor":40,"turns":7}],"seed_played":"-2792801707756657911","potions_obtained":[{"floor":0.0,"key":"DistilledChaos"},{"floor":0.0,"key":"Poison Potion"},{"floor":0.0,"key":"Swift Potion"},{"floor":12.0,"key":"SmokeBomb"},{"floor":16.0,"key":"Strength Potion"},{"floor":18.0,"key":"Dexterity Potion"},{"floor":28.0,"key":"DuplicationPotion"},{"floor":35.0,"key":"SteroidPotion"},{"floor":37.0,"key":"DuplicationPotion"}],"is_trial":false,"path_per_floor":["M","M","?","M","M","E","R","M","T","M","M","M","R","M","R","B",null,"M","$","M","?","M","E","R","$","T","R","M","?","R","E","R","B",null,"M","M","?","$","M","E"],"character_chosen":"THE_SILENT","items_purchased":["Noxious Fumes","GhostInAJar","Terror","Caltrops"],"campfire_rested":5,"item_purchase_floors":[19,19,25,25],"current_hp_per_floor":[69,69,69,68,67,55,55,48,48,43,21,7,28,25,25,5,70,55,55,43,43,16,7,28,28,28,49,28,28,49,21,42,11,70,35,24,24,24,12,0,0],"gold":121,"neow_bonus":"THREE_SMALL_POTIONS","is_daily":false,"chose_seed":false,"campfire_upgraded":2,"win_rate":0.0,"timestamp":1614373182,"path_taken":["M","M","?","M","?","E","R","M","T","M","M","M","R","M","R","BOSS","M","$","M","?","M","E","R","$","T","R","M","?","R","E","R","BOSS","M","M","?","$","?","E"],"items_purchased_type":["Card","Potion","Card","Card"],"build_version":"2020-12-22","purchased_purges":3,"victory":false,"max_hp_per_floor":[70,70,70,70,70,70,70,70,70,70,70,70,70,70,70,70,70,70,70,70,70,70,70,70,70,70,70,70,70,70,70,70,70,70,70,70,70,70,70,70,70],"card_choices":[{"not_picked":["Bane","Deadly Poison","Expertise"],"picked":"SKIP","floor":1.0},{"not_picked":["Outmaneuver","Deadly Poison"],"picked":"Acrobatics","floor":2.0},{"not_picked":["Storm of Steel","Flying Knee"],"picked":"Poisoned Stab","floor":4.0},{"not_picked":["Deadly Poison","Backstab"],"picked":"Footwork","floor":5.0},{"not_picked":["Dodge and Roll","Catalyst"],"picked":"Poisoned Stab","floor":6.0},{"not_picked":["Quick Slash","Sucker Punch"],"picked":"Poisoned Stab","floor":8.0},{"not_picked":["Acrobatics","Quick Slash"],"picked":"Storm of Steel","floor":10.0},{"not_picked":["Choke","Dagger Throw"],"picked":"Dagger Spray","floor":11.0},{"not_picked":["Deadly Poison","Accuracy"],"picked":"Backflip","floor":12.0},{"not_picked":["Quick Slash","Deflect"],"picked":"Cloak And Dagger","floor":14.0},{"not_picked":["Prepared","Deflect"],"picked":"Acrobatics+1","floor":18.0},{"not_picked":["Skewer","Dash+1"],"picked":"Crippling Poison","floor":20.0},{"not_picked":["Underhanded Strike","Doppelganger"],"picked":"Infinite Blades","floor":22.0},{"not_picked":["Blur","Well Laid Plans"],"picked":"Footwork+1","floor":23.0},{"not_picked":["Choke","Calculated Gamble+1"],"picked":"Well Laid Plans+1","floor":28.0},{"not_picked":["Expertise","Sucker Punch","Leg Sweep+1"],"picked":"SKIP","floor":31.0},{"not_picked":["Night Terror","Bullet Time"],"picked":"Grand Finale","floor":33.0},{"not_picked":["Eviscerate","Well Laid Plans"],"picked":"Cloak And Dagger+1","floor":35.0},{"not_picked":["Riddle With Holes","Deflect","Blur"],"picked":"SKIP","floor":36.0},{"not_picked":["Deadly Poison+1","Flying Knee+1","Prepared+1"],"picked":"SKIP","floor":39.0}],"player_experience":157281,"relics_obtained":[{"floor":6.0,"key":"Letter Opener"},{"floor":9.0,"key":"Nunchaku"},{"floor":23.0,"key":"MawBank"},{"floor":23.0,"key":"Blood Vial"},{"floor":26.0,"key":"Blue Candle"},{"floor":31.0,"key":"Ancient Tea Set"},{"floor":31.0,"key":"The Courier"}],"event_choices":[{"damage_healed":0.0,"max_hp_gain":0.0,"max_hp_loss":0.0,"gold_gain":0.0,"event_name":"Accursed Blacksmith","player_choice":"Forge","floor":3.0,"gold_loss":0.0,"damage_taken":0.0,"cards_upgraded":["Neutralize"]},{"damage_healed":0.0,"max_hp_gain":0.0,"max_hp_loss":0.0,"gold_gain":0.0,"cards_transformed":["Strike_G","Strike_G"],"event_name":"Drug Dealer","player_choice":"Became Test Subject","floor":21.0,"gold_loss":0.0,"damage_taken":0.0,"cards_obtained":["Backstab","Expertise"]},{"damage_healed":0.0,"max_hp_gain":0.0,"max_hp_loss":0.0,"gold_gain":0.0,"event_name":"The Library","player_choice":"Read","floor":29.0,"gold_loss":0.0,"damage_taken":0.0,"cards_obtained":["Tactician"]},{"damage_healed":0.0,"max_hp_gain":0.0,"max_hp_loss":0.0,"gold_gain":0.0,"event_name":"The Woman in Blue","player_choice":"Bought 1 Potion","floor":37.0,"gold_loss":0.0,"damage_taken":0.0}],"is_beta":false,"boss_relics":[{"not_picked":["Cursed Key","Ring of the Serpent"],"picked":"Black Star"},{"not_picked":["HoveringKite","WristBlade"],"picked":"Runic Pyramid"}],"items_purged_floors":[19,25,38],"is_endless":false,"potions_floor_spawned":[1,4,12,16,18,28,35],"killed_by":"Giant Head","ascension_level":4}}