{"host":"xdbac5uiks898er5","time":1614351702,"event":{"mods":["2.2 Compatiblity","BaseMod","Become a monster ???","Lobotomy","LobotomyExtend","Minty Spire (QoL Compilation)","Spire Arcade","StSLib","SuperFastMode","Unknown Chances"],"gold_per_floor":[118,118,133,133,145,145,170,170,196,196,227,227,302,48,48,144,144,144,144,159,7,19,38,38,69,69,69,69,169,202,212,212,312,312,327,237,248,63,76,106,117,151,175,195,246,246,293,293,293,293,293],"floor_reached":50,"language":"ENG","playtime":1672,"items_purged":[],"score":669,"play_id":"e3cb9b8f-b685-4504-b6a2-ba5524f8babf","local_time":"20210226160142","is_ascension_mode":false,"campfire_choices":[{"data":"True Grit","floor":6,"key":"SMITH"},{"data":"Feel No Pain","floor":10,"key":"SMITH"},{"data":"Bash","floor":12,"key":"SMITH"},{"data":"Feel No Pain","floor":15,"key":"SMITH"},{"data":"Feel No Pain","floor":24,"key":"SMITH"},{"data":"Second Wind","floor":27,"key":"SMITH"},{"data":"Sword Boomerang","floor":32,"key":"SMITH"},{"data":"1","floor":46,"key":"LIFT"},{"data":"2","floor":49,"key":"LIFT"}],"circlet_count":0,"master_deck":["Strike_R+1","Strike_R","Strike_R+1","Strike_R","Defend_R","Defend_R","Bash+1","CrumblingArmor","Feel No Pain+1","True Grit+1","Feel No Pain+1","Iron Wave+1","Feel No Pain+1","Second Wind+1","Inflame+1","QueenOfHatred","Rupture+1","Sword Boomerang+1","Corruption","Pummel","Metallicize","Shockwave","Limit Break","Dark Embrace","Feel No Pain","DreamingCurrent","Feed","Limit Break"],"relics":["Burning Blood","CogitoBucket","LetterFromLob","Bag of Preparation","MealTicket","Meat on the Bone","Membership Card","Omamori","SlaversCollar","Strawberry","Medical Kit","Amita_r","Oddly Smooth Stone","Gambling Chip","Self Forming Clay","Girya","PreservedInsect","Coffee Dripper","Anchor","Frozen Eye","Mercury Hourglass","AtMidnight","Bag of Marbles","Dream Catcher","Whetstone","FossilizedHelix"],"acts_visited":["Exordium","TheCity","TheBeyond"],"potions_floor_usage":[11,22,22,22],"damage_taken":[{"damage":5,"enemies":"Cultist","floor":1,"turns":4},{"damage":6,"enemies":"2 Louse","floor":3,"turns":4},{"damage":17,"enemies":"Jaw Worm","floor":5,"turns":4},{"damage":14,"enemies":"Gremlin Nob","floor":7,"turns":4},{"damage":8,"enemies":"3 Sentries","floor":11,"turns":9},{"damage":32,"enemies":"Hexaghost","floor":16,"turns":8},{"damage":16,"enemies":"Shell Parasite","floor":20,"turns":3},{"damage":31,"enemies":"3 Byrds","floor":22,"turns":8},{"damage":16,"enemies":"Cultist and Chosen","floor":23,"turns":7},{"damage":23,"enemies":"Slavers","floor":25,"turns":6},{"damage":16,"enemies":"Colosseum Slavers","floor":29,"turns":6},{"damage":1,"enemies":"Colosseum Nobs","floor":29,"turns":4},{"damage":20,"enemies":"Gremlin Leader","floor":30,"turns":6},{"damage":20,"enemies":"Centurion and Healer","floor":31,"turns":5},{"damage":48,"enemies":"Collector","floor":33,"turns":9},{"damage":0,"enemies":"3 Shapes","floor":35,"turns":5},{"damage":5,"enemies":"3 Darklings","floor":37,"turns":5},{"damage":4,"enemies":"Sphere and 2 Shapes","floor":39,"turns":5},{"damage":12,"enemies":"Nemesis","floor":40,"turns":5},{"damage":0,"enemies":"Spire Growth","floor":41,"turns":9},{"damage":72,"enemies":"Reptomancer","floor":42,"turns":4},{"damage":41,"enemies":"Jaw Worm Horde","floor":44,"turns":5},{"damage":2,"enemies":"2 Orb Walkers","floor":47,"turns":5},{"damage":106,"enemies":"Awakened One","floor":50,"turns":8}],"seed_played":"-8727997976779599028","potions_obtained":[{"floor":1,"key":"DuplicationPotion"},{"floor":3,"key":"Block Potion"},{"floor":11,"key":"SkillPotion"},{"floor":20,"key":"Strength Potion"},{"floor":22,"key":"Energy Potion"},{"floor":29,"key":"BlessingOfTheForge"},{"floor":33,"key":"PowerPotion"},{"floor":37,"key":"DistilledChaos"},{"floor":42,"key":"DuplicationPotion"}],"is_trial":false,"path_per_floor":["M","?","M","?","M","R","E","?","T","R","E","R","?","$","R","B",null,"M","?","M","$","M","M","R","E","T","R","?","?","E","M","R","B",null,"M","$","M","$","M","E","M","E","T","M","T","R","?","?","R","B"],"character_chosen":"IRONCLAD","items_purchased":["Membership Card","Omamori","Feel No Pain","Strawberry","Medical Kit","Anchor","Metallicize","Frozen Eye","Limit Break","Dark Embrace"],"campfire_rested":0,"item_purchase_floors":[14,14,14,21,21,36,36,38,38,38],"current_hp_per_floor":[80,73,73,78,67,67,59,67,67,67,65,65,54,69,69,55,85,35,63,53,75,62,64,64,59,59,59,59,66,64,62,62,32,106,109,109,110,116,118,112,132,78,78,64,64,64,89,89,89,0,0],"gold":293,"neow_bonus":"","is_daily":false,"chose_seed":false,"campfire_upgraded":7,"win_rate":0.0,"timestamp":1614351702,"path_taken":["M","?","M","?","M","R","E","?","T","R","E","R","?","?","R","BOSS","M","?","M","$","M","M","R","E","T","R","?","?","E","M","R","BOSS","M","$","M","?","M","E","?","E","T","M","?","R","?","?","R","BOSS"],"items_purchased_type":["Relic","Relic","Card","Relic","Relic","Relic","Card","Relic","Card","Card"],"build_version":"2020-12-22","purchased_purges":0,"victory":false,"max_hp_per_floor":[80,80,80,85,85,85,85,85,85,85,85,85,85,85,85,85,85,85,85,85,92,94,96,96,99,99,99,99,103,104,105,105,106,106,109,109,116,116,119,120,132,133,133,139,139,139,144,144,144,144,144],"card_choices":[{"not_picked":["Murderer","VoidDream"],"picked":"CrumblingArmor","floor":1},{"not_picked":["Warcry","Iron Wave"],"picked":"Feel No Pain","floor":1},{"not_picked":["HappyTeddy","SpiderBud","Murderer"],"picked":"Singing Bowl","floor":3},{"not_picked":["Power Through","Anger","Perfected Strike"],"picked":"SKIP","floor":3},{"not_picked":["Carnage","Shrug It Off"],"picked":"True Grit","floor":5},{"not_picked":["Wellcheers","WhitesApple","BeautyBeast"],"picked":"Singing Bowl","floor":7},{"not_picked":["Clash","Body Slam","Headbutt"],"picked":"SKIP","floor":7},{"not_picked":["Flex","Reckless Charge","Twin Strike"],"picked":"SKIP","floor":11},{"not_picked":["Juggernaut","Bludgeon"],"picked":"Corruption","floor":16},{"not_picked":["UniverseFragment","Mercenary","Bloodbath"],"picked":"Singing Bowl","floor":16},{"not_picked":["CENSORED","HappyTeddy","BodiesMountain"],"picked":"Singing Bowl","floor":20},{"not_picked":["Sword Boomerang","Clash+1"],"picked":"Iron Wave+1","floor":20},{"not_picked":["True Grit","Offering"],"picked":"Feel No Pain","floor":22},{"not_picked":["LaLuna","OldLady","BigBird"],"picked":"Singing Bowl","floor":23},{"not_picked":["Warcry","Pommel Strike"],"picked":"Second Wind","floor":23},{"not_picked":["Sever Soul+1","Flame Barrier"],"picked":"Inflame+1","floor":25},{"not_picked":["MHz","PunishingBird","SilentOrchestra"],"picked":"Singing Bowl","floor":29},{"not_picked":["MeltingLove","BlackSwan"],"picked":"QueenOfHatred","floor":29},{"not_picked":["Reckless Charge","Flex+1"],"picked":"Rupture+1","floor":29},{"not_picked":["Bloodbath","QueenBee","WhitesApple"],"picked":"Singing Bowl","floor":30},{"not_picked":["True Grit","Iron Wave"],"picked":"Sword Boomerang","floor":30},{"not_picked":["ShyLook","Murderer","GreedKing"],"picked":"Singing Bowl","floor":31},{"not_picked":["Battle Trance+1","Dual Wield","Rage"],"picked":"SKIP","floor":31},{"not_picked":["Bludgeon","Berserk"],"picked":"Corruption","floor":33},{"not_picked":["Twin Strike+1","Headbutt"],"picked":"Pummel","floor":35},{"not_picked":["Shockwave","Headbutt","Battle Trance"],"picked":"SKIP","floor":37},{"not_picked":["Headbutt","Battle Trance"],"picked":"Shockwave","floor":37},{"not_picked":["Dual Wield+1","Second Wind+1"],"picked":"Feel No Pain","floor":39},{"not_picked":["OSAHOGD","BeautyBeast","LongBird"],"picked":"Singing Bowl","floor":40},{"not_picked":["QueenBee","BlueStar"],"picked":"DreamingCurrent","floor":40},{"not_picked":["Thunderclap","Body Slam"],"picked":"Feed","floor":40},{"not_picked":["Armaments","True Grit+1","Carnage+1"],"picked":"SKIP","floor":41},{"not_picked":["Spot Weakness","Heavy Blade+1","Iron Wave+1"],"picked":"SKIP","floor":42},{"not_picked":["Shrug It Off","Perfected Strike","Iron Wave+1"],"picked":"SKIP","floor":44},{"not_picked":["Sword Boomerang+1","Iron Wave+1"],"picked":"Limit Break","floor":47}],"player_experience":2841,"relics_obtained":[{"floor":1,"key":"LetterFromLob"},{"floor":7,"key":"Bag of Preparation"},{"floor":9,"key":"MealTicket"},{"floor":11,"key":"Meat on the Bone"},{"floor":25,"key":"Oddly Smooth Stone"},{"floor":26,"key":"Gambling Chip"},{"floor":29,"key":"Self Forming Clay"},{"floor":29,"key":"Girya"},{"floor":30,"key":"PreservedInsect"},{"floor":40,"key":"Mercury Hourglass"},{"floor":41,"key":"AtMidnight"},{"floor":42,"key":"Bag of Marbles"},{"floor":43,"key":"Dream Catcher"},{"floor":45,"key":"Whetstone"},{"floor":47,"key":"FossilizedHelix"}],"event_choices":[{"cards_removed":["Strike_R"],"damage_healed":0,"gold_gain":0,"player_choice":"Card Removal","damage_taken":7,"max_hp_gain":0,"max_hp_loss":0,"event_name":"Golden Wing","floor":2,"gold_loss":0},{"damage_healed":0,"gold_gain":0,"player_choice":"Donut","damage_taken":0,"max_hp_gain":5,"max_hp_loss":0,"event_name":"Big Fish","floor":4,"gold_loss":0},{"damage_healed":0,"gold_gain":75,"player_choice":"Gather Gold","damage_taken":11,"max_hp_gain":0,"max_hp_loss":0,"event_name":"World of Goop","floor":13,"gold_loss":0},{"damage_healed":28,"gold_gain":0,"player_choice":"Heal","damage_taken":0,"max_hp_gain":0,"max_hp_loss":0,"event_name":"The Library","floor":19,"gold_loss":0},{"damage_healed":0,"gold_gain":0,"player_choice":"Fight","damage_taken":0,"max_hp_gain":0,"max_hp_loss":0,"event_name":"Colosseum","floor":29,"gold_loss":0},{"damage_healed":0,"gold_gain":0,"player_choice":"Fought Nobs","damage_taken":0,"max_hp_gain":0,"max_hp_loss":0,"event_name":"Colosseum","floor":29,"gold_loss":0},{"damage_healed":0,"gold_gain":0,"player_choice":"Fight","damage_taken":0,"max_hp_gain":0,"max_hp_loss":0,"event_name":"Mysterious Sphere","floor":47,"gold_loss":0},{"damage_healed":0,"gold_gain":0,"player_choice":"Memory 1","damage_taken":0,"max_hp_gain":0,"max_hp_loss":0,"event_name":"SensoryStone","floor":48,"gold_loss":0}],"is_beta":false,"boss_relics":[{"not_picked":["Velvet Choker","Astrolabe"],"picked":"SlaversCollar"},{"not_picked":["SacredBark","Snecko Eye"],"picked":"Coffee Dripper"}],"items_purged_floors":[],"is_endless":false,"potions_floor_spawned":[1,3,11,20,22,29,33,37,42,44,47],"killed_by":"Awakened One","ascension_level":0}}