{"host":"s0y72fk20o7gee70","time":1614363709,"event":{"mods":["BaseMod","Conspire","Infinite Spire","Minty Spire (QoL Compilation)","Replay The Spire","StSLib","SuperFastMode"],"gold_per_floor":[110,127,127,143,143,155,155,181,181,198,211,211,228,253,253,351,351,362,362,378,378,398,410,442,442,442],"floor_reached":25,"language":"ENG","playtime":2360,"items_purged":[],"score":237,"play_id":"2f0db4e6-beb4-4a06-8765-65ad5c8e6ae8","local_time":"20210226152149","is_ascension_mode":false,"campfire_choices":[{"data":"Blade Dance","floor":7.0,"key":"SMITH"},{"data":"Replay:Bag of Tricks","floor":12.0,"key":"SMITH"},{"floor":15,"key":"REST"}],"circlet_count":0,"master_deck":["Strike_G","Strike_G","Strike_G+1","Strike_G","Defend_G","Defend_G+1","Defend_G","Defend_G","Defend_G","Survivor","Neutralize","Blade Dance","Blade Dance+1","Neutralize","Replay:Bag of Tricks+1","Blade Dance","ReplayTheSpireMod:Scrap Shanks","ReplayTheSpireMod:Scrap Shanks","A Thousand Cuts","CurseOfTheBell","Noxious Fumes","Noxious Fumes+1"],"relics":["Ring of the Snake","NeowsBlessing","White Beast Statue","Mummified Hand","infinitespire:Lucky Rock","Calling Bell","conspire:Flyswatter","conspire:Boomerang","Nloth\u0027s Gift","Replay:Rubber Ducky"],"acts_visited":["Exordium","TheCity"],"potions_floor_usage":[14,14,16,18,23,23,24,24,24],"damage_taken":[{"damage":0.0,"enemies":"2 Louse","floor":1.0,"turns":1.0},{"damage":0.0,"enemies":"Cultist","floor":2.0,"turns":1.0},{"damage":0.0,"enemies":"conspire:RoseBush","floor":4.0,"turns":1.0},{"damage":9.0,"enemies":"Lots of Slimes","floor":6.0,"turns":6.0},{"damage":12.0,"enemies":"3 Sentries","floor":8.0,"turns":8.0},{"damage":1.0,"enemies":"conspire:2 RoseBushes","floor":10.0,"turns":6.0},{"damage":5.0,"enemies":"3 Louse","floor":11.0,"turns":4.0},{"damage":2.0,"enemies":"Large Slime","floor":13.0,"turns":3.0},{"damage":6,"enemies":"Lagavulin","floor":14,"turns":4},{"damage":37,"enemies":"The Guardian","floor":16,"turns":13},{"damage":10,"enemies":"2 Thieves","floor":18,"turns":2},{"damage":6,"enemies":"conspire:FuzzyDice","floor":20,"turns":7},{"damage":31,"enemies":"3 Cultists","floor":22,"turns":5},{"damage":5,"enemies":"Centurion and Healer","floor":23,"turns":5},{"damage":15,"enemies":"Replay:Snechameleon","floor":24,"turns":6},{"damage":4,"enemies":"conspire:HollyBat","floor":25,"turns":3}],"seed_played":"-7047597750657635444","potions_obtained":[{"floor":1.0,"key":"Elixir"},{"floor":8.0,"key":"Explosive Potion"},{"floor":10.0,"key":"BlessingOfTheForge"},{"floor":11.0,"key":"Poison Potion"},{"floor":13.0,"key":"CunningPotion"},{"floor":14,"key":"Dexterity Potion"},{"floor":16,"key":"FearPotion"},{"floor":18,"key":"EssenceOfSteel"},{"floor":20,"key":"SpeedPotion"},{"floor":22,"key":"Swift Potion"},{"floor":23,"key":"AttackPotion"},{"floor":24,"key":"Explosive Potion"}],"is_trial":false,"path_per_floor":["M","M","?","M","?","M","R","E","T","M","M","R","M","E","R","B",null,"M","?","M","?","M","M","E","M"],"character_chosen":"THE_SILENT","items_purchased":[],"campfire_rested":1,"item_purchase_floors":[],"current_hp_per_floor":[70,70,56,56,56,47,47,35,35,34,29,29,27,21,42,5,70,60,60,54,54,23,18,3,0,0],"gold":442,"neow_bonus":"THREE_ENEMY_KILL","is_daily":false,"chose_seed":false,"campfire_upgraded":2,"win_rate":0.0,"timestamp":1614363709,"path_taken":["M","M","?","M","?","M","R","E","T","M","M","R","M","E","R","BOSS","M","?","?","?","M","M","E","?"],"items_purchased_type":[],"build_version":"2020-12-13","purchased_purges":0,"victory":false,"max_hp_per_floor":[70,70,70,70,70,70,70,70,70,70,70,70,70,70,70,70,70,70,70,70,70,70,70,70,70,70],"card_choices":[{"not_picked":["Hidden Blade","Dodge and Roll"],"picked":"Blade Dance","floor":1.0},{"not_picked":["Poisoned Stab","Skewer"],"picked":"Blade Dance","floor":2.0},{"not_picked":["Dagger Throw","Poisoned Stab","Reflex"],"picked":"SKIP","floor":4.0},{"not_picked":["Bane","Poisoned Stab","Flying Knee"],"picked":"SKIP","floor":6.0},{"not_picked":["Underhanded Strike","Hidden Blade"],"picked":"Replay:Bag of Tricks","floor":8.0},{"not_picked":["Dash","Deadly Poison","Dagger Throw"],"picked":"SKIP","floor":10.0},{"not_picked":["Eviscerate","Crippling Poison"],"picked":"Blade Dance","floor":11.0},{"not_picked":["Blur","Draining Mist"],"picked":"ReplayTheSpireMod:Scrap Shanks","floor":13.0},{"not_picked":["Flying Knee","Dodge and Roll"],"picked":"ReplayTheSpireMod:Scrap Shanks","floor":14},{"not_picked":["Die Die Die","ReplayTheSpireMod:From All Sides"],"picked":"A Thousand Cuts","floor":16},{"not_picked":["Well Laid Plans","Deadly Poison"],"picked":"Noxious Fumes","floor":18},{"not_picked":["Footwork+1","Dagger Spray"],"picked":"Noxious Fumes+1","floor":20},{"not_picked":["Tactician+1","PiercingWail","Fluid Movement"],"picked":"SKIP","floor":22},{"not_picked":["Sucker Punch","ReplayTheSpireMod:The Works","Backflip"],"picked":"SKIP","floor":23},{"not_picked":["Leg Sweep","Poisoned Stab","Bane"],"picked":"SKIP","floor":24}],"player_experience":9246,"relics_obtained":[{"floor":8.0,"key":"White Beast Statue"},{"floor":9.0,"key":"Mummified Hand"},{"floor":14,"key":"infinitespire:Lucky Rock"},{"floor":17,"key":"Potion Belt"},{"floor":17,"key":"conspire:Flyswatter"},{"floor":17,"key":"conspire:Boomerang"},{"floor":24,"key":"Replay:Rubber Ducky"}],"event_choices":[{"damage_healed":0.0,"max_hp_gain":0.0,"max_hp_loss":0.0,"gold_gain":0.0,"event_name":"Shining Light","player_choice":"Entered Light","floor":3.0,"gold_loss":0.0,"damage_taken":14.0,"cards_upgraded":["Strike_G","Defend_G"]},{"damage_healed":0.0,"max_hp_gain":0.0,"max_hp_loss":0.0,"gold_gain":0.0,"event_name":"Match and Keep!","player_choice":"1 cards matched","floor":5.0,"gold_loss":0.0,"damage_taken":0.0,"cards_obtained":["Neutralize"]},{"damage_healed":0,"gold_gain":0,"player_choice":"Traded Relic","damage_taken":0,"relics_obtained":["Nloth\u0027s Gift"],"max_hp_gain":0,"max_hp_loss":0,"event_name":"N\u0027loth","floor":19,"relics_lost":["Potion Belt"],"gold_loss":0},{"cards_removed":["Strike_G"],"damage_healed":0,"gold_gain":0,"player_choice":"Purged","damage_taken":0,"max_hp_gain":0,"max_hp_loss":0,"event_name":"Purifier","floor":21,"gold_loss":0}],"is_beta":false,"boss_relics":[{"not_picked":["Replay:Wanted Poster","Replay:Bronze Core"],"picked":"Calling Bell"}],"items_purged_floors":[],"is_endless":false,"potions_floor_spawned":[1,8,10,11,13,14,16,18,20,22,23,24],"killed_by":"conspire:HollyBat","ascension_level":0}}