{"host":"dd2mx3pm3ovi0t1n","time":1614345907,"event":{"mods":["2.2 Compatiblity","AchievementEnabler","AlwaysNeverKeys","Aspiration","BaseMod","Beaked The Cultist","Better Altar","Better Match","Better Note","Better Sensory Stone","Better Skull","Better Third Choice","BetterRewards","Colored Map","Colored Powertips","Conspire","Defuse TimeMaze Blight","Displayed Cursed Tome","Downfall","Energized Spire","Friendly Minions","GifTheSpireLib","Gold Saver","Halation","Hermit","Highlight Path","Hubris","Infinite Spire","Jedi Mod","Marked Mod","Minty Spire (QoL Compilation)","Permanent Neow","Poor People Problems","Quick Restart","Reliquary","Replay The Spire","Shop Mod","Spicy Shops","Spikes Relics","StSLib","Stuff the Spire","TestMod","The Construct","Trackpad","Uncapped","Wandering Minibosses","????"],"gold_per_floor":[349,359,378,124,154,154,154,89,489,125,139,3,24,51,62,168,168,168,168],"floor_reached":17,"language":"ENG","playtime":896,"items_purged":["bronze:Defend","bronze:Strike"],"score":155,"play_id":"23a41612-792c-4715-b724-772ac95f198b","local_time":"20210226052507","is_ascension_mode":false,"campfire_choices":[{"data":"bronze:Goto","floor":1.0,"key":"SMITH"}],"circlet_count":0,"master_deck":["bronze:Strike","bronze:Strike","bronze:Strike","bronze:Defend","bronze:Defend+1","bronze:Defend","bronze:Replicate","bronze:Backtrace","bronze:BronzeOrb","bronze:Iterate","bronze:Optimize","bronze:CutThrough","After Image","m_Bronzebash+1","bronze:Overload+1","bronze:Optimize"],"relics":["testmod-HeartOfDaVinci","MerchantsRug","Ninja Scroll","m_BronzeBlood","Smiling Mask","halation:IllGainedPizza","War Paint","trackpad:BottledTsunami"],"acts_visited":["Exordium","TheCity"],"potions_floor_usage":[8,14,16],"damage_taken":[{"damage":0.0,"enemies":"Small Slimes","floor":2.0,"turns":3.0},{"damage":11.0,"enemies":"Jaw Worm","floor":3.0,"turns":2.0},{"damage":5.0,"enemies":"downfall:FleeingMerchant","floor":4.0,"turns":4.0},{"damage":0,"enemies":"downfall:FleeingMerchant","floor":8,"turns":4},{"damage":0,"enemies":"2 Louse","floor":11,"turns":2},{"damage":12,"enemies":"downfall:FleeingMerchant","floor":12,"turns":4},{"damage":0,"enemies":"Exordium Thugs","floor":13,"turns":3},{"damage":15,"enemies":"Lagavulin","floor":14,"turns":4},{"damage":4,"enemies":"downfall:LooterAlt","floor":15,"turns":2},{"damage":46,"enemies":"IC_STATUS_ARCHETYPE","floor":16,"turns":10}],"seed_played":"-7045986514119551741","potions_obtained":[{"floor":2.0,"key":"Languid Potion"},{"floor":13,"key":"DistilledChaos"},{"floor":15,"key":"Slimebound:ThreeZeroPotion"},{"floor":16,"key":"bronze:BurnAndBuffPotion"}],"is_trial":false,"path_per_floor":["R","M","M","$","?","?","T","$","?","R","M","$","M","E","M","B",null],"character_chosen":"THE_AUTOMATON","items_purchased":["bronze:Optimize","MerchantsRug","bronze:CutThrough","bronze:Optimize","halation:IllGainedPizza","War Paint"],"campfire_rested":0,"item_purchase_floors":[4,4,4,10,10,12],"current_hp_per_floor":[63,63,52,47,47,47,47,53,53,53,59,53,59,50,52,12,63,63,63],"gold":168,"neow_bonus":"TWO_FIFTY_GOLD","is_daily":false,"chose_seed":false,"campfire_upgraded":1,"win_rate":0.0,"timestamp":1614345907,"path_taken":["R","M","M","$","?","?","T","$","?","R","M","?","M","E","M","BOSS"],"items_purchased_type":["Card","Relic","Card","Card","Relic","Relic"],"build_version":"2020-12-22","purchased_purges":2,"victory":false,"max_hp_per_floor":[63,63,63,63,63,63,63,63,63,63,63,63,63,63,63,63,63,63,63],"card_choices":[{"not_picked":["bronze:Deprecate","bronze:Optimize"],"picked":"bronze:Backtrace","floor":2.0},{"not_picked":["bronze:Shield","bronze:WhirlingStrike"],"picked":"bronze:BronzeOrb","floor":3.0},{"not_picked":["bronze:Shell","bronze:HyperBeam"],"picked":"bronze:Iterate","floor":4.0},{"not_picked":["ReplayTheSpireMod:Stacked","bronze:Branch"],"picked":"bronze:Overload","floor":8},{"not_picked":["bronze:BitShift","Body Slam","bronze:Deprecate"],"picked":"SKIP","floor":11},{"not_picked":["bronze:BuggyMess","bronze:Philosophize","Shrug It Off"],"picked":"SKIP","floor":12},{"not_picked":["bronze:Return","bronze:FineTuning","bronze:BronzeArmor"],"picked":"SKIP","floor":13},{"not_picked":["bronze:Frontload","bronze:Shield","bronze:BitShift"],"picked":"SKIP","floor":14},{"not_picked":["bronze:Shield","bronze:OilSpill","bronze:Overheat"],"picked":"SKIP","floor":15}],"player_experience":472836,"relics_obtained":[{"floor":7.0,"key":"Smiling Mask"},{"floor":14,"key":"trackpad:BottledTsunami"}],"event_choices":[{"damage_healed":0,"gold_gain":400,"player_choice":"Sell","damage_taken":0,"max_hp_gain":0,"max_hp_loss":0,"event_name":"Plate Of N\u0027loth","floor":9,"relics_lost":["testmod-TestBox"],"gold_loss":0}],"is_beta":false,"boss_relics":[{"not_picked":["ReplayTheSpireMod:SealedPack","jedi:hotpepper","halation:Yufonium"]}],"items_purged_floors":[8,12],"is_endless":false,"potions_floor_spawned":[2,13,15,16],"ascension_level":0}}