{"host":"uwdjobnswnt8y9oc","time":1614331175,"event":{"mods":["BaseMod","Colored Powertips","Minty Spire (QoL Compilation)"],"gold_per_floor":[18,31,42,42,56,56,67,85,85,104,104,121,153,173,173,173,173],"floor_reached":16,"language":"ENG","playtime":1034,"items_purged":[],"score":108,"play_id":"69379aaa-8c95-4180-a070-6a311d058c6e","local_time":"20210226161935","is_ascension_mode":false,"campfire_choices":[{"data":"Magnetism","floor":6,"key":"SMITH"},{"floor":11,"key":"REST"},{"floor":15,"key":"RECALL"}],"circlet_count":0,"master_deck":["Strike_P","Strike_P","Strike_P","Strike_P","Defend_P","Defend_P","Defend_P","Defend_P","Eruption","Vigilance","Magnetism+1","FlurryOfBlows","InnerPeace","Evaluate","FollowUp","Halt","SandsOfTime","FlurryOfBlows","Prostrate","EmptyFist"],"relics":["PureWater","Peace Pipe"],"acts_visited":["Exordium"],"potions_floor_usage":[2,5,7,13,13,14],"damage_taken":[{"damage":0,"enemies":"Small Slimes","floor":1,"turns":3},{"damage":0,"enemies":"Cultist","floor":2,"turns":2},{"damage":2,"enemies":"Jaw Worm","floor":3,"turns":4},{"damage":13,"enemies":"Exordium Wildlife","floor":5,"turns":5},{"damage":0,"enemies":"Lots of Slimes","floor":7,"turns":4},{"damage":20,"enemies":"Exordium Thugs","floor":8,"turns":4},{"damage":11,"enemies":"2 Fungi Beasts","floor":10,"turns":3},{"damage":7,"enemies":"Looter","floor":12,"turns":2},{"damage":19,"enemies":"3 Sentries","floor":13,"turns":8},{"damage":0,"enemies":"Large Slime","floor":14,"turns":4},{"damage":21,"enemies":"Slime Boss","floor":16,"turns":3}],"seed_played":"4543904324097261257","potions_obtained":[{"floor":1,"key":"AttackPotion"},{"floor":2,"key":"GamblersBrew"},{"floor":4,"key":"BlessingOfTheForge"},{"floor":4,"key":"SmokeBomb"},{"floor":5,"key":"Strength Potion"},{"floor":7,"key":"Fire Potion"},{"floor":13,"key":"Block Potion"},{"floor":14,"key":"StancePotion"}],"is_trial":false,"path_per_floor":["M","M","M","?","M","R","M","M","T","M","R","M","E","M","R","B"],"character_chosen":"WATCHER","items_purchased":[],"campfire_rested":1,"item_purchase_floors":[],"current_hp_per_floor":[72,72,70,70,57,57,57,37,37,26,47,40,21,21,21,0,0],"gold":173,"neow_bonus":"RANDOM_COLORLESS_2","is_daily":false,"chose_seed":false,"campfire_upgraded":1,"win_rate":0.0,"timestamp":1614331175,"path_taken":["M","M","M","?","M","R","?","M","T","M","R","M","E","M","R","BOSS"],"items_purchased_type":[],"build_version":"2020-12-22","purchased_purges":0,"victory":false,"max_hp_per_floor":[72,72,72,72,72,72,72,72,72,72,72,72,72,72,72,72,72],"card_choices":[{"not_picked":["Sadistic Nature","Mayhem"],"picked":"Magnetism","floor":0},{"not_picked":["MentalFortress","PathToVictory"],"picked":"FlurryOfBlows","floor":1},{"not_picked":["CutThroughFate","ClearTheMind"],"picked":"InnerPeace","floor":2},{"not_picked":["CrushJoints","WheelKick","Swivel"],"picked":"SKIP","floor":3},{"not_picked":["WheelKick","SashWhip"],"picked":"Evaluate","floor":5},{"not_picked":["WreathOfFlame","CutThroughFate"],"picked":"FollowUp","floor":7},{"not_picked":["Ragnarok","PathToVictory"],"picked":"Halt","floor":8},{"not_picked":["Tantrum","CutThroughFate"],"picked":"SandsOfTime","floor":10},{"not_picked":["Prostrate","CrushJoints"],"picked":"FlurryOfBlows","floor":12},{"not_picked":["Omniscience","ThirdEye"],"picked":"Prostrate","floor":13},{"not_picked":["Swivel","Fasting2"],"picked":"EmptyFist","floor":14}],"player_experience":521413,"relics_obtained":[{"floor":13,"key":"Peace Pipe"}],"event_choices":[{"damage_healed":0,"gold_gain":0,"player_choice":"Got Potions","damage_taken":0,"max_hp_gain":0,"max_hp_loss":0,"event_name":"Lab","floor":4,"gold_loss":0}],"is_beta":false,"boss_relics":[],"items_purged_floors":[],"is_endless":false,"potions_floor_spawned":[1,2,5,7,13,14],"killed_by":"Slime Boss","ascension_level":0}}