{"host":"x73jdofm2fk9hsud","time":1614312227,"event":{"mods":["BaseMod","Bestiary","Minty Spire (QoL Compilation)","Relic Stats","ojb\u0027s Better Paths Mod","ojb\u0027s Info Mod"],"gold_per_floor":[118,118,137,147,147,180,180,211,258,258,269,269,281,44,44,121,121,141,141,154,154,170,170,170,170,193,193,203,203,229,239,239,315,315,326,326,326,341,358,358,392,409,409,434,453,471,489,821,821,821,821],"floor_reached":50,"language":"ENG","playtime":3339,"items_purged":["Strike_G"],"score":1178,"play_id":"5cace934-7283-4950-a374-8f4415936e1b","local_time":"20210225230347","is_ascension_mode":true,"campfire_choices":[{"data":"Crippling Poison","floor":7,"key":"SMITH"},{"data":"Tools of the Trade","floor":12,"key":"SMITH"},{"floor":15,"key":"REST"},{"data":"Terror","floor":23,"key":"SMITH"},{"data":"Neutralize","floor":25,"key":"SMITH"},{"floor":27,"key":"REST"},{"floor":29,"key":"REST"},{"floor":32,"key":"REST"},{"floor":40,"key":"RECALL"},{"data":"A Thousand Cuts","floor":49,"key":"SMITH"}],"circlet_count":0,"master_deck":["AscendersBane","Strike_G+1","Strike_G+1","Defend_G+1","Defend_G+1","Defend_G+1","Defend_G+1","Defend_G+1","Survivor+1","Neutralize+1","Unload+1","Crippling Poison+1","Blade Dance+1","Leg Sweep+1","Infinite Blades+1","Tools of the Trade+1","Skewer+1","Adrenaline+1","Blade Dance+1","Backstab+1","Terror+1","Blur+1","Deflect+1","Blade Dance+1","Corpse Explosion+1","Prepared+1","Acrobatics","PiercingWail","Caltrops","A Thousand Cuts+1","Finisher"],"relics":["Ring of the Snake","Ornamental Fan","Lantern","Vajra","WristBlade","War Paint","Blue Candle","Sozu","Mark of the Bloom","Regal Pillow","Mummified Hand","Lizard Tail","Old Coin"],"acts_visited":["Exordium","TheCity","TheBeyond"],"potions_floor_usage":[6,6,6,16,22],"damage_taken":[{"damage":0,"enemies":"2 Louse","floor":1,"turns":3},{"damage":0,"enemies":"Small Slimes","floor":3,"turns":4},{"damage":0,"enemies":"Cultist","floor":4,"turns":4},{"damage":24,"enemies":"Lagavulin","floor":6,"turns":7},{"damage":20,"enemies":"Gremlin Nob","floor":8,"turns":4},{"damage":1,"enemies":"Exordium Wildlife","floor":11,"turns":3},{"damage":8,"enemies":"Large Slime","floor":13,"turns":5},{"damage":22,"enemies":"Hexaghost","floor":16,"turns":10},{"damage":5,"enemies":"Shell Parasite","floor":18,"turns":4},{"damage":7,"enemies":"2 Thieves","floor":20,"turns":2},{"damage":5,"enemies":"Chosen and Byrds","floor":22,"turns":5},{"damage":0,"enemies":"Centurion and Healer","floor":28,"turns":3},{"damage":3,"enemies":"Gremlin Leader","floor":30,"turns":3},{"damage":0,"enemies":"3 Cultists","floor":31,"turns":4},{"damage":14,"enemies":"Automaton","floor":33,"turns":8},{"damage":0,"enemies":"3 Darklings","floor":35,"turns":5},{"damage":0,"enemies":"3 Shapes","floor":38,"turns":2},{"damage":2,"enemies":"Maw","floor":39,"turns":6},{"damage":0,"enemies":"Giant Head","floor":41,"turns":6},{"damage":0,"enemies":"Spire Growth","floor":42,"turns":3},{"damage":9,"enemies":"Nemesis","floor":44,"turns":7},{"damage":0,"enemies":"Jaw Worm Horde","floor":45,"turns":3},{"damage":2,"enemies":"Writhing Mass","floor":46,"turns":5},{"damage":0,"enemies":"4 Shapes","floor":47,"turns":5},{"damage":5,"enemies":"Giant Head","floor":48,"turns":6},{"damage":54,"enemies":"Time Eater","floor":50,"turns":4}],"seed_played":"-9117672646050621306","potions_obtained":[{"floor":3,"key":"EntropicBrew"},{"floor":11,"key":"Swift Potion"},{"floor":13,"key":"SteroidPotion"},{"floor":30,"key":"Energy Potion"},{"floor":31,"key":"Ancient Potion"},{"floor":33,"key":"Dexterity Potion"}],"is_trial":false,"path_per_floor":["M","?","M","M","?","E","R","E","T","?","M","R","M","$","R","B",null,"M","?","M","?","M","R","?","R","T","R","M","R","E","M","R","B",null,"M","?","?","M","M","R","E","M","T","E","M","M","M","E","R","B"],"character_chosen":"THE_SILENT","items_purchased":["Vajra"],"campfire_rested":4,"item_purchase_floors":[14],"current_hp_per_floor":[59,59,59,59,64,40,40,20,20,20,19,19,11,11,31,9,53,48,29,22,22,17,17,17,17,17,38,38,59,56,56,73,59,70,70,70,70,70,68,68,68,68,68,59,59,57,57,52,52,0,0],"gold":821,"neow_bonus":"THREE_RARE_CARDS","is_daily":false,"chose_seed":false,"campfire_upgraded":5,"win_rate":0.0,"timestamp":1614312227,"path_taken":["M","?","M","M","?","E","R","E","T","?","?","R","M","$","R","BOSS","M","?","M","?","M","R","?","R","T","R","M","R","E","M","R","BOSS","M","?","?","M","M","R","E","M","T","E","?","M","M","E","R","BOSS"],"items_purchased_type":["Relic"],"build_version":"2020-12-22","purchased_purges":1,"victory":false,"max_hp_per_floor":[66,63,63,63,68,68,68,68,68,68,68,68,68,68,68,68,68,68,73,73,73,73,73,73,73,73,73,73,73,73,73,73,73,73,73,73,73,73,73,73,73,73,73,73,73,73,73,73,73,73,73],"relic_stats":{"Sozu":1,"Mark of the Bloom":0,"Regal Pillow":0,"Lizard Tail":0,"counters":[26,121],"Ornamental Fan":[392],"Mummified Hand":[18],"Blue Candle":[0],"War Paint":["Blade Dance","Defend_G"],"obtain_stats":[{"Lantern":8,"Mark of the Bloom":36,"Regal Pillow":41,"Blue Candle":30,"Vajra":14,"War Paint":26,"Old Coin":48,"Sozu":34,"Lizard Tail":44,"WristBlade":17,"Ornamental Fan":6,"Mummified Hand":43,"Ring of the Snake":0},{"Lantern":5,"Mark of the Bloom":16,"Regal Pillow":19,"Blue Candle":13,"Vajra":7,"War Paint":11,"Old Coin":25,"Sozu":15,"Lizard Tail":21,"WristBlade":8,"Ornamental Fan":4,"Mummified Hand":20,"Ring of the Snake":0},{"Lantern":22,"Mark of the Bloom":74,"Regal Pillow":88,"Blue Candle":57,"Vajra":30,"War Paint":51,"Old Coin":117,"Sozu":69,"Lizard Tail":98,"WristBlade":40,"Ornamental Fan":18,"Mummified Hand":91,"Ring of the Snake":0}],"Ring of the Snake":[52]},"card_choices":[{"not_picked":["Wraith Form v2","Storm of Steel"],"picked":"Unload","floor":0},{"not_picked":["Heel Hook","Acrobatics"],"picked":"Crippling Poison","floor":1},{"not_picked":["Underhanded Strike","Quick Slash"],"picked":"Blade Dance","floor":3},{"not_picked":["Bane","Endless Agony"],"picked":"Leg Sweep","floor":4},{"not_picked":["Well Laid Plans","Flying Knee"],"picked":"Infinite Blades","floor":6},{"not_picked":["Deadly Poison","Flying Knee"],"picked":"Tools of the Trade","floor":8},{"not_picked":["Flying Knee","Quick Slash","Sucker Punch"],"picked":"SKIP","floor":11},{"not_picked":["Endless Agony","Underhanded Strike","Dagger Spray"],"picked":"SKIP","floor":13},{"not_picked":["Unload","Phantasmal Killer"],"picked":"Adrenaline","floor":16},{"not_picked":["Noxious Fumes","Outmaneuver"],"picked":"Blade Dance+1","floor":18},{"not_picked":["Predator","Blade Dance"],"picked":"Backstab","floor":20},{"not_picked":["Bouncing Flask","Poisoned Stab"],"picked":"Terror","floor":22},{"not_picked":["Deflect","Flying Knee"],"picked":"Blur","floor":28},{"not_picked":["Catalyst","Underhanded Strike"],"picked":"Deflect","floor":30},{"not_picked":["Well Laid Plans","Tools of the Trade"],"picked":"Blade Dance","floor":31},{"not_picked":["Grand Finale","Tools of the Trade"],"picked":"Corpse Explosion","floor":33},{"not_picked":["Quick Slash","Slice+1","Blade Dance"],"picked":"SKIP","floor":35},{"not_picked":["Bouncing Flask","Deadly Poison+1","Outmaneuver+1"],"picked":"SKIP","floor":38},{"not_picked":["Reflex","Backflip"],"picked":"Prepared+1","floor":39},{"not_picked":["Expertise","Slice"],"picked":"Acrobatics","floor":41},{"not_picked":["Quick Slash","Slice","Well Laid Plans"],"picked":"SKIP","floor":42},{"not_picked":["Terror","Predator","Glass Knife"],"picked":"SKIP","floor":44},{"not_picked":["Dagger Throw","Cloak And Dagger"],"picked":"PiercingWail","floor":45},{"not_picked":["Heel Hook","Predator"],"picked":"Caltrops","floor":46},{"not_picked":["Backflip","PiercingWail"],"picked":"A Thousand Cuts","floor":47},{"not_picked":["Choke","Cloak And Dagger"],"picked":"Finisher","floor":48}],"player_experience":5435723,"relics_obtained":[{"floor":6,"key":"Ornamental Fan"},{"floor":8,"key":"Lantern"},{"floor":26,"key":"War Paint"},{"floor":30,"key":"Blue Candle"},{"floor":41,"key":"Regal Pillow"},{"floor":43,"key":"Mummified Hand"},{"floor":44,"key":"Lizard Tail"},{"floor":48,"key":"Old Coin"}],"event_choices":[{"cards_removed":["Parasite"],"damage_healed":0,"gold_gain":0,"player_choice":"Forget","damage_taken":0,"max_hp_gain":0,"max_hp_loss":0,"event_name":"Living Wall","floor":2,"gold_loss":0},{"damage_healed":0,"gold_gain":0,"player_choice":"Donut","damage_taken":0,"max_hp_gain":5,"max_hp_loss":0,"event_name":"Big Fish","floor":5,"gold_loss":0},{"damage_healed":0,"gold_gain":0,"cards_transformed":["Strike_G"],"player_choice":"Transformed","damage_taken":0,"max_hp_gain":0,"max_hp_loss":0,"event_name":"Transmorgrifier","floor":10,"gold_loss":0,"cards_obtained":["Skewer"]},{"damage_healed":0,"gold_gain":0,"player_choice":"Shed Blood","damage_taken":24,"max_hp_gain":5,"max_hp_loss":0,"event_name":"Forgotten Altar","floor":19,"gold_loss":0},{"damage_healed":0,"gold_gain":0,"player_choice":"Ignored","damage_taken":0,"max_hp_gain":0,"max_hp_loss":0,"event_name":"Vampires","floor":21,"gold_loss":0},{"cards_removed":["Strike_G"],"damage_healed":0,"gold_gain":0,"player_choice":"Purged","damage_taken":0,"max_hp_gain":0,"max_hp_loss":0,"event_name":"Purifier","floor":24,"gold_loss":0},{"damage_healed":0,"gold_gain":0,"player_choice":"Upgrade","damage_taken":0,"relics_obtained":["Mark of the Bloom"],"max_hp_gain":0,"max_hp_loss":0,"event_name":"MindBloom","floor":36,"gold_loss":0,"cards_upgraded":["Strike_G","Strike_G","Defend_G","Defend_G","Defend_G","Defend_G","Survivor","Unload","Leg Sweep","Infinite Blades","Skewer","Adrenaline","Backstab","Blur","Deflect","Blade Dance","Corpse Explosion"]},{"damage_healed":0,"gold_gain":0,"player_choice":"Ignored","damage_taken":0,"max_hp_gain":0,"max_hp_loss":0,"event_name":"Tomb of Lord Red Mask","floor":37,"gold_loss":0}],"is_beta":false,"boss_relics":[{"not_picked":["Calling Bell","Fusion Hammer"],"picked":"WristBlade"},{"not_picked":["Busted Crown","Coffee Dripper"],"picked":"Sozu"}],"items_purged_floors":[14],"is_endless":false,"potions_floor_spawned":[3,11,13,30,31,33,35,38,42,47],"killed_by":"Time Eater","ascension_level":20}}