{"host":"mp4nw1ahnxiisuiw","time":1614356831,"event":{"mods":["AchievementEnabler","BaseMod","Better Note","Block Reminder","Colored Map","Colored Powertips","Curses Come First","DeckTracker","Dio Mod","Downfall","Hero for Fun","Highlight Path","HololiveMod","Koishi","Marisa????????","Minty Spire (QoL Compilation)","Permanent Neow","Quick Restart","Rare Cards Sparkle","Relic Sorter","Relic Stats","Remilia??????","Replay The Spire","Small Relic Pack","Spikes Relics","StSLib","Td1madao Mod","The Animator","The Bug Knight","The Senshi","Waifu the Spire","Wandering Minibosses"],"gold_per_floor":[110,126,126,126,146,146,173,173,198,211,211,211],"floor_reached":11,"language":"ENG","playtime":604,"items_purged":[],"score":77,"play_id":"a3efb4dc-adf4-464f-a3c0-377adacf15e1","local_time":"20210226172711","is_ascension_mode":true,"campfire_choices":[{"data":"Hello World","floor":6,"key":"SMITH"},{"data":"Cold Snap","floor":8,"key":"SMITH"}],"circlet_count":0,"master_deck":["Strike_B","Strike_B","Strike_B","Strike_B","Defend_B","Defend_B","Defend_B","Defend_B","Zap","Dualcast","Hello World+1","Cold Snap+1","Hologram","Conserve Battery","Capacitor"],"relics":["Black Star","relicPack:OneForAll","SpikesRelics:DaevaFist","Sundial"],"acts_visited":["Exordium"],"potions_floor_usage":[],"damage_taken":[{"damage":7,"enemies":"Jaw Worm","floor":1,"turns":5},{"damage":4,"enemies":"2 Louse","floor":2,"turns":4},{"damage":0,"enemies":"Small Slimes","floor":5,"turns":5},{"damage":9,"enemies":"Lagavulin","floor":7,"turns":6},{"damage":0,"enemies":"Looter","floor":10,"turns":4},{"damage":61,"enemies":"Gremlin Nob","floor":11,"turns":5}],"seed_played":"-6905468463661122990","potions_obtained":[{"floor":5,"key":"PowerPotion"}],"is_trial":false,"path_per_floor":["M","M","?","?","M","R","E","R","T","M","E"],"character_chosen":"DEFECT","items_purchased":[],"campfire_rested":0,"item_purchase_floors":[],"current_hp_per_floor":[68,64,64,64,64,64,55,55,55,55,0,0],"gold":211,"neow_bonus":"BOSS_RELIC","is_daily":false,"chose_seed":false,"campfire_upgraded":2,"win_rate":0.0,"timestamp":1614356831,"path_taken":["M","M","?","?","M","R","E","R","T","?","E"],"items_purchased_type":[],"build_version":"2020-12-22","purchased_purges":0,"victory":false,"max_hp_per_floor":[75,75,75,75,75,75,75,75,75,75,75,75],"relic_stats":{"counters":[6,29],"Sundial":[0],"Black Star":1,"obtain_stats":[{"relicPack:OneForAll":4,"Sundial":7,"Black Star":0,"SpikesRelics:DaevaFist":7,"Cracked Core":0},{"relicPack:OneForAll":2,"Sundial":4,"Black Star":0,"SpikesRelics:DaevaFist":4,"Cracked Core":0},{"relicPack:OneForAll":9,"Sundial":20,"Black Star":0,"SpikesRelics:DaevaFist":20,"Cracked Core":0}]},"card_choices":[{"not_picked":["Ball Lightning","BootSequence"],"picked":"Hello World","floor":1},{"not_picked":["Go for the Eyes","Ball Lightning"],"picked":"Cold Snap","floor":2},{"not_picked":["Doom and Gloom","ReplaySolidLightProjector"],"picked":"Hologram","floor":5},{"not_picked":["Undo","Reboot"],"picked":"Conserve Battery","floor":7},{"not_picked":["Consume","DiskWipe"],"picked":"Capacitor","floor":10}],"player_experience":146351,"relics_obtained":[{"floor":7,"key":"SpikesRelics:DaevaFist"},{"floor":7,"key":"Sundial"}],"event_choices":[{"damage_healed":0,"gold_gain":0,"player_choice":"Leave","damage_taken":0,"max_hp_gain":0,"max_hp_loss":0,"event_name":"The Cleric","floor":3,"gold_loss":0}],"is_beta":false,"boss_relics":[],"items_purged_floors":[],"is_endless":false,"potions_floor_spawned":[5],"killed_by":"Gremlin Nob","ascension_level":1}}