{"host":"pzi5ngddyemmtlbx","time":1614342215,"event":{"mods":["AchievementEnabler","BaseMod","Googly Eyes","Highlight Path","Minty Spire (QoL Compilation)","Permanent Neow"],"gold_per_floor":[99,99,99,99,49,49,49,49,49,49,49,49,49,49,49],"floor_reached":14,"language":"ENG","playtime":616,"items_purged":[],"score":140,"play_id":"df694edb-7c57-4f38-a6c1-1d2b12d7395a","local_time":"20210226072335","is_ascension_mode":true,"campfire_choices":[],"circlet_count":0,"master_deck":["AscendersBane","Strike_G","Strike_G","Strike_G","Strike_G","Strike_G","Defend_G","Defend_G","Defend_G","Defend_G","Survivor+1","Neutralize","Flying Knee","Outmaneuver","Dodge and Roll","Glass Knife","Leg Sweep","Doubt","Riddle With Holes"],"relics":["Ectoplasm","Lantern","Centennial Puzzle","Pen Nib"],"acts_visited":["Exordium"],"potions_floor_usage":[6,14,14],"damage_taken":[{"damage":0,"enemies":"Jaw Worm","floor":1,"turns":5},{"damage":2,"enemies":"Small Slimes","floor":3,"turns":4},{"damage":0,"enemies":"2 Louse","floor":4,"turns":2},{"damage":21,"enemies":"3 Sentries","floor":6,"turns":12},{"damage":0,"enemies":"Blue Slaver","floor":10,"turns":3},{"damage":2,"enemies":"2 Fungi Beasts","floor":13,"turns":3},{"damage":29,"enemies":"Lagavulin","floor":14,"turns":8}],"seed_played":"1376747585825247678","potions_obtained":[{"floor":1,"key":"CunningPotion"},{"floor":4,"key":"Weak Potion"},{"floor":13,"key":"ColorlessPotion"}],"is_trial":false,"path_per_floor":["M","?","M","M","?","E","?","$","T","M","?","$","M","E"],"character_chosen":"THE_SILENT","items_purchased":[],"campfire_rested":0,"item_purchase_floors":[],"current_hp_per_floor":[63,63,61,61,61,40,28,28,28,28,28,28,26,0,0],"gold":49,"neow_bonus":"BOSS_RELIC","is_daily":false,"chose_seed":false,"campfire_upgraded":0,"win_rate":0.0,"timestamp":1614342215,"path_taken":["M","?","M","M","?","E","?","?","T","M","?","?","M","E"],"items_purchased_type":[],"build_version":"2020-12-22","purchased_purges":0,"victory":false,"max_hp_per_floor":[70,70,70,70,70,70,70,70,70,70,70,70,70,70,70],"card_choices":[{"not_picked":["Blur","Masterful Stab"],"picked":"Flying Knee","floor":1},{"not_picked":["Bane","Underhanded Strike"],"picked":"Outmaneuver","floor":3},{"not_picked":["Blade Dance","Bane"],"picked":"Dodge and Roll","floor":4},{"not_picked":["Underhanded Strike","Bouncing Flask"],"picked":"Glass Knife","floor":6},{"not_picked":["Underhanded Strike","Dodge and Roll"],"picked":"Leg Sweep","floor":10},{"not_picked":["Acrobatics","Blur"],"picked":"Riddle With Holes","floor":13}],"player_experience":564800,"relics_obtained":[{"floor":6,"key":"Lantern"},{"floor":9,"key":"Pen Nib"}],"event_choices":[{"damage_healed":0,"gold_gain":0,"player_choice":"Grow","damage_taken":0,"max_hp_gain":0,"max_hp_loss":0,"event_name":"Living Wall","floor":2,"gold_loss":0,"cards_upgraded":["Survivor"]},{"cards_removed":["Defend_G"],"damage_healed":0,"gold_gain":0,"player_choice":"Card Removal","damage_taken":0,"max_hp_gain":0,"max_hp_loss":0,"event_name":"The Cleric","floor":5,"gold_loss":50},{"damage_healed":0,"gold_gain":0,"player_choice":"Success","damage_taken":12,"relics_obtained":["Centennial Puzzle"],"max_hp_gain":0,"max_hp_loss":0,"event_name":"Scrap Ooze","floor":7,"gold_loss":0},{"damage_healed":0,"gold_gain":175,"player_choice":"AGREE","damage_taken":0,"max_hp_gain":0,"max_hp_loss":0,"event_name":"Liars Game","floor":11,"gold_loss":0,"cards_obtained":["Doubt"]}],"is_beta":false,"boss_relics":[],"items_purged_floors":[],"is_endless":false,"potions_floor_spawned":[1,4,13],"killed_by":"Lagavulin","ascension_level":11}}