{"host":"3a5itcmwo6ddh3id","time":1614355248,"event":{"mods":["BaseMod","Colored Map","Colored Powertips","Minty Spire (QoL Compilation)","Relic Stats"],"gold_per_floor":[112,187,6,17,31,66,66,86,111,141,141,160,3,34,34,110,110,87,87,28,28,41,41,41],"floor_reached":23,"language":"ENG","playtime":1170,"items_purged":[],"score":418,"play_id":"04a853b9-1ac3-4837-91f4-bdeea377c612","local_time":"20210226100048","is_ascension_mode":true,"campfire_choices":[{"floor":7,"key":"REST"},{"floor":15,"key":"REST"}],"circlet_count":0,"master_deck":["AscendersBane","Strike_R","Strike_R","Strike_R","Strike_R","Defend_R","Defend_R","Defend_R","Defend_R","Bash","Heavy Blade","Metallicize","Hemokinesis","Sword Boomerang","Armaments","Feel No Pain","Uppercut","Havoc","Limit Break","Parasite","Shockwave","Dark Embrace","Corruption","Rage","Flex","True Grit"],"relics":["Burning Blood","PreservedInsect","Art of War","Lantern","Bronze Scales","Nunchaku","MealTicket","SlaversCollar"],"acts_visited":["Exordium","TheCity"],"potions_floor_usage":[10,16,16],"damage_taken":[{"damage":10,"enemies":"Small Slimes","floor":1,"turns":6},{"damage":3,"enemies":"2 Louse","floor":4,"turns":3},{"damage":9,"enemies":"Jaw Worm","floor":5,"turns":3},{"damage":31,"enemies":"Gremlin Nob","floor":6,"turns":4},{"damage":37,"enemies":"Exordium Thugs","floor":8,"turns":7},{"damage":12,"enemies":"3 Sentries","floor":10,"turns":5},{"damage":3,"enemies":"Large Slime","floor":12,"turns":7},{"damage":15,"enemies":"Lagavulin","floor":14,"turns":6},{"damage":19,"enemies":"Hexaghost","floor":16,"turns":8},{"damage":23,"enemies":"2 Thieves","floor":18,"turns":4},{"damage":30,"enemies":"Shell Parasite","floor":22,"turns":7},{"damage":54,"enemies":"Gremlin Leader","floor":23,"turns":5}],"seed_played":"-7048483860601306897","potions_obtained":[{"floor":1,"key":"LiquidBronze"},{"floor":8,"key":"Strength Potion"},{"floor":10,"key":"AttackPotion"}],"is_trial":false,"path_per_floor":["M","?","$","M","M","E","R","M","T","E","?","M","$","E","R","B",null,"M","?","$","$","M","E"],"character_chosen":"IRONCLAD","items_purchased":["Metallicize","Hemokinesis","Sword Boomerang","Nunchaku","Flex"],"campfire_rested":2,"item_purchase_floors":[3,3,3,13,20],"current_hp_per_floor":[64,53,53,56,53,28,50,19,19,13,31,34,34,25,47,34,65,48,48,63,75,51,0,0],"gold":41,"neow_bonus":"RANDOM_COMMON_RELIC","is_daily":false,"chose_seed":false,"campfire_upgraded":0,"win_rate":0.0,"timestamp":1614355248,"path_taken":["M","?","$","M","M","E","R","M","T","E","?","M","$","E","R","BOSS","M","?","?","$","M","E"],"items_purchased_type":["Card","Card","Card","Relic","Card"],"build_version":"2020-12-22","purchased_purges":0,"victory":false,"max_hp_per_floor":[75,75,75,75,75,75,75,75,75,75,75,75,75,75,75,75,75,75,75,75,75,75,75,75],"relic_stats":{"Nunchaku":[4],"counters":[12,65],"Bronze Scales":[101],"MealTicket":27,"PreservedInsect":130,"Art of War":[6],"obtain_stats":[{"SlaversCollar":17,"Lantern":9,"Nunchaku":13,"Bronze Scales":10,"MealTicket":14,"PreservedInsect":0,"Art of War":6,"Burning Blood":0},{"SlaversCollar":9,"Lantern":5,"Nunchaku":7,"Bronze Scales":6,"MealTicket":8,"PreservedInsect":0,"Art of War":4,"Burning Blood":0},{"SlaversCollar":49,"Lantern":23,"Nunchaku":35,"Bronze Scales":28,"MealTicket":41,"PreservedInsect":0,"Art of War":16,"Burning Blood":0}],"Burning Blood":66},"card_choices":[{"not_picked":["Rage","Clash"],"picked":"Heavy Blade","floor":1},{"not_picked":["Havoc","Wild Strike"],"picked":"Armaments","floor":4},{"not_picked":["Metallicize","Headbutt"],"picked":"Feel No Pain","floor":5},{"not_picked":["Twin Strike","Hemokinesis"],"picked":"Uppercut","floor":6},{"not_picked":["Reckless Charge","Headbutt"],"picked":"Havoc","floor":8},{"not_picked":["Bloodletting","Pommel Strike"],"picked":"Limit Break","floor":10},{"not_picked":["Havoc","Twin Strike"],"picked":"Shockwave","floor":12},{"not_picked":["Dropkick","Clothesline"],"picked":"Dark Embrace","floor":14},{"not_picked":["Demon Form","Immolate"],"picked":"Corruption","floor":16},{"not_picked":["Wild Strike","Anger+1","Heavy Blade"],"picked":"SKIP","floor":18},{"not_picked":["Iron Wave+1","Perfected Strike"],"picked":"True Grit","floor":22}],"player_experience":1149132,"relics_obtained":[{"floor":6,"key":"Art of War"},{"floor":9,"key":"Lantern"},{"floor":10,"key":"Bronze Scales"},{"floor":14,"key":"MealTicket"}],"event_choices":[{"damage_healed":0,"gold_gain":75,"player_choice":"Gather Gold","damage_taken":11,"max_hp_gain":0,"max_hp_loss":0,"event_name":"World of Goop","floor":2,"gold_loss":0},{"damage_healed":18,"gold_gain":0,"player_choice":"Healed and dodged fight","damage_taken":0,"max_hp_gain":0,"max_hp_loss":0,"event_name":"Mushrooms","floor":11,"gold_loss":0,"cards_obtained":["Parasite"]},{"damage_healed":0,"gold_gain":0,"cards_transformed":["Strike_R"],"player_choice":"Transformed","damage_taken":0,"max_hp_gain":0,"max_hp_loss":0,"event_name":"Transmorgrifier","floor":19,"gold_loss":0,"cards_obtained":["Rage"]}],"is_beta":false,"boss_relics":[{"not_picked":["Runic Dome","Calling Bell"],"picked":"SlaversCollar"}],"items_purged_floors":[],"is_endless":false,"potions_floor_spawned":[1,8,10,12],"killed_by":"Gremlin Leader","ascension_level":20}}