{"host":"o43njuct9nttyauw","time":1614318265,"event":{"mods":["AchievementEnabler","BaseMod","Colored Powertips","Minty Spire (QoL Compilation)","Quick Restart","Rare Cards Sparkle","Relic Stats","StSLib"],"gold_per_floor":[109,123,135,135,153,188,188,188,212,229,245,257,257,289,289,387,387,402,418,435,445,460,485,485,485,485],"floor_reached":25,"language":"ENG","playtime":2588,"items_purged":[],"score":364,"play_id":"3153d0be-61e3-4719-9d62-602bceabc985","local_time":"20210225234425","is_ascension_mode":false,"campfire_choices":[{"data":"Armaments","floor":7,"key":"SMITH"},{"data":"Flex","floor":15,"key":"SMITH"},{"data":"Barricade","floor":24,"key":"SMITH"}],"circlet_count":0,"master_deck":["Strike_R","Strike_R","Strike_R","Defend_R","Defend_R","Defend_R","Bash","Shrug It Off","Dropkick","Clothesline","Sword Boomerang","Headbutt","Flex+1","Armaments+1","Pommel Strike","Shrug It Off","Juggernaut","Barricade+1","Ghostly Armor","Entrench","Battle Trance+1","Shrug It Off","Reaper"],"relics":["Burning Blood","Nunchaku","Orichalcum","Oddly Smooth Stone","Black Star","Regal Pillow","Torii"],"acts_visited":["Exordium","TheCity"],"potions_floor_usage":[14,16,20,20,20,21,23,23,23],"damage_taken":[{"damage":7,"enemies":"2 Louse","floor":1,"turns":3},{"damage":3,"enemies":"Jaw Worm","floor":2,"turns":2},{"damage":0,"enemies":"Small Slimes","floor":3,"turns":3},{"damage":0,"enemies":"Exordium Wildlife","floor":5,"turns":2},{"damage":40,"enemies":"3 Sentries","floor":6,"turns":10},{"damage":7,"enemies":"Red Slaver","floor":10,"turns":4},{"damage":2,"enemies":"Blue Slaver","floor":11,"turns":3},{"damage":0,"enemies":"Exordium Wildlife","floor":12,"turns":2},{"damage":0,"enemies":"Gremlin Nob","floor":14,"turns":2},{"damage":40,"enemies":"Hexaghost","floor":16,"turns":10},{"damage":12,"enemies":"Spheric Guardian","floor":18,"turns":8},{"damage":5,"enemies":"Chosen","floor":19,"turns":4},{"damage":18,"enemies":"Snecko","floor":20,"turns":4},{"damage":20,"enemies":"Snake Plant","floor":21,"turns":9},{"damage":31,"enemies":"Shelled Parasite and Fungi","floor":22,"turns":14},{"damage":15,"enemies":"Book of Stabbing","floor":23,"turns":8},{"damage":59,"enemies":"Gremlin Leader","floor":25,"turns":5}],"seed_played":"-5885161462584193345","potions_obtained":[{"floor":6,"key":"SteroidPotion"},{"floor":12,"key":"BlessingOfTheForge"},{"floor":14,"key":"SteroidPotion"},{"floor":16,"key":"EntropicBrew"},{"floor":19,"key":"SteroidPotion"},{"floor":21,"key":"LiquidBronze"},{"floor":22,"key":"BloodPotion"}],"is_trial":false,"path_per_floor":["M","M","M","?","M","E","R","?","T","M","M","M","?","E","R","B",null,"M","M","M","M","M","E","R","E"],"character_chosen":"IRONCLAD","items_purchased":[],"campfire_rested":0,"item_purchase_floors":[],"current_hp_per_floor":[55,58,64,69,75,41,41,34,34,33,37,43,43,49,49,15,85,79,80,68,54,29,37,37,0,0],"gold":485,"neow_bonus":"TRANSFORM_TWO_CARDS","is_daily":false,"chose_seed":false,"campfire_upgraded":3,"win_rate":0.0,"timestamp":1614318265,"path_taken":["M","M","M","?","M","E","R","?","T","M","M","M","?","E","R","BOSS","M","M","M","M","M","E","R","E"],"items_purchased_type":[],"build_version":"2020-12-22","purchased_purges":0,"victory":false,"max_hp_per_floor":[80,80,80,85,85,85,85,85,85,85,85,85,85,85,85,85,85,85,85,85,85,85,85,85,85,85],"relic_stats":{"Nunchaku":[8],"Regal Pillow":0,"Torii":0,"counters":[17,93],"Black Star":1,"Orichalcum":[66],"obtain_stats":[{"Nunchaku":6,"Regal Pillow":23,"Torii":23,"Oddly Smooth Stone":14,"Black Star":17,"Orichalcum":9,"Burning Blood":0},{"Nunchaku":5,"Regal Pillow":16,"Torii":16,"Oddly Smooth Stone":9,"Black Star":10,"Orichalcum":5,"Burning Blood":0},{"Nunchaku":20,"Regal Pillow":88,"Torii":88,"Oddly Smooth Stone":31,"Black Star":41,"Orichalcum":20,"Burning Blood":0}],"Burning Blood":96},"card_choices":[{"not_picked":["Sword Boomerang","Pommel Strike"],"picked":"Clothesline","floor":1},{"not_picked":["True Grit","Seeing Red"],"picked":"Sword Boomerang","floor":2},{"not_picked":["Clash","Flex"],"picked":"Headbutt","floor":3},{"not_picked":["Reckless Charge","Sever Soul"],"picked":"Flex","floor":5},{"not_picked":["Cleave","Perfected Strike"],"picked":"Armaments","floor":6},{"not_picked":["Berserk","Clash"],"picked":"Pommel Strike","floor":10},{"not_picked":["Thunderclap","Flex","Cleave"],"picked":"SKIP","floor":11},{"not_picked":["True Grit","Clothesline"],"picked":"Shrug It Off","floor":12},{"not_picked":["Armaments","Flex"],"picked":"Juggernaut","floor":14},{"not_picked":["Offering","Impervious"],"picked":"Barricade","floor":16},{"not_picked":["Sword Boomerang","Armaments+1"],"picked":"Ghostly Armor","floor":18},{"not_picked":["Inflame","Combust"],"picked":"Entrench","floor":19},{"not_picked":["Pommel Strike","Reckless Charge"],"picked":"Battle Trance+1","floor":20},{"not_picked":["Perfected Strike+1","Clash"],"picked":"Shrug It Off","floor":21},{"not_picked":["Pommel Strike","Hemokinesis","Rupture+1"],"picked":"SKIP","floor":22},{"not_picked":["Anger","Pommel Strike"],"picked":"Reaper","floor":23}],"player_experience":5402,"relics_obtained":[{"floor":6,"key":"Nunchaku"},{"floor":9,"key":"Orichalcum"},{"floor":14,"key":"Oddly Smooth Stone"},{"floor":23,"key":"Regal Pillow"},{"floor":23,"key":"Torii"}],"event_choices":[{"damage_healed":0,"gold_gain":0,"player_choice":"Donut","damage_taken":0,"max_hp_gain":5,"max_hp_loss":0,"event_name":"Big Fish","floor":4,"gold_loss":0},{"cards_removed":["Strike_R"],"damage_healed":0,"gold_gain":0,"player_choice":"Card Removal","damage_taken":7,"max_hp_gain":0,"max_hp_loss":0,"event_name":"Golden Wing","floor":8,"gold_loss":0},{"damage_healed":0,"gold_gain":0,"player_choice":"Ignored","damage_taken":0,"max_hp_gain":0,"max_hp_loss":0,"event_name":"Liars Game","floor":13,"gold_loss":0}],"is_beta":false,"boss_relics":[{"not_picked":["Tiny House","Cursed Key"],"picked":"Black Star"}],"items_purged_floors":[],"is_endless":false,"potions_floor_spawned":[6,12,14,16,19,21,22],"killed_by":"Gremlin Leader","ascension_level":0}}