{"host":"7wwmf5ihvdzput8s","time":1614331014,"event":{"mods":["BaseMod","Minty Spire (QoL Compilation)","Quick Restart","Replay The Spire","StSLib","UnlockEverythingMod"],"gold_per_floor":[115,115,181,256,181,208,225,225,225,265,265,308,44,84,84,177,177,199,199,199,199,221,221,267,313,313,347,399,452,498,544,544,636,636,654,437,437,227,276,344,344,344,369,369,411,446,481,502,502,530,542],"floor_reached":52,"language":"ZHS","playtime":620,"items_purged":["Quick Slash","FlyingSleeves"],"score":2629,"play_id":"372af81a-0e51-4d53-817b-ee4503e90004","local_time":"20210226171654","daily_mods":["SealedDeck","Vintage","Green Cards","Purple Cards","Heirloom","Time Dilation","Flight","DeadlyEvents","Elite Swarm","Lethality","Night Terrors"],"is_ascension_mode":true,"campfire_choices":[{"data":"Offering","floor":15.0,"key":"SMITH"},{"data":"Flex","floor":23.0,"key":"SMITH"},{"data":"Quick Slash","floor":41.0,"key":"PURGE"},{"data":"Reaper","floor":42.0,"key":"SMITH"},{"data":"CrushJoints","floor":49,"key":"PURGE"}],"circlet_count":0,"master_deck":["AscendersBane","ReplayTheSpireMod:Muscle Training+1","FollowUp","CutThroughFate","Heavy Blade","Tantrum","Flex+1","Ragnarok+1","Offering+1","Reaper+1","Ragnarok+1","Flex+1","Pot Of Greed","Pot Of Greed"],"relics":["Unceasing Top","Ice Cream","Bottled Flame","StrikeDummy","Vajra","NeowsBlessing","Replay:Bandana","Pocketwatch","Smiling Mask","Replay:Bottled Eggs","Iron Hammer","Coffee Dripper","Centennial Puzzle","Turnip","FossilizedHelix","ReplayTheSpireMod:TigerMarble","Replay:Multitool","Replay:Bottled Steam","Mango","Eternal Feather","Meat on the Bone","Bag of Preparation","ReplayTheSpireMod:DimensionalGlitch","Regal Pillow","DollysMirror","Nunchaku","Lantern","Happy Flower","Art of War","Replay:Bottled Snecko","Grinning Jar","Frozen Egg 2"],"acts_visited":["Exordium","TheCity","TheBeyond"],"potions_floor_usage":[],"damage_taken":[{"damage":1.0,"enemies":"Jaw Worm","floor":1.0,"turns":1.0},{"damage":1.0,"enemies":"Lagavulin","floor":6.0,"turns":2.0},{"damage":0.0,"enemies":"Small Slimes","floor":7.0,"turns":1.0},{"damage":0.0,"enemies":"Gremlin Nob","floor":10.0,"turns":1.0},{"damage":0.0,"enemies":"Lagavulin","floor":12.0,"turns":2.0},{"damage":1.0,"enemies":"Gremlin Nob","floor":14.0,"turns":1.0},{"damage":7.0,"enemies":"The Guardian","floor":16.0,"turns":1.0},{"damage":7.0,"enemies":"Spheric Guardian","floor":18.0,"turns":1.0},{"damage":0.0,"enemies":"Shell Parasite","floor":22.0,"turns":1.0},{"damage":6.0,"enemies":"Book of Stabbing","floor":24.0,"turns":1.0},{"damage":0.0,"enemies":"Slavers","floor":25.0,"turns":1.0},{"damage":6.0,"enemies":"Gremlin Leader","floor":27.0,"turns":1.0},{"damage":0.0,"enemies":"Slavers","floor":28.0,"turns":1.0},{"damage":0.0,"enemies":"Book of Stabbing","floor":29.0,"turns":1.0},{"damage":6.0,"enemies":"Slavers","floor":30.0,"turns":1.0},{"damage":0.0,"enemies":"Gremlin Leader","floor":31.0,"turns":1.0},{"damage":0.0,"enemies":"Collector","floor":33.0,"turns":1.0},{"damage":0.0,"enemies":"Orb Walker","floor":35.0,"turns":1.0},{"damage":0.0,"enemies":"R_Hoarder","floor":39.0,"turns":1.0},{"damage":0.0,"enemies":"Giant Head","floor":40.0,"turns":2.0},{"damage":0.0,"enemies":"Nemesis","floor":45.0,"turns":1.0},{"damage":0,"enemies":"R_Hoarder","floor":46,"turns":1},{"damage":0,"enemies":"Giant Head","floor":47,"turns":1},{"damage":0,"enemies":"3 Darklings","floor":48,"turns":1},{"damage":4,"enemies":"Donu and Deca","floor":50,"turns":1},{"damage":11,"enemies":"Replay:Hell Engine","floor":51,"turns":1}],"seed_played":"2473464324624134720","potions_obtained":[{"floor":1.0,"key":"SkillPotion"},{"floor":6.0,"key":"BloodPotion"},{"floor":14.0,"key":"Adrenaline Potion"},{"floor":24.0,"key":"Toxic Potion"},{"floor":28.0,"key":"Strength Potion"},{"floor":39.0,"key":"Adrenaline Potion"}],"is_trial":true,"path_per_floor":["M","$","?","?","$","E","M","WH","T","E","$","E","$","E","R","B",null,"M","?","WH","?","M","R","E","E","T","E","E","E","E","E","R","B",null,"M","$","?","$","E","E","R","R","T","?","E","E","E","M","R","B","B",null],"character_chosen":"IRONCLAD","items_purchased":["Replay:Bottled Eggs","DollysMirror","Flex","Nunchaku"],"campfire_rested":0,"item_purchase_floors":[13,36,36,38],"current_hp_per_floor":[67,67,67,56,56,55,70,70,70,70,70,70,70,69,69,62,72,65,65,72,72,72,72,66,66,66,60,74,74,68,71,77,77,94,94,94,94,94,94,99,99,99,99,91,91,91,91,91,99,95,84],"gold":542,"neow_bonus":"TEN_PERCENT_HP_BONUS","is_daily":false,"chose_seed":false,"campfire_upgraded":3,"win_rate":0.0,"timestamp":1614331014,"path_taken":["M","$","?","?","?","E","?","WH","T","E","$","?","$","E","R","BOSS","M","?","WH","?","?","R","E","E","T","E","E","E","?","?","R","BOSS","M","$","?","$","?","E","R","R","T","?","E","E","?","?","R","BOSS","BOSS"],"items_purchased_type":["Relic","Relic","Card","Relic"],"build_version":"2020-12-22","purchased_purges":2,"victory":true,"max_hp_per_floor":[75,75,75,75,75,75,75,75,75,75,75,75,75,75,75,75,75,75,75,82,82,82,82,82,82,82,82,96,96,96,99,99,99,99,99,99,99,99,99,99,99,99,99,99,99,99,99,99,99,99,99],"card_choices":[{"not_picked":["ReplayTheSpireMod:From All Sides","Replay:AllIn","Exhume"],"picked":"SKIP","floor":6.0},{"not_picked":["Wraith Form v2","Barricade"],"picked":"Ragnarok","floor":10.0},{"not_picked":["Impervious","Establishment","Devotion"],"picked":"SKIP","floor":12.0},{"not_picked":["Brilliance","Bludgeon"],"picked":"Offering","floor":14.0},{"not_picked":["Bludgeon","ConjureBlade","Atom Bomb"],"picked":"SKIP","floor":24.0},{"not_picked":["Replay:LoomingThreat","Alpha","Replay:AllIn"],"picked":"SKIP","floor":25.0},{"not_picked":["Phantasmal Killer","Omniscience","Impervious"],"picked":"SKIP","floor":27.0},{"not_picked":["Corpse Explosion","Reaper","Judgement"],"picked":"SKIP","floor":28.0},{"not_picked":["Burst","SpiritShield","Storm of Steel"],"picked":"SKIP","floor":29.0},{"not_picked":["ConjureBlade","After Image","MasterReality"],"picked":"SKIP","floor":30.0},{"not_picked":["Judgement","Malaise","Reaper"],"picked":"SKIP","floor":31.0},{"not_picked":["Judgement","Malaise"],"picked":"Reaper","floor":31.0},{"not_picked":["After Image","Replay:AllIn","ReplayTheSpireMod:Necrosis"],"picked":"SKIP","floor":39.0},{"not_picked":["Replay:Bag of Tricks","Doppelganger","Envenom"],"picked":"SKIP","floor":40.0},{"not_picked":["Wish","Feed","Double Tap"],"picked":"SKIP","floor":45},{"not_picked":["Tools of the Trade","Alpha","Envenom"],"picked":"SKIP","floor":46},{"not_picked":["Wish","Brutality","Glass Knife"],"picked":"SKIP","floor":47}],"player_experience":86878,"relics_obtained":[{"floor":1.0,"key":"Bottled Flame"},{"floor":6.0,"key":"StrikeDummy"},{"floor":7.0,"key":"Vajra"},{"floor":9.0,"key":"Replay:Bandana"},{"floor":10.0,"key":"Pocketwatch"},{"floor":12.0,"key":"Smiling Mask"},{"floor":14.0,"key":"Iron Hammer"},{"floor":18.0,"key":"Centennial Puzzle"},{"floor":22.0,"key":"Turnip"},{"floor":24.0,"key":"FossilizedHelix"},{"floor":25.0,"key":"ReplayTheSpireMod:TigerMarble"},{"floor":26.0,"key":"Replay:Multitool"},{"floor":27.0,"key":"Replay:Bottled Steam"},{"floor":28.0,"key":"Mango"},{"floor":29.0,"key":"Eternal Feather"},{"floor":30.0,"key":"Meat on the Bone"},{"floor":31.0,"key":"Bag of Preparation"},{"floor":35.0,"key":"Regal Pillow"},{"floor":39.0,"key":"Lantern"},{"floor":40.0,"key":"Happy Flower"},{"floor":43.0,"key":"Art of War"},{"floor":46,"key":"Replay:Bottled Snecko"},{"floor":47,"key":"Grinning Jar"},{"floor":48,"key":"Frozen Egg 2"}],"event_choices":[{"damage_healed":0.0,"max_hp_gain":0.0,"max_hp_loss":0.0,"gold_gain":66.0,"event_name":"Golden Wing","player_choice":"Gained Gold","floor":3.0,"gold_loss":0.0,"damage_taken":0.0},{"damage_healed":0.0,"max_hp_gain":0.0,"max_hp_loss":0.0,"gold_gain":75.0,"event_name":"World of Goop","player_choice":"Gather Gold","floor":4.0,"gold_loss":0.0,"damage_taken":11.0},{"damage_healed":0.0,"max_hp_gain":0.0,"max_hp_loss":0.0,"gold_gain":0.0,"event_name":"Ghosts","player_choice":"Ignored","floor":19.0,"gold_loss":0.0,"damage_taken":0.0},{"damage_healed":0.0,"max_hp_gain":0.0,"max_hp_loss":0.0,"gold_gain":0.0,"event_name":"Vampires","player_choice":"Ignored","floor":21.0,"gold_loss":0.0,"damage_taken":0.0},{"damage_healed":0.0,"max_hp_gain":0.0,"max_hp_loss":0.0,"gold_gain":0.0,"event_name":"Accursed Blacksmith","player_choice":"Forge","floor":37.0,"gold_loss":0.0,"damage_taken":0.0,"cards_upgraded":["Flex"]},{"damage_healed":0.0,"max_hp_gain":0.0,"max_hp_loss":0.0,"gold_gain":0.0,"event_name":"The Woman in Blue","player_choice":"Bought 0 Potions","floor":44.0,"gold_loss":0.0,"damage_taken":0.0}],"is_beta":false,"boss_relics":[{"not_picked":["Replay:Bronze Core","Cursed Key"],"picked":"Coffee Dripper"},{"not_picked":["Tiny House","Ring of Chaos"],"picked":"ReplayTheSpireMod:DimensionalGlitch"}],"items_purged_floors":[5,38],"is_endless":false,"potions_floor_spawned":[1,6,14,24,28,30,33,35,39,45,48],"ascension_level":20}}