{"host":"sxnl403xm2xmiyj1","time":1614309959,"event":{"mods":["BaseMod","Colored Map","Keyboard Shortcuts","Koishi","Minty Spire (QoL Compilation)","Quick Restart","StSLib","SuperFastMode"],"gold_per_floor":[110,385,400,68,78,78,78],"floor_reached":6,"language":"KOR","playtime":73,"items_purged":["Regret"],"score":72,"play_id":"5867a1c5-7d12-4bfa-ab96-55f262792515","local_time":"20210226122559","is_ascension_mode":true,"campfire_choices":[],"circlet_count":0,"master_deck":["AscendersBane","Koishi:BasicStrike","Koishi:BasicStrike","Koishi:BasicStrike","Koishi:BasicStrike","Koishi:BasicDefend","Koishi:BasicDefend","Koishi:BasicDefend","Koishi:BasicDefend","Koishi:Provoke","Koishi:HauntingSlash","Koishi:SubconsciousSweep","Koishi:TremblingHands","Koishi:FreudianInstinct","Koishi:UnconsciousUprising","Koishi:SubterraneanRose"],"relics":["Koishi:ImaginaryFriend","NeowsBlessing","Lantern"],"acts_visited":["Exordium"],"potions_floor_usage":[6],"damage_taken":[{"damage":0,"enemies":"2 Louse","floor":1,"turns":1},{"damage":0,"enemies":"Cultist","floor":3,"turns":1},{"damage":0,"enemies":"Small Slimes","floor":5,"turns":1},{"damage":32,"enemies":"Gremlin Nob","floor":6,"turns":5}],"seed_played":"1435112484100647321","potions_obtained":[{"floor":5,"key":"Energy Potion"}],"is_trial":false,"path_per_floor":["M","?","M","$","M","E"],"character_chosen":"KOISHI","items_purchased":["Koishi:FreudianInstinct","Koishi:UnconsciousUprising","Lantern"],"campfire_rested":0,"item_purchase_floors":[4,4,4],"current_hp_per_floor":[51,51,51,51,51,19,19],"gold":78,"neow_bonus":"THREE_ENEMY_KILL","is_daily":false,"chose_seed":false,"campfire_upgraded":0,"win_rate":0.0,"timestamp":1614309959,"path_taken":["M","?","?","$","M","E"],"items_purchased_type":["Card","Card","Relic"],"build_version":"2020-12-22","purchased_purges":1,"victory":false,"max_hp_per_floor":[57,57,57,57,57,57,57],"card_choices":[{"not_picked":["Koishi:ReflexRadar","Koishi:GeneticsOfTheUnconscious"],"picked":"Koishi:SubconsciousSweep","floor":1},{"not_picked":["Koishi:UnconsciousUrges","Koishi:Whimsy"],"picked":"Koishi:TremblingHands","floor":3},{"not_picked":["Koishi:EmbersOfLove","Koishi:FleetingPhantom"],"picked":"Koishi:SubterraneanRose","floor":5}],"player_experience":288953,"relics_obtained":[],"event_choices":[{"damage_healed":0,"gold_gain":275,"player_choice":"Desecrate","damage_taken":0,"max_hp_gain":0,"max_hp_loss":0,"event_name":"Golden Shrine","floor":2,"gold_loss":0,"cards_obtained":["Regret"]}],"is_beta":false,"boss_relics":[],"items_purged_floors":[4],"is_endless":false,"potions_floor_spawned":[5],"killed_by":"Gremlin Nob","ascension_level":20}}