{"host":"df48i9djcn92c5sx","time":1614347869,"event":{"mods":["Act Like it!","Arknights","BaseMod","Decade(王小明)","Downfall","Gensokyo","Marisa（F雨　魔理沙）","Minty Spire (QoL Compilation)","READ ME - Guardian Mod","READ ME - Snecko Mod","Reimu（博丽灵梦）","Remilia（蕾米莉亚）","Shop Mod","StSLib","The Jungle","The Servant 0.9.4"],"gold_per_floor":[99,99,99,99,63,75,75,75,91,191,191,202,202,202,218,316,316,316,333,345,355,355,355,355,374,334,368,388,338,248,275,295,295,295,295],"floor_reached":33,"language":"ZHS","playtime":1228,"items_purged":["Lust_TH"],"score":371,"play_id":"00ec0641-da49-4d55-b50b-ed98f5896816","local_time":"20210226215749","is_ascension_mode":true,"campfire_choices":[{"data":"Guardian:TwinSlam","floor":1.0,"key":"SMITH"},{"data":"Guardian:MultiBeam","floor":8.0,"key":"SMITH"},{"data":"Guardian:GatlingBeam","floor":11.0,"key":"SMITH"},{"data":"Guardian:ShieldSpikes","floor":13.0,"key":"SMITH"},{"data":"Guardian:AncientConstruct","floor":18.0,"key":"SMITH"},{"data":"Guardian:Preprogram","floor":23.0,"key":"SMITH"}],"circlet_count":0,"master_deck":["Guardian:Strike_Guardian","Guardian:Strike_Guardian","Guardian:Strike_Guardian","Guardian:Defend_Guardian","Guardian:Defend_Guardian","Guardian:Defend_Guardian","Guardian:Defend_Guardian","Guardian:CurlUp+1","Guardian:TwinSlam+1","Guardian:MultiBeam+1","Guardian:BronzeOrb+1","Guardian:ShieldSpikes+1","Guardian:GatlingBeam+1","Guardian:Preprogram+1","Guardian:AncientConstruct+1","Guardian:Gem_Blue","Guardian:TimeBomb+1","Guardian:BodySlam+1","ZunPunch:ReiMu","Guardian:RevengeProtocol","Guardian:Gem_Fragmented","Guardian:PrismaticBeam","Guardian:PolyBeam"],"relics":["Guardian:ModeShifter","downfall:HeartsMalice","Coffee Dripper","Mercury Hourglass","champ:DeflectingBracers","Centennial Puzzle"],"acts_visited":["Exordium","TheCity"],"potions_floor_usage":[32,32],"damage_taken":[{"damage":0.0,"enemies":"Small Slimes","floor":3.0,"turns":1.0},{"damage":0.0,"enemies":"Cultist","floor":4.0,"turns":1.0},{"damage":0.0,"enemies":"downfall:FleeingMerchant","floor":5.0,"turns":1.0},{"damage":4.0,"enemies":"2 Louse","floor":6.0,"turns":2.0},{"damage":21.0,"enemies":"Blue Slaver","floor":9.0,"turns":4.0},{"damage":0.0,"enemies":"Lots of Slimes","floor":12.0,"turns":1.0},{"damage":9.0,"enemies":"Exordium Thugs","floor":15.0,"turns":4.0},{"damage":34.0,"enemies":"DF_ARCHETYPE_STREAMLINE","floor":16.0,"turns":9.0},{"damage":4.0,"enemies":"3 Byrds","floor":19.0,"turns":5.0},{"damage":0.0,"enemies":"Spheric Guardian","floor":20.0,"turns":4.0},{"damage":9.0,"enemies":"Centurion and Healer","floor":21.0,"turns":5.0},{"damage":12.0,"enemies":"Snake Plant","floor":25.0,"turns":4.0},{"damage":23.0,"enemies":"Book of Stabbing","floor":27.0,"turns":7.0},{"damage":0.0,"enemies":"Cultist and Chosen","floor":28.0,"turns":5.0},{"damage":0.0,"enemies":"downfall:FleeingMerchant","floor":30.0,"turns":4.0},{"damage":20.0,"enemies":"Gremlin Leader","floor":31.0,"turns":4.0},{"damage":0,"enemies":"Centurion and Healer","floor":32,"turns":3},{"damage":24,"enemies":"SI_MIRROR_ARCHETYPE","floor":33,"turns":8}],"seed_played":"1266385105468236264","potions_obtained":[{"floor":6.0,"key":"EssenceOfSteel"},{"floor":9.0,"key":"Dexterity Potion"},{"floor":15.0,"key":"Energy Potion"},{"floor":19.0,"key":"BlessingOfTheForge"},{"floor":28.0,"key":"FearPotion"},{"floor":31.0,"key":"Fire Potion"}],"is_trial":false,"path_per_floor":["R","?","M","M","$","M","T","R","M","?","R","M","R","?","M","B",null,"R","M","M","M","?","R","T","M","?","E","M","?","$","E","M","B"],"character_chosen":"GUARDIAN","items_purchased":["Guardian:BronzeOrb"],"campfire_rested":0,"item_purchase_floors":[5],"current_hp_per_floor":[72,72,72,72,72,68,68,68,47,47,47,47,47,47,38,4,61,61,57,57,48,48,48,48,36,36,13,13,43,43,23,23,0,0,0],"gold":295,"neow_bonus":"THREE_ENEMY_KILL","is_daily":false,"chose_seed":false,"campfire_upgraded":6,"win_rate":0.0,"timestamp":1614347869,"path_taken":["R","?","?","M","$","M","T","R","M","?","R","M","R","?","M","BOSS","R","M","M","M","?","R","T","M","?","E","M","?","$","E","M","BOSS"],"items_purchased_type":["Card"],"build_version":"2020-12-22","purchased_purges":1,"victory":false,"max_hp_per_floor":[80,80,80,80,80,80,80,80,80,80,80,80,80,80,80,80,80,80,80,80,80,80,80,80,80,80,80,80,80,80,80,80,80,80,80],"card_choices":[{"not_picked":["Guardian:TemporalShield","Guardian:PrimingBeam"],"picked":"Guardian:MultiBeam","floor":3.0},{"not_picked":["Guardian:Reroute","Guardian:Recover","Guardian:FuturePlans"],"picked":"SKIP","floor":4.0},{"not_picked":["Guardian:ShieldSpikes","Guardian:DecasProtection"],"picked":"Guardian:Gem_Blue","floor":5.0},{"not_picked":["Guardian:MultiBeam","Guardian:WalkerClaw"],"picked":"Guardian:ShieldSpikes","floor":6.0},{"not_picked":["Guardian:Gem_Green","Guardian:PrimingBeam"],"picked":"Guardian:GatlingBeam","floor":9.0},{"not_picked":["Guardian:TimeBomb","Guardian:Planning"],"picked":"Guardian:Gem_Crimson","floor":12.0},{"not_picked":["Guardian:Incinerate","Guardian:WalkerClaw"],"picked":"Guardian:Preprogram","floor":15.0},{"not_picked":["Guardian:SphericShield","Guardian:GatlingBeam"],"picked":"Guardian:AncientConstruct","floor":16.0},{"not_picked":["Guardian:Planning","Guardian:Suspension"],"picked":"Guardian:Gem_Blue","floor":19.0},{"not_picked":["Guardian:Gem_Green","Guardian:ShieldSpikes"],"picked":"Guardian:Gem_Yellow","floor":20.0},{"not_picked":["Guardian:FuturePlans","Guardian:TemporalStrike"],"picked":"Guardian:TimeBomb+1","floor":21.0},{"not_picked":["Guardian:ShieldCharger","Guardian:Gem_Red"],"picked":"Guardian:BodySlam+1","floor":25.0},{"not_picked":["Guardian:Gem_Synthetic","Guardian:PrimingBeam"],"picked":"Guardian:RevengeProtocol","floor":27.0},{"not_picked":["Guardian:Suspension","Guardian:TemporalStrike","Guardian:Planning"],"picked":"SKIP","floor":28.0},{"not_picked":["Guardian:Planning+1","Guardian:PrimingBeam"],"picked":"Guardian:Gem_Fragmented","floor":30.0},{"not_picked":["Guardian:TemporalShield","Guardian:Gem_Fragmented"],"picked":"Guardian:PrismaticBeam","floor":31.0},{"not_picked":["Guardian:Gem_Green","Guardian:Preprogram+1"],"picked":"Guardian:PolyBeam","floor":32}],"player_experience":1633241,"relics_obtained":[{"floor":24.0,"key":"Mercury Hourglass"},{"floor":27.0,"key":"champ:DeflectingBracers"},{"floor":31.0,"key":"Centennial Puzzle"}],"event_choices":[{"damage_healed":0.0,"max_hp_gain":0.0,"max_hp_loss":0.0,"gold_gain":0.0,"event_name":"ZunEvent","player_choice":"交出神酒","floor":26.0,"relics_lost":["ZunR:ReiMu"],"gold_loss":0.0,"damage_taken":0.0,"cards_obtained":["ZunPunch:ReiMu"]}],"is_beta":false,"boss_relics":[{"not_picked":["RedLine:ReiMu","Runic Pyramid"],"picked":"Coffee Dripper"}],"items_purged_floors":[30],"is_endless":false,"potions_floor_spawned":[6,9,15,19,28,31],"killed_by":"SI_MIRROR_ARCHETYPE","ascension_level":7}}