{"host":"ju58ncaxwefs1zmn","time":1614342369,"event":{"mods":["100% Spire Juice","2.2 Compatiblity","Act Like it!","Aspiration","BaseMod","CapriCore","Duelist Mod","Gensokyo","Hermit","Highlight Path","Hubris","Infinite Spire","Koishi","Marisa????????","Minty Spire (QoL Compilation)","Permanent Neow","Quick Restart","Random Character Button","Relic Filter","Relic Stats","Reliquary","Robot Space Explorer","StSLib","The Cursed","The Hierophant","The Immortal","The Marked","The Servant 0.9.4","The Showman","TheBandit","Wandering Minibosses","thorton"],"gold_per_floor":[18,18,36,50,70,96,96,110,135,135,162,36,65,82,82,182,182,200,47,61,74,91,119,119,119,119,119,19,119,119,119,119],"floor_reached":31,"language":"ENG","playtime":3326,"items_purged":["theDuelist:Sparks","theDuelist:YamataDragon"],"score":315,"play_id":"8c756d44-c712-4b04-973c-2e16e474d07b","local_time":"20210226042609","is_ascension_mode":true,"campfire_choices":[{"data":"theDuelist:BabyDragon","floor":7,"key":"SMITH"},{"data":"theDuelist:VampireFraulein","floor":10,"key":"SMITH"},{"data":"theDuelist:RedRisingDragon","floor":15,"key":"SMITH"},{"data":"theDuelist:GreyGreedOni","floor":24,"key":"SMITH"},{"data":"theDuelist:ChimeratechOverdragon","floor":27,"key":"SMITH"}],"circlet_count":0,"master_deck":["theDuelist:OboroGuruma+1","theDuelist:CaveDragon","theDuelist:LesserDragon","theDuelist:GreenGadget","theDuelist:BabyDragon+1","theDuelist:Sparks","theDuelist:GreyGreedOni+1","theDuelist:VendreadNights","theDuelist:Polymerization","theDuelist:RainbowDragon","theDuelist:LesserDragon","theDuelist:CaveDragon","theDuelist:BabyDragon+1","theDuelist:FiendSkull","theDuelist:ChimeratechOverdragon+1","theDuelist:RedRisingDragon+1","theDuelist:VampireFraulein+1","theDuelist:GhostrickMummy+1","theDuelist:FlyingSaucer"],"relics":["theDuelist:MillenniumPuzzle","theDuelist:CardPoolRelic","theDuelist:CardPoolBasicRelic","theDuelist:BoosterPackPoolRelic","theDuelist:CardPoolAddRelic","theDuelist:CardPoolMinusRelic","theDuelist:CardPoolSaveRelic","theDuelist:CardPoolOptionsRelic","Strawberry","Toy Ornithopter","Frozen Egg 2","Empty Cage","DollysMirror","Incense Burner","reliquary:Sod","hubris:64BitClover","reliquary:GummyVitamins"],"acts_visited":["Exordium","TheCity"],"potions_floor_usage":[16,22,29,31],"damage_taken":[{"damage":0,"enemies":"Jaw Worm","floor":1,"turns":2},{"damage":0,"enemies":"Cultist","floor":3,"turns":1},{"damage":2,"enemies":"infinitespire:Voidling","floor":4,"turns":2},{"damage":0,"enemies":"Looter","floor":5,"turns":2},{"damage":15,"enemies":"Lagavulin","floor":6,"turns":4},{"damage":0,"enemies":"2 Fungi Beasts","floor":8,"turns":2},{"damage":0,"enemies":"Gremlin Nob","floor":11,"turns":2},{"damage":20,"enemies":"3 Sentries","floor":13,"turns":7},{"damage":0,"enemies":"Blue Slaver","floor":14,"turns":2},{"damage":26,"enemies":"Slime Boss","floor":16,"turns":10},{"damage":0,"enemies":"Spheric Guardian","floor":18,"turns":3},{"damage":5,"enemies":"2 Thieves","floor":20,"turns":3},{"damage":7,"enemies":"Centurion and Healer","floor":21,"turns":7},{"damage":33,"enemies":"Chosen and Byrds","floor":22,"turns":6},{"damage":1,"enemies":"theDuelist:KaibaA2","floor":23,"turns":4},{"damage":12,"enemies":"Colosseum Slavers","floor":29,"turns":3},{"damage":9,"enemies":"Colosseum Nobs","floor":29,"turns":4},{"damage":39,"enemies":"Slavers","floor":31,"turns":4}],"seed_played":"5446857602760556634","potions_obtained":[{"floor":1,"key":"DistilledChaos"},{"floor":5,"key":"theDuelist:OrbBottle"},{"floor":8,"key":"SteroidPotion"},{"floor":16,"key":"BlessingOfTheForge"},{"floor":22,"key":"SpeedPotion"}],"is_trial":false,"path_per_floor":["M","?","M","M","M","E","R","M","T","R","E","$","E","M","R","B",null,"M","$","M","M","M","E","R","?","T","R","$","?","?","E"],"character_chosen":"THE_DUELIST","items_purchased":["theDuelist:GreenGadget","DollysMirror"],"campfire_rested":0,"item_purchase_floors":[12,19],"current_hp_per_floor":[80,80,80,78,78,70,70,70,70,70,70,70,50,50,50,29,87,87,87,82,75,47,46,46,46,46,46,46,30,30,0,0],"gold":119,"neow_bonus":"REMOVE_TWO","is_daily":false,"chose_seed":false,"campfire_upgraded":5,"win_rate":0.0,"timestamp":1614342369,"path_taken":["M","?","M","M","?","E","R","M","T","R","E","$","E","M","R","BOSS","M","$","M","?","M","E","R","?","T","R","$","?","?","E"],"items_purchased_type":["Card","Relic"],"build_version":"2020-12-22","purchased_purges":2,"victory":false,"max_hp_per_floor":[80,80,80,80,80,87,87,87,87,87,87,87,87,87,87,87,87,87,87,87,87,87,87,87,87,87,87,87,87,87,87,87],"relic_stats":{"counters":[18,68],"obtain_stats":[{"hubris:64BitClover":29,"Incense Burner":23,"theDuelist:MillenniumPuzzle":0,"theDuelist:CardPoolSaveRelic":0,"Frozen Egg 2":13,"Empty Cage":17,"reliquary:Sod":26,"theDuelist:BoosterPackPoolRelic":0,"theDuelist:CardPoolMinusRelic":0,"DollysMirror":19,"theDuelist:CardPoolBasicRelic":0,"Strawberry":6,"reliquary:GummyVitamins":29,"theDuelist:CardPoolAddRelic":0,"theDuelist:CardPoolOptionsRelic":0,"Toy Ornithopter":11,"theDuelist:CardPoolRelic":0},{"hubris:64BitClover":17,"Incense Burner":15,"theDuelist:MillenniumPuzzle":0,"theDuelist:CardPoolSaveRelic":0,"Frozen Egg 2":8,"Empty Cage":10,"reliquary:Sod":15,"theDuelist:BoosterPackPoolRelic":0,"theDuelist:CardPoolMinusRelic":0,"DollysMirror":11,"theDuelist:CardPoolBasicRelic":0,"Strawberry":5,"reliquary:GummyVitamins":17,"theDuelist:CardPoolAddRelic":0,"theDuelist:CardPoolOptionsRelic":0,"Toy Ornithopter":7,"theDuelist:CardPoolRelic":0},{"hubris:64BitClover":64,"Incense Burner":57,"theDuelist:MillenniumPuzzle":0,"theDuelist:CardPoolSaveRelic":0,"Frozen Egg 2":22,"Empty Cage":34,"reliquary:Sod":57,"theDuelist:BoosterPackPoolRelic":0,"theDuelist:CardPoolMinusRelic":0,"DollysMirror":37,"theDuelist:CardPoolBasicRelic":0,"Strawberry":11,"reliquary:GummyVitamins":64,"theDuelist:CardPoolAddRelic":0,"theDuelist:CardPoolOptionsRelic":0,"Toy Ornithopter":15,"theDuelist:CardPoolRelic":0}],"Toy Ornithopter":20},"card_choices":[{"not_picked":["theDuelist:CyberArchfiend","theDuelist:VampireBaby","theDuelist:JerryBeansMan","theDuelist:Wightprincess"],"picked":"theDuelist:VendreadNights","floor":1},{"not_picked":["theDuelist:VampireScarletScourge","theDuelist:VendreadStriges","theDuelist:VendreadHoundhorde","theDuelist:GhostrickSkeleton","theDuelist:GhostrickJackfrost"],"picked":"SKIP","floor":3},{"not_picked":["theDuelist:Zektahawk","theDuelist:CallGrave"],"picked":"theDuelist:VoidOgreDragon","floor":4},{"not_picked":["theDuelist:VampireHunter","theDuelist:CrimsonKnightVampire","theDuelist:Yoko","theDuelist:Gashadokuro"],"picked":"theDuelist:VampireFraulein","floor":5},{"not_picked":["theDuelist:GalaxyTyranno","theDuelist:Frostosaurus","theDuelist:RainbowNeos","theDuelist:FossilSkullConvoy"],"picked":"theDuelist:RainbowDragon","floor":6},{"not_picked":["theDuelist:OvertexQoatlus","theDuelist:AshBlossom","theDuelist:Geargiauger","theDuelist:NaturiaDragonfly"],"picked":"theDuelist:FiendSkull","floor":8},{"not_picked":["theDuelist:Deskbot004","theDuelist:Illusionist","theDuelist:GoyoDefender","theDuelist:LabyrinthNightmareMetronome"],"picked":"theDuelist:Polymerization","floor":11},{"not_picked":["theDuelist:DoubleTool","theDuelist:Earthquake","theDuelist:MiracleFusion","theDuelist:SuperSolarNutrient"],"picked":"theDuelist:Salvage","floor":13},{"not_picked":["theDuelist:RainbowNeos","theDuelist:LonefireBlossom","theDuelist:RedMedicine","theDuelist:ShiranuiSpiritmaster"],"picked":"theDuelist:RedRisingDragon","floor":14},{"not_picked":["theDuelist:DemiseLand","theDuelist:Canyon+1","theDuelist:Deskbot009","theDuelist:Scapegoat"],"picked":"theDuelist:ChimeratechOverdragon","floor":16},{"not_picked":["theDuelist:YukiMusume","theDuelist:Tengu","theDuelist:Gashadokuro","theDuelist:Dakki"],"picked":"theDuelist:OboroGuruma+1","floor":18},{"not_picked":["theDuelist:VampireVamp","theDuelist:VampireSucker","theDuelist:CrimsonKnightVampire","theDuelist:VampireGenesis","theDuelist:VampireLord"],"picked":"SKIP","floor":20},{"not_picked":["theDuelist:CannonSoldier","theDuelist:ArmoredStarfish","theDuelist:BusterBlader","theDuelist:Pyrorex"],"picked":"theDuelist:GreyGreedOni","floor":21},{"not_picked":["theDuelist:SpellShatteringArrow+1","theDuelist:BigFire","theDuelist:TokenMetronome","theDuelist:PelagicMetronome","theDuelist:GoldSarcophagus"],"picked":"SKIP","floor":22},{"not_picked":["theDuelist:GhostrickWitch","theDuelist:GhostrickYeti+1","theDuelist:GhostrickJackfrost","theDuelist:GhostrickGhoul","theDuelist:GhostrickDullahan"],"picked":"SKIP","floor":23},{"not_picked":["theDuelist:VampireDragon","theDuelist:VendreadRevenants","theDuelist:VendreadChimera","theDuelist:GhostrickDoll"],"picked":"theDuelist:GhostrickMummy+1","floor":29}],"player_experience":973715,"relics_obtained":[{"floor":6,"key":"Strawberry"},{"floor":11,"key":"Toy Ornithopter"},{"floor":13,"key":"Frozen Egg 2"},{"floor":23,"key":"Incense Burner"},{"floor":26,"key":"reliquary:Sod"},{"floor":29,"key":"hubris:64BitClover"},{"floor":29,"key":"reliquary:GummyVitamins"}],"event_choices":[{"damage_healed":0,"gold_gain":0,"player_choice":"Leave","duelist":true,"damage_taken":0,"max_hp_gain":0,"max_hp_loss":0,"event_name":"Egyptian Village","floor":25,"gold_loss":0},{"damage_healed":0,"gold_gain":0,"player_choice":"Fight","damage_taken":0,"max_hp_gain":0,"max_hp_loss":0,"event_name":"Colosseum","floor":29,"gold_loss":0},{"damage_healed":0,"gold_gain":0,"player_choice":"Fought Nobs","damage_taken":0,"max_hp_gain":0,"max_hp_loss":0,"event_name":"Colosseum","floor":29,"gold_loss":0}],"is_beta":false,"boss_relics":[{"not_picked":["SacredBark","Runic Cube"],"picked":"Empty Cage"}],"items_purged_floors":[12,28],"is_endless":false,"potions_floor_spawned":[1,5,8,11,16,18,22],"killed_by":"Slavers","ascension_level":1}}