{"host":"30jsp143e4v19aze","time":1614322481,"event":{"mods":["BaseMod","Colored Map","Colored Powertips","Curses Come First","DeckTracker","Highlight Path","Minty Spire (QoL Compilation)","Quick Restart","Relic Stats","StSLib","everything is the same but u backflip on backflip","slay the spire mod where everything is the same but ironclad has a cowboy hat"],"gold_per_floor":[364,382,382,2,2,37,37,37,107,130,154,189,210,253,253,253,253],"floor_reached":16,"language":"ENG","playtime":482,"items_purged":["Strike_R"],"score":240,"play_id":"a1002f60-6408-49b1-a855-52b20a6dad1c","local_time":"20210226075441","is_ascension_mode":true,"campfire_choices":[{"data":"Immolate","floor":7,"key":"SMITH"},{"data":"Shockwave","floor":15,"key":"SMITH"}],"circlet_count":0,"master_deck":["AscendersBane","Strike_R","Strike_R","Strike_R","Strike_R","Defend_R","Defend_R","Defend_R","Defend_R","Bash","Carnage","Cleave","Whirlwind","Metallicize","Shrug It Off","Feed","Battle Trance","Spot Weakness","Heavy Blade","Immolate+1","Shockwave+1","Flame Barrier","Exhume"],"relics":["Burning Blood","Orrery","Golden Idol","Letter Opener","Question Card","Ancient Tea Set","MealTicket"],"acts_visited":["Exordium"],"potions_floor_usage":[8,14,14],"damage_taken":[{"damage":10,"enemies":"2 Louse","floor":1,"turns":3},{"damage":7,"enemies":"Small Slimes","floor":2,"turns":4},{"damage":39,"enemies":"Lagavulin","floor":6,"turns":6},{"damage":7,"enemies":"Jaw Worm","floor":10,"turns":2},{"damage":0,"enemies":"Exordium Thugs","floor":11,"turns":2},{"damage":26,"enemies":"Gremlin Nob","floor":12,"turns":4},{"damage":12,"enemies":"3 Louse","floor":13,"turns":2},{"damage":12,"enemies":"Lagavulin","floor":14,"turns":5},{"damage":17,"enemies":"The Guardian","floor":16,"turns":15}],"seed_played":"6494644166542775467","potions_obtained":[{"floor":2,"key":"Swift Potion"},{"floor":6,"key":"CultistPotion"},{"floor":8,"key":"BloodPotion"},{"floor":8,"key":"SkillPotion"},{"floor":11,"key":"DuplicationPotion"}],"is_trial":false,"path_per_floor":["M","M","?","$","?","E","R","?","T","M","M","E","M","E","R","B"],"character_chosen":"IRONCLAD","items_purchased":["Orrery","Spot Weakness","Heavy Blade"],"campfire_rested":0,"item_purchase_floors":[4,4,4],"current_hp_per_floor":[64,63,56,56,56,23,23,36,36,35,44,24,21,15,15,0,0],"gold":253,"neow_bonus":"TWO_FIFTY_GOLD","is_daily":false,"chose_seed":false,"campfire_upgraded":2,"win_rate":0.0,"timestamp":1614322481,"path_taken":["M","M","?","$","?","E","R","?","T","M","M","E","?","E","R","BOSS"],"items_purchased_type":["Relic","Card","Card"],"build_version":"2020-12-22","purchased_purges":1,"victory":false,"max_hp_per_floor":[75,75,75,75,68,68,68,68,68,68,71,71,74,74,74,74,74],"relic_stats":{"counters":[9,43],"Golden Idol":37,"MealTicket":0,"Letter Opener":[35],"Question Card":5,"obtain_stats":[{"Golden Idol":5,"Orrery":4,"MealTicket":14,"Letter Opener":6,"Question Card":9,"Ancient Tea Set":12,"Burning Blood":0},{"Golden Idol":2,"Orrery":2,"MealTicket":8,"Letter Opener":3,"Question Card":3,"Ancient Tea Set":6,"Burning Blood":0},{"Golden Idol":7,"Orrery":7,"MealTicket":28,"Letter Opener":13,"Question Card":13,"Ancient Tea Set":21,"Burning Blood":0}],"Burning Blood":48},"card_choices":[{"not_picked":["Wild Strike","Sword Boomerang"],"picked":"Carnage","floor":1},{"not_picked":["Seeing Red","Pummel"],"picked":"Cleave","floor":2},{"not_picked":["Clash","Sever Soul"],"picked":"Whirlwind","floor":4},{"not_picked":["Thunderclap","True Grit"],"picked":"Metallicize","floor":4},{"not_picked":["Bloodletting","Pommel Strike"],"picked":"Shrug It Off","floor":4},{"not_picked":["Clash","Iron Wave"],"picked":"Feed","floor":4},{"not_picked":["Iron Wave","Sword Boomerang"],"picked":"Battle Trance","floor":4},{"not_picked":["Iron Wave","Blood for Blood"],"picked":"Immolate","floor":6},{"not_picked":["Anger","Sword Boomerang","Warcry"],"picked":"Shockwave","floor":10},{"not_picked":["Flex","Reckless Charge","Ghostly Armor"],"picked":"Flame Barrier","floor":11},{"not_picked":["Berserk","Wild Strike","Infernal Blade","Heavy Blade"],"picked":"SKIP","floor":12},{"not_picked":["Reckless Charge","Whirlwind","Entrench","Infernal Blade"],"picked":"SKIP","floor":13},{"not_picked":["Battle Trance","Clothesline","Perfected Strike"],"picked":"Exhume","floor":14}],"player_experience":3304399,"relics_obtained":[{"floor":6,"key":"Letter Opener"},{"floor":9,"key":"Question Card"},{"floor":12,"key":"Ancient Tea Set"},{"floor":14,"key":"MealTicket"}],"event_choices":[{"cards_removed":["Writhe"],"damage_healed":0,"gold_gain":0,"player_choice":"Card Removal","damage_taken":7,"max_hp_gain":0,"max_hp_loss":0,"event_name":"Golden Wing","floor":3,"gold_loss":0},{"damage_healed":0,"gold_gain":0,"player_choice":"Lose Max HP","damage_taken":0,"relics_obtained":["Golden Idol"],"max_hp_gain":0,"max_hp_loss":7,"event_name":"Golden Idol","floor":5,"gold_loss":0},{"damage_healed":0,"gold_gain":0,"player_choice":"Got Potions","damage_taken":0,"max_hp_gain":0,"max_hp_loss":0,"event_name":"Lab","floor":8,"gold_loss":0}],"is_beta":false,"boss_relics":[],"items_purged_floors":[4],"is_endless":false,"potions_floor_spawned":[2,6,11,12],"killed_by":"The Guardian","ascension_level":20}}