{"host":"7t8rqoeeopyy0nh0","time":1614308261,"event":{"mods":["AchievementEnabler","Aspiration","BaseMod","Better Third Choice","BetterRewards","Colored Map","Colored Powertips","Conspire","Downfall","Hubris","Jorbs\u0027s Wanderer Trilogy","Minty Spire (QoL Compilation)","Permanent Neow","Quick Restart","Random Character Button","Rare Cards Sparkle","Reliquary","Replay The Spire","StSLib"],"gold_per_floor":[116,191,204,204,223,223,257,74,143,177,177,192,192,207,207,207,207],"floor_reached":16,"language":"ENG","playtime":481,"items_purged":[],"score":193,"play_id":"30ea3216-930f-4f3c-bb8a-c14d43ff2f50","local_time":"20210225215741","is_ascension_mode":true,"campfire_choices":[{"floor":6.0,"key":"REST"},{"floor":11.0,"key":"REST"},{"floor":15,"key":"REST"}],"circlet_count":0,"master_deck":["AscendersBane","Strike_G","Strike_G","Strike_G","Strike_G","Defend_G","Defend_G","Defend_G","Defend_G","Defend_G","Survivor","Neutralize","Poisoned Stab","Corpse Explosion","Noxious Fumes","Bane","Deadly Poison","Bullet Time","Dagger Throw","Quick Slash+1","Bouncing Flask","Prepared","Dodge and Roll"],"relics":["Ring of the Snake","reliquary:TridentHead","Calipers","Ancient Tea Set","TwistedFunnel","Anchor"],"acts_visited":["Exordium"],"potions_floor_usage":[16],"damage_taken":[{"damage":6.0,"enemies":"Jaw Worm","floor":1.0,"turns":5.0},{"damage":1.0,"enemies":"Cultist","floor":3.0,"turns":4.0},{"damage":0.0,"enemies":"2 Louse","floor":5.0,"turns":3.0},{"damage":9.0,"enemies":"Replay:BlueRogue","floor":7.0,"turns":6.0},{"damage":17.0,"enemies":"Lagavulin","floor":10.0,"turns":4.0},{"damage":0.0,"enemies":"Red Slaver","floor":12.0,"turns":2.0},{"damage":0,"enemies":"Lots of Slimes","floor":14,"turns":1},{"damage":39,"enemies":"Fading Forest","floor":16,"turns":11}],"seed_played":"-8197711525784039918","potions_obtained":[{"floor":1.0,"key":"hexamod:SoulburnPotion"},{"floor":5.0,"key":"Toxic Potion"},{"floor":12.0,"key":"Death Potion"}],"is_trial":false,"path_per_floor":["M","?","M","?","M","R","E","$","T","E","R","M","?","M","R","B"],"character_chosen":"THE_SILENT","items_purchased":["reliquary:TridentHead","Poisoned Stab","Corpse Explosion","Noxious Fumes","TwistedFunnel","Quick Slash+1"],"campfire_rested":3,"item_purchase_floors":[0,0,0,0,8,8],"current_hp_per_floor":[22,11,10,10,10,29,20,20,20,3,22,22,4,4,23,0,0],"gold":207,"neow_bonus":"","is_daily":false,"chose_seed":false,"campfire_upgraded":0,"win_rate":0.0,"timestamp":1614308261,"path_taken":["M","?","M","?","M","R","E","$","T","E","R","?","?","M","R","BOSS"],"items_purchased_type":["Relic","Card","Card","Card","Relic","Card"],"build_version":"2020-12-22","purchased_purges":0,"victory":false,"max_hp_per_floor":[66,66,66,66,66,66,66,66,66,66,66,66,66,66,66,66,66],"card_choices":[{"not_picked":["Acrobatics","Deflect"],"picked":"Bane","floor":1.0},{"not_picked":["Eviscerate","hubris:Counter"],"picked":"Deadly Poison","floor":3.0},{"not_picked":["Acrobatics","hubris:SlightOfHand"],"picked":"Dagger Throw","floor":5.0},{"not_picked":["hubris:SlightOfHand","Masterful Stab","Reflex"],"picked":"SKIP","floor":7.0},{"not_picked":["PiercingWail","Skewer"],"picked":"Bouncing Flask","floor":10.0},{"not_picked":["Dagger Throw","Endless Agony"],"picked":"Prepared","floor":12.0},{"not_picked":["Underhanded Strike","Well Laid Plans"],"picked":"Dodge and Roll","floor":14}],"player_experience":460076,"relics_obtained":[{"floor":7.0,"key":"Ancient Tea Set"},{"floor":10.0,"key":"Anchor"}],"event_choices":[{"damage_healed":0.0,"max_hp_gain":0.0,"max_hp_loss":0.0,"gold_gain":75.0,"event_name":"betterThird:BetterGoop","player_choice":"Gold","floor":2.0,"gold_loss":0.0,"damage_taken":11.0},{"damage_healed":0.0,"max_hp_gain":0.0,"max_hp_loss":0.0,"gold_gain":0.0,"cards_transformed":["Strike_G"],"event_name":"Transmorgrifier","player_choice":"Transformed","floor":4.0,"gold_loss":0.0,"damage_taken":0.0,"cards_obtained":["Bullet Time"]},{"damage_healed":0.0,"max_hp_gain":0.0,"max_hp_loss":0.0,"gold_gain":0.0,"event_name":"betterThird:BetterScrap","player_choice":"LEAVE","floor":13.0,"gold_loss":0.0,"damage_taken":18.0,"cards_obtained":["ReplayTheSpireMod:Corrosion Curse"]}],"is_beta":false,"boss_relics":[],"items_purged_floors":[],"is_endless":false,"potions_floor_spawned":[1,5,12],"killed_by":"Fading Forest","ascension_level":15}}