{"host":"8tgyo6jwzgmjsiz5","time":1614378597,"event":{"mods":["AchievementEnabler","BaseMod","Best Route Mod","Highlight Path","Minty Spire (QoL Compilation)","Permanent Neow","Quick Restart","StSLib","SuperFastMode"],"gold_per_floor":[365,381,391,104,120,120,17,17,17,42,56,91,91,101,101,178,178,195,110,110,123,142,142,10,10,10,10,10,23,59,80,80,163,163,185,214,42,66,85,85,123,143,167,196,217,217,246,590,590,590,590],"floor_reached":50,"language":"ENG","playtime":3585,"items_purged":["Writhe","Strike_P","Strike_P"],"score":1041,"play_id":"04b3f82e-a03a-40f6-9c9f-aa59ff9a607f","local_time":"20210226192957","is_ascension_mode":true,"campfire_choices":[{"data":"Eruption","floor":6.0,"key":"SMITH"},{"data":"Wallop","floor":8.0,"key":"SMITH"},{"floor":15.0,"key":"REST"},{"floor":23.0,"key":"REST"},{"floor":25.0,"key":"REST"},{"floor":32.0,"key":"REST"},{"floor":40.0,"key":"REST"},{"floor":46,"key":"REST"},{"floor":49,"key":"RECALL"}],"circlet_count":0,"master_deck":["AscendersBane","Strike_P","Strike_P","Defend_P","Defend_P","Defend_P","Defend_P","Eruption+1","Vigilance","EmptyFist","FlurryOfBlows","Vengeance","Brilliance","Prostrate","Halt","Wallop+1","Meditate","FlyingSleeves","Fasting2+1","ThirdEye","CutThroughFate","JustLucky","Brilliance","LikeWater+1","Prostrate","EmptyFist+1","InnerPeace","Decay","FollowUp","Blasphemy","Tantrum+1","SashWhip","ThirdEye+1","Scrawl","Halt","Pray","TalkToTheHand","Adaptation","WaveOfTheHand","JustLucky","CutThroughFate","Parasite","CrushJoints","MentalFortress"],"relics":["PureWater","Smiling Mask","Yang","Oddly Smooth Stone","Philosopher\u0027s Stone","Shuriken","Meat on the Bone","CeramicFish","VioletLotus","Gremlin Horn","Nunchaku","Old Coin"],"acts_visited":["Exordium","TheCity","TheBeyond"],"potions_floor_usage":[44,48,48,48,50],"damage_taken":[{"damage":0.0,"enemies":"Cultist","floor":1.0,"turns":3.0},{"damage":4.0,"enemies":"Jaw Worm","floor":2.0,"turns":3.0},{"damage":0.0,"enemies":"2 Louse","floor":3.0,"turns":2.0},{"damage":0.0,"enemies":"Looter","floor":5.0,"turns":2.0},{"damage":7.0,"enemies":"Lagavulin","floor":10.0,"turns":4.0},{"damage":0.0,"enemies":"Exordium Thugs","floor":11.0,"turns":4.0},{"damage":21.0,"enemies":"3 Sentries","floor":12.0,"turns":8.0},{"damage":0.0,"enemies":"Blue Slaver","floor":14.0,"turns":3.0},{"damage":34.0,"enemies":"Slime Boss","floor":16.0,"turns":7.0},{"damage":15.0,"enemies":"Spheric Guardian","floor":18.0,"turns":5.0},{"damage":9.0,"enemies":"3 Byrds","floor":21.0,"turns":3.0},{"damage":30.0,"enemies":"Snake Plant","floor":22.0,"turns":3.0},{"damage":6.0,"enemies":"Centurion and Healer","floor":29.0,"turns":4.0},{"damage":20.0,"enemies":"Slavers","floor":30.0,"turns":8.0},{"damage":37.0,"enemies":"Snecko","floor":31.0,"turns":5.0},{"damage":129.0,"enemies":"Automaton","floor":33.0,"turns":9.0},{"damage":0.0,"enemies":"3 Shapes","floor":35.0,"turns":3.0},{"damage":29.0,"enemies":"3 Darklings","floor":36.0,"turns":4.0},{"damage":33.0,"enemies":"Maw","floor":38.0,"turns":7.0},{"damage":12.0,"enemies":"Transient","floor":39.0,"turns":5.0},{"damage":1.0,"enemies":"Nemesis","floor":41.0,"turns":5.0},{"damage":4.0,"enemies":"Jaw Worm Horde","floor":42.0,"turns":4.0},{"damage":13,"enemies":"Giant Head","floor":44,"turns":7},{"damage":30,"enemies":"Writhing Mass","floor":45,"turns":7},{"damage":11,"enemies":"Maw","floor":47,"turns":5},{"damage":6,"enemies":"Reptomancer","floor":48,"turns":4},{"damage":54,"enemies":"Awakened One","floor":50,"turns":10}],"seed_played":"5292477483136499652","potions_obtained":[{"floor":2.0,"key":"Explosive Potion"},{"floor":3.0,"key":"FearPotion"},{"floor":11.0,"key":"SkillPotion"},{"floor":16.0,"key":"SkillPotion"},{"floor":21.0,"key":"Regen Potion"},{"floor":22.0,"key":"LiquidMemories"},{"floor":30.0,"key":"FairyPotion"},{"floor":39.0,"key":"SkillPotion"},{"floor":41.0,"key":"StancePotion"},{"floor":42.0,"key":"DuplicationPotion"},{"floor":47,"key":"EntropicBrew"},{"floor":48,"key":"GamblersBrew"}],"is_trial":false,"path_per_floor":["M","M","M","$","M","R","$","R","T","E","M","E","?","M","R","B",null,"M","?","?","M","M","R","$","R","T","?","?","M","E","M","R","B",null,"M","M","$","M","M","R","E","M","T","E","M","R","M","E","R","B"],"character_chosen":"WATCHER","items_purchased":["Brilliance","Prostrate","Halt","Meditate","FlyingSleeves","InnerPeace","TalkToTheHand","Adaptation"],"campfire_rested":6,"item_purchase_floors":[4,4,4,7,7,24,37,37],"current_hp_per_floor":[61,57,57,57,57,57,57,57,57,50,50,29,29,29,49,15,55,40,40,40,31,1,21,21,41,41,41,41,35,42,17,37,32,59,59,42,42,21,21,41,40,36,36,35,17,37,38,44,44,0,0],"gold":590,"neow_bonus":"TWO_FIFTY_GOLD","is_daily":false,"chose_seed":false,"campfire_upgraded":2,"win_rate":0.0,"timestamp":1614378597,"path_taken":["M","?","M","$","M","R","$","R","T","E","M","E","?","M","R","BOSS","M","?","?","?","M","R","$","R","T","?","?","M","E","M","R","BOSS","M","M","?","M","M","R","E","M","T","E","M","R","M","E","R","BOSS"],"items_purchased_type":["Card","Card","Card","Card","Card","Card","Card","Card"],"build_version":"2020-12-22","purchased_purges":3,"victory":false,"max_hp_per_floor":[68,68,68,68,68,68,68,68,68,68,68,68,68,68,68,68,68,68,68,68,68,68,68,68,68,68,68,68,68,68,68,68,68,68,68,68,68,68,68,68,68,68,68,68,68,68,68,68,68,68,68],"card_choices":[{"not_picked":["FollowUp","Prostrate"],"picked":"EmptyFist","floor":1.0},{"not_picked":["SashWhip","Pray"],"picked":"FlurryOfBlows","floor":2.0},{"not_picked":["Evaluate","Protect"],"picked":"Vengeance","floor":3.0},{"not_picked":["BowlingBash","Swivel"],"picked":"Wallop","floor":5.0},{"not_picked":["FlyingSleeves","Establishment"],"picked":"Fasting2","floor":10.0},{"not_picked":["BowlingBash","ReachHeaven"],"picked":"ThirdEye","floor":11.0},{"not_picked":["Fasting2","Weave"],"picked":"CutThroughFate","floor":12.0},{"not_picked":["EmptyMind","WreathOfFlame"],"picked":"JustLucky","floor":14.0},{"not_picked":["Wish","Vault"],"picked":"Brilliance","floor":16.0},{"not_picked":["FlyingSleeves","BattleHymn"],"picked":"LikeWater+1","floor":18.0},{"not_picked":["EmptyFist","Perseverance+1"],"picked":"Prostrate","floor":21.0},{"not_picked":["SashWhip","Vengeance"],"picked":"EmptyFist+1","floor":22.0},{"not_picked":["SandsOfTime","WindmillStrike+1"],"picked":"Tantrum+1","floor":29.0},{"not_picked":["ForeignInfluence","EmptyBody"],"picked":"SashWhip","floor":30.0},{"not_picked":["Crescendo","Weave"],"picked":"ThirdEye+1","floor":31.0},{"not_picked":["Vault","Judgement"],"picked":"Scrawl","floor":33.0},{"not_picked":["BattleHymn+1","EmptyFist+1"],"picked":"Halt","floor":35.0},{"not_picked":["BattleHymn","Weave"],"picked":"Pray","floor":36.0},{"not_picked":["Wireheading","Halt"],"picked":"WaveOfTheHand","floor":38.0},{"not_picked":["Judgement","FollowUp+1","Halt"],"picked":"SKIP","floor":39.0},{"not_picked":["SashWhip","Prostrate"],"picked":"JustLucky","floor":41.0},{"not_picked":["PathToVictory+1","Consecrate"],"picked":"CutThroughFate","floor":42.0},{"not_picked":["Adaptation","Brilliance","CutThroughFate"],"picked":"SKIP","floor":44},{"not_picked":["Conclude","Wireheading","Protect"],"picked":"SKIP","floor":45},{"not_picked":["Crescendo+1","FlyingSleeves"],"picked":"CrushJoints","floor":47},{"not_picked":["Protect+1","ThirdEye"],"picked":"MentalFortress","floor":48}],"player_experience":2038847,"relics_obtained":[{"floor":9.0,"key":"Smiling Mask"},{"floor":10.0,"key":"Yang"},{"floor":12.0,"key":"Oddly Smooth Stone"},{"floor":26.0,"key":"Meat on the Bone"},{"floor":30.0,"key":"CeramicFish"},{"floor":41.0,"key":"Gremlin Horn"},{"floor":44,"key":"Nunchaku"},{"floor":48,"key":"Old Coin"}],"event_choices":[{"damage_healed":0.0,"max_hp_gain":0.0,"max_hp_loss":0.0,"gold_gain":0.0,"event_name":"Liars Game","player_choice":"Ignored","floor":13.0,"gold_loss":0.0,"damage_taken":0.0},{"damage_healed":0.0,"max_hp_gain":0.0,"max_hp_loss":0.0,"gold_gain":0.0,"event_name":"Addict","player_choice":"Obtained Relic","floor":19.0,"gold_loss":85.0,"damage_taken":0.0,"relics_obtained":["Shuriken"]},{"damage_healed":0.0,"max_hp_gain":0.0,"max_hp_loss":0.0,"gold_gain":0.0,"event_name":"Accursed Blacksmith","player_choice":"Forge","floor":20.0,"gold_loss":0.0,"damage_taken":0.0,"cards_upgraded":["Fasting2"]},{"damage_healed":0.0,"max_hp_gain":0.0,"max_hp_loss":0.0,"gold_gain":0.0,"event_name":"Forgotten Altar","player_choice":"Smashed Altar","floor":27.0,"gold_loss":0.0,"damage_taken":0.0,"cards_obtained":["Decay"]},{"damage_healed":0.0,"max_hp_gain":0.0,"max_hp_loss":0.0,"gold_gain":0.0,"event_name":"Match and Keep!","player_choice":"2 cards matched","floor":28.0,"gold_loss":0.0,"damage_taken":0.0,"cards_obtained":["FollowUp","Blasphemy"]}],"is_beta":false,"boss_relics":[{"not_picked":["Cursed Key","Astrolabe"],"picked":"Philosopher\u0027s Stone"},{"not_picked":["Snecko Eye","Runic Dome"],"picked":"VioletLotus"}],"items_purged_floors":[4,24,37],"is_endless":false,"potions_floor_spawned":[2,3,5,11,16,21,22,30,39,41,42,47,48],"killed_by":"Awakened One","ascension_level":15}}