{"host":"eeb412nj2w7f9cz8","time":1614316799,"event":{"mods":["Act Like it!","BaseMod","Library of Ruina","Library of Ruina Extra","Minty Spire (QoL Compilation)","StSLib"],"gold_per_floor":[118,136,156,156,168,197,197,227,227,247,273,286,320,338,338,436,436,451,361,377,392,392,722,722,748,748,145,161,177,177,177,177,273,273,283,25,25,25,42,42,72,90,90,101,101,101,128,128,128,128,128,128,128,128,156,156],"floor_reached":57,"language":"ZHS","playtime":2205,"items_purged":[],"score":1650,"play_id":"4157b503-7c2f-407a-8132-69fb899e309d","local_time":"20210226131959","is_ascension_mode":true,"campfire_choices":[{"data":"CleanUp","floor":15,"key":"SMITH"},{"floor":24,"key":"RECALL"},{"data":"TheRedNotes","floor":30,"key":"SMITH"},{"data":"DegradedShockwave","floor":32,"key":"SMITH"},{"data":"Observe","floor":40,"key":"SMITH"},{"data":"DeepDrag","floor":46,"key":"SMITH"},{"data":"InkOver","floor":49,"key":"SMITH"},{"data":"DegradedPillar","floor":53,"key":"SMITH"}],"circlet_count":0,"master_deck":["DegradedFairy+1","DegradedFairy","DegradedChain","DegradedChain","DegradedLock","DegradedPillar","DegradedPillar+1","DegradedShockwave+1","Observe+1","SwordOfVolition","Lock","TheRedNotes+1","CleanUp+1","DarkCloud","SwordOfVolition","DeepDrag+1","MirageStorm","RepressedFlesh","YouOnlyLiveOnce","ForTheFamily","ForTheFamily","InkOver+1","TendonChords+1","NonstopAssault+1","TendonChords+1"],"relics":["PageOfLibrarian","PageOfAlriune","Orichalcum","Bag of Marbles","PageOfBigBadWolf","PageOfPinocchio","Busted Crown","Old Coin","Omamori","PageOfLumberjack","PageOfPorccubus","Sling","Mummified Hand","Black Star","PageOfApocalypseBird","Art of War","Bronze Scales","Gremlin Horn","Ornamental Fan","Lizard Tail","PageOfQueenBee","Shuriken"],"acts_visited":["Exordium","TheCity","TheBeyond","TheEnding"],"potions_floor_usage":[2,51,51,51],"damage_taken":[{"damage":0,"enemies":"2 Louse","floor":1,"turns":1},{"damage":0,"enemies":"Cultist","floor":2,"turns":2},{"damage":0,"enemies":"Jaw Worm","floor":3,"turns":1},{"damage":0,"enemies":"Red Slaver","floor":5,"turns":1},{"damage":0,"enemies":"Lagavulin","floor":6,"turns":3},{"damage":0,"enemies":"Gremlin Nob","floor":8,"turns":2},{"damage":0,"enemies":"Large Slime","floor":10,"turns":1},{"damage":0,"enemies":"3 Sentries","floor":11,"turns":3},{"damage":0,"enemies":"Lots of Slimes","floor":12,"turns":1},{"damage":0,"enemies":"Lagavulin","floor":13,"turns":3},{"damage":0,"enemies":"Exordium Wildlife","floor":14,"turns":1},{"damage":30,"enemies":"Hexaghost","floor":16,"turns":4},{"damage":0,"enemies":"Shell Parasite","floor":18,"turns":3},{"damage":0,"enemies":"3 Byrds","floor":20,"turns":1},{"damage":0,"enemies":"3 Cultists","floor":21,"turns":1},{"damage":0,"enemies":"Slavers","floor":23,"turns":2},{"damage":0,"enemies":"Book of Stabbing","floor":25,"turns":1},{"damage":0,"enemies":"Sentry and Sphere","floor":28,"turns":1},{"damage":0,"enemies":"Snecko","floor":29,"turns":1},{"damage":61,"enemies":"RedHoodMercenary","floor":33,"turns":4},{"damage":0,"enemies":"3 Shapes","floor":35,"turns":1},{"damage":0,"enemies":"Orb Walker","floor":39,"turns":1},{"damage":0,"enemies":"Giant Head","floor":41,"turns":2},{"damage":0,"enemies":"3 Darklings","floor":42,"turns":1},{"damage":0,"enemies":"Spire Growth","floor":44,"turns":1},{"damage":0,"enemies":"Nemesis","floor":47,"turns":1},{"damage":3,"enemies":"Awakened One","floor":50,"turns":3},{"damage":0,"enemies":"Awakened One","floor":51,"turns":4},{"damage":0,"enemies":"Shield and Spear","floor":55,"turns":2},{"damage":25,"enemies":"The Heart","floor":56,"turns":3}],"seed_played":"5872822504010762072","potions_obtained":[{"floor":2,"key":"EntropicBrew"},{"floor":6,"key":"PowerPotion"},{"floor":13,"key":"CultistPotion"}],"is_trial":false,"path_per_floor":["M","M","M","?","M","E","$","E","T","M","E","M","E","M","R","B",null,"M","?","M","M","?","E","R","E","T","$","M","M","R","?","R","B",null,"M","$","$","?","M","R","E","M","T","M","?","R","E","$","R","B",null,null,"R","$","E","B",null],"character_chosen":"Librarian","items_purchased":["PageOfPorccubus","ForTheFamily","Sling","Mummified Hand","PageOfApocalypseBird"],"campfire_rested":0,"item_purchase_floors":[27,27,27,27,36],"current_hp_per_floor":[60,60,60,60,60,60,60,60,60,60,60,68,72,80,80,54,81,81,81,81,81,81,81,81,81,81,81,81,81,81,81,81,28,81,81,81,81,81,81,81,81,81,81,81,81,81,81,81,81,81,81,81,81,81,81,63],"gold":156,"neow_bonus":"THREE_RARE_CARDS","is_daily":false,"chose_seed":false,"campfire_upgraded":7,"win_rate":0.0,"timestamp":1614316799,"path_taken":["M","M","M","?","?","E","$","E","T","M","E","M","E","M","R","BOSS","M","?","?","M","?","E","R","E","T","$","M","M","R","?","R","BOSS","M","?","$","?","M","R","E","?","T","M","?","R","E","$","R","BOSS","R","$","E","BOSS"],"items_purchased_type":["Relic","Card","Relic","Relic","Relic"],"build_version":"2020-12-22","purchased_purges":0,"victory":true,"max_hp_per_floor":[81,81,81,81,81,81,81,81,81,81,81,81,81,81,81,81,81,81,81,81,81,81,81,81,81,81,81,81,81,81,81,81,81,81,81,81,81,81,81,81,81,81,81,81,81,81,81,81,81,81,81,81,81,81,81,81],"card_choices":[{"not_picked":["Transpierce","ChargeUp"],"picked":"Observe","floor":0},{"not_picked":["PreemptiveStrike","StrongStrike","TrimTheIngredients","JiaoTu","Pound","YoureAHindrance","FaintMemories","StrikeDown","HiddenBlade"],"picked":"SKIP","floor":1},{"not_picked":["UnavoidableGaze","GreatSerpentsImpact","SunsetBlade","UpbeatPerformance","SnakesPrey","FleetFootsteps","EnergyShield","SinglePointStab","SpearedSweep"],"picked":"SKIP","floor":2},{"not_picked":["UnavoidableGaze","BurningFlash","SerpentineBarrier","PreparedMind","DesperateStruggle","SuanNi","Parry2","SinglePointStab"],"picked":"SwordOfVolition","floor":3},{"not_picked":["Overcharge","Rewind","EndlessBattle","TieShanKao","LoosenUp","WillOfThePrescript","Standoff","EnergyStrike","AsThePrescriptOrders"],"picked":"SKIP","floor":5},{"not_picked":["Marionette","GutHarvesting","Decapitation","RapidGashes","Track","PuppetBlockade","Duel_lor","HighKick"],"picked":"TheRedNotes","floor":6},{"not_picked":["WillOfThePrescript","Unlock1","FrontalAssault","AssaultOrder","BindingArms","InkOver","FierceCharge","BlowItUp"],"picked":"CleanUp","floor":8},{"not_picked":["Standoff","ViolentFlame","MultiHit","Wallop_lor","AbsorbImpact","UpbeatPerformance","FendThisOffIfYouCan","BindingArms"],"picked":"DarkCloud","floor":10},{"not_picked":["ScatteringSlash","UnavoidableGaze","EndlessBattle","EnergyCycle","Wallop_lor","WillOfThePrescript","NightInTheBackstreets","StructuralAnalysis","Outburst"],"picked":"SKIP","floor":11},{"not_picked":["Wallop_lor","GuidanceOfTheGears","FlashOfSunup","Slice_lor","ForcefulGesture","SpearedSweep","ClassAndRespect","GutHarvesting","BizarreAttack"],"picked":"SKIP","floor":12},{"not_picked":["Cruelty","EnergyShield","ViolentFlame","EndlessBattle","SnakesPrey","Standoff","Feast","SummaryJudgment"],"picked":"SwordOfVolition","floor":13},{"not_picked":["FierceCharge","EnergyShield","YourShield","BlowItUp","EnergyBeam","Parry","GaleKick","SummaryJudgment"],"picked":"DeepDrag","floor":14},{"not_picked":["MindCrush","WillProduceFineSilk"],"picked":"MirageStorm","floor":16},{"not_picked":["GuardingStance","Zzzzzap","Overcharge","QuickSuppression","UpbeatPerformance","SerpentSwordTechnique","StrikeDown"],"picked":"SKIP","floor":18},{"not_picked":["LoosenUp","CoordinatedAssault","TrimTheIngredients","OpportunitySpotted","NightInTheBackstreets+1","PreemptiveStrike","MultiBlock"],"picked":"SKIP","floor":20},{"not_picked":["Clone+1","Unlock1+1","EndlessBattle","EnergyStrike+1","Rewind","SerpentSwordTechnique"],"picked":"RepressedFlesh","floor":21},{"not_picked":["EnergyShield","SuppressingShot","Eject","Thirst","Eradication","Overcharge"],"picked":"YouOnlyLiveOnce","floor":23},{"not_picked":["QuickAttack","EnergyShield+1","LoosenUp","SummaryJudgment+1","AssaultOrder","EnergyCycle","BackAttack"],"picked":"SKIP","floor":25},{"not_picked":["QuickAttack","EnergyShield+1","LoosenUp","SummaryJudgment+1","AssaultOrder","EnergyCycle","BackAttack"],"picked":"SKIP","floor":25},{"not_picked":["SuppressingShot","QuickAttack","HeavyPeaks","SunsetBlade","EnergyStrike","SerpentSwordTechnique","SummaryJudgment"],"picked":"SKIP","floor":28},{"not_picked":["DevastatingThrash+1","FeatherShield+1","HiddenBlade","MultiHit","Collision+1","GreatSerpentsImpact","Preparation+1"],"picked":"SKIP","floor":29},{"not_picked":["TheWillOfTheCity","Reload","Unlock1+1","Outburst+1","SpearedSweep","SuppressingShot+1"],"picked":"ForTheFamily","floor":35},{"not_picked":["FocusFire","MultiBlock","Cruelty","OpportunitySpotted","FlashOfSunup+1","DefenseOrder+1"],"picked":"InkOver","floor":39},{"not_picked":["SweepTheBackstreets","Leap_lor","FleetEdge+1","GrazeTheGrass","EnergyStrike","TraceOfFumes"],"picked":"TendonChords+1","floor":41},{"not_picked":["Wallop_lor","AlloutWar","Standoff","ButterflySlash+1","GuardingStance+1","BackAttack+1","DirtyBlow+1"],"picked":"SKIP","floor":42},{"not_picked":["SummaryJudgment+1","FervidEmotions","YouOnlyLiveOnce","MultiBlock","Zzzzzap","EnergyShield+1"],"picked":"NonstopAssault+1","floor":44},{"not_picked":["Rewind+1","CutIn+1","Standoff","StrikeDown+1","AbsorbImpact+1","IronWall"],"picked":"TendonChords+1","floor":47},{"not_picked":["Fence","SetFire","DefenseOrder","Faith+1","EnergyShield+1","MultiBlock+1","Rewind"],"picked":"SKIP","floor":55}],"player_experience":130712,"relics_obtained":[{"floor":6,"key":"PageOfAlriune"},{"floor":8,"key":"Orichalcum"},{"floor":9,"key":"Bag of Marbles"},{"floor":11,"key":"PageOfBigBadWolf"},{"floor":13,"key":"PageOfPinocchio"},{"floor":23,"key":"Old Coin"},{"floor":25,"key":"Omamori"},{"floor":26,"key":"PageOfLumberjack"},{"floor":38,"key":"Art of War"},{"floor":41,"key":"Bronze Scales"},{"floor":41,"key":"Gremlin Horn"},{"floor":47,"key":"Ornamental Fan"},{"floor":47,"key":"Lizard Tail"},{"floor":55,"key":"PageOfQueenBee"},{"floor":55,"key":"Shuriken"}],"event_choices":[{"damage_healed":0,"gold_gain":0,"player_choice":"1 cards matched","damage_taken":0,"max_hp_gain":0,"max_hp_loss":0,"event_name":"Match and Keep!","floor":4,"gold_loss":0,"cards_obtained":["Lock"]},{"cards_removed":["DegradedFairy"],"damage_healed":0,"gold_gain":0,"player_choice":"Upgrade and Remove","damage_taken":0,"max_hp_gain":0,"max_hp_loss":0,"event_name":"Designer","floor":19,"gold_loss":90,"cards_upgraded":["DegradedFairy"]},{"damage_healed":0,"gold_gain":0,"player_choice":"Ignored","damage_taken":0,"max_hp_gain":0,"max_hp_loss":0,"event_name":"Vampires","floor":22,"gold_loss":0},{"damage_healed":0,"gold_gain":0,"player_choice":"Ignored","damage_taken":0,"max_hp_gain":0,"max_hp_loss":0,"event_name":"N\u0027loth","floor":31,"gold_loss":0},{"damage_healed":0,"gold_gain":0,"player_choice":"Relic","damage_taken":0,"max_hp_gain":0,"max_hp_loss":0,"event_name":"Wheel of Change","floor":38,"gold_loss":0},{"damage_healed":0,"gold_gain":0,"player_choice":"Bought 0 Potions","damage_taken":0,"max_hp_gain":0,"max_hp_loss":0,"event_name":"The Woman in Blue","floor":45,"gold_loss":0}],"is_beta":false,"boss_relics":[{"not_picked":["SacredBark","Empty Cage"],"picked":"Busted Crown"},{"not_picked":["Pandora\u0027s Box","Fusion Hammer"],"picked":"Black Star"}],"items_purged_floors":[],"is_endless":false,"potions_floor_spawned":[2,6,8,13,14,20,21,28,29,33,41,42,47],"ascension_level":2}}