{"host":"gvmmh8a4dbuurnvz","time":1614343975,"event":{"mods":["100% Spire Juice","AchievementEnabler","Aspiration","BaseMod","Better Vampires","BetterRewards","Colored Powertips","Highlight Path","Marisa£®ÏF”Í°°ƒß¿Ì…≥£©","Minty Spire (QoL Compilation)","MostiFishMod","Remilia£®¿Ÿ√◊¿Ú—«£©","Spicy Shops","StSLib","The Cursed","The Runesmith","The Servant 0.9.4","Youmu£®ªÍ∆«—˝√Œ£©","°æ“≈ŒÔø®≈∆°øREMEMod"],"gold_per_floor":[113,130,80,90,106,138,154,154,180,219,219,236,260,286,286,391,391,409,37,37,51,51,80,80,107,156,156,187,207,207,222,222,320,370,411,168,187,242,259,259,287,287,287,287,321,321,338,355,355,355,355,355,130,155,155],"floor_reached":56,"language":"ZHS","playtime":3451,"items_purged":["Doubt","Moonworks:Strike","Moonworks:Strike","Moonworks:Strike","Moonworks:Ambush","Moonworks:Strike+1","Moonworks:Defend"],"score":2032,"play_id":"cee7ea72-9a71-4d41-9d17-4cf78eea7307","local_time":"20210226205254","is_ascension_mode":true,"campfire_choices":[{"floor":11.0,"key":"RECALL"},{"data":"Moonworks:BackdoorTrade","floor":15.0,"key":"SMITH"},{"data":"Moonworks:EvilSpyWorkPreparation","floor":24.0,"key":"SMITH"},{"data":"Moonworks:NicePresent","floor":30.0,"key":"SMITH"},{"data":"Moonworks:Accelerator","floor":32.0,"key":"SMITH"},{"data":"Moonworks:LongDistanceShot","floor":40,"key":"SMITH"},{"data":"Moonworks:TacticalRetreat","floor":44,"key":"SMITH"},{"floor":46,"key":"DIG"},{"floor":49,"key":"DIG"},{"floor":52,"key":"DIG"}],"circlet_count":0,"master_deck":["Moonworks:Defend+1","Moonworks:Defend","Moonworks:Defend","Moonworks:LongDistanceShot+1","Moonworks:CompletionReward","Moonworks:FullSpeedAlicianrone","Moonworks:NicePresent+1","Moonworks:Strike","Moonworks:NicePresent+1","Moonworks:EvilSpyWorkPreparation+1","Moonworks:AngelHand","Moonworks:TacticalRetreat+1","Moonworks:BackdoorTrade+1","Moonworks:Accelerator+1"],"relics":["Moonworks:BrokenBomb","Moonworks:Homemark","DaveBox","REME_ComplimentaryCards","FeatherPendant","Medical Kit","Bird Faced Urn","Ice Cream","Bag of Preparation","Happy Flower","REME_CardOfGreed","SynthV:TestCard","Blood Vial","CeramicFish","Odd Mushroom","aspiration:FutureDiary","Toxic Egg 2","War Paint","aspiration:Lifesprig","Tiny House","aspiration:SeaSaltIceCream","DiscerningMonocle","Juzu Bracelet","Shovel","Vajra","Runesmith:Nanobots","Gremlin Horn","aspiration:HummingbirdHeart","Ornamental Fan","CaptainsWheel","Kunai","Shuriken","Civilization"],"acts_visited":["Exordium","TheCity","TheBeyond","TheEnding"],"potions_floor_usage":[35,35,38,41,50,55,55],"damage_taken":[{"damage":0.0,"enemies":"Small Slimes","floor":1.0,"turns":2.0},{"damage":0.0,"enemies":"Jaw Worm","floor":2.0,"turns":1.0},{"damage":1.0,"enemies":"2 Louse","floor":4.0,"turns":1.0},{"damage":1.0,"enemies":"Large Slime","floor":5.0,"turns":2.0},{"damage":0.0,"enemies":"3 Sentries","floor":6.0,"turns":2.0},{"damage":1.0,"enemies":"Blue Slaver","floor":7.0,"turns":1.0},{"damage":1.0,"enemies":"Lagavulin","floor":10.0,"turns":2.0},{"damage":1.0,"enemies":"3 Louse","floor":12.0,"turns":1.0},{"damage":0.0,"enemies":"The Mushroom Lair","floor":13.0,"turns":2.0},{"damage":1.0,"enemies":"Lots of Slimes","floor":14.0,"turns":2.0},{"damage":7.0,"enemies":"Hexaghost","floor":16.0,"turns":4.0},{"damage":1.0,"enemies":"Shell Parasite","floor":18.0,"turns":2.0},{"damage":0.0,"enemies":"Spheric Guardian","floor":21.0,"turns":1.0},{"damage":2.0,"enemies":"Gremlin Leader","floor":23.0,"turns":3.0},{"damage":0.0,"enemies":"REME_1_Revenger","floor":25.0,"turns":2.0},{"damage":9.0,"enemies":"Gremlin Leader","floor":28.0,"turns":2.0},{"damage":0.0,"enemies":"Cultist and Chosen","floor":29.0,"turns":1.0},{"damage":1.0,"enemies":"Snake Plant","floor":31.0,"turns":2.0},{"damage":0.0,"enemies":"Automaton","floor":33.0,"turns":2.0},{"damage":0,"enemies":"3 Darklings","floor":35,"turns":2},{"damage":2,"enemies":"Orb Walker","floor":37,"turns":2},{"damage":2,"enemies":"2 Orb Walkers","floor":38,"turns":2},{"damage":23,"enemies":"4 Shapes","floor":39,"turns":2},{"damage":0,"enemies":"Reptomancer","floor":41,"turns":2},{"damage":1,"enemies":"Nemesis","floor":45,"turns":3},{"damage":5,"enemies":"Transient","floor":47,"turns":5},{"damage":2,"enemies":"3 Darklings","floor":48,"turns":1},{"damage":2,"enemies":"Donu and Deca","floor":50,"turns":3},{"damage":0,"enemies":"Shield and Spear","floor":54,"turns":2},{"damage":2,"enemies":"The Heart","floor":55,"turns":5}],"seed_played":"8201648677804055635","potions_obtained":[{"floor":2.0,"key":"EntropicBrew"},{"floor":6.0,"key":"SkillPotion"},{"floor":12.0,"key":"FearPotion"},{"floor":13.0,"key":"Dexterity Potion"},{"floor":23.0,"key":"AttackPotion"},{"floor":29.0,"key":"FearPotion"},{"floor":31.0,"key":"Block Potion"},{"floor":33.0,"key":"REME_GoldPotion"},{"floor":34,"key":"REME_GoldPotion"},{"floor":35,"key":"REME_GoldPotion"},{"floor":38,"key":"DuplicationPotion"},{"floor":48,"key":"Energy Potion"},{"floor":54,"key":"Block Potion"}],"is_trial":false,"path_per_floor":["M","M","?","M","M","E","M","T","T","E","R","M","?","M","R","B",null,"M","$","?","M","?","E","R","E","T","?","E","M","R","M","R","B",null,"M","$","M","?","M","R","E","$","T","R","E","R","M","M","R","B",null,"R","$","E","B",null],"character_chosen":"THE_STARBREAKER","items_purchased":["Medical Kit","Bird Faced Urn","Moonworks:CompletionReward","Moonworks:FullSpeedAlicianrone","Ice Cream","Bag of Preparation","Happy Flower","REME_CardOfGreed","Toxic Egg 2","aspiration:SeaSaltIceCream","Juzu Bracelet","Runesmith:Nanobots","Shuriken","Civilization","Energy Potion","Energy Potion"],"campfire_rested":0,"item_purchase_floors":[0,0,0,0,0,0,0,0,19,36,36,42,53,53,53,53],"current_hp_per_floor":[60,60,60,59,58,58,59,59,59,59,59,59,60,59,59,54,60,59,59,59,60,50,54,54,60,60,60,56,62,62,64,64,65,70,70,70,69,69,47,47,53,53,53,53,58,58,59,63,63,67,70,70,70,72,74],"gold":155,"neow_bonus":"","is_daily":false,"chose_seed":false,"campfire_upgraded":6,"win_rate":0.0,"timestamp":1614343974,"path_taken":["M","M","?","M","M","E","M","?","T","E","R","M","?","M","R","BOSS","M","$","?","M","?","E","R","E","T","?","E","M","R","M","R","BOSS","M","$","M","?","M","R","E","$","T","R","E","R","M","M","R","BOSS","R","$","E","BOSS"],"items_purchased_type":["Relic","Relic","Card","Card","Relic","Relic","Relic","Relic","Relic","Relic","Relic","Relic","Relic","Relic","Potion","Potion"],"build_version":"2020-12-22","purchased_purges":7,"victory":true,"max_hp_per_floor":[60,60,60,60,60,60,60,60,60,60,60,60,60,60,60,60,60,60,60,60,60,65,65,65,65,65,65,65,65,65,65,65,65,70,70,70,70,70,70,70,70,70,70,70,70,70,70,70,70,70,70,70,70,72,75],"card_choices":[{"not_picked":["Moonworks:UnpaidWork","Moonworks:SweetBattle","Moonworks:SakisCookie"],"picked":"SKIP","floor":1.0},{"not_picked":["Moonworks:BeyondHell","Moonworks:WindyEnchantment","Moonworks:LulusLuckyEgg","Moonworks:Assault"],"picked":"Moonworks:NicePresent","floor":2.0},{"not_picked":["Moonworks:BigMagnum","Moonworks:Assault","Moonworks:ImOnFire","Moonworks:CloudOfSeagulls"],"picked":"Moonworks:NicePresent","floor":4.0},{"not_picked":["Moonworks:AngelHand","Moonworks:MiracleWalker","Moonworks:ForcedRevival","Moonworks:SelfDestruct"],"picked":"Moonworks:EvilSpyWorkPreparation","floor":5.0},{"not_picked":["Moonworks:MiracleWalker","Moonworks:BigMagnum","Moonworks:JonathanRush","Moonworks:DeployBits"],"picked":"Moonworks:AngelHand","floor":6.0},{"not_picked":["Moonworks:JonathanRush","Moonworks:EvilSpyWorkPreparation","Moonworks:MetallicMonocoque","Moonworks:LulusLuckyEgg"],"picked":"Moonworks:TacticalRetreat","floor":7.0},{"not_picked":["Moonworks:Assault","Moonworks:NicePresent","Moonworks:DeployBits","Moonworks:CloudOfSeagulls"],"picked":"Moonworks:BackdoorTrade","floor":10.0},{"not_picked":["Moonworks:EvilSpyWorkPreparation","Moonworks:CompletionReward","Moonworks:ImOnFire","Moonworks:Bloodlust","Moonworks:BindingChains"],"picked":"SKIP","floor":12.0},{"not_picked":["Moonworks:CloudOfSeagulls","Moonworks:SakisCookie","Moonworks:SealedMemories","Moonworks:SweetBattle"],"picked":"Moonworks:Accelerator","floor":14.0},{"not_picked":["Moonworks:EvilSpyWorkPreparation","Moonworks:LulusLuckyEgg","Moonworks:UnluckyCharm","Moonworks:ImOnFire+1","Moonworks:RedAndBlue+1"],"picked":"SKIP","floor":18.0},{"not_picked":["Moonworks:JonathanRush+1","Moonworks:NicePresent+1","Moonworks:UnluckyCharm+1","Moonworks:DeployBits+1","Moonworks:SakisCookie+1"],"picked":"SKIP","floor":21.0},{"not_picked":["Moonworks:JonathanRush+1","Moonworks:DevilHand","Moonworks:TreasureThief+1","Moonworks:NicePresent+1","Moonworks:IndiscriminateFireSupport+1"],"picked":"SKIP","floor":23.0},{"not_picked":["Moonworks:JonathanRush+1","Moonworks:TreasureThief+1","Moonworks:Assault","Moonworks:DeployBits+1","Moonworks:RocketCannon"],"picked":"SKIP","floor":25.0},{"not_picked":["Moonworks:AwakeningOfTalent","Moonworks:Poppoformation+1","Moonworks:SealedMemories+1","Moonworks:CloudOfSeagulls","Moonworks:MiracleRedBeanIceCream+1"],"picked":"SKIP","floor":28.0},{"not_picked":["Moonworks:SweetBattle+1","Moonworks:RagingMadness","Moonworks:DeployBits+1","Moonworks:EvilSpyWorkPreparation+1","Moonworks:TreasureThief+1"],"picked":"SKIP","floor":29.0},{"not_picked":["Moonworks:SelfDestruct","Moonworks:CloudOfSeagulls","Moonworks:BigMagnum+1","Moonworks:AwakeningOfTalent","Moonworks:AngelHand+1"],"picked":"SKIP","floor":31.0},{"not_picked":["Moonworks:JonathanRush+1","Moonworks:SelfDestruct+1","Moonworks:CloudOfSeagulls","Moonworks:BindingChains+1","Moonworks:IndiscriminateFireSupport"],"picked":"SKIP","floor":35},{"not_picked":["Moonworks:IndiscriminateFireSupport+1","Moonworks:ImOnFire+1","Moonworks:BigMagnum+1","Moonworks:LulusLuckyEgg+1","Moonworks:ScrambledEve+1"],"picked":"SKIP","floor":37},{"not_picked":["Moonworks:CloudOfSeagulls","Moonworks:MiracleRedBeanIceCream+1","Moonworks:Assault+1","Moonworks:BackdoorTrade+1","Moonworks:EvilSpyWorkPreparation+1"],"picked":"SKIP","floor":39},{"not_picked":["Moonworks:NicePresent+1","Moonworks:IndiscriminateFireSupport+1","Moonworks:BackdoorTrade+1","Moonworks:DeployBits+1","Moonworks:RocketCannon"],"picked":"SKIP","floor":41},{"not_picked":["Moonworks:JonathanRush+1","Moonworks:EvilSpyWorkPreparation+1","Moonworks:IndiscriminateFireSupport+1","Moonworks:DeployBits+1","Moonworks:Assault"],"picked":"SKIP","floor":45},{"not_picked":["Moonworks:NicePresent+1","Moonworks:ImOnFire+1","Moonworks:Assault","Moonworks:ImmovableObject+1","Moonworks:Blazing"],"picked":"SKIP","floor":47},{"not_picked":["Moonworks:DeployBits+1","Moonworks:Assault","Moonworks:x16BigRocket","Moonworks:BeyondHell+1","Moonworks:ImOnFire+1"],"picked":"SKIP","floor":48},{"not_picked":["Moonworks:AccelHyper+1","Moonworks:NicePresent+1","Moonworks:ImOnFire+1","Moonworks:FullSpeedAlicianrone+1","Moonworks:LulusLuckyEgg+1"],"picked":"SKIP","floor":54}],"player_experience":368726,"relics_obtained":[{"floor":1.0,"key":"SynthV:TestCard"},{"floor":6.0,"key":"Blood Vial"},{"floor":10.0,"key":"CeramicFish"},{"floor":13.0,"key":"Odd Mushroom"},{"floor":26.0,"key":"War Paint"},{"floor":28.0,"key":"aspiration:Lifesprig"},{"floor":38,"key":"Shovel"},{"floor":41,"key":"Vajra"},{"floor":43,"key":"Gremlin Horn"},{"floor":45,"key":"aspiration:HummingbirdHeart"},{"floor":46,"key":"Ornamental Fan"},{"floor":49,"key":"CaptainsWheel"},{"floor":52,"key":"Kunai"}],"event_choices":[{"damage_healed":0.0,"max_hp_gain":0.0,"max_hp_loss":0.0,"gold_gain":0.0,"event_name":"Mushrooms","player_choice":"Fought Mushrooms","floor":13.0,"gold_loss":0.0,"damage_taken":0.0},{"damage_healed":0.0,"max_hp_gain":0.0,"max_hp_loss":0.0,"gold_gain":0.0,"event_name":"Ghosts","player_choice":"Ignored","floor":20.0,"gold_loss":0.0,"damage_taken":0.0},{"damage_healed":0.0,"max_hp_gain":5.0,"max_hp_loss":0.0,"gold_gain":0.0,"event_name":"Forgotten Altar","player_choice":"Shed Blood","floor":22.0,"gold_loss":0.0,"damage_taken":15.0},{"damage_healed":0.0,"max_hp_gain":0.0,"max_hp_loss":0.0,"gold_gain":0.0,"event_name":"Vampires","player_choice":"Ignored","floor":27.0,"gold_loss":0.0,"damage_taken":0.0},{"damage_healed":0,"gold_gain":0,"player_choice":"Fight","damage_taken":0,"max_hp_gain":0,"max_hp_loss":0,"event_name":"Mysterious Sphere","floor":38,"gold_loss":0}],"is_beta":false,"boss_relics":[{"not_picked":["Astrolabe","Transparent"],"picked":"aspiration:FutureDiary"},{"not_picked":["OneHitWonderSystem","Philosopher\u0027s Stone"],"picked":"Tiny House"}],"items_purged_floors":[0,0,19,36,42,53,53],"is_endless":false,"potions_floor_spawned":[2,6,12,13,23,25,29,31,33,35,38,47,48,54],"ascension_level":1}}