{"host":"v63m4f6t57xrjbnq","time":1614355337,"event":{"mods":["100% Spire Juice","ATMod(阿瑾Mod)","Act Like it!","Arknights","BaseMod","Colored Powertips","Dota2Spire","Downfall","Energized Spire","Gensokyo","Hallownest","KinomotoSakuraMod(木之本樱)","KomeijiMod","LagranYue(拉格朗・月)","Lobotomy","LobotomyExtend","Marisa（F雨　魔理沙）","Marked Mod","Minty Spire (QoL Compilation)","Quick Restart","Reimu（博丽灵梦）","Relic Filter Mod","Remilia（蕾米莉亚）","Replay The Spire","RumiaBox-露米娅的神秘盒子","StSLib","The Administrix","The Marked","The Senshi","The Servant 0.9.4","Waifu the Spire","WarShipGirlsR/战舰少女R mod","Yakumo Yukari mod","Youmu（魂魄妖梦）","Yuyuko","【遗物卡牌】REMEMod"],"gold_per_floor":[112,112,0,0,0,0,17,43,43,43,77,77,97,61,61,139,139,157,5,318,95,95,95,127,127,127,170,170,170,170,191,191,274,274,298,298,298,298,616,616,713,775,835,894,894,928,928,952,977,347,347,363],"floor_reached":53,"language":"ZHS","playtime":1775,"items_purged":["Sickly","downfall:Haunted"],"score":1550,"play_id":"e10379b4-35f1-4e32-8445-68a52ba57080","local_time":"20210227000217","is_ascension_mode":true,"campfire_choices":[{"data":"ats:Hammer On","floor":6,"key":"SMITH"},{"data":"ats:Phantom","floor":10,"key":"SMITH"},{"data":"ats:Flexible Camouflage","floor":15,"key":"SMITH"},{"floor":23,"key":"RECALL"},{"floor":32,"key":"REST"},{"data":"ats:Ambush","floor":51,"key":"SMITH"}],"circlet_count":0,"master_deck":["AscendersBane","ats:Hammer On+1","ats:Steam Pump","ats:Phantom+1","ats:Flexible Camouflage+1","ats:Curse Doll+1","ats:Wolf Pack","ReplayTheSpireMod:Splinters","ats:Shell Defense","ats:Overload","ats:Nebulous Foxfire","ats:Nebulous Foxfire+1","ats:Guard Mode+1","ats:Curse Doll+1","ats:Echo Reverb","ats:True Silver Slash","ats:Flexible Camouflage+1","Gensokyo:Taser","ats:Sashimi Platter","ats:Thorns+1","ats:Durian","ats:Calcification","ats:Roar Of Ursus","ats:Nebulous Foxfire","ats:Ambush+1","ats:Dogmatic Field","ats:Demon Strength","ats:Thermite Blade"],"relics":["AT_ATBox","REME_ComplimentaryCards","LagranYue:RandomDrawCardRelic","AT_TrinityForce","RedMistMask","Gensokyo:LunaticRedEyes","Dota2Spire:LotusOrb","AT_SunfireAegis","ats:Originium","Strawberry","InkBottle","Dota2Spire:EchoSabre","Garlic","Kintsugi","Medical Kit","Dota2Spire:MaskOfMadness","ats:Military Tradition","Gensokyo:ChorusOfJoy","Replay:Bandana","ReplayFunnel","Ring of Fury","Ring of Hypnosis","AT_BladeRuinedKing","Gremlin Horn","energizedSpire:DeadBattery","MoreBug","Baka2","AT_EbonyIvory","SumBook","AntiCross","Centennial Puzzle","Mummified Hand","Sling","Ccalipers"],"acts_visited":["Gensokyo:Gensokyo","Gensokyo:Gensokyoer","Gensokyo:Gensokyoest"],"potions_floor_usage":[33],"damage_taken":[{"damage":2,"enemies":"Gensokyo:Gryphon","floor":1,"turns":3},{"damage":0,"enemies":"Gensokyo:3_Fairies","floor":7,"turns":4},{"damage":10,"enemies":"Gensokyo:Mamizou","floor":8,"turns":7},{"damage":0,"enemies":"Gensokyo:Aya","floor":11,"turns":2},{"damage":0,"enemies":"Gensokyo:Python","floor":13,"turns":2},{"damage":23,"enemies":"Gensokyo:Yukari","floor":16,"turns":4},{"damage":0,"enemies":"Gensokyo:Chomper","floor":18,"turns":2},{"damage":0,"enemies":"Gensokyo:CosmicMonolith","floor":20,"turns":2},{"damage":0,"enemies":"Gensokyo:Reisen","floor":24,"turns":3},{"damage":1,"enemies":"Gensokyo:Koishi","floor":27,"turns":2},{"damage":0,"enemies":"Gensokyo:Wraith","floor":31,"turns":1},{"damage":23,"enemies":"Gensokyo:Eiki","floor":33,"turns":6},{"damage":0,"enemies":"Gensokyo:AncientGuardian","floor":35,"turns":1},{"damage":0,"enemies":"Gensokyo:3_Boulders","floor":39,"turns":5},{"damage":0,"enemies":"Gensokyo:Kasen","floor":42,"turns":4},{"damage":3,"enemies":"Gensokyo:AtlasGolem","floor":43,"turns":4},{"damage":8,"enemies":"Gensokyo:Marisa","floor":44,"turns":2},{"damage":19,"enemies":"Gensokyo:Doremy","floor":46,"turns":5},{"damage":2,"enemies":"Gensokyo:4_Bats","floor":48,"turns":2},{"damage":9,"enemies":"Gensokyo:Dusk_and_Dawn","floor":49,"turns":1},{"damage":15,"enemies":"Gensokyo:Shinki","floor":52,"turns":5}],"seed_played":"2548131773253420569","potions_obtained":[{"floor":8,"key":"Venom Potion"},{"floor":11,"key":"BlessingOfTheForge"},{"floor":33,"key":"Fire Potion"}],"is_trial":false,"path_per_floor":["M","?","COS","?","?","R","M","E","T","R","E","?","M","$","R","B",null,"M","COS","M","$","?","R","E","?","T","E","?","?","T","M","R","B",null,"M","?","PTL","PTL","M","?","?","E","M","E","T","E","?","M","M","$","R","B",null],"character_chosen":"DOCTOR_CLASS","items_purchased":["ats:Curse Doll+1","Medical Kit","Mummified Hand","Sling","Ccalipers"],"campfire_rested":1,"item_purchase_floors":[14,21,50,50,50],"current_hp_per_floor":[63,63,63,63,63,63,63,60,60,60,60,68,68,68,68,45,93,93,93,93,93,93,93,93,93,93,1,1,1,1,1,37,37,99,99,51,51,51,81,81,81,96,114,112,112,113,113,119,111,111,111,109],"gold":363,"neow_bonus":"BOSS_RELIC","is_daily":false,"chose_seed":false,"campfire_upgraded":4,"win_rate":0.0,"timestamp":1614355337,"path_taken":["M","?","COS","?","?","R","M","E","T","R","E","?","M","?","R","BOSS","M","COS","M","$","?","R","E","?","T","E","?","?","?","M","R","BOSS","M","?","PTL","PTL","M","?","?","E","M","E","T","E","?","?","M","$","R","BOSS"],"items_purchased_type":["Card","Relic","Relic","Relic","Relic"],"build_version":"2020-12-22","purchased_purges":2,"victory":true,"max_hp_per_floor":[72,72,72,72,72,72,102,109,109,109,109,109,109,109,109,109,109,109,109,109,109,109,109,109,109,109,109,109,109,109,120,120,120,120,120,120,120,120,120,120,120,120,120,120,120,120,120,120,120,120,120,120],"card_choices":[{"not_picked":["ats:Leaping Hammer","ats:Powerful Strike"],"picked":"ats:Hammer On","floor":1},{"not_picked":["ats:Defend Order","ats:Very Hot Blade"],"picked":"ats:Steam Pump","floor":7},{"not_picked":["ats:Song Of Battle","ats:Hammer On"],"picked":"ats:Phantom","floor":8},{"not_picked":["ats:Ignite","ats:Soul Rend"],"picked":"ats:Roar Of Ursus","floor":11},{"not_picked":["ats:Explosion Area Strengthen","ats:Assault Order"],"picked":"ats:Flexible Camouflage","floor":13},{"not_picked":["ats:Disruption Kick","ats:Dogmatic Field"],"picked":"ats:Wolf Pack","floor":16},{"not_picked":["ats:Cat Scratch","ats:Assault Order","ats:Neurotoxin"],"picked":"SKIP","floor":18},{"not_picked":["ats:Blood Oath","ats:Thermite Blade","ats:Shell Defense"],"picked":"SKIP","floor":20},{"not_picked":["ats:Blood Oath","ats:Thermite Blade"],"picked":"ats:Shell Defense","floor":20},{"not_picked":["ats:Assault Order","ats:Very Hot Blade+1","ats:Revitalization"],"picked":"SKIP","floor":24},{"not_picked":["ats:Apocalypse","ats:Flexible Camouflage"],"picked":"ats:Nebulous Foxfire","floor":27},{"not_picked":["ats:Cat Scratch","ats:LN2 Cannon"],"picked":"ats:Guard Mode+1","floor":31},{"not_picked":["ats:Ambush","ats:Volcano"],"picked":"ats:Echo Reverb","floor":33},{"not_picked":["ats:Revitalization","ats:Ignite","ats:Curse Doll"],"picked":"SKIP","floor":35},{"not_picked":["ats:Volcano","ats:Soul Rend"],"picked":"ats:True Silver Slash","floor":39},{"not_picked":["ats:Encircling Forest","ats:Cat Scratch"],"picked":"ats:Flexible Camouflage+1","floor":39},{"not_picked":["ats:Very Hot Blade","ats:Closed Bolt Burst Fire+1"],"picked":"ats:Sashimi Platter","floor":42},{"not_picked":["ats:Closed Bolt Burst Fire","ats:Apocalypse"],"picked":"ats:Thorns+1","floor":43},{"not_picked":["ats:Guardian Obelisk","ats:Rapid Magazine+1"],"picked":"ats:Dogmatic Field","floor":44},{"not_picked":["ats:Guard Mode","ats:Defend Order"],"picked":"ats:Demon Strength","floor":46},{"not_picked":["ats:Flexible Camouflage","ats:Ignite","ats:Defend Order+1"],"picked":"SKIP","floor":48},{"not_picked":["ats:Cat Scratch","ats:Magnetic Hammer","ats:Shell Defense+1"],"picked":"SKIP","floor":49}],"player_experience":277893,"relics_obtained":[{"floor":1,"key":"Baka"},{"floor":1,"key":"RedMistMask"},{"floor":7,"key":"Dota2Spire:LotusOrb"},{"floor":8,"key":"ats:Originium"},{"floor":8,"key":"Strawberry"},{"floor":9,"key":"InkBottle"},{"floor":11,"key":"ats:Originium"},{"floor":11,"key":"Garlic"},{"floor":24,"key":"ats:Originium"},{"floor":24,"key":"ats:Military Tradition"},{"floor":26,"key":"Replay:Bandana"},{"floor":27,"key":"ats:Originium"},{"floor":27,"key":"ReplayFunnel"},{"floor":29,"key":"Ring of Fury"},{"floor":29,"key":"Ring of Hypnosis"},{"floor":30,"key":"AT_BladeRuinedKing"},{"floor":39,"key":"Baka2"},{"floor":42,"key":"AT_EbonyIvory"},{"floor":44,"key":"SumBook"},{"floor":45,"key":"AntiCross"},{"floor":46,"key":"Centennial Puzzle"}],"event_choices":[],"is_beta":false,"boss_relics":[{"not_picked":["energizedSpire:CursedPentagram","ChewingGum"],"picked":"Kintsugi"},{"not_picked":["Velvet Choker","RedLine:ReiMu"],"picked":"energizedSpire:DeadBattery"}],"items_purged_floors":[21,50],"is_endless":false,"potions_floor_spawned":[8,11,16,27,33,35,39,44],"ascension_level":13}}