{"host":"76n1didplu2laqh4","time":1614348291,"event":{"mods":["BaseMod","Downfall","Good Game Mod","Marisa£®ÏF”Í°°ƒß¿Ì…≥£©","Minty Spire (QoL Compilation)","Prisma Mod","Quick Restart","READ ME - Guardian Mod","Replay The Spire","Shop Mod","StSLib","The Hierophant","The Senshi","The Servant 0.9.4","UnlockEverythingMod","Youmu£®ªÍ∆«—˝√Œ£©","Yuri Mod"],"gold_per_floor":[113,113,125,141,32,32,61,73,73,73,87,112,132,162,162,264,264,282,296,571,583,71,103,103,97,97,97,97,97,62,77,77,177,177,190,240,289,12,29,57,92,92,92,102,102,136,136,150,150,150,150,150,33,66,66],"floor_reached":56,"language":"ZHS","playtime":3751,"items_purged":["PrismaMod:ChloeCommonDefend","PrismaMod:ChloeCommonDefend"],"score":1423,"play_id":"84d99523-7dfc-4d86-af2f-5386f54e0c1f","local_time":"20210226220451","is_ascension_mode":false,"campfire_choices":[{"floor":6.0,"key":"RECALL"},{"data":"After Image","floor":10.0,"key":"SMITH"},{"floor":15.0,"key":"REST"},{"floor":24.0,"key":"REST"},{"floor":27.0,"key":"REST"},{"data":"PrismaMod:ChloeDoubleRelicSpeed","floor":32.0,"key":"SMITH"},{"floor":42.0,"key":"REST"},{"floor":45.0,"key":"REST"},{"data":"PrismaMod:ChloeGreatTracePools","floor":47,"key":"SMITH"},{"data":"PrismaMod:ChloeCaladbolg","floor":49,"key":"SMITH"},{"data":"PrismaMod:ChloeGaeBolg","floor":52,"key":"SMITH"}],"circlet_count":0,"master_deck":["PrismaMod:ChloeCommonAttack","PrismaMod:ChloeCommonAttack","PrismaMod:ChloeCommonAttack","PrismaMod:ChloeCommonAttack","PrismaMod:ChloeCommonAttack","PrismaMod:ChloeCommonDefend","PrismaMod:ChloeCommonDefend","PrismaMod:ChloeCheapAttack","PrismaMod:ChloeCheapDefend+1","After Image+1","PrismaMod:ChloeUncommonAOEAttack","PrismaMod:ChloeExcalibur","PrismaMod:ChloeCheapDefendTwo","PrismaMod:ChloeRuleBreaker","PrismaMod:ChloeEyeOfTheEuryale+1","PrismaMod:ChloeCheapAttack","PrismaMod:ChloeDiscardRecovery+1","PrismaMod:ChloeCarnivalAttack","PrismaMod:ChloeCaladbolg+1","PrismaMod:ChloeCommonAOEAttack","PrismaMod:ChloeDoubleRelicSpeed+1","PrismaMod:ChloeCheapDefendTwo+1","PrismaMod:ChloeMaid+1","Regret","PrismaMod:ChloeCheapDefend+1","PrismaMod:ChloeGaeBolg+1","Clumsy","PrismaMod:ChloeBetterTracePools","PrismaMod:ChloeCommonAOEAttack","PrismaMod:ChloeCarnivalAOEAttack","PrismaMod:ChloeExhaustOne+1","PrismaMod:ChloeExhaustOne+1","PrismaMod:ChloeCheapDefend+1","PrismaMod:ChloeCommonAOEAttack+1","PrismaMod:ChloeExhaustOne+1","PrismaMod:ChloeGreatTracePools+1","PrismaMod:ChloeCheapDefendTwo+1","PrismaMod:ChloeRhongomyniad","PrismaMod:ChloeChristmas+1","PrismaMod:ChloeCheapDefendTwo+1","PrismaMod:ChloeDiscardRecovery+1","PrismaMod:ChloeCheapDefendTwo+1","Bandage Up","Pot Of Greed","Pot Of Greed","Pot Of Greed","Pot Of Greed","PrismaMod:ChloeCheapDefendTwo+1"],"relics":["PrismaMod:PrismaTraceOn","REME:ComplimentaryCards","NeowsBlessing","PreservedInsect","Ornamental Fan","War Paint","ChewingGum","Replay:Ringing Soul","Blue Candle","Chameleon Ring","ReplayTheSpireMod:CursedCoin","Nunchaku","Regal Pillow","Replay:Bronze Core","WingedGreaves","Unceasing Top","Membership Card","Anchor","yuri:PortableGlitches","Lantern","Ice Cream","White Beast Statue","Medical Kit","Grinning Jar"],"acts_visited":["Exordium","TheCity","TheBeyond","TheEnding"],"potions_floor_usage":[50,55,55],"damage_taken":[{"damage":0.0,"enemies":"2 Louse","floor":1.0,"turns":1.0},{"damage":0.0,"enemies":"Cultist","floor":3.0,"turns":1.0},{"damage":0.0,"enemies":"Jaw Worm","floor":4.0,"turns":1.0},{"damage":11.0,"enemies":"Gremlin Nob","floor":7.0,"turns":5.0},{"damage":24.0,"enemies":"Exordium Thugs","floor":8.0,"turns":4.0},{"damage":0.0,"enemies":"Blue Slaver","floor":11.0,"turns":4.0},{"damage":0.0,"enemies":"Lagavulin","floor":12.0,"turns":3.0},{"damage":10.0,"enemies":"Exordium Wildlife","floor":13.0,"turns":4.0},{"damage":24.0,"enemies":"3 Sentries","floor":14.0,"turns":4.0},{"damage":6.0,"enemies":"Hexaghost","floor":16.0,"turns":5.0},{"damage":31.0,"enemies":"Spheric Guardian","floor":18.0,"turns":6.0},{"damage":0.0,"enemies":"Shell Parasite","floor":19.0,"turns":4.0},{"damage":6.0,"enemies":"Shelled Parasite and Fungi","floor":21.0,"turns":7.0},{"damage":20.0,"enemies":"Gremlin Leader","floor":23.0,"turns":4.0},{"damage":12.0,"enemies":"Sentry and Sphere","floor":31.0,"turns":6.0},{"damage":38.0,"enemies":"Automaton","floor":33.0,"turns":7.0},{"damage":7.0,"enemies":"3 Shapes","floor":35.0,"turns":4.0},{"damage":32.0,"enemies":"Mind Bloom Boss Battle","floor":36.0,"turns":10.0},{"damage":33.0,"enemies":"2 Orb Walkers","floor":37.0,"turns":5.0},{"damage":1.0,"enemies":"3 Darklings","floor":39.0,"turns":6.0},{"damage":13.0,"enemies":"Giant Head","floor":40.0,"turns":6.0},{"damage":3.0,"enemies":"Reptomancer","floor":41.0,"turns":4.0},{"damage":15.0,"enemies":"Spire Growth","floor":44.0,"turns":4.0},{"damage":1,"enemies":"Nemesis","floor":46,"turns":3},{"damage":10,"enemies":"4 Shapes","floor":48,"turns":3},{"damage":35,"enemies":"Donu and Deca","floor":50,"turns":8},{"damage":47,"enemies":"Shield and Spear","floor":54,"turns":6},{"damage":55,"enemies":"The Heart","floor":55,"turns":7}],"seed_played":"-5218701173940596421","potions_obtained":[{"floor":1.0,"key":"PowerPotion"},{"floor":3.0,"key":"SteroidPotion"},{"floor":8.0,"key":"Ancient Potion"},{"floor":14.0,"key":"bronze:BurnAndBuffPotion"},{"floor":19.0,"key":"Reflective Coating"},{"floor":21.0,"key":"Swift Potion"},{"floor":23.0,"key":"Fire Potion"},{"floor":29.0,"key":"Adrenaline Potion"},{"floor":36.0,"key":"SteroidPotion"},{"floor":37.0,"key":"Fire Potion"},{"floor":44.0,"key":"FearPotion"},{"floor":48,"key":"SneckoOil"},{"floor":54,"key":"CultistPotion"}],"is_trial":false,"path_per_floor":["M","?","M","M","$","R","E","M","T","R","M","E","M","E","R","B",null,"M","M","?","M","$","E","R","$","T","R","?","R","$","M","R","B",null,"M","?","?","$","M","E","E","R","T","M","R","E","R","M","R","B",null,"R","$","E","B",null],"character_chosen":"CHLOE","items_purchased":["PrismaMod:ChloeRuleBreaker","Replay:Ringing Soul","Blue Candle","ReplayTheSpireMod:CursedCoin","Nunchaku","PrismaMod:ChloeBetterTracePools","Membership Card","Anchor","Medical Kit","Bandage Up"],"campfire_rested":5,"item_purchase_floors":[5,22,22,25,25,30,38,38,53,53],"current_hp_per_floor":[75,75,75,75,75,75,64,40,40,40,40,40,30,16,38,32,75,44,44,44,38,38,21,44,47,47,81,66,66,69,60,60,25,95,91,62,32,32,34,24,24,72,72,62,111,113,113,106,106,71,122,122,125,83,32],"gold":66,"neow_bonus":"THREE_ENEMY_KILL","is_daily":false,"chose_seed":false,"campfire_upgraded":5,"win_rate":0.0,"timestamp":1614348291,"path_taken":["M","?","?","M","$","R","E","M","T","R","M","E","M","E","R","BOSS","M","M","?","M","?","E","R","$","T","R","?","R","$","M","R","BOSS","M","?","?","?","?","E","E","R","T","M","R","E","R","M","R","BOSS","R","$","E","BOSS"],"items_purchased_type":["Card","Relic","Relic","Relic","Relic","Card","Relic","Relic","Relic","Card"],"build_version":"2020-12-22","purchased_purges":2,"victory":true,"max_hp_per_floor":[75,75,75,75,75,75,75,75,75,75,75,75,75,75,75,75,75,75,75,75,75,75,78,78,81,81,81,86,86,89,92,92,95,95,98,101,104,104,107,110,113,113,113,116,116,119,119,122,122,122,122,122,125,128,128],"card_choices":[{"not_picked":["PrismaMod:ChloeUncommonDefend","PrismaMod:ChloeChristmas"],"picked":"PrismaMod:ChloeUncommonAOEAttack","floor":1.0},{"not_picked":["PrismaMod:ChloeCheapDefendTwo","PrismaMod:ChloeCommonAOEAttack"],"picked":"PrismaMod:ChloeExcalibur","floor":3.0},{"not_picked":["PrismaMod:ChloeCheapDefend","PrismaMod:ChloeDiscardRecovery"],"picked":"PrismaMod:ChloeCheapDefendTwo","floor":4.0},{"not_picked":["PrismaMod:ChloeDemonicTutor","PrismaMod:ChloeDiscardRecovery"],"picked":"PrismaMod:ChloeEyeOfTheEuryale","floor":7.0},{"not_picked":["PrismaMod:ChloeDiscardRecovery","PrismaMod:ChloeDemonicTutor"],"picked":"PrismaMod:ChloeCheapAttack","floor":8.0},{"not_picked":["PrismaMod:ChloeRuleBreaker","PrismaMod:ChloeCheapDefend"],"picked":"PrismaMod:ChloeDiscardRecovery","floor":11.0},{"not_picked":["PrismaMod:ChloeCheapDefend","PrismaMod:ChloeExhaustOne"],"picked":"PrismaMod:ChloeCarnivalAttack","floor":12.0},{"not_picked":["PrismaMod:ChloeRitsuka","PrismaMod:ChloeMordred"],"picked":"PrismaMod:ChloeCaladbolg","floor":13.0},{"not_picked":["PrismaMod:ChloeDiscardRecovery","PrismaMod:ChloeCheapAttackTwo"],"picked":"PrismaMod:ChloeCommonAOEAttack","floor":14.0},{"not_picked":["PrismaMod:ChloeUnlimitedBladeWorks","PrismaMod:ChloeAnySkillTrace"],"picked":"PrismaMod:ChloeDoubleRelicSpeed","floor":16.0},{"not_picked":["PrismaMod:ChloeDemonicTutor","PrismaMod:ChloeDiscardRecovery"],"picked":"PrismaMod:ChloeCheapDefendTwo+1","floor":18.0},{"not_picked":["PrismaMod:ChloeRitsuka","PrismaMod:ChloeUncommonAttack"],"picked":"PrismaMod:ChloeMaid+1","floor":19.0},{"not_picked":["PrismaMod:ChloeCommonAOEAttack+1","PrismaMod:ChloeCheapDefendTwo"],"picked":"PrismaMod:ChloeCheapDefend+1","floor":21.0},{"not_picked":["PrismaMod:ChloeMordred","PrismaMod:ChloeCheapAttack+1"],"picked":"PrismaMod:ChloeGaeBolg","floor":23.0},{"not_picked":["PrismaMod:ChloeDiscardRecovery","PrismaMod:ChloeRuleBreaker"],"picked":"PrismaMod:ChloeCommonAOEAttack","floor":31.0},{"not_picked":["PrismaMod:ChloeAnyPowerTrace","PrismaMod:ChloeReshuffleDiscard"],"picked":"PrismaMod:ChloeCarnivalAOEAttack","floor":33.0},{"not_picked":["PrismaMod:ChloeCheapAttackTwo","PrismaMod:ChloeCommonAOEAttack+1"],"picked":"PrismaMod:ChloeExhaustOne+1","floor":35.0},{"not_picked":["PrismaMod:ChloeRitsuka","PrismaMod:ChloeDiscardRecovery"],"picked":"PrismaMod:ChloeExhaustOne+1","floor":36.0},{"not_picked":["PrismaMod:ChloeDiscardRecovery","PrismaMod:ChloeCheapAttack+1"],"picked":"PrismaMod:ChloeCheapDefend+1","floor":37.0},{"not_picked":["PrismaMod:ChloeGaeBolg+1","PrismaMod:ChloeExhaustTwo"],"picked":"PrismaMod:ChloeCommonAOEAttack+1","floor":39.0},{"not_picked":["PrismaMod:ChloeGaeBolg","PrismaMod:ChloeCommonAOEAttack+1"],"picked":"PrismaMod:ChloeExhaustOne+1","floor":39.0},{"not_picked":["PrismaMod:ChloeRitsuka","PrismaMod:ChloeCheapAttackTwo"],"picked":"PrismaMod:ChloeGreatTracePools","floor":40.0},{"not_picked":["PrismaMod:ChloeDiscardRecovery","PrismaMod:ChloeUncommonAOEAttack"],"picked":"PrismaMod:ChloeCheapDefendTwo+1","floor":41.0},{"not_picked":["PrismaMod:ChloeCheapAttack","PrismaMod:ChloeCheapDefendTwo"],"picked":"PrismaMod:ChloeRhongomyniad","floor":44.0},{"not_picked":["PrismaMod:ChloeCaladbolg+1","PrismaMod:ChloeDiscardRecovery"],"picked":"PrismaMod:ChloeChristmas+1","floor":44.0},{"not_picked":["PrismaMod:ChloeCheapDefend","PrismaMod:ChloeUncommonAttack"],"picked":"PrismaMod:ChloeCheapDefendTwo+1","floor":46},{"not_picked":["PrismaMod:ChloeMaid","PrismaMod:ChloeUncommonDefend+1"],"picked":"PrismaMod:ChloeDiscardRecovery+1","floor":48},{"not_picked":["PrismaMod:ChloeEyeOfTheEuryale","PrismaMod:ChloeCheapAttack"],"picked":"PrismaMod:ChloeCheapDefendTwo+1","floor":48},{"not_picked":["PrismaMod:ChloeAnyCommonTrace","PrismaMod:ChloeCheapAttackTwo"],"picked":"PrismaMod:ChloeCheapDefendTwo+1","floor":54}],"player_experience":265141,"relics_obtained":[{"floor":7.0,"key":"PreservedInsect"},{"floor":12.0,"key":"Ornamental Fan"},{"floor":14.0,"key":"War Paint"},{"floor":23.0,"key":"Chameleon Ring"},{"floor":26.0,"key":"Regal Pillow"},{"floor":36.0,"key":"WingedGreaves"},{"floor":37.0,"key":"Unceasing Top"},{"floor":40.0,"key":"yuri:PortableGlitches"},{"floor":41.0,"key":"Lantern"},{"floor":43.0,"key":"Ice Cream"},{"floor":46,"key":"White Beast Statue"},{"floor":54,"key":"Grinning Jar"}],"event_choices":[{"cards_removed":["PrismaMod:ChloeCommonDefend"],"damage_healed":0.0,"max_hp_gain":0.0,"max_hp_loss":0.0,"gold_gain":0.0,"event_name":"Purifier","player_choice":"Purged","floor":2.0,"gold_loss":0.0,"damage_taken":0.0},{"damage_healed":0.0,"max_hp_gain":0.0,"max_hp_loss":0.0,"gold_gain":275.0,"event_name":"Golden Shrine","player_choice":"Desecrate","floor":20.0,"gold_loss":0.0,"damage_taken":0.0,"cards_obtained":["Regret"]},{"damage_healed":0.0,"max_hp_gain":5.0,"max_hp_loss":0.0,"gold_gain":0.0,"event_name":"Forgotten Altar","player_choice":"Shed Blood","floor":28.0,"gold_loss":0.0,"damage_taken":20.0},{"damage_healed":0.0,"max_hp_gain":0.0,"max_hp_loss":0.0,"gold_gain":0.0,"event_name":"MindBloom","player_choice":"Fight","floor":36.0,"gold_loss":0.0,"damage_taken":0.0},{"damage_healed":0.0,"max_hp_gain":0.0,"max_hp_loss":0.0,"gold_gain":0.0,"event_name":"Mysterious Sphere","player_choice":"Fight","floor":37.0,"gold_loss":0.0,"damage_taken":0.0}],"is_beta":false,"boss_relics":[{"not_picked":["Pandora\u0027s Box","Ring of Chaos"],"picked":"ChewingGum"},{"not_picked":["SacredBark","Kintsugi"],"picked":"Replay:Bronze Core"}],"items_purged_floors":[5,38],"is_endless":false,"potions_floor_spawned":[1,3,8,14,19,21,23,36,37,44,48,54],"ascension_level":0}}