{"host":"avq773cl9g5msfol","time":1614359759,"event":{"mods":["100% Spire Juice","AchievementEnabler","Act Like it!","Ascension Unlocker","Aspiration","Astrologer","Aya Shameimaru","Bard","Bartender","BaseMod","Better Altar","Better Third Choice","BetterRewards","CapriCore","ChefMod","Colored Map","Colored Powertips","Conspire","Dio Mod","Downfall","Elementarium","Energized Spire","Extra Virgin Snecko Oil","Gensokyo","GifTheSpireLib","Hallownest","Hermit","Highlight Path","Hubris","Humility","Infinite Spire","Jorbs\u0027s Wanderer Trilogy","Koishi","Magitek Elite","Marisa????????","Marked Mod","Menagerie","Minty Spire (QoL Compilation)","Pale of the Ancients","Potionbrewer","Quarter Circle Forward PUNCH!","Rare Cards Sparkle","Reimu??????","Relic Stats","Reliquary","Remilia??????","Replay The Spire","Robot Space Explorer","SacredBarkPlus","Shade Mod","Shapeshifter Mod","Somnambulant","Spicy Shops","Spire Arcade","StSLib","The Administrix","The Blue Laboratory","The Bug Knight","The Construct","The Cursed","The Disciple","The Dragon Tamer","The Exalted","The Hayseed","The Hierophant","The Hydrologist","The Immortal","The Marked","The Mystic","The Problem Sleuth","The Runesmith","The Senshi","The Vixen","The Wild Card","TheFirefly","Wandering Minibosses","Wide Potions","vexMod"],"gold_per_floor":[116,116,116,135,167,197,214,239,239,269,289,319,319,336,336,410,410,429,429,447,447,465,513,513,539,620,645,645,645,487,487,487,584,584,600,638,638,638,638,638,686,886,886,933,953,973],"floor_reached":47,"language":"ENG","playtime":3787,"items_purged":["hydrologistmod:UnstableDefend","hydrologistmod:JetPropulsion+1","hydrologistmod:DimensionalIcicles+1","hydrologistmod:Cascade+1","hydrologistmod:StormFront+1"],"score":2820,"play_id":"8f0b2cc3-8a11-4f6a-bb0c-2b4eb29a8bc3","local_time":"20210227001559","is_ascension_mode":true,"campfire_choices":[{"data":"hydrologistmod:UnstableDefend","floor":13.0,"key":"SMITH"},{"floor":15.0,"key":"REST"},{"data":"Elementarium:GildedForm","floor":24.0,"key":"SMITH"},{"data":"hydrologistmod:Siphon","floor":29.0,"key":"SMITH"},{"data":"bard:HideousLaughter","floor":32.0,"key":"SMITH"},{"data":"infinitespire:NeuralNetwork","floor":40,"key":"SMITH"}],"circlet_count":0,"master_deck":["AscendersBane","hydrologistmod:FrostWhip+1","hydrologistmod:Hydraulics+1","hydrologistmod:UnstableDefend+1","hydrologistmod:PersonalRaincloud+1","hydrologistmod:JetPropulsion+1","hydrologistmod:MirageMist+1","hydrologistmod:Debilitate+1","hydrologistmod:PureSteam+1","hydrologistmod:StormFront+1","hydrologistmod:GlacialStrike+1","hydrologistmod:Cascade+1","hydrologistmod:LayeredShell+1","hydrologistmod:BracedForm+1","hydrologistmod:SurfaceTension+1","hydrologistmod:ScaldingGeyser+1","hydrologistmod:FrozenCapsule+1","hydrologistmod:OccludingMist+1","hydrologistmod:PureIce+1","hydrologistmod:Upstream+1","Sadistic Nature+1","hydrologistmod:SoggySynthesis+1","hydrologistmod:ResonantCrystal+1","hydrologistmod:IcyFloe+1","hydrologistmod:Pneumatics+1","Deep Breath+1","Master of Strategy+1","hydrologistmod:Reservoir+1","hydrologistmod:Blizzard+1","Elementarium:GildedForm+1","hydrologistmod:Siphon+1","ReplayTheSpireMod:Necrogeddon+1","bard:HideousLaughter+1","hydrologistmod:AmalgamateWaters+1","infinitespire:NeuralNetwork+1","hydrologistmod:SteamEngine+1"],"relics":["hydrologistmod:WaterPouch","Golden Egg","Quantum Egg","PureWhite:ReiMu","RuthlessExorcism:ReiMu","Juzu Bracelet","Happy Flower","ReplayTheSpireMod:TigerMarble","hydrologistmod:SpiritMask","hubris:CuriousFeather","Bromod:ArcaneTrickery","Calipers","ClockworkSouvenir","Bottled Tornado","hexamod:BolsterEngine","hubris:SlimyHat","hubris:CrystalStatue","conspire:Dentures","reliquary:ThirdArm","reliquary:Aerogel","qcfpunch:Red_Gi","hubris:PeanutButter","qcfpunch:Wrestler\u0027s_Cloak","Slimebound:PreparedRelic","Runesmith:AutoHammer","Elementarium:ElementariumTrophy","reliquary:WritOfMandamus","vexMod:MemoryStick","Hallownest:GodTamersBeastRelic","conspire:GiftBox","reliquary:IridiumChain","ScarletDevilRocket"],"acts_visited":["Gensokyo:Gensokyo","Elementarium:Elementarium","Hallownest:KingdomsEdge"],"potions_floor_usage":[],"damage_taken":[{"damage":0.0,"enemies":"Gensokyo:2_Kodama","floor":1.0,"turns":1.0},{"damage":0.0,"enemies":"Gensokyo:3_Fairies","floor":4.0,"turns":2.0},{"damage":0.0,"enemies":"conspire:MimicChest","floor":5.0,"turns":3.0},{"damage":0.0,"enemies":"Gensokyo:Mamizou","floor":6.0,"turns":4.0},{"damage":0.0,"enemies":"Gensokyo:Gryphon","floor":7.0,"turns":2.0},{"damage":0.0,"enemies":"Gensokyo:Cirno","floor":8.0,"turns":4.0},{"damage":0.0,"enemies":"Gensokyo:Aya","floor":10.0,"turns":1.0},{"damage":0.0,"enemies":"Gensokyo:Kitsune","floor":11.0,"turns":1.0},{"damage":0.0,"enemies":"Gensokyo:Cirno","floor":12.0,"turns":5.0},{"damage":0.0,"enemies":"Gensokyo:5_Fairies","floor":14.0,"turns":3.0},{"damage":0.0,"enemies":"Gensokyo:Kokoro","floor":16.0,"turns":4.0},{"damage":0.0,"enemies":"Elementarium:MUD_AND_TAR_GOLEMS","floor":18.0,"turns":1.0},{"damage":0.0,"enemies":"Elementarium:2_ELEMENTALS","floor":20.0,"turns":1.0},{"damage":0.0,"enemies":"Elementarium:VOID_CORRUPTION_AND_TAR_GOLEM","floor":22.0,"turns":1.0},{"damage":0.0,"enemies":"Elementarium:ElementalPortal","floor":23.0,"turns":5.0},{"damage":0.0,"enemies":"Elementarium:WarGolem","floor":25.0,"turns":2.0},{"damage":0.0,"enemies":"Nightmare","floor":27.0,"turns":4.0},{"damage":0.0,"enemies":"Elementarium:PHOENIXES","floor":33.0,"turns":6.0},{"damage":0,"enemies":"Hallownest:2_Littles","floor":35,"turns":3},{"damage":0,"enemies":"Hallownest:Shield_Heavy","floor":36,"turns":2},{"damage":0,"enemies":"Hallownest:eliteHiveKnight","floor":41,"turns":4},{"damage":0,"enemies":"Hallownest:eliteHiveKnight","floor":42,"turns":4},{"damage":0,"enemies":"Hallownest:eliteHiveKnight","floor":42,"turns":4},{"damage":0,"enemies":"Hallownest:eliteHiveKnight","floor":42,"turns":4},{"damage":0,"enemies":"Hallownest:eliteHiveKnight","floor":42,"turns":2},{"damage":0,"enemies":"Hallownest:eliteCollector","floor":44,"turns":3},{"damage":0,"enemies":"Hallownest:BossGreyPrinceZote","floor":45,"turns":4},{"damage":5,"enemies":"Hallownest:Radiance","floor":46,"turns":5}],"seed_played":"447637551677861816","potions_obtained":[{"floor":23.0,"key":"potionbrewer:CleansingPotion"},{"floor":25.0,"key":"LiquidMemories"},{"floor":35,"key":"SpeedPotion"}],"is_trial":false,"path_per_floor":["M","?","?","M","?","E","M","E","T","E","M","E","R","M","R","B",null,"M","?","M","?","M","E","R","E","T","NM","T","R","$","?","R","B",null,"M","M","?","AVR","?","R","E","?","T","E","B","B",null],"character_chosen":"HYDROLOGIST_CLASS","items_purchased":["hydrologistmod:Debilitate","hydrologistmod:PureSteam+1","hydrologistmod:StormFront","hydrologistmod:GlacialStrike","hydrologistmod:Cascade","PureWhite:ReiMu","RuthlessExorcism:ReiMu","hydrologistmod:LayeredShell","Juzu Bracelet","hydrologistmod:BracedForm","Happy Flower","ReplayTheSpireMod:TigerMarble","hydrologistmod:SurfaceTension","hydrologistmod:ScaldingGeyser","hydrologistmod:FrozenCapsule","hydrologistmod:OccludingMist","hydrologistmod:PureIce","hydrologistmod:Upstream","hydrologistmod:SpiritMask","Languid Potion","Dexterity Potion","hubris:CuriousFeather","Sadistic Nature","hydrologistmod:SoggySynthesis","Bromod:ArcaneTrickery","Calipers","ClockworkSouvenir","hydrologistmod:ResonantCrystal","Bottled Tornado","hexamod:BolsterEngine","hydrologistmod:IcyFloe","hydrologistmod:Pneumatics","Fruit Juice","hubris:SlimyHat","AttackPotion","Deep Breath","Master of Strategy","Runesmith:AutoHammer"],"campfire_rested":1,"item_purchase_floors":[0,0,0,0,0,0,0,0,0,0,0,0,0,0,0,0,0,0,0,0,0,0,0,0,0,0,0,0,0,0,0,0,0,0,0,0,0,30],"current_hp_per_floor":[70,77,77,77,77,77,77,83,83,83,83,83,83,83,83,83,83,83,86,86,71,71,73,73,73,73,73,73,73,73,73,73,73,73,73,73,73,73,73,73,73,73,73,73,73,68],"gold":973,"neow_bonus":"","is_daily":false,"chose_seed":false,"campfire_upgraded":5,"win_rate":0.0,"timestamp":1614359759,"path_taken":["M","?","?","M","?","E","M","E","T","E","M","E","R","M","R","BOSS","M","?","M","?","M","E","R","E","T","NM","?","R","?","?","R","BOSS","M","M","?","AVR","?","R","E","?","T","E","BOSS","BOSS"],"items_purchased_type":["Card","Card","Card","Card","Card","Relic","Relic","Card","Relic","Card","Relic","Relic","Card","Card","Card","Card","Card","Card","Relic","Potion","Potion","Relic","Card","Card","Relic","Relic","Relic","Card","Relic","Relic","Card","Card","Potion","Relic","Potion","Card","Card","Relic"],"build_version":"2020-12-22","purchased_purges":5,"victory":true,"max_hp_per_floor":[77,77,77,77,77,77,77,83,83,83,83,83,83,83,83,83,83,83,86,86,71,71,73,73,73,73,73,73,73,73,73,73,73,73,73,73,73,73,73,73,73,73,73,73,73,73],"relic_stats":{"Happy Flower":[37],"counters":[141,450],"Juzu Bracelet":7,"obtain_stats":[{"Golden Egg":0,"vexMod:MemoryStick":41,"ScarletDevilRocket":34,"downfall:HeartBlessingGreen":46,"Ginger":0,"Bottled Tornado":0,"Sling":0,"aspiration:RitualStick":19,"reliquary:FerryPass":0,"Replay:Bronze Core":17,"hydrologistmod:LoyalBoomerang":0,"construct:RocketBooster":0,"Hallownest:SoulVesselRelic":38,"Blue Candle":43,"HollowMod:JonisBlessing":0,"hubris:SphereOfDissonance":0,"Pen Nib":38,"reliquary:WeakTea":53,"DemoMod:GundromedaStrain":0,"Elementarium:ElementariumTrophy":33,"Pandora\u0027s Box":0,"qcfpunch:Spiky_Bracers":26,"reliquary:SilkGlove":26,"Torii":41,"reliquary:Aerogel":23,"RobotSpaceExplorer:PlasmaHourglass":0,"hydrologistmod:TwinBlades":0,"Bromod:ArcanePistoleer":0,"wanderingMiniBosses:AbyssPearl":18,"Mythril_Glove":7,"Ancient Tea Set":6,"Cursed Key":17,"White_Cape":37,"Power_Wrist":26,"Smiling Mask":8,"Hallownest:GodTamersBeastRelic":42,"Pet Ghost":23,"qcfpunch:Crimson_Sash":34,"hubris:EvacipatedBox":29,"Cleaning_Rag":52,"hydrologistmod:PreciousNecklace":0,"Toolbox":26,"hydrologistmod:WaterPouch":0,"hubris:CuriousFeather":0,"energizedSpire:HugeHouse":34,"Chemical X":0,"wanderingMiniBosses:LockLocket":18,"Runesmith:Nanobots":47,"downfall:HeartBlessingRed":46,"qcfpunch:Black_Training_Shirt":40,"Thread and Needle":0,"vexMod:BerryBomb":8,"aspiration:RandomNobGenerator":34,"infinitespire:CheckeredPen":42,"reliquary:RosewoodLute":0,"hubris:Towel":21,"energizedSpire:SpiderWeb":34,"MawBank":28,"PureWhite:ReiMu":14,"Bromod:ArcaneDeflection":0,"Turnip":0,"Runesmith:AutoHammer":30,"hexamod:BolsterEngine":14,"Elementarium:FlickeringLantern":28,"Ice Cream":0,"Bromod:ArcaneUltimatum":24,"hydrologistmod:GliderStaff":0,"Calipers":0,"hubris:CrystalStatue":6,"ZunR:ReiMu":20,"potionbrewer:AlchemistFlask":0,"Vajra":13,"DemoMod:GlassGuonStoneRelic":1,"reliquary:QuartzCube":24,"conspire:SeveredTorchhead":17,"Mastiff:ReiMu":44,"Strawberry":43,"qcfpunch:Red_Gi":25,"hydrologistmod:SpiritMask":0,"qcfpunch:Handcuffs":41,"qcfpunch:Chain_With_Nametags":0,"vexMod:RetaliationKit":31,"conspire:Dentures":0,"Happy Flower":0,"wanderingMiniBosses:MasterThiefsPresence":2,"Du-Vu Doll":0,"OrangePellets":0,"conspire:GiftBox":20,"ReplayTheSpireMod:Shallot":10,"Shuriken":12,"hubris:PeanutButter":24,"Slimebound:PreparedRelic":28,"ReplayTheSpireMod:TigerMarble":0,"reliquary:WritOfMandamus":17,"theSenshi:SuperSailorFukuRelic":0,"reliquary:Boomerang":23,"Gensokyo:NagashiBinaDoll":4,"Incense Burner":0,"Hallownest:DreamNailRelic":3,"Juzu Bracelet":17,"hubris:SlimyHat":0,"reliquary:ThirdArm":17,"ClockworkSouvenir":0,"hydrologistmod:CursedCabbage":23,"reliquary:HotPoker":0,"downfall:HeartBlessingBlue":46,"Bromod:ArcaneTrickery":0,"Genji_Glove":0,"qcfpunch:Wrestler\u0027s_Cloak":0,"Bromod:ArcaneGuardian":14,"hexamod:CandleOfCauterizing":0,"Replay:Towering Pillar of Hats":0,"aspiration:FetidBarrel":0,"Quantum Egg":0,"hydrologistmod:DiscardedSole":0,"RobotSpaceExplorer:RoboCore":0,"Replay:WaspNest":30,"aspiration:SecretTechniqueScroll":40,"reliquary:IridiumChain":44,"Mercury Hourglass":9,"Strange Spoon":20,"Pondfish Scales":0,"Anchor":31,"reliquary:RedPaperclip":17,"wanderingMiniBosses:CarrionFlame":18,"vexMod:HeadHunter":0,"reliquary:Stiletto":0,"qcfpunch:Red_Headband":0,"Membership Card":0,"potionbrewer:Keyblade":0,"Guard_Bracelet":0,"FossilizedHelix":0,"RuthlessExorcism:ReiMu":0},{"Golden Egg":0,"vexMod:MemoryStick":134,"ScarletDevilRocket":44,"downfall:HeartBlessingGreen":94,"Ginger":99,"Bottled Tornado":70,"Sling":99,"aspiration:RitualStick":12,"reliquary:FerryPass":46,"Replay:Bronze Core":36,"hydrologistmod:LoyalBoomerang":46,"construct:RocketBooster":29,"Hallownest:SoulVesselRelic":21,"Blue Candle":93,"HollowMod:JonisBlessing":29,"hubris:SphereOfDissonance":46,"Pen Nib":62,"reliquary:WeakTea":97,"DemoMod:GundromedaStrain":0,"Elementarium:ElementariumTrophy":60,"Pandora\u0027s Box":0,"qcfpunch:Spiky_Bracers":58,"reliquary:SilkGlove":15,"Torii":92,"reliquary:Aerogel":128,"RobotSpaceExplorer:PlasmaHourglass":0,"hydrologistmod:TwinBlades":70,"Bromod:ArcanePistoleer":0,"wanderingMiniBosses:AbyssPearl":12,"Mythril_Glove":32,"Ancient Tea Set":5,"Cursed Key":11,"White_Cape":21,"Power_Wrist":41,"Smiling Mask":75,"Hallownest:GodTamersBeastRelic":138,"Pet Ghost":13,"qcfpunch:Crimson_Sash":44,"hubris:EvacipatedBox":111,"Cleaning_Rag":97,"hydrologistmod:PreciousNecklace":29,"Toolbox":85,"hydrologistmod:WaterPouch":29,"hubris:CuriousFeather":113,"energizedSpire:HugeHouse":60,"Chemical X":29,"wanderingMiniBosses:LockLocket":108,"Runesmith:Nanobots":69,"downfall:HeartBlessingRed":94,"qcfpunch:Black_Training_Shirt":92,"Thread and Needle":29,"vexMod:BerryBomb":119,"aspiration:RandomNobGenerator":19,"infinitespire:CheckeredPen":65,"reliquary:RosewoodLute":29,"hubris:Towel":55,"energizedSpire:SpiderWeb":90,"MawBank":87,"PureWhite:ReiMu":53,"Bromod:ArcaneDeflection":29,"Turnip":99,"Runesmith:AutoHammer":130,"hexamod:BolsterEngine":106,"Elementarium:FlickeringLantern":59,"Ice Cream":29,"Bromod:ArcaneUltimatum":84,"hydrologistmod:GliderStaff":70,"Calipers":113,"hubris:CrystalStatue":117,"ZunR:ReiMu":12,"potionbrewer:AlchemistFlask":99,"Vajra":106,"DemoMod:GlassGuonStoneRelic":1,"reliquary:QuartzCube":110,"conspire:SeveredTorchhead":107,"Mastiff:ReiMu":66,"Strawberry":65,"qcfpunch:Red_Gi":129,"hydrologistmod:SpiritMask":99,"qcfpunch:Handcuffs":23,"qcfpunch:Chain_With_Nametags":29,"vexMod:RetaliationKit":112,"conspire:Dentures":99,"Happy Flower":113,"wanderingMiniBosses:MasterThiefsPresence":71,"Du-Vu Doll":46,"OrangePellets":0,"conspire:GiftBox":55,"ReplayTheSpireMod:Shallot":8,"Shuriken":78,"hubris:PeanutButter":40,"Slimebound:PreparedRelic":130,"ReplayTheSpireMod:TigerMarble":70,"reliquary:WritOfMandamus":82,"theSenshi:SuperSailorFukuRelic":0,"reliquary:Boomerang":57,"Gensokyo:NagashiBinaDoll":31,"Incense Burner":46,"Hallownest:DreamNailRelic":47,"Juzu Bracelet":54,"hubris:SlimyHat":113,"reliquary:ThirdArm":124,"ClockworkSouvenir":29,"hydrologistmod:CursedCabbage":40,"reliquary:HotPoker":99,"downfall:HeartBlessingBlue":94,"Bromod:ArcaneTrickery":113,"Genji_Glove":46,"qcfpunch:Wrestler\u0027s_Cloak":29,"Bromod:ArcaneGuardian":10,"hexamod:CandleOfCauterizing":46,"Replay:Towering Pillar of Hats":70,"aspiration:FetidBarrel":46,"Quantum Egg":0,"hydrologistmod:DiscardedSole":46,"RobotSpaceExplorer:RoboCore":0,"Replay:WaspNest":88,"aspiration:SecretTechniqueScroll":92,"reliquary:IridiumChain":139,"Mercury Hourglass":76,"Strange Spoon":83,"Pondfish Scales":29,"Anchor":59,"reliquary:RedPaperclip":54,"wanderingMiniBosses:CarrionFlame":37,"vexMod:HeadHunter":0,"reliquary:Stiletto":46,"qcfpunch:Red_Headband":0,"Membership Card":0,"potionbrewer:Keyblade":46,"Guard_Bracelet":99,"FossilizedHelix":70,"RuthlessExorcism:ReiMu":113},{"Golden Egg":0,"vexMod:MemoryStick":424,"ScarletDevilRocket":136,"downfall:HeartBlessingGreen":286,"Ginger":310,"Bottled Tornado":209,"Sling":310,"aspiration:RitualStick":31,"reliquary:FerryPass":145,"Replay:Bronze Core":106,"hydrologistmod:LoyalBoomerang":145,"construct:RocketBooster":80,"Hallownest:SoulVesselRelic":58,"Blue Candle":285,"HollowMod:JonisBlessing":80,"hubris:SphereOfDissonance":145,"Pen Nib":195,"reliquary:WeakTea":297,"DemoMod:GundromedaStrain":0,"Elementarium:ElementariumTrophy":191,"Pandora\u0027s Box":0,"qcfpunch:Spiky_Bracers":183,"reliquary:SilkGlove":41,"Torii":282,"reliquary:Aerogel":403,"RobotSpaceExplorer:PlasmaHourglass":0,"hydrologistmod:TwinBlades":209,"Bromod:ArcanePistoleer":0,"wanderingMiniBosses:AbyssPearl":31,"Mythril_Glove":87,"Ancient Tea Set":12,"Cursed Key":28,"White_Cape":58,"Power_Wrist":126,"Smiling Mask":229,"Hallownest:GodTamersBeastRelic":438,"Pet Ghost":34,"qcfpunch:Crimson_Sash":136,"hubris:EvacipatedBox":359,"Cleaning_Rag":297,"hydrologistmod:PreciousNecklace":80,"Toolbox":265,"hydrologistmod:WaterPouch":80,"hubris:CuriousFeather":365,"energizedSpire:HugeHouse":191,"Chemical X":80,"wanderingMiniBosses:LockLocket":349,"Runesmith:Nanobots":207,"downfall:HeartBlessingRed":286,"qcfpunch:Black_Training_Shirt":282,"Thread and Needle":80,"vexMod:BerryBomb":381,"aspiration:RandomNobGenerator":54,"infinitespire:CheckeredPen":200,"reliquary:RosewoodLute":80,"hubris:Towel":172,"energizedSpire:SpiderWeb":279,"MawBank":268,"PureWhite:ReiMu":163,"Bromod:ArcaneDeflection":80,"Turnip":310,"Runesmith:AutoHammer":409,"hexamod:BolsterEngine":336,"Elementarium:FlickeringLantern":186,"Ice Cream":80,"Bromod:ArcaneUltimatum":259,"hydrologistmod:GliderStaff":209,"Calipers":365,"hubris:CrystalStatue":375,"ZunR:ReiMu":31,"potionbrewer:AlchemistFlask":310,"Vajra":336,"DemoMod:GlassGuonStoneRelic":2,"reliquary:QuartzCube":356,"conspire:SeveredTorchhead":343,"Mastiff:ReiMu":202,"Strawberry":200,"qcfpunch:Red_Gi":405,"hydrologistmod:SpiritMask":310,"qcfpunch:Handcuffs":62,"qcfpunch:Chain_With_Nametags":80,"vexMod:RetaliationKit":364,"conspire:Dentures":310,"Happy Flower":365,"wanderingMiniBosses:MasterThiefsPresence":214,"Du-Vu Doll":145,"OrangePellets":0,"conspire:GiftBox":172,"ReplayTheSpireMod:Shallot":19,"Shuriken":239,"hubris:PeanutButter":123,"Slimebound:PreparedRelic":409,"ReplayTheSpireMod:TigerMarble":209,"reliquary:WritOfMandamus":251,"theSenshi:SuperSailorFukuRelic":0,"reliquary:Boomerang":179,"Gensokyo:NagashiBinaDoll":84,"Incense Burner":145,"Hallownest:DreamNailRelic":148,"Juzu Bracelet":170,"hubris:SlimyHat":365,"reliquary:ThirdArm":395,"ClockworkSouvenir":80,"hydrologistmod:CursedCabbage":123,"reliquary:HotPoker":310,"downfall:HeartBlessingBlue":286,"Bromod:ArcaneTrickery":365,"Genji_Glove":145,"qcfpunch:Wrestler\u0027s_Cloak":80,"Bromod:ArcaneGuardian":25,"hexamod:CandleOfCauterizing":145,"Replay:Towering Pillar of Hats":209,"aspiration:FetidBarrel":145,"Quantum Egg":0,"hydrologistmod:DiscardedSole":145,"RobotSpaceExplorer:RoboCore":0,"Replay:WaspNest":270,"aspiration:SecretTechniqueScroll":282,"reliquary:IridiumChain":441,"Mercury Hourglass":230,"Strange Spoon":252,"Pondfish Scales":80,"Anchor":186,"reliquary:RedPaperclip":170,"wanderingMiniBosses:CarrionFlame":113,"vexMod:HeadHunter":0,"reliquary:Stiletto":145,"qcfpunch:Red_Headband":0,"Membership Card":0,"potionbrewer:Keyblade":145,"Guard_Bracelet":310,"FossilizedHelix":209,"RuthlessExorcism:ReiMu":365}]},"card_choices":[{"not_picked":["hydrologistmod:PureSteam","hydrologistmod:IcyFloe","hydrologistmod:Cascade"],"picked":"SKIP","floor":1.0},{"not_picked":["hydrologistmod:TidalWave","hydrologistmod:PressureCycle","hydrologistmod:StaticSteam"],"picked":"SKIP","floor":4.0},{"not_picked":["hydrologistmod:HighTide","hydrologistmod:SoggySynthesis","hydrologistmod:StaticIce"],"picked":"SKIP","floor":6.0},{"not_picked":["hydrologistmod:HighTide","hydrologistmod:Drench","hydrologistmod:OccludingMist"],"picked":"SKIP","floor":7.0},{"not_picked":["hydrologistmod:Ripcurrent","hydrologistmod:TidalWave","hydrologistmod:Aqueducts"],"picked":"SKIP","floor":8.0},{"not_picked":["hydrologistmod:SteamPower","hydrologistmod:Dehydrate","hydrologistmod:OccludingMist"],"picked":"SKIP","floor":10.0},{"not_picked":["hydrologistmod:SoggySynthesis","hydrologistmod:FlowingCurrents","hydrologistmod:HighTide"],"picked":"SKIP","floor":11.0},{"not_picked":["hydrologistmod:HighTide","hydrologistmod:OccludingMist","hydrologistmod:GlacialSynthesis"],"picked":"SKIP","floor":12.0},{"not_picked":["hydrologistmod:FlowingCurrents","hydrologistmod:PureWater"],"picked":"hydrologistmod:Reservoir","floor":14.0},{"not_picked":["hydrologistmod:PressureBlast","hydrologistmod:Reservoir"],"picked":"hydrologistmod:Blizzard","floor":16.0},{"not_picked":["hydrologistmod:Debilitate","hydrologistmod:SurfaceTension","hydrologistmod:Drench"],"picked":"SKIP","floor":18.0},{"not_picked":["hydrologistmod:ViscousShell","hydrologistmod:StormFront","hydrologistmod:StaticSteam+1"],"picked":"SKIP","floor":20.0},{"not_picked":["hydrologistmod:Upstream","hydrologistmod:TidalWave","hydrologistmod:Dehydrate"],"picked":"SKIP","floor":22.0},{"not_picked":["hydrologistmod:StagnantCloak","hydrologistmod:Siphon","hydrologistmod:SurfaceTension"],"picked":"SKIP","floor":23.0},{"not_picked":["hydrologistmod:StagnantCloak","hydrologistmod:SurfaceTension"],"picked":"hydrologistmod:Siphon","floor":23.0},{"not_picked":["hydrologistmod:ResonantCrystal","hydrologistmod:WaterWheel","hydrologistmod:TidalWave"],"picked":"SKIP","floor":25.0},{"not_picked":["hydrologistmod:PersonalRaincloud","hydrologistmod:SoggySynthesis","hydrologistmod:Defrost+1"],"picked":"SKIP","floor":27.0},{"not_picked":["Discovery","PanicButton"],"picked":"ReplayTheSpireMod:Necrogeddon","floor":31.0},{"not_picked":["BiteCommand","dioMod:VengefulMuda"],"picked":"bard:HideousLaughter","floor":31.0},{"not_picked":["hydrologistmod:BracedForm","hydrologistmod:RiverOfTime"],"picked":"hydrologistmod:AmalgamateWaters","floor":33.0},{"not_picked":["hydrologistmod:Dehydrate","hydrologistmod:HighTide+1","hydrologistmod:SoggySynthesis"],"picked":"SKIP","floor":35},{"not_picked":["hydrologistmod:StagnantCloak","hydrologistmod:DimensionalIcicles+1","hydrologistmod:OccludingMist"],"picked":"SKIP","floor":36},{"not_picked":["hydrologistmod:Blizzard","hydrologistmod:FrozenCapsule","hydrologistmod:GlacialSynthesis"],"picked":"SKIP","floor":41},{"not_picked":["hydrologistmod:CrystalIce","hydrologistmod:ReleaseValve"],"picked":"hydrologistmod:SteamEngine","floor":43},{"not_picked":["hydrologistmod:SearingSynthesis","hydrologistmod:RiverOfTime","hydrologistmod:StaticSteam"],"picked":"SKIP","floor":44}],"player_experience":1523344,"relics_obtained":[{"floor":6.0,"key":"hubris:CrystalStatue"},{"floor":8.0,"key":"vexMod:BerryBomb"},{"floor":10.0,"key":"conspire:Dentures"},{"floor":23.0,"key":"reliquary:Aerogel"},{"floor":25.0,"key":"qcfpunch:Red_Gi"},{"floor":26.0,"key":"hubris:PeanutButter"},{"floor":27.0,"key":"qcfpunch:Wrestler\u0027s_Cloak"},{"floor":28.0,"key":"Slimebound:PreparedRelic"},{"floor":41,"key":"vexMod:MemoryStick"},{"floor":43,"key":"conspire:GiftBox"},{"floor":44,"key":"reliquary:IridiumChain"}],"event_choices":[{"damage_healed":0.0,"max_hp_gain":0.0,"max_hp_loss":15.0,"gold_gain":0.0,"event_name":"Elementarium:FountainOfGold","player_choice":"Dive in","floor":21.0,"gold_loss":0.0,"damage_taken":0.0,"cards_obtained":["Elementarium:GildedForm"]},{"damage_healed":0.0,"max_hp_gain":0.0,"max_hp_loss":0.0,"gold_gain":0.0,"event_name":"Elementarium:IncubationChamber","player_choice":"Machinery","floor":31.0,"gold_loss":0.0,"damage_taken":0.0}],"is_beta":false,"boss_relics":[{"not_picked":["vexMod:NewClearReactor","aspiration:PoetsPen"],"picked":"reliquary:ThirdArm"},{"not_picked":["aspiration:WatcherSkillbook","Gem_Box"],"picked":"reliquary:WritOfMandamus"}],"items_purged_floors":[0,0,0,0,0],"is_endless":false,"potions_floor_spawned":[4,5,6,14,23,25,35,42],"ascension_level":20,"is_humility":true}}