{"host":"ve9aztkoyqeblvav","time":1614346373,"event":{"mods":["Act Like it!","Aspiration","BaseMod","Colored Map","Colored Powertips","Highlight Path","Marked Mod","Minty Spire (QoL Compilation)","Pale of the Ancients","Quick Restart","Reorder Act Four","StSLib","The Hierophant","Waifu the Spire","[IsaacMod]ÒÔÈö¼âËþ"],"gold_per_floor":[118,118,137,19,31,31,44,44,69,82,101,101,101,125,148,168,243,243,143,193,193,213,268,286,286,300,300,300,300,399,399,423,423],"floor_reached":18,"language":"ZHS","playtime":779,"items_purged":["Strike_B","Strike_B","Bane"],"score":632,"play_id":"4e15afa4-4551-4b13-9c49-d142490e62fe","local_time":"20210226213253","is_ascension_mode":true,"campfire_choices":[{"data":"Recycle","floor":6.0,"key":"SMITH"},{"data":"Sunder","floor":8.0,"key":"SMITH"},{"data":"Dualcast","floor":12.0,"key":"SMITH"},{"data":"Zap","floor":15.0,"key":"SMITH"},{"data":"Seek","floor":11.0,"key":"SMITH"},{"data":"Coolheaded","floor":13.0,"key":"SMITH"},{"data":"Blade Dance","floor":15.0,"key":"SMITH"}],"circlet_count":0,"master_deck":["AscendersBane","Defend_B","Defend_B","Zap+1","Dualcast+1","Heatsinks","Recycle+1","Coolheaded+1","Hello World","Sunder+1","Cold Snap","Seek+1","Cold Snap","Backflip","Blade Dance+1","aspiration:Polymerization","Hologram","Electrodynamics"],"relics":["Cracked Core","HushsDoor","Damocles","NeowsBlessing","Mummified Hand","aspiration:HummingbirdHeart","Blood Vial","Akabeko","Ancient Tea Set","Golden Idol","DeadEye","Potion Belt","Gambling Chip","Matryoshka","Boot","Tiny Chest","BookOfRevelations","Bottled Lightning","Centennial Puzzle","aspiration:BursterCore","Happy Flower"],"acts_visited":["Exordium","TheBeyond"],"potions_floor_usage":[],"damage_taken":[{"damage":0.0,"enemies":"Jaw Worm","floor":1.0,"turns":1.0},{"damage":0.0,"enemies":"2 Louse","floor":3.0,"turns":1.0},{"damage":0.0,"enemies":"Cultist","floor":5.0,"turns":1.0},{"damage":0.0,"enemies":"3 Louse","floor":7.0,"turns":3.0},{"damage":0.0,"enemies":"Looter","floor":10.0,"turns":3.0},{"damage":0.0,"enemies":"Exordium Wildlife","floor":11.0,"turns":1.0},{"damage":0.0,"enemies":"Exordium Thugs","floor":14.0,"turns":4.0},{"damage":0.0,"enemies":"2 Louse","floor":1.0,"turns":3.0},{"damage":0.0,"enemies":"Cultist","floor":2.0,"turns":2.0},{"damage":0.0,"enemies":"Jaw Worm","floor":8.0,"turns":1.0},{"damage":0.0,"enemies":"Large Slime","floor":10.0,"turns":3.0},{"damage":0.0,"enemies":"3 Louse","floor":12.0,"turns":2.0},{"damage":0.0,"enemies":"Hexaghost","floor":16.0,"turns":6.0},{"damage":0,"enemies":"3 Darklings","floor":18,"turns":3}],"seed_played":"7981558181889249999","potions_obtained":[{"floor":1.0,"key":"SkillPotion"},{"floor":7.0,"key":"LiquidMemories"},{"floor":11.0,"key":"DistilledChaos"},{"floor":1.0,"key":"AttackPotion"},{"floor":10.0,"key":"FairyPotion"},{"floor":16.0,"key":"SteroidPotion"}],"is_trial":false,"path_per_floor":["M","?","M","$","M","R","M","R","T","M","M","R","?","M","R","M","M","?","?","$","?","T","M","T","M","R","M","R","?","R","B",null,"M"],"character_chosen":"DEFECT","items_purchased":["Hello World"],"campfire_rested":0,"item_purchase_floors":[4],"current_hp_per_floor":[64,64,64,64,64,64,66,66,66,68,70,70,64,64,64,64,53,53,53,53,53,55,55,57,57,59,59,64,64,66,64,64,64],"gold":423,"neow_bonus":"THREE_ENEMY_KILL","is_daily":false,"chose_seed":false,"campfire_upgraded":7,"win_rate":0.0,"timestamp":1614346373,"path_taken":["M","?","?","$","M","R","M","R","T","M","M","R","?","M","R","M","M","?","?","$","?","?","M","T","M","R","M","R","?","R","BOSS","M"],"items_purchased_type":["Card"],"build_version":"2020-12-22","purchased_purges":3,"victory":false,"max_hp_per_floor":[71,71,71,71,71,71,71,71,71,71,71,71,64,64,64,64,64,64,64,64,64,64,64,64,64,64,64,69,69,69,64,64,64],"card_choices":[{"not_picked":["Steam","Skim"],"picked":"Heatsinks","floor":1.0},{"not_picked":["Sweeping Beam","Genetic Algorithm"],"picked":"Coolheaded","floor":3.0},{"not_picked":["Fan","Rip and Tear","Rebound"],"picked":"SKIP","floor":5.0},{"not_picked":["Cold Snap","Sweeping Beam"],"picked":"Sunder","floor":7.0},{"not_picked":["Redo","Stack"],"picked":"Cold Snap","floor":10.0},{"not_picked":["Barrage","BootSequence","Steam"],"picked":"SKIP","floor":11.0},{"not_picked":["Sweeping Beam","Steam"],"picked":"Seek","floor":14.0},{"not_picked":["Gash","Doom and Gloom","Conserve Battery"],"picked":"SKIP","floor":1.0},{"not_picked":["Compile Driver","Static Discharge"],"picked":"Cold Snap","floor":2.0},{"not_picked":["Redo","Compile Driver"],"picked":"aspiration:Polymerization","floor":8.0},{"not_picked":["Rip and Tear","Gash","Stack"],"picked":"SKIP","floor":10.0},{"not_picked":["Loop","FTL"],"picked":"Hologram","floor":12.0},{"not_picked":["Fission","Hyperbeam"],"picked":"Electrodynamics","floor":16.0},{"not_picked":["Streamline","Steam","Redo"],"picked":"SKIP","floor":18}],"player_experience":1723871,"relics_obtained":[{"floor":1.0,"key":"Mummified Hand"},{"floor":3.0,"key":"aspiration:HummingbirdHeart"},{"floor":5.0,"key":"Blood Vial"},{"floor":7.0,"key":"Akabeko"},{"floor":10.0,"key":"ForgetMeNow"},{"floor":11.0,"key":"Ancient Tea Set"},{"floor":14.0,"key":"DeadEye"},{"floor":1.0,"key":"Potion Belt"},{"floor":2.0,"key":"Gambling Chip"},{"floor":7.0,"key":"Matryoshka"},{"floor":8.0,"key":"Boot"},{"floor":9.0,"key":"Tiny Chest"},{"floor":9.0,"key":"BookOfRevelations"},{"floor":10.0,"key":"Bottled Lightning"},{"floor":12.0,"key":"Centennial Puzzle"},{"floor":18,"key":"Happy Flower"}],"event_choices":[{"damage_healed":0.0,"max_hp_gain":0.0,"max_hp_loss":0.0,"gold_gain":0.0,"cards_transformed":["Strike_B"],"event_name":"Living Wall","player_choice":"Change","floor":2.0,"gold_loss":0.0,"damage_taken":0.0,"cards_obtained":["Recycle"]},{"damage_healed":0.0,"max_hp_gain":0.0,"max_hp_loss":7.0,"gold_gain":0.0,"event_name":"Golden Idol","player_choice":"Lose Max HP","floor":13.0,"gold_loss":0.0,"damage_taken":0.0,"relics_obtained":["Golden Idol"]},{"damage_healed":0.0,"max_hp_gain":0.0,"max_hp_loss":0.0,"gold_gain":75.0,"event_name":"World of Goop","player_choice":"Gather Gold","floor":3.0,"gold_loss":0.0,"damage_taken":11.0},{"damage_healed":0.0,"max_hp_gain":0.0,"max_hp_loss":0.0,"gold_gain":50.0,"event_name":"Golden Shrine","player_choice":"Pray","floor":6.0,"gold_loss":0.0,"damage_taken":0.0},{"damage_healed":0.0,"max_hp_gain":5.0,"max_hp_loss":0.0,"gold_gain":0.0,"event_name":"Big Fish","player_choice":"Donut","floor":14.0,"gold_loss":0.0,"damage_taken":0.0}],"is_beta":false,"boss_relics":[{"not_picked":["aspiration:RitualDagger","aspiration:WatcherSkillbook"],"picked":"aspiration:BursterCore"},{"not_picked":[]}],"items_purged_floors":[4,5,17],"is_endless":false,"potions_floor_spawned":[1,7,11,1,10,16],"killed_by":"3 Darklings","ascension_level":20}}