{"host":"p9xedk00duaz8l9n","time":1614331319,"event":{"mods":["BaseMod","Colored Map","DeckTracker","Highlight Path","Minty Spire (QoL Compilation)","Relic Stats","SuperFastMode"],"gold_per_floor":[110,110,110,260,16,16,30,64,64,14,14,30,58,82,94,183,195,219,231,143,143],"floor_reached":20,"language":"JPN","playtime":647,"items_purged":["Doubt"],"score":410,"play_id":"050c5985-214c-44f3-90c8-1036a0ca90a3","local_time":"20210226182159","is_ascension_mode":true,"campfire_choices":[{"data":"Bash","floor":6,"key":"SMITH"},{"data":"True Grit","floor":11,"key":"SMITH"},{"data":"Armaments","floor":15,"key":"SMITH"}],"circlet_count":0,"master_deck":["AscendersBane","Strike_R","Strike_R","Strike_R","Strike_R","Defend_R","Defend_R","Defend_R","Defend_R","Bash+1","Pommel Strike","Reaper","True Grit+1","Pommel Strike","Thunderclap","Perfected Strike","Clothesline","Armaments+1","Offering","Anger"],"relics":["Burning Blood","NeowsBlessing","Darkstone Periapt","PreservedInsect","Calipers","MawBank","Runic Pyramid"],"acts_visited":["Exordium","TheCity"],"potions_floor_usage":[16,20],"damage_taken":[{"damage":0,"enemies":"2 Louse","floor":1,"turns":1},{"damage":0,"enemies":"Jaw Worm","floor":7,"turns":1},{"damage":0,"enemies":"Lagavulin","floor":8,"turns":2},{"damage":6,"enemies":"Cultist","floor":12,"turns":3},{"damage":8,"enemies":"Gremlin Nob","floor":13,"turns":3},{"damage":23,"enemies":"Lots of Slimes","floor":14,"turns":4},{"damage":41,"enemies":"The Guardian","floor":16,"turns":11},{"damage":65,"enemies":"3 Byrds","floor":18,"turns":8},{"damage":38,"enemies":"2 Thieves","floor":20,"turns":3}],"seed_played":"-8414315770928779988","potions_obtained":[{"floor":1,"key":"SmokeBomb"},{"floor":8,"key":"SmokeBomb"},{"floor":13,"key":"Regen Potion"},{"floor":14,"key":"ColorlessPotion"}],"is_trial":false,"path_per_floor":["M","?","?","?","$","R","M","E","T","$","R","M","E","M","R","B",null,"M","$","M"],"character_chosen":"IRONCLAD","items_purchased":["Reaper","Thunderclap"],"campfire_rested":0,"item_purchase_floors":[5,10],"current_hp_per_floor":[74,63,56,62,62,62,68,75,75,75,75,79,77,66,66,32,69,18,18,0,0],"gold":143,"neow_bonus":"THREE_ENEMY_KILL","is_daily":false,"chose_seed":false,"campfire_upgraded":3,"win_rate":0.0,"timestamp":1614331319,"path_taken":["M","?","?","?","?","R","?","E","T","$","R","M","E","M","R","BOSS","M","?","?"],"items_purchased_type":["Card","Card"],"build_version":"2020-12-22","purchased_purges":1,"victory":false,"max_hp_per_floor":[75,75,75,81,81,81,81,81,81,81,81,81,81,81,81,81,81,81,81,81,81],"relic_stats":{"Darkstone Periapt":6,"counters":[9,36],"PreservedInsect":22,"MawBank":84,"obtain_stats":[{"Darkstone Periapt":2,"Calipers":9,"NeowsBlessing":0,"PreservedInsect":8,"MawBank":13,"Burning Blood":0,"Runic Pyramid":17},{"Darkstone Periapt":1,"Calipers":3,"NeowsBlessing":0,"PreservedInsect":3,"MawBank":5,"Burning Blood":0,"Runic Pyramid":7},{"Darkstone Periapt":1,"Calipers":4,"NeowsBlessing":0,"PreservedInsect":4,"MawBank":10,"Burning Blood":0,"Runic Pyramid":25}],"Burning Blood":48},"card_choices":[{"not_picked":["Intimidate","Clash"],"picked":"Pommel Strike","floor":1},{"not_picked":["Havoc","Cleave"],"picked":"True Grit","floor":7},{"not_picked":["Barricade","Perfected Strike"],"picked":"Pommel Strike","floor":8},{"not_picked":["Havoc","Sentinel"],"picked":"Perfected Strike","floor":12},{"not_picked":["Limit Break","Armaments"],"picked":"Clothesline","floor":13},{"not_picked":["Thunderclap","Evolve"],"picked":"Armaments","floor":14},{"not_picked":["Limit Break","Brutality"],"picked":"Offering","floor":16},{"not_picked":["Flex","Pommel Strike"],"picked":"Anger","floor":18}],"player_experience":872977,"relics_obtained":[{"floor":8,"key":"PreservedInsect"},{"floor":9,"key":"Calipers"},{"floor":13,"key":"MawBank"}],"event_choices":[{"damage_healed":0,"gold_gain":0,"player_choice":"Success","damage_taken":11,"relics_obtained":["Darkstone Periapt"],"max_hp_gain":0,"max_hp_loss":0,"event_name":"Scrap Ooze","floor":2,"gold_loss":0},{"cards_removed":["Strike_R"],"damage_healed":0,"gold_gain":0,"player_choice":"Card Removal","damage_taken":7,"max_hp_gain":0,"max_hp_loss":0,"event_name":"Golden Wing","floor":3,"gold_loss":0},{"damage_healed":0,"gold_gain":150,"player_choice":"AGREE","damage_taken":0,"max_hp_gain":0,"max_hp_loss":0,"event_name":"Liars Game","floor":4,"gold_loss":0,"cards_obtained":["Doubt"]}],"is_beta":false,"boss_relics":[{"not_picked":["Astrolabe","SacredBark"],"picked":"Runic Pyramid"}],"items_purged_floors":[5],"is_endless":false,"potions_floor_spawned":[1,8,13,14],"killed_by":"2 Thieves","ascension_level":20}}