{"host":"dlqyscxstsnu98l1","time":1614328925,"event":{"mods":["AchievementEnabler","BaseMod","Colored Map","Colored Powertips","GifTheSpireLib","Highlight Path","Minty Spire (QoL Compilation)","Random Character Button","SacredBarkPlus","StSLib","everything is the same but u backflip on backflip"],"gold_per_floor":[111,127,144,144,157,187,187,213,240,265,265,276,294,74,74,178,178,190,190,171,19,30,30,56,56,56,56,87,101,101,113,113,113,113],"floor_reached":33,"language":"ENG","playtime":1537,"items_purged":[],"score":399,"play_id":"45c5f295-4a04-4a8d-9cb1-653570c4d168","local_time":"20210226024205","is_ascension_mode":true,"campfire_choices":[{"data":"SandsOfTime","floor":7.0,"key":"SMITH"},{"floor":11.0,"key":"REST"},{"floor":15.0,"key":"REST"},{"data":"Wish","floor":23.0,"key":"SMITH"},{"data":"LikeWater","floor":27.0,"key":"SMITH"},{"floor":32,"key":"REST"}],"circlet_count":0,"master_deck":["Strike_P","Strike_P","Strike_P","Strike_P","Defend_P","Defend_P","Defend_P","Defend_P","Eruption","Vigilance","SignatureMove","SandsOfTime+1","Conclude","ThirdEye","LikeWater","Wish+1","InnerPeace","Omniscience","LikeWater+1","ThirdEye"],"relics":["PureWater","NeowsBlessing","Blue Candle","Bronze Scales","Art of War","Happy Flower","Pantograph","Sozu","Strange Spoon","Vajra","Tiny Chest","Lantern"],"acts_visited":["Exordium","TheCity"],"potions_floor_usage":[31],"damage_taken":[{"damage":0.0,"enemies":"Small Slimes","floor":1.0,"turns":1.0},{"damage":0.0,"enemies":"Cultist","floor":2.0,"turns":1.0},{"damage":0.0,"enemies":"2 Louse","floor":3.0,"turns":1.0},{"damage":0.0,"enemies":"Exordium Wildlife","floor":5.0,"turns":4.0},{"damage":22.0,"enemies":"3 Sentries","floor":6.0,"turns":7.0},{"damage":12.0,"enemies":"Lagavulin","floor":8.0,"turns":7.0},{"damage":17.0,"enemies":"3 Sentries","floor":10.0,"turns":6.0},{"damage":2.0,"enemies":"2 Fungi Beasts","floor":12.0,"turns":3.0},{"damage":4.0,"enemies":"Looter","floor":13.0,"turns":3.0},{"damage":30.0,"enemies":"Hexaghost","floor":16.0,"turns":9.0},{"damage":1.0,"enemies":"3 Byrds","floor":18.0,"turns":2.0},{"damage":5.0,"enemies":"2 Thieves","floor":20.0,"turns":5.0},{"damage":4.0,"enemies":"Chosen and Byrds","floor":22.0,"turns":10.0},{"damage":15.0,"enemies":"Slavers","floor":24.0,"turns":5.0},{"damage":3.0,"enemies":"Book of Stabbing","floor":28.0,"turns":7.0},{"damage":20.0,"enemies":"Snake Plant","floor":29.0,"turns":5.0},{"damage":2,"enemies":"Cultist and Chosen","floor":31,"turns":5},{"damage":75,"enemies":"Automaton","floor":33,"turns":12}],"seed_played":"-5395926437572359289","potions_obtained":[{"floor":5.0,"key":"EssenceOfSteel"},{"floor":8.0,"key":"AttackPotion"},{"floor":10.0,"key":"SkillPotion"},{"floor":12.0,"key":"DuplicationPotion"},{"floor":16.0,"key":"PowerPotion"}],"is_trial":false,"path_per_floor":["M","M","M","?","M","E","R","E","T","E","R","M","M","$","R","B",null,"M","?","M","$","M","R","E","?","T","R","E","M","?","M","R","B"],"character_chosen":"WATCHER","items_purchased":["Wish","InnerPeace","Strange Spoon"],"campfire_rested":3,"item_purchase_floors":[14,14,21],"current_hp_per_floor":[65,65,65,65,65,43,43,31,31,14,35,33,29,29,50,42,65,64,64,59,59,55,55,40,40,40,40,37,17,17,15,36,0,0],"gold":113,"neow_bonus":"THREE_ENEMY_KILL","is_daily":false,"chose_seed":false,"campfire_upgraded":3,"win_rate":0.0,"timestamp":1614328925,"path_taken":["M","M","M","?","M","E","R","E","T","E","R","?","M","$","R","BOSS","M","?","M","$","M","R","E","?","T","R","E","M","?","M","R","BOSS"],"items_purchased_type":["Card","Card","Relic"],"build_version":"2020-12-22","purchased_purges":0,"victory":false,"max_hp_per_floor":[72,72,72,72,72,72,72,72,72,72,72,72,72,72,72,72,72,72,72,72,72,72,72,72,72,72,72,72,72,72,72,72,72,72],"card_choices":[{"not_picked":["CutThroughFate","CrushJoints","Prostrate"],"picked":"SKIP","floor":1.0},{"not_picked":["Crescendo","WindmillStrike"],"picked":"ClearTheMind","floor":2.0},{"not_picked":["SashWhip","Halt"],"picked":"SignatureMove","floor":3.0},{"not_picked":["Evaluate","WindmillStrike"],"picked":"SandsOfTime","floor":5.0},{"not_picked":["WheelKick","Establishment","WreathOfFlame"],"picked":"SKIP","floor":6.0},{"not_picked":["FlurryOfBlows","FollowUp","Fasting2"],"picked":"SKIP","floor":8.0},{"not_picked":["Prostrate","Meditate"],"picked":"Conclude","floor":10.0},{"not_picked":["Consecrate","SashWhip"],"picked":"ThirdEye","floor":12.0},{"not_picked":["EmptyMind","Consecrate"],"picked":"LikeWater","floor":13.0},{"not_picked":["Brilliance","DevaForm"],"picked":"Omniscience","floor":16.0},{"not_picked":["FlyingSleeves","Worship","WreathOfFlame"],"picked":"SKIP","floor":18.0},{"not_picked":["JustLucky","Halt","EmptyFist+1"],"picked":"SKIP","floor":20.0},{"not_picked":["FollowUp+1","Crescendo"],"picked":"ThirdEye","floor":22.0},{"not_picked":["JustLucky+1","WreathOfFlame+1","FlurryOfBlows+1"],"picked":"SKIP","floor":24.0},{"not_picked":["JustLucky","FlurryOfBlows","EmptyFist"],"picked":"SKIP","floor":28.0},{"not_picked":["FlurryOfBlows","Weave","ClearTheMind"],"picked":"SKIP","floor":29.0},{"not_picked":["SashWhip","FollowUp+1","Vengeance"],"picked":"SKIP","floor":31}],"player_experience":284870,"relics_obtained":[{"floor":6.0,"key":"Bronze Scales"},{"floor":8.0,"key":"Art of War"},{"floor":9.0,"key":"Happy Flower"},{"floor":10.0,"key":"Pantograph"},{"floor":24.0,"key":"Vajra"},{"floor":26.0,"key":"Tiny Chest"},{"floor":28.0,"key":"Lantern"}],"event_choices":[{"cards_removed":["ClearTheMind"],"damage_healed":0.0,"max_hp_gain":0.0,"max_hp_loss":0.0,"gold_gain":0.0,"event_name":"WeMeetAgain","player_choice":"Gave Card","floor":4.0,"gold_loss":0.0,"damage_taken":0.0,"relics_obtained":["Blue Candle"]},{"damage_healed":0.0,"max_hp_gain":0.0,"max_hp_loss":0.0,"gold_gain":0.0,"event_name":"The Library","player_choice":"Read","floor":19.0,"gold_loss":0.0,"damage_taken":0.0,"cards_obtained":["LikeWater"]},{"damage_healed":0.0,"max_hp_gain":0.0,"max_hp_loss":0.0,"gold_gain":0.0,"event_name":"Cursed Tome","player_choice":"Ignored","floor":25.0,"gold_loss":0.0,"damage_taken":0.0},{"damage_healed":0.0,"max_hp_gain":0.0,"max_hp_loss":0.0,"gold_gain":0.0,"event_name":"Ghosts","player_choice":"Ignored","floor":30.0,"gold_loss":0.0,"damage_taken":0.0}],"is_beta":false,"boss_relics":[{"not_picked":["Coffee Dripper","Pandora\u0027s Box"],"picked":"Sozu"}],"items_purged_floors":[],"is_endless":false,"potions_floor_spawned":[5,8,10,12,16,18,29,31],"killed_by":"Automaton","ascension_level":6}}