{"host":"v4nh47fyy4n7ccic","time":1614316470,"event":{"mods":["BaseMod","Minty Spire (QoL Compilation)"],"gold_per_floor":[112,112,112,124,18,49,49,84,84,84,110,128,128,147,147,252,302,315,15,15,31,31,65,65,95,95,95,95,109,125,136,136,136,136],"floor_reached":33,"language":"ENG","playtime":4202,"items_purged":["Strike_R"],"score":446,"play_id":"4254e941-468b-4d82-a684-c06944295535","local_time":"20210226161430","is_ascension_mode":true,"campfire_choices":[{"floor":7,"key":"REST"},{"data":"Wild Strike","floor":10,"key":"SMITH"},{"data":"Infernal Blade","floor":15,"key":"SMITH"},{"floor":24,"key":"REST"},{"floor":27,"key":"REST"},{"data":"Juggernaut","floor":28,"key":"SMITH"},{"floor":32,"key":"REST"}],"circlet_count":0,"master_deck":["Strike_R","Strike_R","Strike_R","Strike_R","Defend_R","Defend_R","Defend_R","Defend_R","Bash","Wild Strike+1","Fiend Fire","Infernal Blade+1","Wild Strike+1","Metallicize","Cleave","Metallicize","Headbutt","Metallicize+1","Juggernaut+1","Body Slam","Armaments","Rampage","Barricade","Fire Breathing+1","Fire Breathing","Body Slam+1","Armaments","Clash+1"],"relics":["Burning Blood","Eternal Feather","Turnip","Letter Opener","Question Card","Red Skull","CultistMask","Tiny House","Lee\u0027s Waffle","WingedGreaves","Red Mask","Du-Vu Doll"],"acts_visited":["Exordium","TheCity"],"potions_floor_usage":[6,6,14,14,16,16,16,16,18,21,21,23,23,23,25,30,31],"damage_taken":[{"damage":1,"enemies":"Small Slimes","floor":1,"turns":5},{"damage":7,"enemies":"Jaw Worm","floor":4,"turns":3},{"damage":35,"enemies":"3 Sentries","floor":6,"turns":7},{"damage":5,"enemies":"Gremlin Nob","floor":8,"turns":3},{"damage":35,"enemies":"Lagavulin","floor":11,"turns":4},{"damage":0,"enemies":"Cultist","floor":12,"turns":3},{"damage":4,"enemies":"Red Slaver","floor":14,"turns":4},{"damage":40,"enemies":"The Guardian","floor":16,"turns":12},{"damage":27,"enemies":"2 Thieves","floor":18,"turns":4},{"damage":12,"enemies":"Spheric Guardian","floor":21,"turns":5},{"damage":70,"enemies":"Gremlin Leader","floor":23,"turns":9},{"damage":53,"enemies":"Masked Bandits","floor":25,"turns":7},{"damage":21,"enemies":"Snecko","floor":29,"turns":4},{"damage":55,"enemies":"Centurion and Healer","floor":30,"turns":6},{"damage":37,"enemies":"Snake Plant","floor":31,"turns":4},{"damage":67,"enemies":"Collector","floor":33,"turns":8}],"seed_played":"-6719832442895303635","potions_obtained":[{"floor":4,"key":"LiquidBronze"},{"floor":6,"key":"Fruit Juice"},{"floor":12,"key":"EntropicBrew"},{"floor":14,"key":"BloodPotion"},{"floor":17,"key":"Dexterity Potion"},{"floor":23,"key":"Swift Potion"},{"floor":25,"key":"AttackPotion"},{"floor":30,"key":"Regen Potion"}],"is_trial":false,"path_per_floor":["M","?","?","M","$","E","R","E","T","R","E","M","?","M","R","B",null,"M","$","?","M","?","E","R","?","T","R","R","M","M","M","R","B"],"character_chosen":"IRONCLAD","items_purchased":["Infernal Blade","Wild Strike","Lee\u0027s Waffle","Rampage"],"campfire_rested":4,"item_purchase_floors":[5,5,19,19],"current_hp_per_floor":[85,67,67,66,66,42,78,79,79,88,59,65,65,67,76,60,90,69,105,105,99,78,36,81,34,34,82,97,82,33,14,62,0,0],"gold":136,"neow_bonus":"TEN_PERCENT_HP_BONUS","is_daily":false,"chose_seed":false,"campfire_upgraded":3,"win_rate":0.0,"timestamp":1614316470,"path_taken":["M","?","?","M","?","E","R","E","T","R","E","M","?","?","R","BOSS","M","$","?","M","?","E","R","?","T","R","R","M","M","?","R","BOSS"],"items_purchased_type":["Card","Card","Relic","Card"],"build_version":"2020-12-22","purchased_purges":1,"victory":false,"max_hp_per_floor":[88,88,88,88,88,93,93,93,93,93,93,93,93,93,93,93,98,98,105,105,105,110,110,110,110,110,110,110,110,110,110,110,110,110],"card_choices":[{"not_picked":["True Grit","Warcry"],"picked":"Wild Strike","floor":1},{"not_picked":["Headbutt","Armaments"],"picked":"Fiend Fire","floor":4},{"not_picked":["Shrug It Off","Thunderclap"],"picked":"Metallicize","floor":6},{"not_picked":["Disarm","Dark Embrace"],"picked":"Cleave","floor":8},{"not_picked":["Pommel Strike","Shrug It Off","Berserk"],"picked":"Metallicize","floor":11},{"not_picked":["Power Through","Armaments","Evolve"],"picked":"Headbutt","floor":12},{"not_picked":["Perfected Strike","Pommel Strike","Flex"],"picked":"Metallicize","floor":14},{"not_picked":["Limit Break","Bludgeon","Offering"],"picked":"Juggernaut","floor":16},{"not_picked":["Headbutt","Thunderclap","Rupture"],"picked":"Body Slam","floor":17},{"not_picked":["Sword Boomerang+1","Reckless Charge","Whirlwind"],"picked":"Armaments","floor":18},{"not_picked":["Cleave","Rage","Twin Strike+1"],"picked":"Fire Breathing+1","floor":21},{"not_picked":["Searing Blow","Cleave","Corruption","Burning Pact"],"picked":"SKIP","floor":23},{"not_picked":["Heavy Blade","Twin Strike","True Grit"],"picked":"Fire Breathing","floor":25},{"not_picked":["Sword Boomerang","Clash","Cleave"],"picked":"Body Slam+1","floor":29},{"not_picked":["Flex","Clothesline","Dropkick"],"picked":"Armaments","floor":30},{"not_picked":["Pommel Strike","Whirlwind","Perfected Strike"],"picked":"Clash+1","floor":31}],"player_experience":1885132,"relics_obtained":[{"floor":6,"key":"Turnip"},{"floor":8,"key":"Letter Opener"},{"floor":9,"key":"Question Card"},{"floor":11,"key":"Red Skull"},{"floor":23,"key":"WingedGreaves"},{"floor":25,"key":"Red Mask"},{"floor":26,"key":"Du-Vu Doll"}],"event_choices":[{"damage_healed":0,"gold_gain":0,"player_choice":"Success","damage_taken":18,"relics_obtained":["Eternal Feather"],"max_hp_gain":0,"max_hp_loss":0,"event_name":"Scrap Ooze","floor":2,"gold_loss":0},{"damage_healed":0,"gold_gain":0,"player_choice":"Grow","damage_taken":0,"max_hp_gain":0,"max_hp_loss":0,"event_name":"Living Wall","floor":3,"gold_loss":0,"cards_upgraded":["Wild Strike"]},{"damage_healed":0,"gold_gain":0,"player_choice":"Trade","damage_taken":0,"relics_obtained":["CultistMask"],"max_hp_gain":0,"max_hp_loss":0,"event_name":"FaceTrader","floor":13,"gold_loss":0},{"damage_healed":0,"gold_gain":0,"player_choice":"Read","damage_taken":0,"max_hp_gain":0,"max_hp_loss":0,"event_name":"The Library","floor":20,"gold_loss":0,"cards_obtained":["Barricade"]},{"damage_healed":0,"gold_gain":0,"player_choice":"Shed Blood","damage_taken":26,"max_hp_gain":5,"max_hp_loss":0,"event_name":"Forgotten Altar","floor":22,"gold_loss":0},{"damage_healed":0,"gold_gain":0,"player_choice":"Fought Bandits","damage_taken":0,"max_hp_gain":0,"max_hp_loss":0,"event_name":"Masked Bandits","floor":25,"gold_loss":0}],"is_beta":false,"boss_relics":[{"not_picked":["Calling Bell","Cursed Key"],"picked":"Tiny House"}],"items_purged_floors":[19],"is_endless":false,"potions_floor_spawned":[4,6,12,14,23,25,30],"killed_by":"Collector","ascension_level":8}}