{"host":"mydft8i2zzydgggw","time":1614357466,"event":{"mods":["AchievementEnabler","BaseMod","Colored Map","Colored Powertips","DeckTracker","Keyboard Shortcuts","Minty Spire (QoL Compilation)","Rare Cards Sparkle","Relic Stats","StSLib","SuperFastMode","Together in Spire","everything is the same but u backflip on backflip"],"gold_per_floor":[117,137,62,12,12,12,38,55,79,91,118,118,118,147,147,250,250,264,10,10,10,21,21,51,51,51,51,1,14,31,49,49,49,49],"floor_reached":33,"language":"KOR","playtime":752,"items_purged":["Parasite","Evolve"],"score":503,"play_id":"1a044a5b-8744-4c3c-834f-5bec14fae667","local_time":"20210227013746","is_ascension_mode":true,"campfire_choices":[{"data":"Pommel Strike","floor":6.0,"key":"SMITH"},{"data":"True Grit","floor":12.0,"key":"SMITH"},{"data":"Blood for Blood","floor":15.0,"key":"SMITH"},{"data":"Dark Embrace","floor":23.0,"key":"SMITH"},{"data":"Burning Pact","floor":25.0,"key":"SMITH"},{"data":"Bloodletting","floor":27.0,"key":"SMITH"},{"data":"Offering","floor":32.0,"key":"SMITH"}],"circlet_count":0,"master_deck":["AscendersBane","Strike_R","Strike_R","Strike_R","Defend_R","Defend_R","Defend_R","Defend_R","Bash","Offering+1","Pommel Strike+1","Twin Strike","Twin Strike","True Grit+1","Blood for Blood+1","Reaper","CurseOfTheBell","Power Through","Bloodletting+1","Dark Embrace+1","Perfected Strike","Twin Strike","Twin Strike","Burning Pact+1","Perfected Strike","Perfected Strike","Rupture","Perfected Strike","Shrug It Off+1"],"relics":["Burning Blood","Nunchaku","Akabeko","Eternal Feather","Darkstone Periapt","Calling Bell","Pen Nib","Blue Candle","TungstenRod","Orrery","Nilry\u0027s Codex","Smiling Mask","Toxic Egg 2"],"acts_visited":["Exordium","TheCity"],"potions_floor_usage":[33,33],"damage_taken":[{"damage":4.0,"enemies":"Small Slimes","floor":1.0,"turns":5.0},{"damage":8.0,"enemies":"Jaw Worm","floor":2.0,"turns":3.0},{"damage":39.0,"enemies":"Gremlin Nob","floor":7.0,"turns":4.0},{"damage":6.0,"enemies":"Cultist","floor":8.0,"turns":3.0},{"damage":8.0,"enemies":"Large Slime","floor":10.0,"turns":3.0},{"damage":26.0,"enemies":"3 Sentries","floor":11.0,"turns":7.0},{"damage":22.0,"enemies":"Lagavulin","floor":14.0,"turns":6.0},{"damage":30.0,"enemies":"Slime Boss","floor":16.0,"turns":8.0},{"damage":14.0,"enemies":"3 Byrds","floor":18.0,"turns":4.0},{"damage":7.0,"enemies":"Chosen","floor":22.0,"turns":4.0},{"damage":27.0,"enemies":"Slavers","floor":24.0,"turns":3.0},{"damage":21.0,"enemies":"Snake Plant","floor":29.0,"turns":3.0},{"damage":0.0,"enemies":"Snecko","floor":30.0,"turns":2.0},{"damage":27.0,"enemies":"Sentry and Sphere","floor":31.0,"turns":4.0},{"damage":77,"enemies":"Automaton","floor":33,"turns":8}],"seed_played":"-495078294683642358","potions_obtained":[{"floor":1.0,"key":"ElixirPotion"},{"floor":2.0,"key":"SpeedPotion"},{"floor":11.0,"key":"LiquidBronze"},{"floor":24.0,"key":"Fire Potion"},{"floor":30.0,"key":"Strength Potion"}],"is_trial":false,"path_per_floor":["M","M","$","?","?","R","E","M","T","M","E","R","?","E","R","B",null,"M","$","?","?","M","R","E","R","T","R","$","M","M","M","R","B"],"character_chosen":"IRONCLAD","items_purchased":["Bloodletting","Dark Embrace","Orrery"],"campfire_rested":0,"item_purchase_floors":[19,19,19],"current_hp_per_floor":[74,72,72,72,72,72,39,39,39,37,17,26,51,35,44,20,69,69,69,57,57,56,71,58,73,73,83,83,68,74,53,68,0,0],"gold":49,"neow_bonus":"THREE_RARE_CARDS","is_daily":false,"chose_seed":false,"campfire_upgraded":7,"win_rate":0.0,"timestamp":1614357466,"path_taken":["M","M","$","?","?","R","E","?","T","M","E","R","?","E","R","BOSS","M","$","?","?","?","R","E","R","T","R","?","M","M","M","R","BOSS"],"items_purchased_type":["Card","Card","Relic"],"build_version":"2020-12-22","purchased_purges":2,"victory":false,"max_hp_per_floor":[80,80,77,77,77,77,77,77,77,77,77,77,77,77,77,77,83,83,83,83,83,83,83,83,83,83,83,83,83,83,83,83,83,83],"relic_stats":{"Darkstone Periapt":6,"Nunchaku":[10],"counters":[15,67],"Blue Candle":[5],"Eternal Feather":73,"Pen Nib":[5],"Smiling Mask":50,"obtain_stats":[{"Darkstone Periapt":14,"Nilry\u0027s Codex":20,"Blue Candle":17,"Eternal Feather":11,"Pen Nib":17,"Smiling Mask":24,"Burning Blood":0,"Akabeko":9,"Calling Bell":17,"Nunchaku":7,"Orrery":19,"Toxic Egg 2":26,"TungstenRod":17},{"Darkstone Periapt":7,"Nilry\u0027s Codex":9,"Blue Candle":8,"Eternal Feather":6,"Pen Nib":8,"Smiling Mask":11,"Burning Blood":0,"Akabeko":4,"Calling Bell":8,"Nunchaku":3,"Orrery":9,"Toxic Egg 2":11,"TungstenRod":8},{"Darkstone Periapt":31,"Nilry\u0027s Codex":43,"Blue Candle":39,"Eternal Feather":25,"Pen Nib":39,"Smiling Mask":50,"Burning Blood":0,"Akabeko":15,"Calling Bell":39,"Nunchaku":12,"Orrery":43,"Toxic Egg 2":50,"TungstenRod":39}],"Burning Blood":84,"TungstenRod":42},"card_choices":[{"not_picked":["Fiend Fire","Demon Form"],"picked":"Offering","floor":0.0},{"not_picked":["Warcry","Infernal Blade"],"picked":"Evolve","floor":1.0},{"not_picked":["Clash","True Grit"],"picked":"Pommel Strike","floor":2.0},{"not_picked":["Warcry","Ghostly Armor","Metallicize"],"picked":"SKIP","floor":7.0},{"not_picked":["Heavy Blade","Warcry"],"picked":"Twin Strike","floor":8.0},{"not_picked":["Flex","Thunderclap"],"picked":"Twin Strike","floor":10.0},{"not_picked":["Bludgeon","Combust"],"picked":"True Grit","floor":11.0},{"not_picked":["Disarm","Twin Strike"],"picked":"Blood for Blood","floor":14.0},{"not_picked":["Limit Break","Exhume"],"picked":"Reaper","floor":16.0},{"not_picked":["Headbutt","Infernal Blade"],"picked":"Power Through","floor":18.0},{"not_picked":["Anger","True Grit"],"picked":"Perfected Strike","floor":19.0},{"not_picked":["Anger","Entrench"],"picked":"Twin Strike","floor":19.0},{"not_picked":["Wild Strike","Shrug It Off"],"picked":"Twin Strike","floor":19.0},{"not_picked":["Flex","Offering"],"picked":"Burning Pact","floor":19.0},{"not_picked":["Iron Wave","Uppercut+1"],"picked":"Perfected Strike","floor":22.0},{"not_picked":["Bloodletting","Dark Embrace"],"picked":"Rupture","floor":24.0},{"not_picked":["Sword Boomerang","True Grit+1"],"picked":"Perfected Strike","floor":29.0},{"not_picked":["Headbutt","Armaments+1","Evolve"],"picked":"SKIP","floor":30.0},{"not_picked":["Brutality","Spot Weakness+1"],"picked":"Shrug It Off+1","floor":31.0}],"player_experience":311124,"relics_obtained":[{"floor":7.0,"key":"Nunchaku"},{"floor":9.0,"key":"Akabeko"},{"floor":11.0,"key":"Eternal Feather"},{"floor":14.0,"key":"Darkstone Periapt"},{"floor":17.0,"key":"Pen Nib"},{"floor":17.0,"key":"Blue Candle"},{"floor":17.0,"key":"TungstenRod"},{"floor":20.0,"key":"Nilry\u0027s Codex"},{"floor":24.0,"key":"Smiling Mask"},{"floor":26.0,"key":"Toxic Egg 2"}],"event_choices":[{"cards_removed":["Strike_R"],"damage_healed":0.0,"max_hp_gain":0.0,"max_hp_loss":0.0,"gold_gain":0.0,"event_name":"The Cleric","player_choice":"Card Removal","floor":4.0,"gold_loss":50.0,"damage_taken":0.0},{"cards_removed":["Strike_R"],"damage_healed":0.0,"max_hp_gain":0.0,"max_hp_loss":0.0,"gold_gain":0.0,"event_name":"Bonfire Elementals","player_choice":"Offered Basic","floor":5.0,"gold_loss":0.0,"damage_taken":0.0},{"damage_healed":25.0,"max_hp_gain":0.0,"max_hp_loss":0.0,"gold_gain":0.0,"event_name":"Big Fish","player_choice":"Banana","floor":13.0,"gold_loss":0.0,"damage_taken":0.0},{"damage_healed":0.0,"max_hp_gain":0.0,"max_hp_loss":0.0,"gold_gain":0.0,"event_name":"Cursed Tome","player_choice":"Obtained Book","floor":20.0,"gold_loss":0.0,"damage_taken":16.0},{"damage_healed":0.0,"max_hp_gain":0.0,"max_hp_loss":0.0,"gold_gain":0.0,"event_name":"The Library","player_choice":"Read","floor":21.0,"gold_loss":0.0,"damage_taken":0.0,"cards_obtained":["Perfected Strike"]}],"is_beta":false,"boss_relics":[{"not_picked":["Cursed Key","SlaversCollar"],"picked":"Calling Bell"}],"items_purged_floors":[3,28],"is_endless":false,"potions_floor_spawned":[1,2,11,14,24,30,31],"killed_by":"Automaton","ascension_level":12}}