{"host":"a3jrmgpelfdupjt8","time":1614311003,"event":{"mods":["AchievementEnabler","Act Like it!","BaseMod","Better Match","Better Note","Better Third Choice","Colored Map","Colored Powertips","Downfall","Infinite Spire","Minty Spire (QoL Compilation)","Rare Cards Sparkle","Replay The Spire","Shop Mod","Spicy Shops","StSLib","The Blue Laboratory"],"gold_per_floor":[99,99,99,99,99,130,153,53,38,38,23,49,49,34,46,145,145,128,140,160,180,180,180,180,180],"floor_reached":23,"language":"ENG","playtime":1348,"items_purged":[],"score":243,"play_id":"e327dbf8-9e00-4060-937f-bea689c4782a","local_time":"20210225224323","is_ascension_mode":false,"campfire_choices":[{"floor":1,"key":"DIG"},{"floor":8,"key":"RECALL"},{"data":"Slimebound:SplitMire","floor":10,"key":"SMITH"},{"floor":13,"key":"REST"}],"circlet_count":0,"master_deck":["Slimebound:Strike_Slimebound+1","Slimebound:Strike_Slimebound","Slimebound:Strike_Slimebound","Slimebound:Tackle+1","Slimebound:Defend_Slimebound","Slimebound:Defend_Slimebound","Slimebound:Defend_Slimebound","Slimebound:Defend_Slimebound","Slimebound:Split+1","Slimebound:CorrosiveSpit","Slimebound:GoopTackle","Regret","downfall:Malfunctioning","Slimebound:SplitMire+1","Slimebound:LeechLife","Slimebound:SplitMire","Slimebound:SplitSpecialist","Slimebound:ComboTackle","Slimebound:RollThrough","Slimebound:LeadByExample","Slimebound:TagTeam","Slimebound:Replication+1","Slimebound:FinishingTackle+1","Slimebound:SplitAcid","Slimebound:MassFeed"],"relics":["Slimebound:AbsorbEndCombatUpgraded","downfall:HeartsMalice","infinitespire:BottledMercury","Ornamental Fan","Durian","downfall:HeartBlessingBlue","Letter Opener","downfall:HeartBlessingRed"],"acts_visited":["Exordium","TheCity"],"potions_floor_usage":[15,16,23],"damage_taken":[{"damage":0,"enemies":"2 Louse","floor":2,"turns":1},{"damage":0,"enemies":"Small Slimes","floor":5,"turns":1},{"damage":0,"enemies":"Gremlin Nob","floor":6,"turns":1},{"damage":21,"enemies":"downfall:FleeingMerchant","floor":9,"turns":4},{"damage":18,"enemies":"downfall:FleeingMerchant","floor":11,"turns":4},{"damage":53,"enemies":"3 Sentries","floor":12,"turns":5},{"damage":28,"enemies":"downfall:FleeingMerchant","floor":14,"turns":4},{"damage":1,"enemies":"Cultist","floor":15,"turns":3},{"damage":6,"enemies":"SI_SHIV_ARCHETYPE","floor":16,"turns":7},{"damage":20,"enemies":"Spheric Guardian","floor":19,"turns":4},{"damage":41,"enemies":"Shell Parasite","floor":20,"turns":5},{"damage":36,"enemies":"Snake Plant","floor":21,"turns":4},{"damage":12,"enemies":"Centurion and Healer","floor":23,"turns":2}],"seed_played":"6361647765327376181","potions_obtained":[{"floor":6,"key":"blueLaboratory:HummingbirdPotion"},{"floor":15,"key":"blueLaboratory:HorrorPotion"},{"floor":16,"key":"Milkshake"},{"floor":21,"key":"Energy Potion"}],"is_trial":false,"path_per_floor":["R_BF","M","?","?","M","E","T","R","$","R","$","E","R","$","M","B",null,"R_BF","M","M","M","?","M"],"character_chosen":"SLIMEBOUND","items_purchased":[],"campfire_rested":1,"item_purchase_floors":[],"current_hp_per_floor":[65,65,65,65,65,70,70,80,65,65,53,6,30,4,7,9,80,80,66,37,7,7,0,0,0],"gold":180,"neow_bonus":"THREE_ENEMY_KILL","is_daily":false,"chose_seed":false,"campfire_upgraded":1,"win_rate":0.0,"timestamp":1614311003,"path_taken":["R_BF","M","?","?","M","E","T","R","$","R","$","E","R","$","M","BOSS","R_BF","M","M","M","?","?"],"items_purchased_type":[],"build_version":"2020-12-22","purchased_purges":0,"victory":false,"max_hp_per_floor":[65,65,65,65,65,70,70,80,80,80,80,80,80,80,80,80,80,80,80,80,80,80,80,80,80],"card_choices":[{"not_picked":["Slimebound:FormOfPuddle","Slimebound:Schlurp"],"picked":"Slimebound:GoopTackle","floor":2},{"not_picked":["Slimebound:LeadByExample","Slimebound:LeechingTouch"],"picked":"Slimebound:SplitMire","floor":5},{"not_picked":["Slimebound:LeechingTouch","Slimebound:FinishingTackle"],"picked":"Slimebound:LeechLife","floor":6},{"not_picked":["Slimebound:LivingWall","Slimebound:LeechEnergy"],"picked":"Slimebound:SplitMire","floor":9},{"not_picked":["Slimebound:SamplingLick","Slimebound:Schlurp"],"picked":"Slimebound:SplitSpecialist","floor":11},{"not_picked":["Slimebound:SlimeSpikes","Slimebound:SplitBruiser"],"picked":"Slimebound:ComboTackle","floor":12},{"not_picked":["Slimebound:GoopSpray","Slimebound:AcidTongue"],"picked":"Slimebound:RollThrough","floor":14},{"not_picked":["Slimebound:Schlurp","Slimebound:GrowthPunch"],"picked":"Slimebound:LeadByExample","floor":15},{"not_picked":["Slimebound:Teamwork","Slimebound:RallyTheTroops"],"picked":"Slimebound:TagTeam","floor":16},{"not_picked":["Slimebound:SlimeSpikes","Slimebound:Prepare+1"],"picked":"Slimebound:Replication+1","floor":19},{"not_picked":["Slimebound:Repurpose+1","Slimebound:FlameTackle"],"picked":"Slimebound:FinishingTackle+1","floor":20},{"not_picked":["Slimebound:PressTheAttack","Slimebound:SamplingLick"],"picked":"Slimebound:SplitAcid","floor":21}],"player_experience":141670,"relics_obtained":[{"floor":1,"key":"infinitespire:BottledMercury"},{"floor":6,"key":"Durian"},{"floor":12,"key":"Letter Opener"}],"event_choices":[{"damage_healed":0,"gold_gain":0,"player_choice":"Box","damage_taken":0,"relics_obtained":["Ornamental Fan"],"max_hp_gain":0,"max_hp_loss":0,"event_name":"Big Fish","floor":3,"gold_loss":0,"cards_obtained":["Regret"]},{"cards_removed":["Slimebound:LeechLife"],"damage_healed":0,"gold_gain":0,"player_choice":"Take \u0026 Give","damage_taken":0,"max_hp_gain":0,"max_hp_loss":0,"event_name":"betterNote:BetterNote","floor":22,"gold_loss":0,"cards_obtained":["Slimebound:MassFeed"]}],"is_beta":false,"boss_relics":[{"not_picked":["Black Star","bronze:MakeshiftBattery"],"picked":"Slimebound:AbsorbEndCombatUpgraded"}],"items_purged_floors":[],"is_endless":false,"potions_floor_spawned":[6,15,16,21],"killed_by":"Centurion and Healer","ascension_level":0}}