{"host":"2no1vwhhkhf0ohz3","time":1614362319,"event":{"mods":["AchievementEnabler","BaseMod","Colored Map","DeckTracker","Keyboard Shortcuts","Minty Spire (QoL Compilation)","SuperFastMode"],"gold_per_floor":[116,126,51,65,25,25,52,78,90,132,163,175,205,228,240,355,417,448,476,488,254,169,169,194,206,206,238,113,124,124,149,149,149,149],"floor_reached":33,"language":"KOR","playtime":947,"items_purged":["Strike_R","Strike_R","Strike_R"],"score":491,"play_id":"0b3ead2e-b204-4685-987b-b151849ccd7b","local_time":"20210227025839","is_ascension_mode":true,"campfire_choices":[{"data":"Blood for Blood","floor":6,"key":"SMITH"},{"data":"Spot Weakness","floor":12,"key":"SMITH"},{"data":"Heavy Blade","floor":15,"key":"SMITH"},{"data":"Double Tap","floor":23,"key":"SMITH"},{"data":"Inflame","floor":30,"key":"SMITH"},{"data":"Pummel","floor":32,"key":"SMITH"}],"circlet_count":0,"master_deck":["AscendersBane","Strike_R","Strike_R","Defend_R","Defend_R","Defend_R","Defend_R","Bash+1","Sword Boomerang","Blood for Blood+1","Spot Weakness+1","Warcry","Inflame+1","Shrug It Off","Pummel+1","Heavy Blade+1","Double Tap+1","Anger","Disarm","Blood for Blood+1","Sentinel","Whirlwind+1","Second Wind","Pommel Strike"],"relics":["Burning Blood","MawBank","Bag of Preparation","Meat on the Bone","Tiny House","Boot","DollysMirror","Sundial","Juzu Bracelet","Shuriken","Kunai"],"acts_visited":["Exordium","TheCity"],"potions_floor_usage":[7,16,24,31],"damage_taken":[{"damage":14,"enemies":"2 Louse","floor":1,"turns":4},{"damage":1,"enemies":"Cultist","floor":2,"turns":4},{"damage":1,"enemies":"Small Slimes","floor":4,"turns":4},{"damage":8,"enemies":"Gremlin Nob","floor":7,"turns":3},{"damage":12,"enemies":"Looter","floor":8,"turns":3},{"damage":30,"enemies":"Lagavulin","floor":10,"turns":7},{"damage":14,"enemies":"3 Louse","floor":11,"turns":3},{"damage":32,"enemies":"Exordium Thugs","floor":13,"turns":5},{"damage":20,"enemies":"Red Slaver","floor":14,"turns":4},{"damage":37,"enemies":"Hexaghost","floor":16,"turns":8},{"damage":7,"enemies":"Chosen","floor":18,"turns":4},{"damage":17,"enemies":"Shell Parasite","floor":19,"turns":4},{"damage":27,"enemies":"Slavers","floor":24,"turns":4},{"damage":15,"enemies":"Shelled Parasite and Fungi","floor":25,"turns":3},{"damage":21,"enemies":"Gremlin Leader","floor":27,"turns":4},{"damage":31,"enemies":"Centurion and Healer","floor":29,"turns":5},{"damage":36,"enemies":"Slavers","floor":31,"turns":4},{"damage":38,"enemies":"Champ","floor":33,"turns":3}],"seed_played":"3181813630060683685","potions_obtained":[{"floor":4,"key":"SkillPotion"},{"floor":5,"key":"DuplicationPotion"},{"floor":8,"key":"FairyPotion"},{"floor":16,"key":"SkillPotion"},{"floor":17,"key":"LiquidMemories"},{"floor":25,"key":"Swift Potion"},{"floor":27,"key":"FearPotion"},{"floor":29,"key":"DuplicationPotion"}],"is_trial":false,"path_per_floor":["M","M","$","M","?","R","E","M","T","E","M","R","M","M","R","B",null,"M","M","?","$","?","R","E","M","T","E","$","M","R","E","R","B"],"character_chosen":"IRONCLAD","items_purchased":["DollysMirror"],"campfire_rested":0,"item_purchase_floors":[21],"current_hp_per_floor":[64,69,69,74,74,74,72,66,66,42,46,46,32,30,30,42,76,75,64,64,64,64,64,55,58,58,55,55,42,42,24,24,0,0],"gold":149,"neow_bonus":"THREE_CARDS","is_daily":false,"chose_seed":false,"campfire_upgraded":6,"win_rate":0.0,"timestamp":1614362319,"path_taken":["M","M","$","M","?","R","E","M","T","E","?","R","M","M","R","BOSS","M","M","?","$","?","R","E","M","T","E","$","M","R","E","R","BOSS"],"items_purchased_type":["Relic"],"build_version":"2020-12-22","purchased_purges":3,"victory":false,"max_hp_per_floor":[80,80,80,80,80,80,80,80,80,80,80,80,80,80,80,80,85,85,85,85,85,85,85,85,85,85,85,85,85,85,85,85,85,85],"card_choices":[{"not_picked":["Havoc","Intimidate"],"picked":"Sword Boomerang","floor":0},{"not_picked":["Headbutt","Iron Wave"],"picked":"Blood for Blood","floor":1},{"not_picked":["Headbutt","Anger"],"picked":"Spot Weakness","floor":2},{"not_picked":["Flex","Heavy Blade"],"picked":"Warcry","floor":4},{"not_picked":["Anger","Flex"],"picked":"Inflame","floor":7},{"not_picked":["Clothesline","Pummel"],"picked":"Shrug It Off","floor":8},{"not_picked":["Berserk","Twin Strike"],"picked":"Pummel","floor":10},{"not_picked":["Havoc","Feel No Pain","Dark Embrace"],"picked":"SKIP","floor":11},{"not_picked":["Headbutt","Clothesline"],"picked":"Heavy Blade","floor":13},{"not_picked":["Entrench","Sever Soul","Heavy Blade"],"picked":"SKIP","floor":14},{"not_picked":["Feed","Fiend Fire"],"picked":"Double Tap","floor":16},{"not_picked":["Thunderclap","Havoc"],"picked":"Anger","floor":17},{"not_picked":["Havoc+1","Shrug It Off"],"picked":"Disarm","floor":18},{"not_picked":["Reckless Charge+1","Iron Wave+1","Anger+1"],"picked":"SKIP","floor":19},{"not_picked":["Havoc","Entrench"],"picked":"Sentinel","floor":24},{"not_picked":["Exhume","Uppercut","Second Wind+1"],"picked":"SKIP","floor":25},{"not_picked":["Anger","Shrug It Off"],"picked":"Whirlwind+1","floor":27},{"not_picked":["Cleave","Reckless Charge"],"picked":"Second Wind","floor":29},{"not_picked":["Perfected Strike","Thunderclap"],"picked":"Pommel Strike","floor":31}],"player_experience":318279,"relics_obtained":[{"floor":7,"key":"MawBank"},{"floor":9,"key":"Bag of Preparation"},{"floor":10,"key":"Meat on the Bone"},{"floor":26,"key":"Juzu Bracelet"},{"floor":27,"key":"Shuriken"},{"floor":31,"key":"Kunai"}],"event_choices":[{"damage_healed":0,"gold_gain":0,"player_choice":"Bought 3 Potions","damage_taken":0,"max_hp_gain":0,"max_hp_loss":0,"event_name":"The Woman in Blue","floor":5,"gold_loss":0},{"damage_healed":0,"gold_gain":0,"player_choice":"Opened","damage_taken":0,"relics_obtained":["Boot"],"max_hp_gain":0,"max_hp_loss":0,"event_name":"The Mausoleum","floor":20,"gold_loss":0},{"damage_healed":0,"gold_gain":0,"player_choice":"Obtained Relic","damage_taken":0,"relics_obtained":["Sundial"],"max_hp_gain":0,"max_hp_loss":0,"event_name":"Addict","floor":22,"gold_loss":85}],"is_beta":false,"boss_relics":[{"not_picked":["Busted Crown","Black Star"],"picked":"Tiny House"}],"items_purged_floors":[3,21,28],"is_endless":false,"potions_floor_spawned":[4,8,14,16,19,25,27,29],"killed_by":"Champ","ascension_level":11}}