{"host":"867cnhxguf2bzj4x","time":1614377469,"event":{"mods":["BaseMod","BetterRewards","GifTheSpireLib","Lobotomy","Minty Spire (QoL Compilation)","StSLib","The Bug Knight","The Cursed","The Necromancer"],"gold_per_floor":[212,212,212,226,244,244,283,283,283,303,327,347,365,365,365,484,484,499,167,167,192,192,107,107,123,203,203,224,124,140,140,140,140,140],"floor_reached":33,"language":"ENG","playtime":927,"items_purged":["Strike_B","Strike_B"],"score":251,"play_id":"3d7e5e94-eba5-4b5a-b340-dc92ca19eaec","local_time":"20210226231109","is_ascension_mode":false,"campfire_choices":[{"data":"Zap","floor":6,"key":"SMITH"},{"floor":8,"key":"REST"},{"floor":15,"key":"REST"},{"data":"Dualcast","floor":24,"key":"SMITH"},{"floor":27,"key":"REST"},{"floor":32,"key":"REST"}],"circlet_count":0,"master_deck":["Strike_B","Defend_B","Defend_B","Defend_B","Defend_B","Zap+1","Dualcast+1","Ball Lightning","Genetic Algorithm","Defragment","Ball Lightning","Redo","Beam Cell","Defragment","Apotheosis+1","Storm+1","Capacitor","Machine Learning"],"relics":["Cracked Core","Golden Idol","HollowMod:StagPassRelic","Bottled Lightning","Nunchaku","Inserter","MutagenicStrength","MealTicket"],"acts_visited":["Exordium","TheCity"],"potions_floor_usage":[16,16,31,33,33],"damage_taken":[{"damage":5,"enemies":"Small Slimes","floor":1,"turns":3},{"damage":6,"enemies":"Cultist","floor":4,"turns":3},{"damage":5,"enemies":"Jaw Worm","floor":5,"turns":2},{"damage":26,"enemies":"Gremlin Nob","floor":7,"turns":4},{"damage":3,"enemies":"3 Louse","floor":10,"turns":2},{"damage":5,"enemies":"Looter","floor":11,"turns":3},{"damage":0,"enemies":"Large Slime","floor":12,"turns":3},{"damage":0,"enemies":"Blue Slaver","floor":13,"turns":2},{"damage":23,"enemies":"Slime Boss","floor":16,"turns":8},{"damage":10,"enemies":"Spheric Guardian","floor":18,"turns":3},{"damage":6,"enemies":"Shell Parasite","floor":21,"turns":3},{"damage":36,"enemies":"3 Cultists","floor":25,"turns":5},{"damage":20,"enemies":"Centurion and Healer","floor":28,"turns":5},{"damage":3,"enemies":"Snake Plant","floor":30,"turns":3},{"damage":11,"enemies":"Shelled Parasite and Fungi","floor":31,"turns":2},{"damage":59,"enemies":"Champ","floor":33,"turns":7}],"seed_played":"6005236897868427045","potions_obtained":[{"floor":5,"key":"LiquidBronze"},{"floor":11,"key":"Block Potion"},{"floor":12,"key":"SmokeBomb"},{"floor":18,"key":"Fire Potion"},{"floor":21,"key":"Dexterity Potion"}],"is_trial":false,"path_per_floor":["M","?","?","M","M","R","E","R","T","M","M","M","M","?","R","B",null,"M","$","?","M","?","?","R","M","T","R","M","$","M","M","R","B"],"character_chosen":"DEFECT","items_purchased":["Apotheosis","Storm"],"campfire_rested":4,"item_purchase_floors":[19,19],"current_hp_per_floor":[70,52,52,46,41,41,15,37,37,34,29,29,29,22,44,21,75,65,65,65,59,59,59,59,23,23,45,25,40,37,26,48,0,0],"gold":140,"neow_bonus":"HUNDRED_GOLD","is_daily":false,"chose_seed":false,"campfire_upgraded":2,"win_rate":0.0,"timestamp":1614377469,"path_taken":["M","?","?","M","M","R","E","R","T","?","M","?","?","?","R","BOSS","M","$","?","M","?","?","R","M","T","R","M","$","?","M","R","BOSS"],"items_purchased_type":["Card","Card"],"build_version":"2020-12-22","purchased_purges":2,"victory":false,"max_hp_per_floor":[75,75,75,75,75,75,75,75,75,75,75,75,75,75,75,75,75,75,75,75,75,75,75,75,75,75,75,75,75,75,75,75,75,75],"card_choices":[{"not_picked":["Redo","Hologram"],"picked":"Ball Lightning","floor":1},{"not_picked":["Darkness","Gash"],"picked":"Genetic Algorithm","floor":4},{"not_picked":["Genetic Algorithm","Chill"],"picked":"Defragment","floor":5},{"not_picked":["Compile Driver","Heatsinks"],"picked":"Ball Lightning","floor":7},{"not_picked":["Stack","Ball Lightning","Sunder"],"picked":"SKIP","floor":10},{"not_picked":["Melter","Reinforced Body"],"picked":"Redo","floor":11},{"not_picked":["Rebound","Redo"],"picked":"Beam Cell","floor":12},{"not_picked":["Coolheaded","Compile Driver"],"picked":"Defragment","floor":13},{"not_picked":["Redo","Hologram+1","Leap+1"],"picked":"SKIP","floor":18},{"not_picked":["Sweeping Beam","Beam Cell","Barrage"],"picked":"SKIP","floor":21},{"not_picked":["Barrage","Turbo"],"picked":"Machine Learning","floor":25},{"not_picked":["Hologram","Melter","Leap"],"picked":"SKIP","floor":28},{"not_picked":["Lockon","Conserve Battery+1","Cold Snap"],"picked":"SKIP","floor":30}],"player_experience":113129,"relics_obtained":[{"floor":7,"key":"HollowMod:StagPassRelic"},{"floor":9,"key":"Bottled Lightning"}],"event_choices":[{"damage_healed":0,"gold_gain":0,"player_choice":"Take Damage","damage_taken":18,"relics_obtained":["Golden Idol"],"max_hp_gain":0,"max_hp_loss":0,"event_name":"Golden Idol","floor":2,"gold_loss":0},{"cards_removed":["Strike_B"],"damage_healed":0,"gold_gain":0,"player_choice":"Card Removal","damage_taken":0,"max_hp_gain":0,"max_hp_loss":0,"event_name":"Wheel of Change","floor":3,"gold_loss":0},{"damage_healed":0,"gold_gain":0,"player_choice":"Success","damage_taken":7,"relics_obtained":["Nunchaku"],"max_hp_gain":0,"max_hp_loss":0,"event_name":"Scrap Ooze","floor":14,"gold_loss":0},{"damage_healed":0,"gold_gain":0,"player_choice":"Read","damage_taken":0,"max_hp_gain":0,"max_hp_loss":0,"event_name":"The Library","floor":20,"gold_loss":0,"cards_obtained":["Capacitor"]},{"damage_healed":0,"gold_gain":0,"player_choice":"Inject Mutagens","damage_taken":0,"relics_obtained":["MutagenicStrength"],"max_hp_gain":0,"max_hp_loss":0,"event_name":"Drug Dealer","floor":22,"gold_loss":0},{"damage_healed":0,"gold_gain":0,"player_choice":"Obtained Relic","damage_taken":0,"relics_obtained":["MealTicket"],"max_hp_gain":0,"max_hp_loss":0,"event_name":"Addict","floor":23,"gold_loss":85}],"is_beta":false,"boss_relics":[{"not_picked":["Calling Bell","SacredBark"],"picked":"Inserter"}],"items_purged_floors":[19,29],"is_endless":false,"potions_floor_spawned":[5,11,12,18,21,30],"killed_by":"Champ","ascension_level":0}}