{"host":"bg0cyinkrjnqf173","time":1614318697,"event":{"mods":["BaseMod","Colored Map","Minty Spire (QoL Compilation)","Replay The Spire","StSLib","Together in Spire"],"gold_per_floor":[217,64,75,150,150,77,77,112,157,172,172,189,189,224,236,345,357,379,190,133,56,73,73,91,91,139,139,158,191,202,222,222,320,320,331,268,282,294,344,344,344,195,221,254,254,265,265,265,265,265],"floor_reached":51,"language":"ENG","playtime":2443,"items_purged":["Strike_G","Strike_G"],"score":628,"play_id":"80ae0177-f32b-4a06-8830-5dc9614fffc3","local_time":"20210226005137","is_ascension_mode":false,"campfire_choices":[{"data":"ReplayTheSpireMod:The Works","floor":11.0,"key":"SMITH"},{"floor":13.0,"key":"REST"},{"data":"Poisoned Stab","floor":15.0,"key":"SMITH"},{"floor":23.0,"key":"REST"},{"data":"Catalyst","floor":25.0,"key":"SMITH"},{"data":"Hidden Blade","floor":27.0,"key":"SMITH"},{"floor":32.0,"key":"REST"},{"data":"Hidden Blade","floor":40.0,"key":"SMITH"},{"data":"Hidden Blade","floor":47.0,"key":"SMITH"},{"data":"Accuracy","floor":49.0,"key":"SMITH"}],"circlet_count":0,"master_deck":["Strike_G","Strike_G","Strike_G","Defend_G","Defend_G+1","Defend_G","Defend_G","Defend_G","Survivor","Neutralize","Bane","Catalyst+1","ReplayTheSpireMod:The Works+1","Blade Dance","Footwork","Deadly Poison","Poisoned Stab+1","Corpse Explosion","Hidden Blade+1","Hidden Blade+1","Accuracy+1","Bane+1","Blade Dance","Cloak And Dagger","Bane","ReplayTheSpireMod:The Works","Hidden Blade+1","Hidden Blade","Hidden Blade"],"relics":["Ring of the Snake","Snake Skull","Blue Doll","MawBank","Replay:Grab Bag","Runic Dome","ReplayTheSpireMod:Onyx Gauntlets","Membership Card","Toy Ornithopter","Replay:Baseball","ReplayTheSpireMod:TigerMarble","SacredBark","Durian","Frozen Eye","PreservedInsect"],"acts_visited":[],"potions_floor_usage":[],"damage_taken":[{"damage":0.0,"enemies":"Cultist","floor":1.0,"turns":2.0},{"damage":0.0,"enemies":"Jaw Worm","floor":3.0,"turns":2.0},{"damage":0.0,"enemies":"Gremlin Nob","floor":8.0,"turns":2.0},{"damage":0.0,"enemies":"Small Slimes","floor":10.0,"turns":2.0},{"damage":0.0,"enemies":"Blue Slaver","floor":12.0,"turns":2.0},{"damage":9.0,"enemies":"3 Sentries","floor":14.0,"turns":4.0},{"damage":31.0,"enemies":"The Guardian","floor":16.0,"turns":7.0},{"damage":15.0,"enemies":"3 Byrds","floor":18.0,"turns":3.0},{"damage":7.0,"enemies":"Spheric Guardian","floor":22.0,"turns":3.0},{"damage":0.0,"enemies":"Cultist and Chosen","floor":24.0,"turns":1.0},{"damage":0.0,"enemies":"Snake Plant","floor":28.0,"turns":2.0},{"damage":18.0,"enemies":"Gremlin Leader","floor":29.0,"turns":3.0},{"damage":0.0,"enemies":"Snecko","floor":30.0,"turns":2.0},{"damage":1.0,"enemies":"Cultist and Chosen","floor":31.0,"turns":2.0},{"damage":7.0,"enemies":"Champ","floor":33.0,"turns":3.0},{"damage":0.0,"enemies":"3 Darklings","floor":35.0,"turns":2.0},{"damage":0.0,"enemies":"Orb Walker","floor":37.0,"turns":1.0},{"damage":0.0,"enemies":"3 Darklings","floor":38.0,"turns":2.0},{"damage":0.0,"enemies":"Mind Bloom Boss Battle","floor":39.0,"turns":6.0},{"damage":0.0,"enemies":"Reptomancer","floor":44.0,"turns":2.0},{"damage":0.0,"enemies":"Jaw Worm Horde","floor":46.0,"turns":2.0},{"damage":6,"enemies":"Donu and Deca","floor":50,"turns":2}],"seed_played":"-6368128308707263132","potions_obtained":[{"floor":1.0,"key":"Block Potion"},{"floor":18.0,"key":"LiquidBronze"},{"floor":29.0,"key":"Block Potion"},{"floor":39.0,"key":"Regen Potion"},{"floor":44.0,"key":"Block Potion"}],"is_trial":false,"path_per_floor":["M","$","M","?","?","$","?","E","T","M","R","M","R","E","R","B",null,"M","$","?","$","M","R","M","R","T","R","M","E","M","M","R","B",null,"M","$","M","M","?","R","?","$","T","E","?","M","R","?","R","B",null],"character_chosen":"THE_SILENT","items_purchased":["Catalyst","ReplayTheSpireMod:The Works","Footwork","Membership Card","Hidden Blade","Accuracy","Replay:Baseball","Hidden Blade","Hidden Blade","Frozen Eye"],"campfire_rested":3,"item_purchase_floors":[2,2,6,19,19,19,21,36,42,42],"current_hp_per_floor":[70,70,70,59,59,59,59,59,59,59,59,59,70,61,61,30,70,55,55,55,55,48,69,69,69,69,69,69,52,52,51,70,63,70,70,70,70,70,75,75,75,75,75,75,75,75,75,75,75,69],"gold":265,"neow_bonus":"HUNDRED_GOLD","is_daily":false,"chose_seed":false,"campfire_upgraded":7,"win_rate":0.0,"timestamp":1614318697,"path_taken":["M","$","?","?","?","$","?","E","T","M","R","M","R","E","R","BOSS","M","$","?","$","M","R","M","R","T","R","M","E","M","M","R","BOSS","M","$","M","?","?","R","?","$","T","E","?","M","R","?","R","BOSS"],"items_purchased_type":["Card","Card","Card","Relic","Card","Card","Relic","Card","Card","Relic"],"build_version":"2020-12-22","purchased_purges":2,"victory":true,"max_hp_per_floor":[70,70,70,70,70,70,70,70,70,70,70,70,70,70,70,70,70,70,70,70,70,70,70,70,70,70,70,70,70,70,70,70,70,70,70,70,70,70,75,75,75,75,75,75,75,75,75,75,75,75],"card_choices":[{"not_picked":["Replay:Poison Smokescreen","Sneak Up"],"picked":"Bane","floor":1.0},{"not_picked":["PiercingWail","Dagger Spray"],"picked":"Blade Dance","floor":3.0},{"not_picked":["Prepared","Storm of Steel","Caltrops"],"picked":"SKIP","floor":8.0},{"not_picked":["Outmaneuver","Poisoned Stab"],"picked":"Deadly Poison","floor":10.0},{"not_picked":["Infinite Blades","Sucker Punch"],"picked":"Slice","floor":12.0},{"not_picked":["Outmaneuver","Dagger Throw"],"picked":"Poisoned Stab","floor":14.0},{"not_picked":["Malaise","Adrenaline"],"picked":"Corpse Explosion","floor":16.0},{"not_picked":["Bouncing Flask","Quick Slash"],"picked":"Hidden Blade","floor":18.0},{"not_picked":["Draining Mist","Reflex+1"],"picked":"Bane+1","floor":22.0},{"not_picked":["Fluid Movement+1","PiercingWail"],"picked":"Blade Dance","floor":24.0},{"not_picked":["Burst","Expertise"],"picked":"Cloak And Dagger","floor":28.0},{"not_picked":["Envenom","Sneak Up"],"picked":"Bane","floor":29.0},{"not_picked":["Flying Knee+1","Crippling Poison"],"picked":"ReplayTheSpireMod:The Works","floor":30.0},{"not_picked":["Backstab","Dodge and Roll","Tactician"],"picked":"SKIP","floor":31.0},{"not_picked":["Bouncing Flask","Quick Slash+1"],"picked":"Hidden Blade","floor":35.0},{"not_picked":["Cloak And Dagger+1","Blade Dance+1","Night Terror"],"picked":"SKIP","floor":37.0},{"not_picked":["Dash","Cloak And Dagger+1","Draining Mist+1"],"picked":"SKIP","floor":38.0},{"not_picked":["Envenom","Bane","Sneak Up"],"picked":"SKIP","floor":44.0},{"not_picked":["Catalyst+1","Poisoned Stab","Infinite Blades"],"picked":"SKIP","floor":46.0}],"player_experience":694527,"relics_obtained":[{"floor":8.0,"key":"Snake Skull"},{"floor":9.0,"key":"Blue Doll"},{"floor":14.0,"key":"MawBank"},{"floor":26.0,"key":"ReplayTheSpireMod:TigerMarble"},{"floor":39.0,"key":"Durian"},{"floor":44.0,"key":"PreservedInsect"}],"event_choices":[{"damage_healed":0.0,"max_hp_gain":0.0,"max_hp_loss":0.0,"gold_gain":75.0,"event_name":"World of Goop","player_choice":"Gather Gold","floor":4.0,"gold_loss":0.0,"damage_taken":11.0},{"damage_healed":0.0,"max_hp_gain":0.0,"max_hp_loss":0.0,"gold_gain":0.0,"event_name":"Golden Wing","player_choice":"Ignored","floor":7.0,"gold_loss":0.0,"damage_taken":0.0},{"damage_healed":0.0,"max_hp_gain":0.0,"max_hp_loss":0.0,"gold_gain":0.0,"event_name":"WeMeetAgain","player_choice":"Paid Gold","floor":20.0,"gold_loss":57.0,"damage_taken":0.0,"relics_obtained":["Toy Ornithopter"]},{"damage_healed":0.0,"max_hp_gain":0.0,"max_hp_loss":0.0,"gold_gain":0.0,"event_name":"MindBloom","player_choice":"Fight","floor":39.0,"gold_loss":0.0,"damage_taken":0.0},{"cards_removed":["Slice"],"damage_healed":0.0,"max_hp_gain":0.0,"max_hp_loss":0.0,"gold_gain":0.0,"event_name":"Falling","player_choice":"Removed Attack","floor":41.0,"gold_loss":0.0,"damage_taken":0.0},{"damage_healed":0.0,"max_hp_gain":0.0,"max_hp_loss":0.0,"gold_gain":0.0,"event_name":"SensoryStone","player_choice":"Memory 1","floor":45.0,"gold_loss":0.0,"damage_taken":0.0},{"damage_healed":0.0,"max_hp_gain":0.0,"max_hp_loss":0.0,"gold_gain":0.0,"event_name":"The Woman in Blue","player_choice":"Bought 0 Potions","floor":48.0,"gold_loss":0.0,"damage_taken":0.0}],"is_beta":false,"boss_relics":[{"not_picked":["Replay:Drink Me","Coffee Dripper"],"picked":"Replay:Grab Bag"},{"not_picked":["Ectoplasm","ReplayTheSpireMod:DimensionalGlitch"],"picked":"Runic Dome"},{"not_picked":["Philosopher\u0027s Stone","Replay:Bronze Core"],"picked":"ReplayTheSpireMod:Onyx Gauntlets"},{"not_picked":["Pandora\u0027s Box","Runic Pyramid"],"picked":"Snecko Scales"},{"not_picked":["Tiny House","Empty Cage"],"picked":"SacredBark"}],"items_purged_floors":[36,42],"is_endless":false,"potions_floor_spawned":[1,3,8,18,28,29,30,38,39,44,46],"ascension_level":0}}