{"host":"2l5k2wp87eek7qja","time":1614373728,"event":{"mods":["BaseMod","Colored Map","Minty Spire (QoL Compilation)","Relic Stats"],"gold_per_floor":[116,116,116,130,130,130,161,188,280,292,320,363,375,68,68,68,68],"floor_reached":16,"language":"ENG","playtime":263,"items_purged":[],"score":266,"play_id":"50d1a281-a021-4398-8fa3-af9a0532781b","local_time":"20210226230848","is_ascension_mode":true,"campfire_choices":[{"data":"Neutralize","floor":6.0,"key":"SMITH"},{"data":"Noxious Fumes","floor":13.0,"key":"SMITH"},{"data":"Catalyst","floor":15.0,"key":"SMITH"}],"circlet_count":0,"master_deck":["AscendersBane","Strike_G","Strike_G","Strike_G","Strike_G","Defend_G","Defend_G","Defend_G","Defend_G","Defend_G","Survivor","Neutralize+1","Poisoned Stab","Eviscerate","Caltrops","Catalyst+1","Noxious Fumes+1","Concentrate","Footwork","Crippling Poison"],"relics":["Ring of the Snake","NeowsBlessing","Golden Idol","MawBank","Anchor","OrangePellets"],"acts_visited":["Exordium"],"potions_floor_usage":[16],"damage_taken":[{"damage":0.0,"enemies":"Small Slimes","floor":1.0,"turns":1.0},{"damage":0.0,"enemies":"Jaw Worm","floor":4.0,"turns":1.0},{"damage":0.0,"enemies":"3 Sentries","floor":7.0,"turns":1.0},{"damage":0.0,"enemies":"2 Louse","floor":8.0,"turns":4.0},{"damage":3.0,"enemies":"Exordium Thugs","floor":11.0,"turns":4.0},{"damage":17.0,"enemies":"Lagavulin","floor":12.0,"turns":6.0},{"damage":45,"enemies":"Slime Boss","floor":16,"turns":7}],"seed_played":"7280482318252850193","potions_obtained":[{"floor":1.0,"key":"Ancient Potion"},{"floor":7.0,"key":"DistilledChaos"},{"floor":12.0,"key":"Explosive Potion"}],"is_trial":false,"path_per_floor":["M","?","?","M","?","R","E","M","T","?","M","E","R","$","R","B"],"character_chosen":"THE_SILENT","items_purchased":["OrangePellets","Footwork","Crippling Poison"],"campfire_rested":0,"item_purchase_floors":[14,14,14],"current_hp_per_floor":[59,59,59,59,64,64,64,64,64,60,57,40,40,40,40,0,0],"gold":68,"neow_bonus":"THREE_ENEMY_KILL","is_daily":false,"chose_seed":false,"campfire_upgraded":3,"win_rate":0.0,"timestamp":1614373728,"path_taken":["M","?","?","M","?","R","E","M","T","?","M","E","R","$","R","BOSS"],"items_purchased_type":["Relic","Card","Card"],"build_version":"2020-12-22","purchased_purges":0,"victory":false,"max_hp_per_floor":[66,60,60,60,65,65,65,65,65,65,65,65,65,65,65,65,65],"relic_stats":{"OrangePellets":[0],"counters":[7,24],"Golden Idol":21,"MawBank":84,"obtain_stats":[{"OrangePellets":14,"Anchor":12,"NeowsBlessing":0,"Golden Idol":2,"MawBank":7,"Ring of the Snake":0},{"OrangePellets":6,"Anchor":6,"NeowsBlessing":0,"Golden Idol":1,"MawBank":3,"Ring of the Snake":0},{"OrangePellets":17,"Anchor":17,"NeowsBlessing":0,"Golden Idol":1,"MawBank":3,"Ring of the Snake":0}],"Ring of the Snake":[14]},"card_choices":[{"not_picked":["Outmaneuver","Escape Plan"],"picked":"Poisoned Stab","floor":1.0},{"not_picked":["Underhanded Strike","Outmaneuver"],"picked":"Caltrops","floor":4.0},{"not_picked":["Poisoned Stab","Flying Knee"],"picked":"Catalyst","floor":7.0},{"not_picked":["Flechettes","Reflex"],"picked":"Noxious Fumes","floor":8.0},{"not_picked":["Prepared","Finisher","Cloak And Dagger"],"picked":"SKIP","floor":11.0},{"not_picked":["Slice","Tools of the Trade"],"picked":"Concentrate","floor":12.0}],"player_experience":916134,"relics_obtained":[{"floor":7.0,"key":"MawBank"},{"floor":12.0,"key":"Anchor"}],"event_choices":[{"damage_healed":0.0,"max_hp_gain":0.0,"max_hp_loss":6.0,"gold_gain":0.0,"event_name":"Golden Idol","player_choice":"Lose Max HP","floor":2.0,"gold_loss":0.0,"damage_taken":0.0,"relics_obtained":["Golden Idol"]},{"damage_healed":0.0,"max_hp_gain":0.0,"max_hp_loss":0.0,"gold_gain":0.0,"cards_transformed":["Strike_G"],"event_name":"Living Wall","player_choice":"Change","floor":3.0,"gold_loss":0.0,"damage_taken":0.0,"cards_obtained":["Eviscerate"]},{"damage_healed":0.0,"max_hp_gain":5.0,"max_hp_loss":0.0,"gold_gain":0.0,"event_name":"Big Fish","player_choice":"Donut","floor":5.0,"gold_loss":0.0,"damage_taken":0.0},{"damage_healed":0.0,"max_hp_gain":0.0,"max_hp_loss":0.0,"gold_gain":0.0,"event_name":"The Woman in Blue","player_choice":"Bought 0 Potions","floor":10.0,"gold_loss":0.0,"damage_taken":0.0}],"is_beta":false,"boss_relics":[],"items_purged_floors":[],"is_endless":false,"potions_floor_spawned":[1,7,12],"killed_by":"Slime Boss","ascension_level":20}}