{"host":"mqhvlr3kpxebko0t","time":1614325879,"event":{"mods":["AchievementEnabler","BaseMod","Colored Map","Colored Powertips","KOR Keyword Fix","Keyboard Shortcuts","Minty Spire (QoL Compilation)","StSLib","SuperFastMode"],"gold_per_floor":[113,33,33,33,47,87,87,126,149,149,149],"floor_reached":10,"language":"KOR","playtime":82,"items_purged":[],"score":198,"play_id":"4e132f28-b238-4419-b400-88d819b8c864","local_time":"20210226165119","is_ascension_mode":true,"campfire_choices":[{"data":"Fire Breathing","floor":7,"key":"SMITH"}],"circlet_count":0,"master_deck":["AscendersBane","Strike_R","Strike_R","Strike_R","Strike_R","Strike_R","Defend_R","Defend_R","Defend_R","Defend_R","Bash","Fire Breathing+1","Evolve","Shrug It Off","Wild Strike"],"relics":["Burning Blood","NeowsBlessing","Blood Vial","Golden Idol","Charon\u0027s Ashes","The Courier","Juzu Bracelet"],"acts_visited":["Exordium"],"potions_floor_usage":[8,8],"damage_taken":[{"damage":0,"enemies":"Small Slimes","floor":1,"turns":1},{"damage":0,"enemies":"2 Louse","floor":5,"turns":1},{"damage":0,"enemies":"Gremlin Nob","floor":6,"turns":1},{"damage":32,"enemies":"Lagavulin","floor":8,"turns":5},{"damage":28,"enemies":"Gremlin Nob","floor":10,"turns":4}],"seed_played":"-934917411727035822","potions_obtained":[{"floor":1,"key":"Fire Potion"},{"floor":6,"key":"AttackPotion"}],"is_trial":false,"path_per_floor":["M","$","?","?","M","E","R","E","T","E"],"character_chosen":"IRONCLAD","items_purchased":["Evolve"],"campfire_rested":0,"item_purchase_floors":[2],"current_hp_per_floor":[74,74,56,56,64,68,68,42,42,16,16],"gold":149,"neow_bonus":"THREE_ENEMY_KILL","is_daily":false,"chose_seed":false,"campfire_upgraded":1,"win_rate":0.0,"timestamp":1614325879,"path_taken":["M","$","?","?","M","E","R","E","T","E"],"items_purchased_type":["Card"],"build_version":"2020-12-22","purchased_purges":0,"victory":false,"max_hp_per_floor":[75,75,75,68,68,68,68,68,68,68,68],"card_choices":[{"not_picked":["Clash","Reckless Charge"],"picked":"Fire Breathing","floor":1},{"not_picked":["Dual Wield","Clothesline","Warcry"],"picked":"SKIP","floor":5},{"not_picked":["Bloodletting","Flame Barrier"],"picked":"Shrug It Off","floor":6},{"not_picked":["Dark Embrace","Anger"],"picked":"Wild Strike","floor":8}],"player_experience":724001,"relics_obtained":[{"floor":6,"key":"Charon\u0027s Ashes"},{"floor":8,"key":"The Courier"},{"floor":9,"key":"Juzu Bracelet"}],"event_choices":[{"damage_healed":0,"gold_gain":0,"player_choice":"Success","damage_taken":18,"relics_obtained":["Blood Vial"],"max_hp_gain":0,"max_hp_loss":0,"event_name":"Scrap Ooze","floor":3,"gold_loss":0},{"damage_healed":0,"gold_gain":0,"player_choice":"Lose Max HP","damage_taken":0,"relics_obtained":["Golden Idol"],"max_hp_gain":0,"max_hp_loss":7,"event_name":"Golden Idol","floor":4,"gold_loss":0}],"is_beta":false,"boss_relics":[],"items_purged_floors":[],"is_endless":false,"potions_floor_spawned":[1,6],"killed_by":"Gremlin Nob","ascension_level":20}}