{"host":"2c84cb4cp1emursg","time":1614324069,"event":{"mods":["Act Like it!","BaseMod","Better Third Choice","Bossed Relics","Hallownest","Hermit","Minty Spire (QoL Compilation)","Permanent Neow","Shapeshifter Mod","StSLib"],"gold_per_floor":[117,42,61,0,14,48,48,58,58,93,93,122,142,162,162,264,264,275,275,286,286,286,316,316,346,346,384,60,25,25,43,43,152,152,170,66,78,83,83,120,148,198,237,285,297,129,141,93,93,98,98],"floor_reached":50,"language":"ENG","playtime":2872,"items_purged":["hermit:Strike_Hermit","hermit:Strike_Hermit"],"score":779,"play_id":"62ece8ca-f37b-4368-87d9-c93f2a9d4d08","local_time":"20210226002109","is_ascension_mode":true,"campfire_choices":[{"data":"hermit:BigShot","floor":7.0,"key":"SMITH"},{"data":"1","floor":15.0,"key":"LIFT"},{"data":"2","floor":24,"key":"LIFT"},{"data":"3","floor":30,"key":"LIFT"},{"data":"hermit:Coalescence","floor":32,"key":"SMITH"},{"data":"hermit:Virtue","floor":45,"key":"SMITH"},{"data":"hermit:Dive","floor":47,"key":"SMITH"},{"floor":49,"key":"RECALL"}],"circlet_count":0,"master_deck":["hermit:Strike_Hermit","hermit:Strike_Hermit+1","hermit:Defend_Hermit","hermit:Defend_Hermit","hermit:Defend_Hermit","hermit:Defend_Hermit","hermit:Snapshot","hermit:Covet","hermit:ItchyTrigger+1","hermit:WideOpen+1","hermit:BigShot+1","hermit:GoldenBullet","hermit:HighCaliber","hermit:Coalescence+1","hermit:WideOpen","hermit:Feint+1","Hallownest:attackMasterCycloneSlash+1","hermit:Scavenge","Hallownest:pwrSporeShroom+1","hermit:Headshot","hermit:Determination+1","hermit:Determination+1","hermit:Combo+1","hermit:Virtue+1","hermit:Dive+1","hermit:Virtue+1"],"relics":["Busted Crown","Hallownest:BankAccountRelic","Omamori","Bronze Scales","Frozen Egg 2","Girya","Lizard Tail","hermit:BartenderGlass","Red Mask","Vajra","Centennial Puzzle","Juzu Bracelet","PreservedInsect","Potion Belt","SacredBark","HandDrill","Sundial","MawBank","Bag of Preparation","Whetstone","Gambling Chip","Hallownest:StagBellRelic1"],"acts_visited":["Hallownest:Greenpath","Hallownest:CityofTears","Hallownest:KingdomsEdge"],"potions_floor_usage":[18,23,25,25,27,27,31,31,33,33,33,35,35,37,37,40,40,41,41,41,42,42,42,44,50,50,50],"damage_taken":[{"damage":3.0,"enemies":"Hallownest:2_MossCreeps","floor":1.0,"turns":4.0},{"damage":1.0,"enemies":"Hallownest:2_Baldur","floor":3.0,"turns":3.0},{"damage":0.0,"enemies":"Hallownest:2_Tiktiks_and_1_Crawlid","floor":5.0,"turns":2.0},{"damage":0.0,"enemies":"Hallownest:eliteMossKnight","floor":6.0,"turns":4.0},{"damage":0.0,"enemies":"Hallownest:monsterAspidMother","floor":8.0,"turns":4.0},{"damage":15.0,"enemies":"Hallownest:eliteCrystalGuardian","floor":10.0,"turns":3.0},{"damage":17.0,"enemies":"Hallownest:eliteCrystalGuardian","floor":12.0,"turns":3.0},{"damage":13.0,"enemies":"Hallownest:2_Tiktiks_1_Baldur_1_Crawlid","floor":13.0,"turns":3.0},{"damage":0.0,"enemies":"Hallownest:Guard_and_Warrior","floor":14.0,"turns":4.0},{"damage":74.0,"enemies":"Hallownest:BossHornet","floor":16.0,"turns":8.0},{"damage":2,"enemies":"Hallownest:3_Youths","floor":18,"turns":5},{"damage":2,"enemies":"Hallownest:2_Mistakes","floor":20,"turns":4},{"damage":10,"enemies":"Hallownest:eliteSoulWarrior","floor":23,"turns":6},{"damage":10,"enemies":"Hallownest:Nosk","floor":25,"turns":5},{"damage":0,"enemies":"Hallownest:eliteSoulWarrior","floor":27,"turns":4},{"damage":12,"enemies":"Hallownest:2_Husk_Sentries","floor":31,"turns":2},{"damage":24,"enemies":"Hallownest:BossSoulMaster","floor":33,"turns":6},{"damage":2,"enemies":"Hallownest:Shield_Heavy","floor":35,"turns":3},{"damage":7,"enemies":"Hallownest:3_Siblings","floor":37,"turns":5},{"damage":36,"enemies":"Hallownest:eliteCollector","floor":40,"turns":4},{"damage":14,"enemies":"Hallownest:Shield_Sturdy","floor":41,"turns":3},{"damage":32,"enemies":"Hallownest:StalkingDevout","floor":42,"turns":5},{"damage":0,"enemies":"Hallownest:eliteCollector","floor":44,"turns":9},{"damage":43,"enemies":"Hallownest:Radiance","floor":50,"turns":7}],"seed_played":"-4072683382017610052","potions_obtained":[{"floor":3.0,"key":"EssenceOfSteel"},{"floor":6.0,"key":"DuplicationPotion"},{"floor":8.0,"key":"Dexterity Potion"},{"floor":16.0,"key":"Energy Potion"},{"floor":23,"key":"Regen Potion"},{"floor":25,"key":"SneckoOil"},{"floor":27,"key":"Explosive Potion"},{"floor":31,"key":"CultistPotion"},{"floor":33,"key":"Ancient Potion"},{"floor":40,"key":"DuplicationPotion"},{"floor":41,"key":"CultistPotion"},{"floor":42,"key":"SmokeBomb"}],"is_trial":false,"path_per_floor":["M","?","M","?","M","E","R","M","T","?","?","E","M","M","R","B",null,"M","?","M","?","?","E","R","E","T","E","$","$","R","M","R","B",null,"M","$","M","$","T","E","M","E","T","E","R","?","R","$","R","B"],"character_chosen":"HERMIT","items_purchased":["PreservedInsect","Potion Belt","hermit:Determination+1","HandDrill","hermit:Combo+1"],"campfire_rested":0,"item_purchase_floors":[28,28,28,36,38],"current_hp_per_floor":[72,72,71,71,71,71,71,71,71,56,56,39,26,26,26,18,75,73,73,71,71,71,63,63,69,69,73,73,73,73,66,66,42,80,78,78,71,71,71,47,54,24,24,32,32,32,32,32,32,0,0],"gold":98,"neow_bonus":"BOSS_RELIC","is_daily":false,"chose_seed":false,"campfire_upgraded":4,"win_rate":0.0,"timestamp":1614324069,"path_taken":["M","?","M","?","M","E","R","M","T","?","?","E","M","M","R","BOSS","M","?","?","?","?","E","R","E","T","E","?","$","R","M","R","BOSS","M","?","M","$","?","E","M","E","T","E","R","?","R","$","R","BOSS"],"items_purchased_type":["Relic","Relic","Card","Relic","Card"],"build_version":"2020-12-22","purchased_purges":2,"victory":false,"max_hp_per_floor":[75,75,75,75,75,75,75,75,75,75,75,75,75,75,75,75,75,75,75,75,75,75,75,75,75,75,75,75,75,75,80,80,80,80,80,80,80,80,80,80,80,80,80,80,80,80,80,80,80,80,80],"card_choices":[{"not_picked":[],"picked":"hermit:ItchyTrigger","floor":1.0},{"not_picked":["hermit:Spite"],"picked":"SKIP","floor":3.0},{"not_picked":["hermit:Spite"],"picked":"SKIP","floor":3.0},{"not_picked":[],"picked":"hermit:WideOpen","floor":5.0},{"not_picked":[],"picked":"hermit:BigShot","floor":6.0},{"not_picked":[],"picked":"hermit:GoldenBullet","floor":8.0},{"not_picked":[],"picked":"hermit:HighCaliber","floor":10.0},{"not_picked":[],"picked":"hermit:Coalescence","floor":12.0},{"not_picked":[],"picked":"hermit:WideOpen","floor":13.0},{"not_picked":["hermit:Glare"],"picked":"SKIP","floor":14.0},{"not_picked":[],"picked":"hermit:Feint+1","floor":18},{"not_picked":[],"picked":"hermit:Scavenge","floor":20},{"not_picked":[],"picked":"hermit:Headshot","floor":23},{"not_picked":["hermit:Feint"],"picked":"SKIP","floor":25},{"not_picked":["hermit:Desperado"],"picked":"SKIP","floor":27},{"not_picked":["hermit:Coalescence"],"picked":"SKIP","floor":31},{"not_picked":["hermit:Shortfuse+1"],"picked":"SKIP","floor":35},{"not_picked":[],"picked":"hermit:Determination+1","floor":37},{"not_picked":[],"picked":"hermit:Virtue","floor":40},{"not_picked":["hermit:SprayPray+1"],"picked":"SKIP","floor":41},{"not_picked":[],"picked":"hermit:Dive","floor":42},{"not_picked":[],"picked":"hermit:Virtue+1","floor":44}],"player_experience":599947,"relics_obtained":[{"floor":6.0,"key":"Bronze Scales"},{"floor":9.0,"key":"Frozen Egg 2"},{"floor":10.0,"key":"Girya"},{"floor":12.0,"key":"Lizard Tail"},{"floor":23,"key":"Vajra"},{"floor":25,"key":"Centennial Puzzle"},{"floor":27,"key":"Juzu Bracelet"},{"floor":39,"key":"Sundial"},{"floor":40,"key":"MawBank"},{"floor":42,"key":"Bag of Preparation"},{"floor":43,"key":"Whetstone"},{"floor":44,"key":"Gambling Chip"}],"event_choices":[],"is_beta":false,"boss_relics":[{"not_picked":["Runic Dome","Philosopher\u0027s Stone"],"picked":"hermit:BartenderGlass"},{"not_picked":["Sozu","Pandora\u0027s Box"],"picked":"SacredBark"}],"items_purged_floors":[29,48],"is_endless":false,"potions_floor_spawned":[3,6,8,16,23,25,27,31,33,40,41,42],"killed_by":"Hallownest:Radiance","ascension_level":3}}