{"host":"ee5exjejqz6r5zx9","time":1614358464,"event":{"mods":["ATMod(阿瑾Mod)","Act Like it!","BaseMod","Card Forge","Colored Powertips","Custom Start","Gensokyo","HololiveMod","Library of Ruina","Library of Ruina Extra","Minty Spire (QoL Compilation)","MostiFishMod","Quick Restart","Rare Cards Sparkle","Relic Filter Mod","Remove Card Discount Mod","Replay The Spire","RumiaBox-露米娅的神秘盒子","Shop Mod","StSLib","TestMod","【功能Mod】混沌之环修复补丁","【遗物卡牌】REMEMod"],"gold_per_floor":[220,235,3045,3055,2541,2573,2587,2619,2619,2637,2480,2511,2511,2525,2525,2622,2622,2636,2636,2646,2660,2660,2691,2691,2701,2701,2733,2083,2096,2096,2128,2128,2232,2232,2244,1836,1886,1900,1443,1475,1475,1475,1475,1475,1507,1517,1548,1600,1600,1600,1600],"floor_reached":52,"language":"ZHS","playtime":2788,"items_purged":["LightAttack","AT_IchimonjiDouble","LightDefense","LightDefense","LightAttack+1","LightAttack+1","Dodge+1","ChargeAndCover","FocusedStrikes+1","LightDefense+1","LightDefense+1","QuickSuppression+1","GaleKick+1","FierceCharge+1"],"score":1379,"play_id":"e4305d74-fe9a-4244-859f-94360bb57124","local_time":"20210227005424","is_ascension_mode":true,"campfire_choices":[{"data":"FleetEdge","floor":15,"key":"SMITH"},{"data":"InnerArdor","floor":32,"key":"SMITH"},{"data":"RushDown","floor":41,"key":"SMITH"},{"floor":44,"key":"RECALL"},{"data":"ForTheFamily","floor":49,"key":"SMITH"}],"circlet_count":0,"master_deck":["TendonChords+1","BiAn+1","InnerArdor+1","SilentMist+1","Unlock1+1","IronWall+1","TheWillOfTheCity+1","ViolentFlame+1","FleetEdge+1","TieShanKao+1","Unlock1+1","Faith+1","FrontalAssault+1","FervidEmotions+1","MostiFishMod:BrokenBlackCloak+1","InnerArdor+1","CrackOfDawn+1","GrazeTheGrass+1","ViolentFlame+1","UnforgettableMelody+1","RushDown+1","SunsetBlade+1","RagingStormLove+1","TheRedNotes+1","ForTheFamily+1"],"relics":["PageOfLibrarian","testmod-TestBox","REME_ComplimentaryCards","AT_ATBox","testmod-RainbowHikingShoes","DSteel32","SynthV:TestCard","OrangePellets","PageOfSnowWhitesApple","Ying","Replay:Baseball","Gambling Chip","Bottled Tornado","SSSystem","PageOfLumberjack","Replay:Grab Bag","Coffee Dripper","Philosopher\u0027s Stone","EasyGame_NEW","ReplayTheSpireMod:Lightbulb","Replay:Bottled Snecko","PageOfSingingMachine","MagicDraw4","ClockworkSouvenir","Iron Hammer","AT_TrinityForce","testmod-IndustrialRevolution","Replay:Accelerometer","Ginger","Guide Book","PageOfTodaysShyLook","Dream Catcher","DaveBox","MetatronsCube","PageOfLittleHelper","MagicDraw2","Gremlin Food","testmod-CyclicPeriapt"],"acts_visited":["Exordium","TheCity","TheBeyond"],"potions_floor_usage":[10,16,29,33],"damage_taken":[{"damage":0,"enemies":"Cultist","floor":1,"turns":3},{"damage":5,"enemies":"2 Louse","floor":2,"turns":3},{"damage":0,"enemies":"Jaw Worm","floor":4,"turns":6},{"damage":0,"enemies":"Lagavulin","floor":6,"turns":6},{"damage":0,"enemies":"3 Louse","floor":7,"turns":1},{"damage":0,"enemies":"Gremlin Nob","floor":8,"turns":2},{"damage":0,"enemies":"Exordium Wildlife","floor":10,"turns":1},{"damage":0,"enemies":"Lagavulin","floor":12,"turns":4},{"damage":0,"enemies":"2 Fungi Beasts","floor":14,"turns":2},{"damage":0,"enemies":"The Guardian","floor":16,"turns":7},{"damage":0,"enemies":"Spheric Guardian","floor":18,"turns":3},{"damage":0,"enemies":"3 Byrds","floor":20,"turns":2},{"damage":0,"enemies":"Snake Plant","floor":21,"turns":2},{"damage":0,"enemies":"Book of Stabbing","floor":23,"turns":2},{"damage":0,"enemies":"3 Cultists","floor":25,"turns":2},{"damage":0,"enemies":"Gremlin Leader","floor":27,"turns":2},{"damage":0,"enemies":"Cultist and Chosen","floor":29,"turns":1},{"damage":0,"enemies":"Slavers","floor":31,"turns":2},{"damage":0,"enemies":"RedHoodMercenary","floor":33,"turns":4},{"damage":0,"enemies":"3 Darklings","floor":35,"turns":1},{"damage":0,"enemies":"Mind Bloom Boss Battle","floor":37,"turns":2},{"damage":0,"enemies":"Orb Walker","floor":38,"turns":2},{"damage":0,"enemies":"Reptomancer","floor":40,"turns":2},{"damage":0,"enemies":"R_Hoarder","floor":45,"turns":3},{"damage":0,"enemies":"Maw","floor":46,"turns":1},{"damage":0,"enemies":"Reptomancer","floor":47,"turns":1},{"damage":0,"enemies":"2 Orb Walkers","floor":48,"turns":1},{"damage":0,"enemies":"Awakened One","floor":50,"turns":2},{"damage":0,"enemies":"Awakened One","floor":51,"turns":2}],"seed_played":"-2334087880793717763","potions_obtained":[{"floor":2,"key":"SkillPotion"},{"floor":7,"key":"Adrenaline Potion"},{"floor":12,"key":"SteroidPotion"},{"floor":16,"key":"LiquidMemories"},{"floor":20,"key":"FearPotion"},{"floor":27,"key":"Strength Potion"},{"floor":29,"key":"Energy Potion"},{"floor":38,"key":"Reflective Coating"},{"floor":46,"key":"EntropicBrew"}],"is_trial":false,"path_per_floor":["M","M","$","M","$","E","M","E","T","M","$","E","?","M","R","B",null,"M","?","M","M","?","E","?","M","T","E","$","M","?","E","R","B",null,"M","$","?","M","$","E","R","?","T","R","E","M","E","?","R","B",null,null],"character_chosen":"Librarian","items_purchased":["InnerArdor","OrangePellets","SilentMist","PageOfSnowWhitesApple","Ying","IronWall","Replay:Baseball","SSSystem","MagicDraw4","ClockworkSouvenir","FervidEmotions+1","MostiFishMod:BrokenBlackCloak","testmod-IndustrialRevolution","Replay:Accelerometer","UnforgettableMelody","Guide Book","PageOfTodaysShyLook"],"campfire_rested":0,"item_purchase_floors":[3,3,3,5,5,5,5,11,28,28,28,28,36,36,39,39,39],"current_hp_per_floor":[60,58,58,58,58,61,61,64,64,67,67,70,70,77,77,84,84,84,84,84,84,84,84,84,84,84,84,84,84,84,84,84,84,84,84,84,84,84,84,84,84,84,84,84,84,84,84,84,84,84,84],"gold":1600,"neow_bonus":"HUNDRED_GOLD","is_daily":false,"chose_seed":false,"campfire_upgraded":4,"win_rate":0.0,"timestamp":1614358464,"path_taken":["M","?","$","M","$","E","M","E","T","M","$","E","?","M","R","BOSS","M","?","M","?","?","E","?","M","T","E","$","M","?","E","R","BOSS","M","$","?","M","$","E","R","?","T","R","E","M","E","?","R","BOSS"],"items_purchased_type":["Card","Relic","Card","Relic","Relic","Card","Relic","Relic","Relic","Relic","Card","Card","Relic","Relic","Card","Relic","Relic"],"build_version":"2020-12-22","purchased_purges":14,"victory":true,"max_hp_per_floor":[71,71,71,71,71,71,78,78,78,85,85,85,85,85,85,84,84,84,84,84,84,84,84,84,84,84,84,84,84,84,84,84,84,84,84,84,84,84,84,84,84,84,84,84,84,84,84,84,84,84,84],"card_choices":[{"not_picked":["DesperateStruggle","Standoff","Track","Parry2","AssaultOrder","RipSpace","MultiHit","NightInTheBackstreets"],"picked":"TendonChords","floor":1},{"not_picked":["GuidanceOfTheGears","HeavyPeaks","QuickSuppression","PuppetBlockade","YoureAHindrance","BlindFaith","DefenseOrder","HiddenBlade","BiXi","Endure"],"picked":"BiAn","floor":2},{"not_picked":["Thrust","ToOvercomeCrisis","FleetEdge","BizarreAttack","ClassAndRespect","EnergyCycle","Multislash","Laceration","Pound","TheWillOfTheCity"],"picked":"Unlock1","floor":4},{"not_picked":["InnerArdor","SharpNails","BalefulBrand","MirageStorm","HandlingWork","Rewind","StructuralAnalysis","FierceCharge","Juggling","SavageMode"],"picked":"GaleKick","floor":6},{"not_picked":["YoureTooSlow","Fence","TraceOfFumes","TendonChords","Wallop_lor","Diversion","FeelinGood","EndlessBattle","SharpSwipe","EnergyCycle","DarkCloud"],"picked":"SKIP","floor":7},{"not_picked":["EndlessBattle","BindingArms","GuidanceOfTheGears","WillProduceFineSilk","DevastatingThrash","HandleRequest","Eradication","Marionette","Quickness","FlashOfSunup"],"picked":"TheWillOfTheCity","floor":8},{"not_picked":["QuickSuppression","Transpierce","Rampage_lor","EnergyStrike","AutomatedMovement","Multislash","SerpentSwordTechnique","FervidEmotions","Pound","Diversion","MultiBlock"],"picked":"SKIP","floor":10},{"not_picked":["Endure","SkitterAway","FierceCharge","Decapitation","Mutilate","ClassAndRespect","BindingArms","StrikeDown","SetFire","QuickAttack"],"picked":"ViolentFlame","floor":12},{"not_picked":["Gigigig","HiddenBlade","Standoff","StructuralAnalysis","BiAn","Pound","MultiBlock","JiaoTu","PreemptiveStrike","Creak"],"picked":"FleetEdge","floor":14},{"not_picked":["Cruelty","BalefulBrand","Lock","BlazingStrike"],"picked":"TieShanKao","floor":16},{"not_picked":["Wallop_lor","UpbeatPerformance","Outburst+1","PinpointShot","QuickAttack","SweepTheBackstreets+1","MultiBlock","IronWall","MultiHit","PreparedMind+1","Punishment"],"picked":"SKIP","floor":18},{"not_picked":["ScratchThat","DirtyBlow","WillOfThePrescript+1","Rewind","GaleKick+1","EnergyShield","OpportunitySpotted+1","BackstreetsDash","Parry+1","ICanCookAnything"],"picked":"Faith+1","floor":20},{"not_picked":["SinglePointStab","ExtremeEdge","SenseQuarry","SharpSwipe","HandleRequest","EndlessBattle","StrongStrike","Riposte","SpearedSweep","Unlock1"],"picked":"FrontalAssault+1","floor":21},{"not_picked":["PinpointShot","Thrust+1","Leap_lor+1","SnakeSlit","EndlessBattle","FleetFootsteps+1","LeRegole","LoosenUp","QuickSuppression","Wallop_lor","DarkCloud"],"picked":"SKIP","floor":23},{"not_picked":["Pound+1","InhaleSmoke","ShrineToMusic","ChopItOff","Rewind+1","OpportunitySpotted+1","UnavoidableGaze","SinglePointStab","SmokingPipe","ICanCookAnything"],"picked":"FierceCharge+1","floor":25},{"not_picked":["Leap_lor+1","UpbeatPerformance","SerpentSwordTechnique","OminousPower+1","SnakesPrey","HardRehearsal","StrikeDown","SturdyDefense","SteelKnuckles+1","IllEndYou","BindingChains+1"],"picked":"SKIP","floor":27},{"not_picked":["SmokingPipe","SteelKnuckles","GreatSerpentsImpact+1","Thrust","BlindFaith+1","Pound","InhaleSmoke","Quickness","WillOfThePrescript+1","Wallop_lor"],"picked":"QuickSuppression+1","floor":29},{"not_picked":["Overpower","Wallop_lor","Parry2","StrikeDown","Thrust+1","SharpNails","HiddenBlade","FaintMemories","SharpSwipe+1","GuidanceOfTheGears"],"picked":"InnerArdor","floor":31},{"not_picked":["TieShanKao","Cruelty","FleshFillet","CleanUp"],"picked":"CrackOfDawn","floor":33},{"not_picked":["SharpSwipe+1","AGoldenOpportunity","StructuralAnalysis+1","YourShield+1","Eject","SmokingPipe+1","TendonChords","MultiHit+1","FeelinGood+1","Rewind"],"picked":"GrazeTheGrass+1","floor":35},{"not_picked":["SerpentSwordTechnique+1","DarkCloud+1","DestructiveImpact","SinglePointStab+1","SerpentineBarrier+1","NightInTheBackstreets+1","GuidanceOfTheGears","Pound+1","OminousPower","FlashingStrike+1"],"picked":"ViolentFlame+1","floor":38},{"not_picked":["EnergyCycle","GrazeTheGrass","RhinoRam+1","PinpointShot+1","BurningFlash","FormingStorm","Diversion+1","Multislash+1","SnakesPrey","OpportunitySpotted+1"],"picked":"RushDown","floor":40},{"not_picked":["Bvapour+1","BindingChains+1","Disposal","AsThePrescriptOrders+1","HandleRequest+1","Parry2+1","NightInTheBackstreets","TheWillOfTheCity","EmotionalTurbulence","QuickSuppression+1"],"picked":"SunsetBlade+1","floor":45},{"not_picked":["InkOver","NightInTheBackstreets+1","SharpSwipe","SnakesPrey","Parry2+1","SharpNails","FrontalAssault","FierceCharge+1","SpearedSweep","ClassAndRespect"],"picked":"RagingStormLove","floor":46},{"not_picked":["GuidanceOfTheGears+1","FleetFootsteps+1","Rampage_lor","UncannyStrike","BackAttack","TheArtOfRapidSteps","BiAn+1","DimensionalRift+1","Diversion","BlowItUp+1"],"picked":"TheRedNotes+1","floor":47},{"not_picked":["TrimTheIngredients+1","AlloutWar","GatherIntel+1","SinglePointStab+1","SpearedSweep","SparkingSpear","JiaoTu+1","Punishment","RhinoRam+1","Track"],"picked":"ForTheFamily","floor":48}],"player_experience":470562,"relics_obtained":[{"floor":1,"key":"SynthV:TestCard"},{"floor":6,"key":"Gambling Chip"},{"floor":8,"key":"Bottled Tornado"},{"floor":12,"key":"PageOfLumberjack"},{"floor":23,"key":"ReplayTheSpireMod:Lightbulb"},{"floor":26,"key":"Replay:Bottled Snecko"},{"floor":27,"key":"PageOfSingingMachine"},{"floor":31,"key":"Iron Hammer"},{"floor":37,"key":"Ginger"},{"floor":40,"key":"Dream Catcher"},{"floor":43,"key":"PageOfLittleHelper"},{"floor":45,"key":"MagicDraw2"},{"floor":47,"key":"Gremlin Food"},{"floor":48,"key":"testmod-CyclicPeriapt"}],"event_choices":[{"damage_healed":0,"gold_gain":0,"player_choice":"Ignored","damage_taken":0,"max_hp_gain":0,"max_hp_loss":0,"event_name":"Liars Game","floor":13,"gold_loss":0},{"damage_healed":0,"gold_gain":0,"player_choice":"Copied","damage_taken":0,"max_hp_gain":0,"max_hp_loss":0,"event_name":"Duplicator","floor":19,"gold_loss":0,"cards_obtained":["Unlock1"]},{"damage_healed":0,"gold_gain":0,"player_choice":"Ignored","damage_taken":0,"max_hp_gain":0,"max_hp_loss":0,"event_name":"Cursed Tome","floor":22,"gold_loss":0},{"damage_healed":0,"gold_gain":0,"player_choice":"Ignored","damage_taken":0,"max_hp_gain":0,"max_hp_loss":0,"event_name":"The Mausoleum","floor":24,"gold_loss":0},{"damage_healed":0,"gold_gain":0,"player_choice":"Ignored","damage_taken":0,"max_hp_gain":0,"max_hp_loss":0,"event_name":"Vampires","floor":30,"gold_loss":0},{"damage_healed":0,"gold_gain":0,"player_choice":"Fight","damage_taken":0,"max_hp_gain":0,"max_hp_loss":0,"event_name":"MindBloom","floor":37,"gold_loss":0},{"damage_healed":0,"gold_gain":0,"player_choice":"Swap Relic","damage_taken":0,"relics_obtained":["DaveBox"],"max_hp_gain":0,"max_hp_loss":0,"event_name":"给自己的盒子","floor":42,"relics_lost":["DaveBox"],"gold_loss":0},{"damage_healed":0,"gold_gain":0,"player_choice":"Fight","damage_taken":0,"max_hp_gain":0,"max_hp_loss":0,"event_name":"Mysterious Sphere","floor":48,"gold_loss":0}],"is_beta":false,"boss_relics":[{"not_picked":["Replay:Bronze Core","PageOfBlackSwan"],"picked":"Replay:Grab Bag"},{"not_picked":["SlaversCollar","Runic Dome"],"picked":"Coffee Dripper"},{"not_picked":["Cursed Key","Fusion Hammer"],"picked":"Philosopher\u0027s Stone"},{"not_picked":["Runic Pyramid","Calling Bell"],"picked":"EasyGame_NEW"},{"not_picked":["RhineCircuit","Painkiller Herb"],"picked":"AT_TrinityForce"}],"items_purged_floors":[3,3,3,11,28,28,28,28,28,28,28,36,36,39],"is_endless":false,"potions_floor_spawned":[2,7,12,14,16,20,23,27,29,38,45,46,47,48],"ascension_level":1}}