{"host":"95i1gxnztdrdyvhi","time":1614345827,"event":{"mods":["AchievementEnabler","Act Like it!","Aya Shameimaru","BaseMod","Minty Spire (QoL Compilation)","Quick Restart","StSLib"],"gold_per_floor":[117,117,129,145,145,145,177,197,222,251,261,261,274,287,287,287,287],"floor_reached":16,"language":"ENG","playtime":1976,"items_purged":[],"score":114,"play_id":"d5967c19-020c-4b2b-9bd4-ef201b7cf44a","local_time":"20210226132347","is_ascension_mode":false,"campfire_choices":[{"data":"shameimaru:WidespreadPropaganda","floor":6.0,"key":"SMITH"},{"data":"shameimaru:GroupPhoto","floor":15,"key":"SMITH"}],"circlet_count":0,"master_deck":["shameimaru:Strike","shameimaru:Strike","shameimaru:Strike","shameimaru:Defend","shameimaru:Defend","shameimaru:Defend","shameimaru:PlayfulTaunt","shameimaru:SnapshotStrike","shameimaru:Persuade","shameimaru:ExclusiveScoop","shameimaru:GroupPhoto+1","shameimaru:WidespreadPropaganda+1","shameimaru:CoerciveReport","shameimaru:Persuade","shameimaru:GaleBullet"],"relics":["shameimaru:blackbirdfeather","Centennial Puzzle","Bag of Marbles","Nunchaku","Mummified Hand"],"acts_visited":["Exordium"],"potions_floor_usage":[11,13,14],"damage_taken":[{"damage":2.0,"enemies":"Cultist","floor":1.0,"turns":4.0},{"damage":0.0,"enemies":"Small Slimes","floor":3.0,"turns":3.0},{"damage":0.0,"enemies":"2 Louse","floor":4.0,"turns":3.0},{"damage":15.0,"enemies":"3 Sentries","floor":7.0,"turns":4.0},{"damage":24.0,"enemies":"Looter","floor":8.0,"turns":4.0},{"damage":13,"enemies":"Lagavulin","floor":10,"turns":8},{"damage":9,"enemies":"Blue Slaver","floor":11,"turns":3},{"damage":8,"enemies":"Exordium Thugs","floor":13,"turns":6},{"damage":10,"enemies":"Looter","floor":14,"turns":2},{"damage":41,"enemies":"Slime Boss","floor":16,"turns":3}],"seed_played":"2954692754954164274","potions_obtained":[{"floor":3.0,"key":"Regen Potion"},{"floor":8.0,"key":"FairyPotion"},{"floor":10,"key":"AttackPotion"},{"floor":14,"key":"Fruit Juice"}],"is_trial":false,"path_per_floor":["M","?","M","M","?","R","E","M","T","E","M","?","M","M","R","B"],"character_chosen":"AYA","items_purchased":[],"campfire_rested":0,"item_purchase_floors":[],"current_hp_per_floor":[78,66,66,66,59,59,44,20,20,7,7,7,24,19,19,0,0],"gold":287,"neow_bonus":"THREE_CARDS","is_daily":false,"chose_seed":false,"campfire_upgraded":2,"win_rate":0.0,"timestamp":1614345827,"path_taken":["M","?","M","M","?","R","E","M","T","E","M","?","M","M","R","BOSS"],"items_purchased_type":[],"build_version":"2020-12-22","purchased_purges":0,"victory":false,"max_hp_per_floor":[80,80,80,80,80,80,80,80,80,80,80,80,80,85,85,85,85],"card_choices":[{"not_picked":["shameimaru:GustFan","shameimaru:SuddenOutburst"],"picked":"shameimaru:Persuade","floor":0.0},{"not_picked":["shameimaru:AirSlash","shameimaru:GuidingBreeze"],"picked":"shameimaru:ExclusiveScoop","floor":1.0},{"not_picked":["shameimaru:ExclusiveScoop","shameimaru:MassDeletion"],"picked":"shameimaru:GroupPhoto","floor":3.0},{"not_picked":["shameimaru:Foresight","shameimaru:LoadedStatement"],"picked":"shameimaru:WidespreadPropaganda","floor":4.0},{"not_picked":["shameimaru:DashingGrace","shameimaru:Persuade"],"picked":"shameimaru:CoerciveReport","floor":7.0},{"not_picked":["shameimaru:Photoshoot","shameimaru:GuidingBreeze"],"picked":"shameimaru:Persuade","floor":8.0},{"not_picked":["shameimaru:HitAndRun","shameimaru:CoerciveReport","shameimaru:AdverseWind"],"picked":"SKIP","floor":10},{"not_picked":["shameimaru:AirSlash","shameimaru:DashingGrace","shameimaru:LibraryResearch"],"picked":"SKIP","floor":11},{"not_picked":["shameimaru:DashingGrace","shameimaru:DashingDomination","shameimaru:AirCutter"],"picked":"SKIP","floor":13},{"not_picked":["shameimaru:Foresight","shameimaru:GaleBlade","shameimaru:Telescoping"],"picked":"SKIP","floor":14}],"player_experience":630031,"relics_obtained":[{"floor":7.0,"key":"Bag of Marbles"},{"floor":9.0,"key":"Nunchaku"},{"floor":10,"key":"Mummified Hand"}],"event_choices":[{"damage_healed":0.0,"max_hp_gain":0.0,"max_hp_loss":0.0,"gold_gain":0.0,"event_name":"Scrap Ooze","player_choice":"Success","floor":2.0,"gold_loss":0.0,"damage_taken":12.0,"relics_obtained":["Centennial Puzzle"]},{"cards_removed":["shameimaru:Defend"],"damage_healed":0.0,"max_hp_gain":0.0,"max_hp_loss":0.0,"gold_gain":0.0,"event_name":"Golden Wing","player_choice":"Card Removal","floor":5.0,"gold_loss":0.0,"damage_taken":7.0},{"damage_healed":0,"gold_gain":0,"cards_transformed":["shameimaru:Strike"],"player_choice":"Change","damage_taken":0,"max_hp_gain":0,"max_hp_loss":0,"event_name":"Living Wall","floor":12,"gold_loss":0,"cards_obtained":["shameimaru:GaleBullet"]}],"is_beta":false,"boss_relics":[],"items_purged_floors":[],"is_endless":false,"potions_floor_spawned":[3,8,10,14],"killed_by":"Slime Boss","ascension_level":0}}