{"host":"ml2ro5l6hu6y0pll","time":1614369037,"event":{"mods":["AchievementEnabler","BaseMod","Colored Map","Colored Powertips","Custom Start","Googly Eyes","Minty Spire (QoL Compilation)","Quick Restart","Rare Cards Sparkle","Relic Stats","StSLib","everything is the same but u backflip on backflip"],"gold_per_floor":[114,64,79,79,4,30,30,41,41,41,72,72,86,116,116,116,116],"floor_reached":16,"language":"ENG","playtime":472,"items_purged":[],"score":243,"play_id":"3c7539af-081f-4895-aa54-c7c7c65f0797","local_time":"20210226195037","is_ascension_mode":true,"campfire_choices":[{"data":"Sweeping Beam","floor":10.0,"key":"SMITH"},{"data":"Lockon","floor":12.0,"key":"SMITH"},{"data":"Conserve Battery","floor":15,"key":"SMITH"}],"circlet_count":0,"master_deck":["AscendersBane","Strike_B","Strike_B","Strike_B","Defend_B","Defend_B","Defend_B","Defend_B","Zap","Dualcast","Conserve Battery+1","Sweeping Beam+1","Lockon+1","Sweeping Beam+1","Coolheaded"],"relics":["Cracked Core","NeowsBlessing","White Beast Statue","DataDisk","Toy Ornithopter","Turnip"],"acts_visited":["Exordium"],"potions_floor_usage":[],"damage_taken":[{"damage":0.0,"enemies":"Small Slimes","floor":1.0,"turns":1.0},{"damage":0.0,"enemies":"2 Louse","floor":3.0,"turns":1.0},{"damage":0.0,"enemies":"Lagavulin","floor":6.0,"turns":1.0},{"damage":0.0,"enemies":"Cultist","floor":8.0,"turns":2.0},{"damage":16.0,"enemies":"Gremlin Nob","floor":11.0,"turns":3.0},{"damage":1.0,"enemies":"3 Louse","floor":13.0,"turns":2.0},{"damage":12,"enemies":"Lagavulin","floor":14,"turns":5},{"damage":36,"enemies":"Hexaghost","floor":16,"turns":11}],"seed_played":"-8929101673024499185","potions_obtained":[{"floor":3.0,"key":"FocusPotion"},{"floor":8.0,"key":"DuplicationPotion"},{"floor":11.0,"key":"SpeedPotion"}],"is_trial":false,"path_per_floor":["M","?","M","?","$","E","?","M","T","R","E","R","M","E","R","B"],"character_chosen":"DEFECT","items_purchased":["Lockon"],"campfire_rested":0,"item_purchase_floors":[5],"current_hp_per_floor":[64,64,64,64,64,64,64,64,64,64,48,48,47,35,35,0,0],"gold":116,"neow_bonus":"THREE_ENEMY_KILL","is_daily":false,"chose_seed":false,"campfire_upgraded":3,"win_rate":0.0,"timestamp":1614369037,"path_taken":["M","?","M","?","$","E","?","?","T","R","E","R","M","E","R","BOSS"],"items_purchased_type":["Card"],"build_version":"2020-12-22","purchased_purges":0,"victory":false,"max_hp_per_floor":[71,71,71,71,71,71,71,71,71,71,71,71,71,71,71,71,71],"relic_stats":{"counters":[8,26],"Turnip":[0],"obtain_stats":[{"DataDisk":9,"NeowsBlessing":0,"Turnip":14,"Cracked Core":0,"White Beast Statue":6,"Toy Ornithopter":11},{"DataDisk":4,"NeowsBlessing":0,"Turnip":7,"Cracked Core":0,"White Beast Statue":3,"Toy Ornithopter":5},{"DataDisk":5,"NeowsBlessing":0,"Turnip":15,"Cracked Core":0,"White Beast Statue":3,"Toy Ornithopter":8}],"Toy Ornithopter":0},"card_choices":[{"not_picked":["Steam","Chaos"],"picked":"Conserve Battery","floor":1.0},{"not_picked":["Streamline","Leap"],"picked":"Sweeping Beam","floor":3.0},{"not_picked":["Aggregate","Tempest"],"picked":"Sweeping Beam","floor":6.0},{"not_picked":["Skim","Streamline","Heatsinks"],"picked":"SKIP","floor":8.0},{"not_picked":["Chaos","Go for the Eyes","Steam"],"picked":"SKIP","floor":11.0},{"not_picked":["Turbo","Hologram"],"picked":"Coolheaded","floor":13.0},{"not_picked":["Beam Cell","Gash","Go for the Eyes"],"picked":"SKIP","floor":14}],"player_experience":950373,"relics_obtained":[{"floor":6.0,"key":"White Beast Statue"},{"floor":9.0,"key":"DataDisk"},{"floor":11.0,"key":"Toy Ornithopter"},{"floor":14,"key":"Turnip"}],"event_choices":[{"cards_removed":["Strike_B"],"damage_healed":0.0,"max_hp_gain":0.0,"max_hp_loss":0.0,"gold_gain":0.0,"event_name":"The Cleric","player_choice":"Card Removal","floor":2.0,"gold_loss":50.0,"damage_taken":0.0},{"damage_healed":0.0,"max_hp_gain":0.0,"max_hp_loss":0.0,"gold_gain":0.0,"event_name":"Living Wall","player_choice":"Grow","floor":4.0,"gold_loss":0.0,"damage_taken":0.0,"cards_upgraded":["Sweeping Beam"]},{"damage_healed":0.0,"max_hp_gain":0.0,"max_hp_loss":0.0,"gold_gain":0.0,"event_name":"Match and Keep!","player_choice":"0 cards matched","floor":7.0,"gold_loss":0.0,"damage_taken":0.0,"cards_obtained":[]}],"is_beta":false,"boss_relics":[],"items_purged_floors":[],"is_endless":false,"potions_floor_spawned":[3,8,11,13,14],"killed_by":"Hexaghost","ascension_level":14}}