{"host":"sav7uxregyirlf69","time":1614347610,"event":{"mods":["AchievementEnabler","BaseMod","Colored Map","DeckTracker","Keyboard Shortcuts","Minty Spire (QoL Compilation)","READ ME - Guardian Mod","StSLib","SuperFastMode"],"gold_per_floor":[115,115,115,12,12,53,72,72,152,175,194,94,94,118,118,214,214,234,234,247,8,32,32,51,51,51,82,82,106,124,124,124],"floor_reached":31,"language":"KOR","playtime":469,"items_purged":["Strike_B","Strike_B"],"score":560,"play_id":"c33fa5e9-e1c0-4b41-8173-7b3c826307db","local_time":"20210226225330","is_ascension_mode":true,"campfire_choices":[{"data":"Beam Cell","floor":8,"key":"SMITH"},{"data":"Go for the Eyes","floor":13,"key":"SMITH"},{"floor":15,"key":"REST"},{"floor":23,"key":"REST"},{"floor":28,"key":"REST"}],"circlet_count":0,"master_deck":["AscendersBane","Strike_B","Defend_B","Defend_B","Defend_B","Defend_B","Zap","Dualcast","Gash","Hologram","Beam Cell+1","Rebound","FTL","Go for the Eyes+1","Streamline","Electrodynamics","Reprogram","Seek","Conserve Battery","Apotheosis","Coolheaded","Self Repair","Ghostly","Ghostly","Ghostly","Hologram"],"relics":["Cracked Core","NeowsBlessing","Golden Idol","Bag of Marbles","Sozu","Boot","Bottled Tornado","Nunchaku"],"acts_visited":["Exordium","TheCity"],"potions_floor_usage":[27,30],"damage_taken":[{"damage":0,"enemies":"Small Slimes","floor":1,"turns":1},{"damage":0,"enemies":"Lagavulin","floor":6,"turns":1},{"damage":0,"enemies":"2 Louse","floor":7,"turns":1},{"damage":0,"enemies":"Cultist","floor":10,"turns":2},{"damage":11,"enemies":"3 Louse","floor":11,"turns":3},{"damage":12,"enemies":"Exordium Wildlife","floor":14,"turns":4},{"damage":12,"enemies":"Slime Boss","floor":16,"turns":8},{"damage":33,"enemies":"Chosen","floor":18,"turns":4},{"damage":17,"enemies":"2 Thieves","floor":20,"turns":3},{"damage":10,"enemies":"Centurion and Healer","floor":24,"turns":4},{"damage":10,"enemies":"Gremlin Leader","floor":27,"turns":8},{"damage":19,"enemies":"3 Cultists","floor":29,"turns":6},{"damage":15,"enemies":"Snake Plant","floor":30,"turns":4},{"damage":2,"enemies":"Snecko","floor":31,"turns":2}],"seed_played":"-8086909496848241453","potions_obtained":[{"floor":6,"key":"LiquidBronze"},{"floor":14,"key":"LiquidBronze"}],"is_trial":false,"path_per_floor":["M","?","?","$","?","E","M","R","T","M","M","$","R","M","R","B",null,"M","?","M","$","T","R","M","?","T","E","R","M","M","M"],"character_chosen":"DEFECT","items_purchased":["Hologram","Apotheosis","Coolheaded"],"campfire_rested":3,"item_purchase_floors":[4,21,21],"current_hp_per_floor":[64,40,40,40,33,33,33,33,33,33,22,22,22,10,31,19,58,25,25,8,8,8,29,19,19,19,19,29,17,2,0,0],"gold":124,"neow_bonus":"THREE_ENEMY_KILL","is_daily":false,"chose_seed":false,"campfire_upgraded":2,"win_rate":0.0,"timestamp":1614347610,"path_taken":["M","?","?","$","?","E","M","R","T","M","M","$","R","M","R","BOSS","M","?","M","$","?","R","M","?","T","E","R","M","M","?"],"items_purchased_type":["Card","Card","Card"],"build_version":"2020-12-22","purchased_purges":2,"victory":false,"max_hp_per_floor":[71,71,71,71,71,71,71,71,71,71,71,71,71,71,71,71,71,71,71,71,71,71,71,71,35,35,35,35,35,35,35,35],"card_choices":[{"not_picked":["Conserve Battery","Leap"],"picked":"Gash","floor":1},{"not_picked":["Meteor Strike","Redo"],"picked":"Beam Cell","floor":6},{"not_picked":["Conserve Battery","Auto Shields"],"picked":"Rebound","floor":7},{"not_picked":["Streamline","Rebound"],"picked":"FTL","floor":10},{"not_picked":["Double Energy","Sweeping Beam"],"picked":"Go for the Eyes","floor":11},{"not_picked":["Hologram","Ball Lightning"],"picked":"Streamline","floor":14},{"not_picked":["Seek","Fission"],"picked":"Electrodynamics","floor":16},{"not_picked":["Coolheaded","Rebound"],"picked":"Reprogram","floor":18},{"not_picked":["Rebound","Steam"],"picked":"Conserve Battery","floor":20},{"not_picked":["Aggregate+1","Auto Shields"],"picked":"Self Repair","floor":24},{"not_picked":["Heatsinks","Thunder Strike","Tempest"],"picked":"SKIP","floor":27},{"not_picked":["Chill","Reprogram"],"picked":"Hologram","floor":29},{"not_picked":["Leap","Conserve Battery","Melter"],"picked":"SKIP","floor":30}],"player_experience":1710225,"relics_obtained":[{"floor":6,"key":"Bag of Marbles"},{"floor":22,"key":"Boot"},{"floor":26,"key":"Bottled Tornado"},{"floor":27,"key":"Nunchaku"}],"event_choices":[{"damage_healed":0,"gold_gain":0,"player_choice":"Take Damage","damage_taken":24,"relics_obtained":["Golden Idol"],"max_hp_gain":0,"max_hp_loss":0,"event_name":"Golden Idol","floor":2,"gold_loss":0},{"damage_healed":0,"gold_gain":0,"player_choice":"Ignored","damage_taken":0,"max_hp_gain":0,"max_hp_loss":0,"event_name":"Liars Game","floor":3,"gold_loss":0},{"cards_removed":["Strike_B"],"damage_healed":0,"gold_gain":0,"player_choice":"Card Removal","damage_taken":7,"max_hp_gain":0,"max_hp_loss":0,"event_name":"Golden Wing","floor":5,"gold_loss":0},{"damage_healed":0,"gold_gain":0,"player_choice":"1 cards matched","damage_taken":0,"max_hp_gain":0,"max_hp_loss":0,"event_name":"Match and Keep!","floor":19,"gold_loss":0,"cards_obtained":["Seek"]},{"damage_healed":0,"gold_gain":0,"player_choice":"Became a Ghost","damage_taken":0,"max_hp_gain":0,"max_hp_loss":36,"event_name":"Ghosts","floor":25,"gold_loss":0,"cards_obtained":["Ghostly","Ghostly","Ghostly"]}],"is_beta":false,"boss_relics":[{"not_picked":["Busted Crown","Tiny House"],"picked":"Sozu"}],"items_purged_floors":[4,12],"is_endless":false,"potions_floor_spawned":[6,14,18,27,30],"killed_by":"Snecko","ascension_level":20}}