{"host":"fc4hh3zaz3zk8cya","time":1614366505,"event":{"mods":["BaseMod","BetterRewards","Colored Map","Colored Powertips","Downfall","GifTheSpireLib","Gremlin Mod","Hermit","Highlight Path","Infinite Spire","Minty Spire (QoL Compilation)","Permanent Neow","Quick Restart","Relic Stats","Replay The Spire","Shop Mod","StSLib","Stuff the Spire","The Bladedancer","The Construct","The Cursed","The Disciple","The Hayseed","The Hierophant","The Necromancer","The Poker Player","The Runesmith","everything is the same but u backflip on backflip","slay the spire mod where everything is the same but ironclad has a cowboy hat"],"gold_per_floor":[366,138,149,203,239,270,285,285,285,285,303,303,203,128,223,328,378,392,392,412,428,170,200,125,125,125,125,143,143,162,181,181,279,279,279,279],"floor_reached":35,"language":"ENG","playtime":10389,"items_purged":["Injury","Regret"],"score":450,"play_id":"5d35e2a3-2c67-455c-b703-fea5e08ed470","local_time":"20210226140825","is_ascension_mode":false,"campfire_choices":[{"floor":8.0,"key":"REST"},{"data":"Eruption","floor":12.0,"key":"SMITH"},{"data":"ConjureBlade","floor":25,"key":"SMITH"},{"floor":32,"key":"DIG"}],"circlet_count":0,"master_deck":["Strike_P","Strike_P","Strike_P","Strike_P","Defend_P","Defend_P","Defend_P","Eruption+1","Vigilance+1","PathToVictory","LikeWater","FearNoEvil","Perseverance","CutThroughFate","CutThroughFate","ThirdEye","Nirvana","ConjureBlade+1","Weave","ThirdEye+1","EmptyMind","DevaForm","FlyingSleeves","Replay:BluntJabs","AbeCurse"],"relics":["PureWater","StuffTheSpire:OldFever","infinitespire:EmpoweringShard","ReplayTheSpireMod:CursedCoin","WingedGreaves","Ginger","construct:BoolHorns","Tiny House","ReplayTheSpireMod:Ring of Exchange","Runesmith:Nanobots","Question Card","Ice Cream","White Beast Statue","Abe\u0027s Treasure"],"acts_visited":["Exordium","TheCity","TheBeyond"],"potions_floor_usage":[30,33,33],"damage_taken":[{"damage":0.0,"enemies":"Small Slimes","floor":1.0,"turns":2.0},{"damage":0.0,"enemies":"Cultist","floor":3.0,"turns":3.0},{"damage":5.0,"enemies":"3 Sentries","floor":6.0,"turns":6.0},{"damage":0.0,"enemies":"2 Louse","floor":7.0,"turns":2.0},{"damage":8.0,"enemies":"Blue Slaver","floor":11.0,"turns":2.0},{"damage":0.0,"enemies":"Slime Boss","floor":16.0,"turns":6.0},{"damage":0.0,"enemies":"Spheric Guardian","floor":18.0,"turns":3.0},{"damage":5.0,"enemies":"Chosen","floor":20.0,"turns":3.0},{"damage":4.0,"enemies":"Snake Plant","floor":21.0,"turns":5.0},{"damage":14,"enemies":"Book of Stabbing","floor":23,"turns":4},{"damage":0,"enemies":"Sentry and Sphere","floor":28,"turns":3},{"damage":9,"enemies":"Chosen and Byrds","floor":30,"turns":5},{"damage":3,"enemies":"Snecko","floor":31,"turns":5},{"damage":18,"enemies":"Champ","floor":33,"turns":6},{"damage":0,"enemies":"3 Shapes","floor":35,"turns":1}],"seed_played":"-8619016196633988567","potions_obtained":[{"floor":1.0,"key":"LiquidMemories"},{"floor":11.0,"key":"BottledMiracle"},{"floor":16.0,"key":"Reflective Coating"},{"floor":30,"key":"Adrenaline Potion"},{"floor":33,"key":"Block Potion"}],"is_trial":false,"path_per_floor":["M","$","M","?","$","E","M","R","T","?","M","R","$","$","R_BF","B",null,"M","?","M","M","$","E","?","R","T","$","M","?","M","M","R_BF","B",null,"M"],"character_chosen":"WATCHER","items_purchased":["StuffTheSpire:OldFever","LikeWater","ReplayTheSpireMod:CursedCoin","CutThroughFate","Nirvana","Runesmith:Nanobots"],"campfire_rested":1,"item_purchase_floors":[2,2,5,5,14,22],"current_hp_per_floor":[51,51,51,23,23,18,18,39,39,39,31,31,31,31,31,31,77,77,77,72,68,68,54,54,54,54,54,54,54,45,42,42,24,77,77,77],"gold":279,"neow_bonus":"TWO_FIFTY_GOLD","is_daily":false,"chose_seed":false,"campfire_upgraded":2,"win_rate":0.0,"timestamp":1614366505,"path_taken":["M","$","M","?","$","E","M","R","T","?","M","R","?","$","R_BF","BOSS","M","?","M","M","$","E","?","R","T","$","M","?","?","M","R_BF","BOSS","M"],"items_purchased_type":["Relic","Card","Relic","Card","Card","Relic"],"build_version":"2020-12-22","purchased_purges":2,"victory":false,"max_hp_per_floor":[72,72,72,72,72,72,72,72,72,72,72,72,72,72,72,72,77,77,77,77,77,77,77,77,77,77,77,77,77,77,77,77,77,77,77,77],"relic_stats":{"counters":[15,56],"Ginger":[8],"Question Card":6,"obtain_stats":[{"construct:BoolHorns":10,"Ice Cream":26,"ReplayTheSpireMod:Ring of Exchange":19,"Runesmith:Nanobots":22,"Tiny House":17,"ReplayTheSpireMod:CursedCoin":5,"Ginger":9,"Question Card":23,"White Beast Statue":32,"WingedGreaves":6,"infinitespire:EmpoweringShard":4,"PureWater":0,"StuffTheSpire:OldFever":2,"Abe\u0027s Treasure":34},{"construct:BoolHorns":4,"Ice Cream":10,"ReplayTheSpireMod:Ring of Exchange":7,"Runesmith:Nanobots":9,"Tiny House":6,"ReplayTheSpireMod:CursedCoin":2,"Ginger":4,"Question Card":10,"White Beast Statue":13,"WingedGreaves":3,"infinitespire:EmpoweringShard":2,"PureWater":0,"StuffTheSpire:OldFever":1,"Abe\u0027s Treasure":14},{"construct:BoolHorns":13,"Ice Cream":36,"ReplayTheSpireMod:Ring of Exchange":24,"Runesmith:Nanobots":32,"Tiny House":21,"ReplayTheSpireMod:CursedCoin":5,"Ginger":13,"Question Card":36,"White Beast Statue":49,"WingedGreaves":11,"infinitespire:EmpoweringShard":5,"PureWater":0,"StuffTheSpire:OldFever":2,"Abe\u0027s Treasure":55}]},"card_choices":[{"not_picked":["Replay:AtTheReady","Replay:Anticipation"],"picked":"PathToVictory","floor":1.0},{"not_picked":["JustLucky","SandsOfTime"],"picked":"Replay:Battleflow","floor":3.0},{"not_picked":["Replay:AtTheReady","BattleHymn"],"picked":"FearNoEvil","floor":4.0},{"not_picked":["Consecrate","Replay:Cycle"],"picked":"Perseverance","floor":4.0},{"not_picked":["WindmillStrike","FlurryOfBlows","BattleHymn"],"picked":"SKIP","floor":6.0},{"not_picked":["EmptyBody","Replay:Vibes"],"picked":"ThirdEye","floor":7.0},{"not_picked":["Vengeance","ThirdEye","Worship"],"picked":"SKIP","floor":11.0},{"not_picked":["Replay:LoomingThreat","Replay:AllIn"],"picked":"ConjureBlade","floor":16.0},{"not_picked":["Evaluate","BowlingBash"],"picked":"Weave","floor":18.0},{"not_picked":["ClearTheMind","EmptyBody"],"picked":"ThirdEye+1","floor":20.0},{"not_picked":["ClearTheMind","Evaluate","Protect"],"picked":"SKIP","floor":21.0},{"not_picked":["TalkToTheHand","Consecrate"],"picked":"EmptyMind","floor":23},{"not_picked":["FlurryOfBlows","WheelKick","SashWhip"],"picked":"DevaForm","floor":28},{"not_picked":["Conclude","CrushJoints","WindmillStrike"],"picked":"FlyingSleeves","floor":30},{"not_picked":["BowlingBash","Crescendo","Halt+1"],"picked":"Replay:BluntJabs","floor":31}],"player_experience":162032,"relics_obtained":[{"floor":4.0,"key":"infinitespire:EmpoweringShard"},{"floor":6.0,"key":"WingedGreaves"},{"floor":9.0,"key":"Ginger"},{"floor":19.0,"key":"ReplayTheSpireMod:Ring of Exchange"},{"floor":23,"key":"Question Card"},{"floor":26,"key":"Ice Cream"},{"floor":32,"key":"White Beast Statue"}],"event_choices":[{"damage_healed":0.0,"max_hp_gain":0.0,"max_hp_loss":0.0,"gold_gain":0.0,"event_name":"Big Fish","player_choice":"Box","floor":10.0,"gold_loss":0.0,"damage_taken":0.0,"relics_obtained":["construct:BoolHorns"],"cards_obtained":["Regret"]},{"cards_removed":["Replay:Battleflow"],"damage_healed":0,"gold_gain":0,"player_choice":"Gave Gold","damage_taken":0,"max_hp_gain":0,"max_hp_loss":0,"event_name":"Beggar","floor":24,"gold_loss":75},{"cards_removed":["Defend_P"],"damage_healed":0,"gold_gain":0,"player_choice":"Purged","damage_taken":0,"max_hp_gain":0,"max_hp_loss":0,"event_name":"Purifier","floor":29,"gold_loss":0}],"is_beta":false,"boss_relics":[{"not_picked":["Fusion Hammer","ReplayTheSpireMod:DimensionalGlitch"],"picked":"Tiny House"},{"not_picked":["infinitespire:Chaos","Cursed Key"],"picked":"Abe\u0027s Treasure"}],"items_purged_floors":[5,13],"is_endless":false,"potions_floor_spawned":[1,11,16,21,23,30,31,33],"killed_by":"3 Shapes","ascension_level":0}}