{"host":"99tfb11iqiu41jyj","time":1614340675,"event":{"mods":["2.2 Compatiblity","AchievementEnabler","BaseMod","Colored Powertips","Downfall","Infinite Spire","Minty Spire (QoL Compilation)","Quick Restart","Replay The Spire","StSLib"],"gold_per_floor":[116,116,134,134,184,184,206,227,227,242,64,64,64,82,82,196,196,233,233,254,254,254,254,276,276,276],"floor_reached":24,"language":"ENG","playtime":1368,"items_purged":[],"score":186,"play_id":"349ea1bc-8997-4b92-8727-f0e72e2ba097","local_time":"20210226115755","is_ascension_mode":false,"campfire_choices":[{"data":"sneckomod:SnekBeam","floor":6,"key":"SMITH"},{"floor":15,"key":"REST"},{"data":"sneckomod:TailWhip","floor":23,"key":"SMITH"}],"circlet_count":0,"master_deck":["sneckomod:Strike","sneckomod:Strike","sneckomod:Strike","sneckomod:Defend+1","sneckomod:Defend","sneckomod:TailWhip+1","sneckomod:SnekBite+1","sneckomod:Unknown","sneckomod:Unknown","sneckomod:UnknownClassTHE_BRONZE_AUTOMATON+1","Flash of Steel","sneckomod:SnekBeam+1","sneckomod:UnknownClassHEXA_GHOST_PURPLE","sneckomod:UnknownStrike","sneckomod:UnknownColorless+1","sneckomod:Unknown1Cost+1","sneckomod:Unknown1Cost+1","sneckomod:UnknownRareAttack","sneckomod:UnknownStrike+1","sneckomod:UnknownClassGUARDIAN+1","sneckomod:UnknownClassRED+1","sneckomod:MorePower","sneckomod:UnknownDexterity+1","sneckomod:UnknownVulnerable+1","ReplayTheSpireMod:Faulty Equipment","sneckomod:UnknownColorless+1","sneckomod:Unknown3Cost+1"],"relics":["sneckomod:SneckoSoul","Ring of Greed","infinitespire:Midas Blood","Blue Doll","Ring of Misfortune","Toxic Egg 2","m_SnakeBloodCore","Eternal Feather","Ring of Chaos","sneckomod:ConfusingCodex"],"acts_visited":["Exordium","TheCity"],"potions_floor_usage":[20,24,24],"damage_taken":[{"damage":3,"enemies":"Small Slimes","floor":1,"turns":3},{"damage":13,"enemies":"Cultist","floor":3,"turns":4},{"damage":11,"enemies":"Jaw Worm","floor":7,"turns":3},{"damage":4,"enemies":"3 Louse","floor":8,"turns":3},{"damage":8,"enemies":"2 Fungi Beasts","floor":10,"turns":3},{"damage":0,"enemies":"Large Slime","floor":14,"turns":4},{"damage":38,"enemies":"The Guardian","floor":16,"turns":7},{"damage":19,"enemies":"3 Byrds","floor":18,"turns":6},{"damage":25,"enemies":"2 Thieves","floor":20,"turns":4},{"damage":98,"enemies":"Gremlin Leader","floor":24,"turns":13}],"seed_played":"5799889782669333595","potions_obtained":[{"floor":7,"key":"SpeedPotion"},{"floor":14,"key":"Slimebound:ThreeZeroPotion"},{"floor":16,"key":"SkillPotion"}],"is_trial":false,"path_per_floor":["M","?","M","?","?","R","M","M","T","M","$","?","T","M","R","B",null,"M","?","M","?","?","R","E"],"character_chosen":"THE_SNECKO","items_purchased":["sneckomod:Unknown1Cost+1","sneckomod:UnknownRareAttack","sneckomod:UnknownStrike+1","sneckomod:UnknownClassGUARDIAN+1"],"campfire_rested":1,"item_purchase_floors":[11,11,11,11],"current_hp_per_floor":[96,96,83,63,63,63,52,48,48,40,40,40,40,43,84,49,99,83,83,61,61,61,76,0,0,0],"gold":276,"neow_bonus":"TEN_PERCENT_HP_BONUS","is_daily":false,"chose_seed":false,"campfire_upgraded":2,"win_rate":0.0,"timestamp":1614340675,"path_taken":["M","?","?","?","?","R","M","M","T","M","$","?","?","M","R","BOSS","M","?","?","?","?","R","E"],"items_purchased_type":["Card","Card","Card","Card"],"build_version":"2020-12-22","purchased_purges":0,"victory":false,"max_hp_per_floor":[99,99,99,99,99,99,99,99,99,99,99,99,99,99,99,99,99,99,99,99,99,99,99,99,99,99],"card_choices":[{"not_picked":["sneckomod:WideSting","sneckomod:UnknownClassRED"],"picked":"sneckomod:UnknownClassTHE_BRONZE_AUTOMATON","floor":1},{"not_picked":["sneckomod:UnknownClassPURPLE","sneckomod:SoulRoll"],"picked":"sneckomod:SnekBeam","floor":3},{"not_picked":["sneckomod:TrashToTreasure","sneckomod:UnknownClassGREEN"],"picked":"sneckomod:UnknownClassHEXA_GHOST_PURPLE","floor":7},{"not_picked":["sneckomod:UnknownClassBLUE","sneckomod:Rotation"],"picked":"sneckomod:UnknownStrike","floor":8},{"not_picked":["sneckomod:UnknownUncommonAttack","sneckomod:DiceBlock+1"],"picked":"sneckomod:UnknownColorless+1","floor":10},{"not_picked":["sneckomod:IronFang","sneckomod:UnknownBlock+1"],"picked":"sneckomod:UnknownClassRED+1","floor":14},{"not_picked":["Adrenaline+1","sneckomod:UnlimitedRolls"],"picked":"sneckomod:MorePower","floor":16},{"not_picked":["sneckomod:UnknownClassPURPLE+1","sneckomod:Unknown1Cost+1"],"picked":"sneckomod:UnknownDexterity+1","floor":18},{"not_picked":["sneckomod:RainOfDice","sneckomod:UnknownClassRED+1"],"picked":"sneckomod:UnknownVulnerable+1","floor":18},{"not_picked":["sneckomod:UnknownVulnerable+1","sneckomod:UnknownCommonAttack+1"],"picked":"sneckomod:UnknownColorless+1","floor":20},{"not_picked":["sneckomod:DiceBlock+1","sneckomod:QuickMove+1"],"picked":"sneckomod:Unknown3Cost+1","floor":20}],"player_experience":53610,"relics_obtained":[{"floor":5,"key":"Ring of Greed"},{"floor":5,"key":"infinitespire:Midas Blood"},{"floor":5,"key":"Blue Doll"},{"floor":5,"key":"Ring of Misfortune"},{"floor":9,"key":"Toxic Egg 2"},{"floor":13,"key":"Eternal Feather"}],"event_choices":[{"cards_removed":["sneckomod:Defend"],"damage_healed":0,"gold_gain":0,"player_choice":"Took Card","damage_taken":0,"max_hp_gain":0,"max_hp_loss":0,"event_name":"NoteForYourself","floor":2,"gold_loss":0,"cards_obtained":["Flash of Steel"]},{"damage_healed":0,"gold_gain":0,"player_choice":"Entered Light","damage_taken":20,"max_hp_gain":0,"max_hp_loss":0,"event_name":"Shining Light","floor":4,"gold_loss":0,"cards_upgraded":["sneckomod:Defend","sneckomod:SnekBite"]},{"damage_healed":0,"gold_gain":0,"player_choice":"Upgraded","damage_taken":0,"max_hp_gain":0,"max_hp_loss":0,"event_name":"Upgrade Shrine","floor":19,"gold_loss":0,"cards_upgraded":["sneckomod:UnknownClassTHE_BRONZE_AUTOMATON"]},{"damage_healed":0,"gold_gain":0,"player_choice":"Opened","damage_taken":0,"relics_obtained":["sneckomod:ConfusingCodex"],"max_hp_gain":0,"max_hp_loss":0,"event_name":"The Mausoleum","floor":21,"gold_loss":0,"cards_obtained":["Writhe"]},{"cards_removed":["Writhe","ReplayTheSpireMod:Faulty Equipment","Normality","Spreading Infection","Amnesia"],"damage_healed":0,"gold_gain":0,"player_choice":"Removed Curses","damage_taken":0,"max_hp_gain":0,"max_hp_loss":0,"event_name":"Fountain of Cleansing","floor":22,"gold_loss":0}],"is_beta":false,"boss_relics":[{"not_picked":["Runic Pyramid","ChewingGum"],"picked":"Ring of Chaos"}],"items_purged_floors":[],"is_endless":false,"potions_floor_spawned":[7,14,16],"killed_by":"Gremlin Leader","ascension_level":0}}