{"host":"lku4gktzilv18rfq","time":1614368877,"event":{"mods":["BaseMod","Minty Spire (QoL Compilation)","Permanent Neow","StSLib","thorton"],"gold_per_floor":[130,130,158,8,36,36,86,86,132,184,184,216,216,259,259,387,387,434,474,232,275,76,146,187,187,210,282,343,343,395,408,408,408],"floor_reached":31,"language":"ENG","playtime":2369,"items_purged":["Normality","thethorton:Strike","thethorton:Strike"],"score":343,"play_id":"a6732c18-3a2d-4a66-a4d8-fc8c67cbb54d","local_time":"20210226114757","is_ascension_mode":true,"campfire_choices":[{"data":"thethorton:DownPayment","floor":6,"key":"SMITH"},{"data":"thethorton:Heckle","floor":8,"key":"SMITH"},{"data":"thethorton:DockPay","floor":11,"key":"SMITH"},{"data":"thethorton:EquivalentExchange","floor":13,"key":"SMITH"},{"data":"thethorton:PocketChange","floor":15,"key":"SMITH"},{"data":"thethorton:Rebalance","floor":25,"key":"SMITH"},{"data":"thethorton:Rebalance","floor":29,"key":"SMITH"}],"circlet_count":0,"master_deck":["thethorton:Strike","thethorton:Strike","thethorton:Heckle+1","thethorton:CreditCard","thethorton:SicklyRun+1","thethorton:PennyToss+1","thethorton:StumblingSlap+1","thethorton:DownPayment+1","thethorton:DockPay+1","thethorton:PocketChange+1","thethorton:OddChange","thethorton:TakeAccounts","thethorton:Hindsight","thethorton:OddChange","thethorton:EquivalentExchange+1","thethorton:WhirlingBriefcase","thethorton:ScalingIsWin","thethorton:CashBash","thethorton:PowerUp","thethorton:Rebalance+1","thethorton:OddChange+1","thethorton:Rebalance+1","thethorton:PowerUp","thethorton:SeeingDouble","thethorton:FeelNoBrain","thethorton:PowerUp","thethorton:SnowDay","thethorton:StampSmack+1"],"relics":["Astrolabe","PreservedInsect","Anchor","Regal Pillow","Coffee Dripper","Membership Card","ClockworkSouvenir","Toy Ornithopter","Darkstone Periapt"],"acts_visited":["Exordium","TheCity"],"potions_floor_usage":[21,24,27,30,31],"damage_taken":[{"damage":9,"enemies":"Small Slimes","floor":1,"turns":3},{"damage":0,"enemies":"2 Louse","floor":3,"turns":2},{"damage":0,"enemies":"Cultist","floor":5,"turns":3},{"damage":10,"enemies":"Lagavulin","floor":7,"turns":6},{"damage":0,"enemies":"Gremlin Nob","floor":10,"turns":3},{"damage":5,"enemies":"Lots of Slimes","floor":12,"turns":4},{"damage":0,"enemies":"3 Louse","floor":14,"turns":2},{"damage":18,"enemies":"Hexaghost","floor":16,"turns":8},{"damage":0,"enemies":"Chosen","floor":18,"turns":4},{"damage":6,"enemies":"Shell Parasite","floor":19,"turns":3},{"damage":2,"enemies":"Cultist and Chosen","floor":21,"turns":4},{"damage":1,"enemies":"Gremlin Leader","floor":23,"turns":6},{"damage":12,"enemies":"Shelled Parasite and Fungi","floor":24,"turns":3},{"damage":39,"enemies":"Slavers","floor":27,"turns":6},{"damage":0,"enemies":"Snake Plant","floor":28,"turns":5},{"damage":34,"enemies":"Sentry and Sphere","floor":30,"turns":6},{"damage":12,"enemies":"Shelled Parasite and Fungi","floor":31,"turns":3}],"seed_played":"7744753547107855928","potions_obtained":[{"floor":7,"key":"DistilledChaos"},{"floor":10,"key":"FearPotion"},{"floor":12,"key":"GamblersBrew"},{"floor":18,"key":"SteroidPotion"},{"floor":21,"key":"CultistPotion"},{"floor":24,"key":"BlessingOfTheForge"},{"floor":28,"key":"Regen Potion"},{"floor":30,"key":"Block Potion"}],"is_trial":false,"path_per_floor":["M","?","M","$","M","R","E","R","T","E","R","M","R","M","R","B",null,"M","M","$","M","$","E","M","R","T","E","M","R","M","M"],"character_chosen":"THE_THORT","items_purchased":["thethorton:OddChange","Membership Card","thethorton:Rebalance","thethorton:Rebalance","thethorton:PowerUp","ClockworkSouvenir"],"campfire_rested":0,"item_purchase_floors":[4,20,20,22,22,22],"current_hp_per_floor":[59,59,59,59,59,59,49,49,49,49,49,44,44,44,44,26,68,68,62,62,60,60,59,52,52,52,18,18,18,4,0,0,0],"gold":408,"neow_bonus":"BOSS_RELIC","is_daily":false,"chose_seed":false,"campfire_upgraded":7,"win_rate":0.0,"timestamp":1614368877,"path_taken":["M","?","M","$","M","R","E","R","T","E","R","M","R","M","R","BOSS","M","M","$","M","$","E","M","R","T","E","M","R","M","M"],"items_purchased_type":["Card","Relic","Card","Card","Card","Relic"],"build_version":"2020-12-22","purchased_purges":3,"victory":false,"max_hp_per_floor":[68,68,68,68,68,68,68,68,68,68,68,68,68,68,68,68,68,68,68,68,68,68,68,68,68,68,68,68,68,68,68,68,68],"card_choices":[{"not_picked":["thethorton:LongTermPayoff","thethorton:Distance"],"picked":"thethorton:DownPayment","floor":1},{"not_picked":["thethorton:LastDitchEffort","thethorton:ElbowSmash"],"picked":"thethorton:PocketChange","floor":3},{"not_picked":["thethorton:SicklyRun","thethorton:CoffeeBlast"],"picked":"thethorton:TakeAccounts","floor":5},{"not_picked":["thethorton:LastDitchEffort","thethorton:CashBash"],"picked":"thethorton:Hindsight","floor":7},{"not_picked":["thethorton:TakeAccounts","thethorton:CannonShot"],"picked":"thethorton:OddChange","floor":10},{"not_picked":["thethorton:TakeAccounts","thethorton:SnowDay"],"picked":"thethorton:EquivalentExchange","floor":12},{"not_picked":["thethorton:RunningKick","thethorton:TakeAccounts"],"picked":"thethorton:WhirlingBriefcase","floor":14},{"not_picked":["thethorton:SummonProfit","thethorton:Jackpot"],"picked":"thethorton:ScalingIsWin","floor":16},{"not_picked":["thethorton:CallIn+1","thethorton:ElbowSmash"],"picked":"thethorton:CashBash","floor":18},{"not_picked":["thethorton:ShoutAndRun","thethorton:DualBap"],"picked":"thethorton:PowerUp","floor":19},{"not_picked":["thethorton:Hindsight","thethorton:CannonShot+1"],"picked":"thethorton:OddChange+1","floor":21},{"not_picked":["thethorton:YoureFired","thethorton:BookBash"],"picked":"thethorton:SeeingDouble","floor":23},{"not_picked":["thethorton:ElbowSmash","thethorton:CannonShot+1"],"picked":"thethorton:FeelNoBrain","floor":24},{"not_picked":["thethorton:ShoutAndRun","thethorton:BusinessBoom"],"picked":"thethorton:PowerUp","floor":27},{"not_picked":["thethorton:OddChange","thethorton:AngerMoment+1"],"picked":"thethorton:SnowDay","floor":28},{"not_picked":["thethorton:Investment","thethorton:CashBash"],"picked":"thethorton:StampSmack+1","floor":30}],"player_experience":962601,"relics_obtained":[{"floor":7,"key":"PreservedInsect"},{"floor":9,"key":"Anchor"},{"floor":10,"key":"Regal Pillow"},{"floor":23,"key":"Toy Ornithopter"},{"floor":27,"key":"Darkstone Periapt"}],"event_choices":[{"damage_healed":0,"gold_gain":0,"cards_transformed":["thethorton:Defend"],"player_choice":"Change","damage_taken":0,"max_hp_gain":0,"max_hp_loss":0,"event_name":"Living Wall","floor":2,"gold_loss":0,"cards_obtained":["thethorton:DockPay"]}],"is_beta":false,"boss_relics":[{"not_picked":["thethorton:CrushedCigarette","Cursed Key"],"picked":"Coffee Dripper"}],"items_purged_floors":[4,20,22],"is_endless":false,"potions_floor_spawned":[7,10,12,18,21,24,28,30],"killed_by":"Shelled Parasite and Fungi","ascension_level":2}}