{"host":"xbvuessano29wpkb","time":1614354876,"event":{"mods":["BaseMod","Colored Powertips","GifTheSpireLib","Minty Spire (QoL Compilation)","Shop Mod","StSLib","The Alterego","óô»ðÖ¸ÄÏ"],"gold_per_floor":[111,111,111,121,33,33,60,60],"floor_reached":7,"language":"ZHS","playtime":1081,"items_purged":[],"score":49,"play_id":"9b872706-2472-4fc9-a2f2-54eefae4c3f1","local_time":"20210226235436","daily_mods":["SealedDeck","Heirloom","Flight"],"is_ascension_mode":false,"campfire_choices":[{"data":"alterego_mod:Cushion","floor":6,"key":"SMITH"}],"circlet_count":0,"master_deck":["alterego_mod:Complex","alterego_mod:Cycle","alterego_mod:Valentines","alterego_mod:Cushion+1","alterego_mod:Santa","alterego_mod:Mirror","alterego_mod:Pet","alterego_mod:Birthday","alterego_mod:Birthday","alterego_mod:Pet","alterego_mod:Undulate","alterego_mod:Rip","Deep Breath","alterego_mod:ChallengeComplete"],"relics":["alterego_mod:MasochisticConstitution","Incense Burner","Orichalcum"],"acts_visited":["Exordium"],"potions_floor_usage":[7],"damage_taken":[{"damage":17.0,"enemies":"2 Louse","floor":1.0,"turns":5.0},{"damage":0,"enemies":"Small Slimes","floor":4,"turns":6},{"damage":36,"enemies":"3 Sentries","floor":7,"turns":15}],"seed_played":"-6552307481893712843","potions_obtained":[{"floor":4,"key":"ColorlessPotion"}],"is_trial":true,"path_per_floor":["M","?","?","M","$","R","E"],"character_chosen":"The_Alterego","items_purchased":["Deep Breath"],"campfire_rested":0,"item_purchase_floors":[5],"current_hp_per_floor":[65,70,70,76,76,76,50,50],"gold":60,"neow_bonus":"","is_daily":false,"chose_seed":false,"campfire_upgraded":1,"win_rate":0.0,"timestamp":1614354876,"path_taken":["M","?","?","M","$","R","E"],"items_purchased_type":["Card"],"build_version":"2020-12-22","purchased_purges":0,"victory":false,"max_hp_per_floor":[71,76,76,76,76,76,77,77],"card_choices":[{"not_picked":["alterego_mod:BoobPocket","alterego_mod:MagicResistance"],"picked":"alterego_mod:Undulate","floor":1.0},{"not_picked":["alterego_mod:HighServant","alterego_mod:Exercise"],"picked":"alterego_mod:Rip","floor":4},{"not_picked":["alterego_mod:DiscoLights","alterego_mod:Table"],"picked":"alterego_mod:ChallengeComplete","floor":7}],"player_experience":209386,"relics_obtained":[{"floor":7,"key":"Orichalcum"}],"event_choices":[{"damage_healed":0.0,"max_hp_gain":5.0,"max_hp_loss":0.0,"gold_gain":0.0,"event_name":"Big Fish","player_choice":"Donut","floor":2.0,"gold_loss":0.0,"damage_taken":0.0},{"damage_healed":0,"gold_gain":0,"player_choice":"Fled","damage_taken":0,"max_hp_gain":0,"max_hp_loss":0,"event_name":"Scrap Ooze","floor":3,"gold_loss":0}],"is_beta":false,"boss_relics":[],"items_purged_floors":[],"is_endless":false,"potions_floor_spawned":[4],"killed_by":"3 Sentries","ascension_level":0}}