{"host":"BaronFel","time":1614301109,"event":{"mods":["BaseMod","Filter the Spire","Highlight Path","Minty Spire (QoL Compilation)","Relic Stats","ojb\u0027s Info Mod"],"gold_per_floor":[119,194,212,182,193,193,213,244,244,263,296,91,91,109,109,182,182,198,198,198,216,25,25,40,40,114,132,162,162,173,201,201,276,276,287,307,307,324,324,324,324,324,377,407,282,310,330,168,168,168,168],"floor_reached":50,"language":"ENG","playtime":5302,"items_purged":["Strike_P","Eruption","Decay"],"score":1160,"play_id":"73f9a8fb-33a9-451f-9c7c-0dfa1084f344","local_time":"20210225185829","is_ascension_mode":true,"campfire_choices":[{"data":"PathToVictory","floor":6.0,"key":"SMITH"},{"data":"Study","floor":15.0,"key":"SMITH"},{"data":"PathToVictory","floor":23.0,"key":"SMITH"},{"data":"PathToVictory","floor":25.0,"key":"SMITH"},{"floor":29.0,"key":"REST"},{"data":"Meditate","floor":32.0,"key":"SMITH"},{"data":"Meditate","floor":40.0,"key":"SMITH"},{"floor":42.0,"key":"REST"},{"floor":49,"key":"RECALL"}],"circlet_count":0,"master_deck":["AscendersBane","Strike_P","Strike_P","Defend_P","Defend_P","Vigilance","PathToVictory+1","BowlingBash","Brilliance","Meditate+1","Establishment","Study+1","MentalFortress","Meditate+1","Brilliance","CurseOfTheBell","Adaptation","PathToVictory+1","EmptyBody+1","PathToVictory+1","Vengeance","DeusExMachina","Evaluate","SpiritShield","EmptyBody+1","Indignation"],"relics":["Empty Cage","Akabeko","Mummified Hand","Thread and Needle","Pear","Calling Bell","Bag of Preparation","StrikeDummy","CaptainsWheel","Red Mask","Matryoshka","Sozu","Centennial Puzzle","Art of War","Mercury Hourglass","Calipers","OrangePellets"],"acts_visited":["Exordium","TheCity","TheBeyond"],"potions_floor_usage":[50],"damage_taken":[{"damage":9.0,"enemies":"Small Slimes","floor":1.0,"turns":5.0},{"damage":0.0,"enemies":"Cultist","floor":3.0,"turns":3.0},{"damage":0.0,"enemies":"Jaw Worm","floor":5.0,"turns":1.0},{"damage":4.0,"enemies":"2 Fungi Beasts","floor":7.0,"turns":3.0},{"damage":15.0,"enemies":"Lagavulin","floor":8.0,"turns":5.0},{"damage":13.0,"enemies":"Blue Slaver","floor":10.0,"turns":3.0},{"damage":16.0,"enemies":"Gremlin Nob","floor":11.0,"turns":3.0},{"damage":5.0,"enemies":"Red Slaver","floor":14.0,"turns":2.0},{"damage":0.0,"enemies":"Hexaghost","floor":16.0,"turns":9.0},{"damage":0.0,"enemies":"Spheric Guardian","floor":18.0,"turns":4.0},{"damage":15.0,"enemies":"Shell Parasite","floor":21.0,"turns":6.0},{"damage":8.0,"enemies":"3 Cultists","floor":24.0,"turns":4.0},{"damage":11.0,"enemies":"Snake Plant","floor":27.0,"turns":3.0},{"damage":6.0,"enemies":"Masked Bandits","floor":28.0,"turns":5.0},{"damage":8.0,"enemies":"Sentry and Sphere","floor":30.0,"turns":4.0},{"damage":12.0,"enemies":"Slavers","floor":31.0,"turns":4.0},{"damage":9.0,"enemies":"Automaton","floor":33.0,"turns":8.0},{"damage":6.0,"enemies":"3 Darklings","floor":35.0,"turns":6.0},{"damage":0.0,"enemies":"3 Shapes","floor":36.0,"turns":5.0},{"damage":29.0,"enemies":"3 Darklings","floor":38.0,"turns":5.0},{"damage":8.0,"enemies":"Giant Head","floor":44.0,"turns":6.0},{"damage":15,"enemies":"Nemesis","floor":46,"turns":7},{"damage":3,"enemies":"Jaw Worm Horde","floor":47,"turns":4},{"damage":49,"enemies":"Time Eater","floor":50,"turns":4}],"seed_played":"-2928541667260645533","potions_obtained":[{"floor":4.0,"key":"StancePotion"},{"floor":4.0,"key":"EntropicBrew"},{"floor":7.0,"key":"Regen Potion"},{"floor":8.0,"key":"EssenceOfSteel"},{"floor":21.0,"key":"SteroidPotion"},{"floor":24.0,"key":"AttackPotion"},{"floor":30.0,"key":"StancePotion"}],"is_trial":false,"path_per_floor":["M","?","M","?","M","R","M","E","T","M","E","$","T","M","R","B",null,"M","?","?","M","$","R","M","R","T","M","?","R","M","E","R","B",null,"M","M","?","M","?","R","?","R","T","E","$","E","M","$","R","B"],"character_chosen":"WATCHER","items_purchased":["Meditate","PowerPotion","PathToVictory","Vengeance","OrangePellets"],"campfire_rested":2,"item_purchase_floors":[12,12,22,22,48],"current_hp_per_floor":[52,41,41,41,41,41,37,36,36,23,7,7,17,12,12,12,62,62,62,62,47,47,47,39,39,39,28,22,45,37,25,25,16,63,57,57,57,28,28,28,28,50,50,42,42,27,24,24,24,0,0],"gold":168,"neow_bonus":"BOSS_RELIC","is_daily":false,"chose_seed":false,"campfire_upgraded":6,"win_rate":0.0,"timestamp":1614301109,"path_taken":["M","?","M","?","M","R","?","E","T","M","E","$","?","M","R","BOSS","M","?","?","M","$","R","M","R","T","M","?","R","M","E","R","BOSS","M","M","?","?","?","R","?","R","T","E","$","E","?","$","R","BOSS"],"items_purchased_type":["Card","Potion","Card","Card","Relic"],"build_version":"2020-12-18","purchased_purges":3,"victory":false,"max_hp_per_floor":[68,68,68,68,68,68,68,68,68,68,68,68,78,78,78,78,78,78,78,78,78,78,78,78,78,78,78,78,78,78,78,78,78,78,78,78,78,78,74,74,74,74,74,74,74,74,74,74,74,74,74],"relic_stats":{"Sozu":2,"OrangePellets":[0],"Centennial Puzzle":[12],"counters":[24,109],"Mummified Hand":[64],"Bag of Preparation":[31],"Art of War":[4],"obtain_stats":[{"Pear":13,"Calipers":46,"Thread and Needle":11,"Bag of Preparation":17,"Empty Cage":0,"Akabeko":8,"Mercury Hourglass":44,"Calling Bell":17,"Sozu":34,"OrangePellets":48,"CaptainsWheel":17,"Centennial Puzzle":43,"Matryoshka":31,"Mummified Hand":9,"Red Mask":28,"Art of War":43,"PureWater":0,"StrikeDummy":17},{"Pear":7,"Calipers":22,"Thread and Needle":7,"Bag of Preparation":9,"Empty Cage":0,"Akabeko":5,"Mercury Hourglass":21,"Calling Bell":9,"Sozu":17,"OrangePellets":23,"CaptainsWheel":9,"Centennial Puzzle":20,"Matryoshka":16,"Mummified Hand":5,"Red Mask":14,"Art of War":20,"PureWater":0,"StrikeDummy":9},{"Pear":23,"Calipers":101,"Thread and Needle":23,"Bag of Preparation":34,"Empty Cage":0,"Akabeko":17,"Mercury Hourglass":94,"Calling Bell":34,"Sozu":72,"OrangePellets":105,"CaptainsWheel":34,"Centennial Puzzle":88,"Matryoshka":64,"Mummified Hand":17,"Red Mask":56,"Art of War":88,"PureWater":0,"StrikeDummy":34}],"Mercury Hourglass":[24]},"card_choices":[{"not_picked":["Halt","Worship"],"picked":"PathToVictory","floor":1.0},{"not_picked":["FlurryOfBlows","Protect"],"picked":"BowlingBash","floor":3.0},{"not_picked":["CarveReality","FollowUp"],"picked":"Brilliance","floor":5.0},{"not_picked":["Halt","ThirdEye"],"picked":"Meditate","floor":7.0},{"not_picked":["Indignation","SashWhip"],"picked":"Establishment","floor":8.0},{"not_picked":["FearNoEvil","CarveReality"],"picked":"Study","floor":10.0},{"not_picked":["Halt","JustLucky"],"picked":"MentalFortress","floor":11.0},{"not_picked":["Worship","WheelKick","ReachHeaven"],"picked":"SKIP","floor":14.0},{"not_picked":["Judgement","Alpha"],"picked":"Brilliance","floor":16.0},{"not_picked":["Halt","Evaluate"],"picked":"Adaptation","floor":18.0},{"not_picked":["Fasting2","Collect+1"],"picked":"EmptyBody+1","floor":21.0},{"not_picked":["Consecrate","Fasting2"],"picked":"DeusExMachina","floor":24.0},{"not_picked":["JustLucky","Nirvana+1"],"picked":"Evaluate","floor":27.0},{"not_picked":["WheelKick","Wallop+1","EmptyFist"],"picked":"SKIP","floor":30.0},{"not_picked":["Alpha","FlurryOfBlows+1","Evaluate"],"picked":"SKIP","floor":31.0},{"not_picked":["ConjureBlade","Omniscience"],"picked":"SpiritShield","floor":33.0},{"not_picked":["CrushJoints","Vengeance"],"picked":"EmptyBody+1","floor":35.0},{"not_picked":["Protect","Perseverance","Vengeance+1"],"picked":"SKIP","floor":36.0},{"not_picked":["Wireheading","Evaluate","SashWhip"],"picked":"SKIP","floor":38.0},{"not_picked":["SashWhip","Consecrate","ForeignInfluence+1"],"picked":"SKIP","floor":44.0},{"not_picked":["WindmillStrike","FollowUp","Weave"],"picked":"SKIP","floor":46},{"not_picked":["Weave","BowlingBash","Evaluate"],"picked":"SKIP","floor":47}],"player_experience":1188102,"relics_obtained":[{"floor":8.0,"key":"Akabeko"},{"floor":9.0,"key":"Mummified Hand"},{"floor":11.0,"key":"Thread and Needle"},{"floor":13.0,"key":"Pear"},{"floor":17.0,"key":"Bag of Preparation"},{"floor":17.0,"key":"StrikeDummy"},{"floor":17.0,"key":"CaptainsWheel"},{"floor":28.0,"key":"Red Mask"},{"floor":31.0,"key":"Matryoshka"},{"floor":43.0,"key":"Centennial Puzzle"},{"floor":43.0,"key":"Art of War"},{"floor":44.0,"key":"Mercury Hourglass"},{"floor":46,"key":"Calipers"}],"event_choices":[{"damage_healed":0.0,"max_hp_gain":0.0,"max_hp_loss":0.0,"gold_gain":75.0,"event_name":"World of Goop","player_choice":"Gather Gold","floor":2.0,"gold_loss":0.0,"damage_taken":11.0},{"damage_healed":0.0,"max_hp_gain":0.0,"max_hp_loss":0.0,"gold_gain":0.0,"event_name":"The Woman in Blue","player_choice":"Bought 2 Potions","floor":4.0,"gold_loss":0.0,"damage_taken":0.0},{"damage_healed":0.0,"max_hp_gain":0.0,"max_hp_loss":0.0,"gold_gain":0.0,"event_name":"Vampires","player_choice":"Ignored","floor":19.0,"gold_loss":0.0,"damage_taken":0.0},{"damage_healed":0.0,"max_hp_gain":0.0,"max_hp_loss":0.0,"gold_gain":0.0,"event_name":"The Library","player_choice":"Read","floor":20.0,"gold_loss":0.0,"damage_taken":0.0,"cards_obtained":["PathToVictory"]},{"damage_healed":0.0,"max_hp_gain":0.0,"max_hp_loss":0.0,"gold_gain":0.0,"event_name":"Masked Bandits","player_choice":"Fought Bandits","floor":28.0,"gold_loss":0.0,"damage_taken":0.0},{"damage_healed":0.0,"max_hp_gain":0.0,"max_hp_loss":0.0,"gold_gain":0.0,"cards_transformed":["Defend_P"],"event_name":"Transmorgrifier","player_choice":"Transformed","floor":37.0,"gold_loss":0.0,"damage_taken":0.0,"cards_obtained":["Indignation"]},{"damage_healed":0.0,"max_hp_gain":0.0,"max_hp_loss":4.0,"gold_gain":0.0,"event_name":"Winding Halls","player_choice":"Max HP","floor":39.0,"gold_loss":0.0,"damage_taken":0.0},{"damage_healed":0.0,"max_hp_gain":0.0,"max_hp_loss":0.0,"gold_gain":0.0,"event_name":"Wheel of Change","player_choice":"Cursed","floor":41.0,"gold_loss":0.0,"damage_taken":0.0,"cards_obtained":["Decay"]}],"is_beta":true,"boss_relics":[{"not_picked":["Coffee Dripper","SacredBark"],"picked":"Calling Bell"},{"not_picked":["Runic Pyramid","Snecko Eye"],"picked":"Sozu"}],"items_purged_floors":[12,22,45],"is_endless":false,"potions_floor_spawned":[7,8,10,21,24,30,31,35,44],"killed_by":"Time Eater","ascension_level":20}}