{"host":"hpn0uxah5qjr7pa6","time":1614330909,"event":{"mods":["2.2 Compatiblity","Act Like it!","Aspiration","BaseMod","Better Third Choice","BetterRewards","Challenge The Spire","Colored Powertips","Conspire","DeckTracker","Downfall","Energized Spire","Hallownest","Hermit","Highlight Path","Hubris","Infinite Spire","Minty Spire (QoL Compilation)","Permanent Neow","Quick Restart","Rare Cards Sparkle","Replay The Spire","Spicy Shops","StSLib"],"gold_per_floor":[99,99,99,99,111,128,204,189,205,220,220,205,205,205,205,205,205,205],"floor_reached":16,"language":"ENG","playtime":525,"items_purged":[],"score":132,"play_id":"96de08ca-7fce-4d97-b5e4-8b3648aa53f6","local_time":"20210226011509","is_ascension_mode":true,"campfire_choices":[{"floor":11,"key":"REST"},{"floor":13,"key":"REST"},{"floor":15,"key":"REST"}],"circlet_count":0,"master_deck":["AscendersBane","bronze:Strike","bronze:Strike","bronze:Strike","bronze:Strike","bronze:Defend","bronze:Defend","bronze:Defend","bronze:Defend","bronze:Replicate","bronze:Goto","bronze:Shield","bronze:BronzeOrb","bronze:WhirlingStrike","bronze:OilSpill","bronze:Branch"],"relics":["bronze:BronzeCore","downfall:HeartsMalice","Bottled Flame","Golden Egg"],"acts_visited":["Exordium"],"potions_floor_usage":[9],"damage_taken":[{"damage":0,"enemies":"Small Slimes","floor":1,"turns":1},{"damage":0,"enemies":"Jaw Worm","floor":2,"turns":1},{"damage":0,"enemies":"2 Louse","floor":3,"turns":1},{"damage":11,"enemies":"Blue Slaver","floor":5,"turns":6},{"damage":4,"enemies":"downfall:LooterAlt","floor":6,"turns":4},{"damage":0,"enemies":"downfall:FleeingMerchant","floor":8,"turns":4},{"damage":6,"enemies":"Lots of Slimes","floor":9,"turns":5},{"damage":39,"enemies":"Gremlin Gang","floor":10,"turns":5},{"damage":0,"enemies":"downfall:FleeingMerchant","floor":12,"turns":4},{"damage":83,"enemies":"WA_ARCHETYPE_RETAIN","floor":16,"turns":10}],"seed_played":"-9016019013325846034","potions_obtained":[{"floor":5,"key":"LifebloodPotion"}],"is_trial":false,"path_per_floor":["M","M","M","?","M","M","T","$","M","M","R","$","R","T","R","B"],"character_chosen":"THE_AUTOMATON","items_purchased":[],"campfire_rested":3,"item_purchase_floors":[],"current_hp_per_floor":[63,63,63,63,52,48,48,48,42,3,24,24,45,45,66,0,0,0],"gold":205,"neow_bonus":"THREE_ENEMY_KILL","is_daily":false,"chose_seed":false,"campfire_upgraded":0,"win_rate":0.0,"timestamp":1614330909,"path_taken":["M","M","M","?","M","M","T","$","M","M","R","$","R","?","R","BOSS"],"items_purchased_type":[],"build_version":"2020-12-22","purchased_purges":0,"victory":false,"max_hp_per_floor":[70,70,70,70,70,70,70,70,70,70,70,70,70,70,70,70,70,70],"card_choices":[{"not_picked":["bronze:CutThrough","bronze:Constructor"],"picked":"bronze:Shield","floor":1},{"not_picked":["bronze:InfiniteBeams","bronze:BuggyMess"],"picked":"bronze:BronzeOrb","floor":2},{"not_picked":["bronze:BuggyMess","bronze:ForLoop","bronze:Fortify"],"picked":"SKIP","floor":3},{"not_picked":["bronze:Frontload","bronze:FindAndReplace","bronze:Iterate"],"picked":"SKIP","floor":5},{"not_picked":["bronze:Terminator","bronze:Refactor","bronze:Iterate"],"picked":"SKIP","floor":6},{"not_picked":["bronze:BugBarrage","bronze:DelayedGuard"],"picked":"bronze:WhirlingStrike","floor":8},{"not_picked":["bronze:ShipIt","bronze:Repair"],"picked":"bronze:OilSpill","floor":9},{"not_picked":["bronze:GetLatest","bronze:ForceShield"],"picked":"bronze:Branch","floor":10},{"not_picked":["bronze:ForceShield","bronze:Return","bronze:Frontload"],"picked":"SKIP","floor":12}],"player_experience":261998,"relics_obtained":[{"floor":7,"key":"Bottled Flame"},{"floor":14,"key":"Golden Egg"}],"event_choices":[],"is_beta":false,"boss_relics":[],"items_purged_floors":[],"is_endless":false,"potions_floor_spawned":[5,10],"killed_by":"WA_ARCHETYPE_RETAIN","ascension_level":10}}