{"host":"xp5rvh2jwe2ejyfm","time":1614302092,"event":{"mods":["2.2 Compatiblity","Aspiration","Bard","BaseMod","Beaked The Cultist","Better Altar","Better Match","Better Note","Better Sensory Stone","Better Skull","BetterRewards","Colored Powertips","Conspire","Downfall","GifTheSpireLib","Gremlin Mod","GungeonMod","Hermit","Hubris","Jorbs\u0027s Wanderer Trilogy","Mad Scientist","Minty Spire (QoL Compilation)","Potionbrewer","Quick Restart","Replay The Spire","Robot Space Explorer","Shade Mod","Somnambulant","StSLib","The Bug Knight","The Clintock","The Construct","The Cursed","The Disciple","The Forsaken","The Hierophant","The Marked","The Mystic","The Necromancer","The Runesmith","The Servant 0.9.4","The Valiant","The Witch","TheFirefly","TheVacant","thorton"],"gold_per_floor":[109,119,132,307,339,351,370,370,370,384,399,415,415,120,120,220,220,145,145],"floor_reached":18,"language":"ENG","playtime":849,"items_purged":[],"score":156,"play_id":"30a3b1ad-39a3-4338-8021-ea90f8153795","local_time":"20210225201452","is_ascension_mode":false,"campfire_choices":[{"floor":8,"key":"REST"},{"floor":13,"key":"REST"},{"floor":15,"key":"REST"}],"circlet_count":0,"master_deck":["beaked:Strike_Y","beaked:Strike_Y","beaked:Strike_Y","beaked:Strike_Y","beaked:Strike_Y","beaked:Strike_Y","beaked:Defend_Y","beaked:Defend_Y","beaked:Defend_Y","beaked:Defend_Y","beaked:Ceremony","beaked:Ceremony","beaked:Ceremony","beaked:Tradeoff","beaked:Insight","beaked:Windmill","Doubt","beaked:Pecker","beaked:Devastation","beaked:Resilience","beaked:Daydream","beaked:WarriorEssence","beaked:Mantra","beaked:WarriorEssence+1","beaked:KnowThyFoe"],"relics":["beaked:MendingPlumage","NeowsBlessing","aspiration:StickyExplosives_weak","theForsaken:HumbleEgg","hubris:Backtick","Magic Flower"],"acts_visited":["Exordium","TheCity"],"potions_floor_usage":[10,16,16,18],"damage_taken":[{"damage":1,"enemies":"2 Louse","floor":1,"turns":2},{"damage":0,"enemies":"Jaw Worm","floor":2,"turns":1},{"damage":0,"enemies":"Small Slimes","floor":3,"turns":2},{"damage":40,"enemies":"conspire:MimicChest","floor":5,"turns":6},{"damage":6,"enemies":"Exordium Wildlife","floor":6,"turns":5},{"damage":18,"enemies":"Red Slaver","floor":7,"turns":6},{"damage":0,"enemies":"Large Slime","floor":10,"turns":6},{"damage":23,"enemies":"2 Fungi Beasts","floor":11,"turns":4},{"damage":38,"enemies":"Lots of Slimes","floor":12,"turns":6},{"damage":50,"enemies":"Slime Boss","floor":16,"turns":10},{"damage":64,"enemies":"2 Thieves","floor":18,"turns":3}],"seed_played":"6726485458507034014","potions_obtained":[{"floor":2,"key":"potionbrewer:EndurancePotion"},{"floor":6,"key":"Adrenaline Potion"},{"floor":11,"key":"potionbrewer:AcidPotion"},{"floor":12,"key":"DemoMod:LeadSkinPotion"},{"floor":16,"key":"bronze:BurnAndBuffPotion"}],"is_trial":false,"path_per_floor":["M","M","M","?","?","M","M","R","T","M","M","M","R","$","R","B",null,"M"],"character_chosen":"BEAKED_THE_CULTIST","items_purchased":["theForsaken:HumbleEgg","beaked:WarriorEssence+1"],"campfire_rested":3,"item_purchase_floors":[14,14],"current_hp_per_floor":[50,50,50,50,21,30,26,41,41,50,34,11,26,26,41,18,50,0,0],"gold":145,"neow_bonus":"THREE_ENEMY_KILL","is_daily":false,"chose_seed":false,"campfire_upgraded":0,"win_rate":0.0,"timestamp":1614302092,"path_taken":["M","M","M","?","?","M","M","R","T","M","M","M","R","$","R","BOSS","M"],"items_purchased_type":["Relic","Card"],"build_version":"2020-12-22","purchased_purges":0,"victory":false,"max_hp_per_floor":[50,50,50,50,50,50,50,50,50,50,50,50,50,50,50,50,50,50,50],"card_choices":[{"not_picked":["beaked:WarriorEssence","beaked:Tweet"],"picked":"beaked:Tradeoff","floor":1},{"not_picked":["beaked:TuckingFeathers","beaked:WarriorEssence"],"picked":"beaked:Insight","floor":2},{"not_picked":["beaked:DigDeep","beaked:Tweet"],"picked":"beaked:Windmill","floor":3},{"not_picked":["beaked:Redirect","beaked:Resilience"],"picked":"beaked:Pecker","floor":5},{"not_picked":["beaked:Tweet","beaked:Flinch"],"picked":"beaked:Devastation","floor":6},{"not_picked":["beaked:SurvivalInstinct","beaked:Tradeoff"],"picked":"beaked:Resilience","floor":7},{"not_picked":["beaked:FeelMyPain","beaked:Resilience"],"picked":"beaked:Daydream","floor":10},{"not_picked":["beaked:StunningBlow","beaked:Cower"],"picked":"beaked:WarriorEssence","floor":11},{"not_picked":["beaked:Brace","beaked:Windmill"],"picked":"beaked:Mantra","floor":12},{"not_picked":["ReplayTheSpireMod:Owlgaze","beaked:FullHouse"],"picked":"beaked:KnowThyFoe","floor":16}],"player_experience":582314,"relics_obtained":[{"floor":5,"key":"aspiration:StickyExplosives_weak"}],"event_choices":[{"damage_healed":0,"gold_gain":175,"player_choice":"AGREE","damage_taken":0,"max_hp_gain":0,"max_hp_loss":0,"event_name":"Liars Game","floor":4,"gold_loss":0,"cards_obtained":["Doubt"]}],"is_beta":false,"boss_relics":[{"not_picked":["Astrolabe","Runesmith:UraniumAnvil"],"picked":"hubris:Backtick"}],"items_purged_floors":[],"is_endless":false,"potions_floor_spawned":[2,6,11,12,16],"killed_by":"2 Thieves","ascension_level":0}}