{"host":"fhwr1fuluf6086fh","time":1614358022,"event":{"mods":["2.2 Compatiblity","Act Like it!","BaseMod","Colored Map","Elementarium","Minty Spire (QoL Compilation)","StSLib"],"gold_per_floor":[109,119,129,204,174,174,194,194,218,250,250,260,291,291,291,368,368,382,432,404,404,404,404],"floor_reached":22,"language":"ENG","playtime":1813,"items_purged":[],"score":374,"play_id":"9cf36552-e833-403f-ab4a-462676e5d9db","local_time":"20210226114702","is_ascension_mode":true,"campfire_choices":[{"data":"Dual Wield","floor":6,"key":"SMITH"},{"data":"Feed","floor":8,"key":"SMITH"},{"data":"Flex","floor":11,"key":"SMITH"},{"floor":15,"key":"REST"}],"circlet_count":0,"master_deck":["AscendersBane","Defend_R","Defend_R","Defend_R","Defend_R","Bash","Feed+1","Spot Weakness","Disarm","Dual Wield+1","Ghostly Armor","Whirlwind","Flex+1","Armaments","Disarm","Juggernaut","Flex","Fire Breathing","Bite","Bite","Bite","Bite","Bite"],"relics":["Burning Blood","Tiny Chest","Juzu Bracelet","Paper Frog","Black Star"],"acts_visited":["Exordium","TheCity"],"potions_floor_usage":[16,18,18,22],"damage_taken":[{"damage":10,"enemies":"Small Slimes","floor":1,"turns":3},{"damage":2,"enemies":"Jaw Worm","floor":2,"turns":3},{"damage":7,"enemies":"2 Louse","floor":3,"turns":3},{"damage":4,"enemies":"Looter","floor":5,"turns":4},{"damage":9,"enemies":"2 Fungi Beasts","floor":7,"turns":4},{"damage":30,"enemies":"Gremlin Nob","floor":10,"turns":5},{"damage":12,"enemies":"Exordium Wildlife","floor":12,"turns":5},{"damage":30,"enemies":"3 Sentries","floor":13,"turns":9},{"damage":19,"enemies":"Hexaghost","floor":16,"turns":15},{"damage":37,"enemies":"Spheric Guardian","floor":18,"turns":7},{"damage":51,"enemies":"2 Thieves","floor":20,"turns":5},{"damage":36,"enemies":"Snecko","floor":22,"turns":5}],"seed_played":"1060342220306276394","potions_obtained":[{"floor":3,"key":"Explosive Potion"},{"floor":10,"key":"LiquidMemories"},{"floor":16,"key":"SkillPotion"},{"floor":20,"key":"Weak Potion"}],"is_trial":false,"path_per_floor":["M","M","M","?","M","R","M","R","T","E","R","M","E","?","R","B",null,"M","?","M","?","M"],"character_chosen":"IRONCLAD","items_purchased":[],"campfire_rested":1,"item_purchase_floors":[],"current_hp_per_floor":[67,74,76,65,67,67,70,70,70,46,46,44,24,24,53,40,84,57,57,12,12,0,0],"gold":404,"neow_bonus":"ONE_RANDOM_RARE_CARD","is_daily":false,"chose_seed":false,"campfire_upgraded":3,"win_rate":0.0,"timestamp":1614358022,"path_taken":["M","M","M","?","M","R","M","R","T","E","R","M","E","?","R","BOSS","M","?","M","?","M"],"items_purchased_type":[],"build_version":"2020-12-22","purchased_purges":0,"victory":false,"max_hp_per_floor":[78,81,84,84,84,84,90,90,90,90,90,94,98,98,98,98,98,102,102,102,71,71,71],"card_choices":[{"not_picked":["Armaments","Burning Pact"],"picked":"Spot Weakness","floor":1},{"not_picked":["Uppercut","Sword Boomerang"],"picked":"Disarm","floor":2},{"not_picked":["Clash","Twin Strike"],"picked":"Dual Wield","floor":3},{"not_picked":["Perfected Strike","Flex"],"picked":"Ghostly Armor","floor":5},{"not_picked":["Dropkick","Pommel Strike"],"picked":"Whirlwind","floor":7},{"not_picked":["Clash","Dark Embrace"],"picked":"Flex","floor":10},{"not_picked":["Intimidate","Shrug It Off"],"picked":"Armaments","floor":12},{"not_picked":["Bludgeon","Havoc"],"picked":"Disarm","floor":13},{"not_picked":["Feed","Double Tap"],"picked":"Juggernaut","floor":16},{"not_picked":["Warcry","Hemokinesis+1"],"picked":"Flex","floor":18},{"not_picked":["Sever Soul","Flex"],"picked":"Fire Breathing","floor":20}],"player_experience":907388,"relics_obtained":[{"floor":9,"key":"Tiny Chest"},{"floor":10,"key":"Juzu Bracelet"},{"floor":13,"key":"Paper Frog"}],"event_choices":[{"damage_healed":0,"gold_gain":75,"player_choice":"Gather Gold","damage_taken":11,"max_hp_gain":0,"max_hp_loss":0,"event_name":"World of Goop","floor":4,"gold_loss":0},{"damage_healed":0,"gold_gain":0,"player_choice":"Ignored","damage_taken":0,"max_hp_gain":0,"max_hp_loss":0,"event_name":"Liars Game","floor":14,"gold_loss":0},{"damage_healed":0,"gold_gain":50,"player_choice":"Stole From Cult","damage_taken":0,"max_hp_gain":0,"max_hp_loss":0,"event_name":"Nest","floor":19,"gold_loss":0},{"damage_healed":0,"gold_gain":0,"player_choice":"Became a vampire","damage_taken":0,"max_hp_gain":0,"max_hp_loss":31,"event_name":"Vampires","floor":21,"gold_loss":0,"cards_obtained":["Bite","Bite","Bite","Bite","Bite"]}],"is_beta":false,"boss_relics":[{"not_picked":["Coffee Dripper","Tiny House"],"picked":"Black Star"}],"items_purged_floors":[],"is_endless":false,"potions_floor_spawned":[3,10,12,13,16,20],"killed_by":"Snecko","ascension_level":16}}