{"host":"mg3e76uznu9x14du","time":1614383162,"event":{"mods":["BaseMod","Better Note","Colored Map","Dio Mod","Downfall","Minty Spire (QoL Compilation)","Permanent Neow","Relic Stats","Spire Arcade","StSLib","The Wild Card","Together in Spire","Waifu the Spire","everything is the same but u backflip on backflip"],"gold_per_floor":[99,114,134,164,176,176,176,210,10,45,45,65,50,76,95,191,191,191,211,224,224,179,207,207,54,78,115,149,249,294,75,112,235,280,189,238,315,353,353,396,396,396,421,421,491,293,293,29,62,62,62,62,62,62],"floor_reached":52,"language":"ENG","playtime":6291,"items_purged":["sneckomod:TailWhip","hexamod:SixthSeal","sneckomod:PureSnecko"],"score":1004,"play_id":"ce05b249-745f-4e78-9e0b-62cbaff135fc","local_time":"20210226184602","is_ascension_mode":true,"campfire_choices":[{"data":"sneckomod:UnknownRareSkill","floor":1.0,"key":"SMITH"},{"floor":6.0,"key":"RECALL"},{"data":"sneckomod:SnekBite","floor":9.0,"key":"SMITH"},{"floor":11.0,"key":"REST"},{"data":"sneckomod:MorePower","floor":18.0,"key":"SMITH"},{"data":"sneckomod:PureSnecko","floor":42,"key":"SMITH"},{"data":"Slimebound:DuplicatedForm","floor":44,"key":"SMITH"}],"circlet_count":0,"master_deck":["sneckomod:SnekBite+1","sneckomod:UnknownRareSkill+1","sneckomod:UnknownCommonAttack+1","sneckomod:UnknownDraw","sneckomod:SnakeSap+1","sneckomod:UnknownDraw+1","sneckomod:UnknownX+1","sneckomod:Unknown0Cost+1","sneckomod:Unknown2Cost+1","sneckomod:SerpentMind","sneckomod:UnknownRareAttack+1","sneckomod:DiceBlock","sneckomod:Cheat","sneckomod:UnlimitedRolls+1","sneckomod:PureSnecko+1","sneckomod:MorePower+1","sneckomod:UnknownRareSkill+1","sneckomod:UnknownClassHEXA_GHOST_PURPLE+1","sneckomod:Unknown0Cost+1","sneckomod:UnknownCommonSkill+1","sneckomod:UnknownX+1","sneckomod:UnknownBoss+1","sneckomod:SnekBite+1","sneckomod:UnknownRarePower+1","sneckomod:Unknown0Cost+1","sneckomod:UnknownStrike+1","sneckomod:UnknownClassBLUE+1","sneckomod:UnlimitedRolls+1","Ghostly+1","Ghostly","Ghostly","Ghostly+1","Ghostly","sneckomod:UnknownX+1","sneckomod:UnknownRareAttack+1","sneckomod:UnknownDexterity+1","sneckomod:UnknownRarePower+1","sneckomod:UnknownClassSLIMEBOUND+1","sneckomod:UnknownClassSLIMEBOUND+1","sneckomod:UnknownClassSLIMEBOUND+1","sneckomod:UnknownClassSLIMEBOUND+1","sneckomod:UnknownClassSLIMEBOUND+1","hexamod:RainOfEmbers+1","Slimebound:DuplicatedForm+1","sneckomod:UnknownStrength+1","hexamod:ThirdSeal","sneckomod:SnekBeam+1","Slimebound:RollThrough","sneckomod:UnknownExhaust+1","sneckomod:UnknownCommonAttack+1","Slimebound:Darklings","sneckomod:UnknownRareAttack+1","sneckomod:UnknownRareAttack+1","sneckomod:SnakeSap","sneckomod:UnknownClassHEXA_GHOST_PURPLE+1","sneckomod:UnknownUncommonPower+1","Slimebound:SplitSpecialist","sneckomod:MasterEye"],"relics":["sneckomod:SneckoSoul","Smiling Mask","Meat on the Bone","sneckomod:UnknownEgg","downfall:HeartBlessingRed","downfall:HeartBlessingGreen","Nunchaku","Omamori","Pandora\u0027s Box","sneckomod:BlankCard","DollysMirror","Bottled Lightning","Chemical X","CeramicFish","Pen Nib","sneckomod:SneckoBoss","downfall:HeartBlessingBlue","Dead Branch","Torii","Juzu Bracelet","Guardian:BottledAnomaly","Toolbox"],"acts_visited":["Exordium","TheCity","TheBeyond","TheEnding"],"potions_floor_usage":[33,38,40,49,50,50],"damage_taken":[{"damage":1.0,"enemies":"Cultist","floor":2.0,"turns":4.0},{"damage":8.0,"enemies":"2 Louse","floor":3.0,"turns":2.0},{"damage":1.0,"enemies":"Jaw Worm","floor":5.0,"turns":3.0},{"damage":30.0,"enemies":"3 Sentries","floor":8.0,"turns":6.0},{"damage":13.0,"enemies":"Lagavulin","floor":10.0,"turns":3.0},{"damage":3.0,"enemies":"Exordium Thugs","floor":12.0,"turns":3.0},{"damage":0.0,"enemies":"downfall:FleeingMerchant","floor":13.0,"turns":4.0},{"damage":6.0,"enemies":"3 Sentries","floor":14.0,"turns":6.0},{"damage":5.0,"enemies":"downfall:LooterAlt","floor":15.0,"turns":2.0},{"damage":40.0,"enemies":"DF_ARCHETYPE_STREAMLINE","floor":16.0,"turns":7.0},{"damage":6.0,"enemies":"3 Byrds","floor":19.0,"turns":4.0},{"damage":12.0,"enemies":"Spheric Guardian","floor":20.0,"turns":2.0},{"damage":0.0,"enemies":"downfall:FleeingMerchant","floor":22.0,"turns":3.0},{"damage":37.0,"enemies":"Slavers","floor":23.0,"turns":4.0},{"damage":0.0,"enemies":"Centurion and Healer","floor":27.0,"turns":4.0},{"damage":13.0,"enemies":"Cultist and Chosen","floor":28.0,"turns":4.0},{"damage":16.0,"enemies":"Snake Plant","floor":32.0,"turns":3.0},{"damage":0,"enemies":"SI_MIRROR_ARCHETYPE","floor":33,"turns":7},{"damage":2,"enemies":"Orb Walker","floor":36,"turns":4},{"damage":1,"enemies":"Orb Walker","floor":37,"turns":4},{"damage":0,"enemies":"3 Shapes","floor":38,"turns":1},{"damage":13,"enemies":"Nemesis","floor":40,"turns":7},{"damage":0,"enemies":"Writhing Mass","floor":43,"turns":3},{"damage":0,"enemies":"Jaw Worm Horde","floor":49,"turns":2},{"damage":46,"enemies":"IC_BLOCK_ARCHETYPE","floor":50,"turns":5},{"damage":55,"enemies":"downfall:CharBossMerchant","floor":52,"turns":3}],"seed_played":"-3357900473756438475","potions_obtained":[{"floor":2.0,"key":"LiquidMemories"},{"floor":5.0,"key":"ColorlessPotion"},{"floor":15.0,"key":"Swift Potion"},{"floor":20.0,"key":"Dexterity Potion"},{"floor":27.0,"key":"Dexterity Potion"},{"floor":28.0,"key":"EssenceOfSteel"},{"floor":37,"key":"SneckoOil"},{"floor":38,"key":"Energy Potion"},{"floor":43,"key":"PowerPotion"},{"floor":45,"key":"Block Potion"},{"floor":49,"key":"Regen Potion"}],"is_trial":false,"path_per_floor":["R","M","M","?","M","R","T","E","R","E","R","M","$","E","M","B",null,"R","M","M","?","$","E","T","$","T","M","M","?","?","$","M","B",null,"R","M","?","M","?","E","T","R","M","R","?","$","?","$","M","B",null,"E"],"character_chosen":"THE_SNECKO","items_purchased":["sneckomod:BlankCard","DollysMirror","Chemical X","sneckomod:UnknownX+1","Pen Nib","Guardian:BottledAnomaly","Toolbox","sneckomod:UnknownUncommonPower+1"],"campfire_rested":1,"item_purchase_floors":[22,22,25,31,31,46,48,48],"current_hp_per_floor":[63,62,54,54,53,53,53,35,35,34,61,58,58,52,47,19,90,90,84,72,72,72,47,47,47,47,47,46,46,45,45,29,29,45,55,53,52,52,52,52,52,52,52,52,52,52,44,44,44,37,55,0,0,0],"gold":62,"neow_bonus":"THREE_RARE_CARDS","is_daily":false,"chose_seed":false,"campfire_upgraded":5,"win_rate":0.0,"timestamp":1614383162,"path_taken":["R","M","M","?","M","R","T","E","R","E","R","M","$","E","M","BOSS","R","M","M","?","$","E","T","?","?","M","?","?","?","$","M","BOSS","R","M","?","M","?","E","T","R","M","R","?","$","?","$","M","BOSS","E"],"items_purchased_type":["Relic","Relic","Relic","Card","Relic","Relic","Relic","Card"],"build_version":"2020-12-22","purchased_purges":3,"victory":false,"max_hp_per_floor":[90,90,90,90,90,90,90,90,90,90,90,90,90,90,90,90,90,90,90,90,90,90,90,90,90,90,90,90,90,45,45,45,45,45,55,55,55,55,55,55,55,55,55,55,55,55,55,55,55,55,55,55,55,55],"relic_stats":{"Nunchaku":[20],"Torii":0,"counters":[26,100],"CeramicFish":315,"Dead Branch":[121],"Pandora\u0027s Box":["sneckomod:DiceBlock","sneckomod:PureSnecko","sneckomod:Cheat","sneckomod:UnlimitedRolls","sneckomod:PureSnecko","sneckomod:MorePower"],"Pen Nib":[9],"Juzu Bracelet":0,"Chemical X":[21],"Smiling Mask":150,"obtain_stats":[{"downfall:HeartBlessingRed":9,"Torii":40,"sneckomod:UnknownEgg":8,"sneckomod:BlankCard":22,"CeramicFish":26,"Dead Branch":37,"downfall:HeartBlessingGreen":9,"Pen Nib":31,"Omamori":14,"Juzu Bracelet":41,"sneckomod:SneckoSoul":0,"Smiling Mask":4,"Nunchaku":10,"DollysMirror":22,"downfall:HeartBlessingBlue":35,"Toolbox":48,"Pandora\u0027s Box":17,"Bottled Lightning":23,"Chemical X":25,"Guardian:BottledAnomaly":46,"Meat on the Bone":7,"sneckomod:SneckoBoss":34},{"downfall:HeartBlessingRed":4,"Torii":22,"sneckomod:UnknownEgg":4,"sneckomod:BlankCard":13,"CeramicFish":14,"Dead Branch":20,"downfall:HeartBlessingGreen":4,"Pen Nib":16,"Omamori":8,"Juzu Bracelet":22,"sneckomod:SneckoSoul":0,"Smiling Mask":2,"Nunchaku":5,"DollysMirror":13,"downfall:HeartBlessingBlue":18,"Toolbox":23,"Pandora\u0027s Box":10,"Bottled Lightning":14,"Chemical X":14,"Guardian:BottledAnomaly":23,"Meat on the Bone":3,"sneckomod:SneckoBoss":18},{"downfall:HeartBlessingRed":15,"Torii":87,"sneckomod:UnknownEgg":15,"sneckomod:BlankCard":49,"CeramicFish":53,"Dead Branch":79,"downfall:HeartBlessingGreen":15,"Pen Nib":61,"Omamori":31,"Juzu Bracelet":87,"sneckomod:SneckoSoul":0,"Smiling Mask":6,"Nunchaku":18,"DollysMirror":49,"downfall:HeartBlessingBlue":71,"Toolbox":90,"Pandora\u0027s Box":40,"Bottled Lightning":53,"Chemical X":53,"Guardian:BottledAnomaly":90,"Meat on the Bone":9,"sneckomod:SneckoBoss":71}],"Meat on the Bone":72},"card_choices":[{"not_picked":["sneckomod:Unknown3Cost","sneckomod:UnknownBoss"],"picked":"sneckomod:UnknownRareSkill","floor":0.0},{"not_picked":["sneckomod:SerpentIdol","sneckomod:Nope"],"picked":"sneckomod:UnknownCommonSkill","floor":2.0},{"not_picked":["sneckomod:UnknownCommonSkill","sneckomod:UnknownBlock"],"picked":"sneckomod:UnknownCommonAttack","floor":3.0},{"not_picked":["sneckomod:QuickBite","sneckomod:DiceBlock"],"picked":"sneckomod:UnknownDraw","floor":5.0},{"not_picked":["sneckomod:SoulExchange","sneckomod:DiceCrush"],"picked":"sneckomod:SnakeSap","floor":8.0},{"not_picked":["sneckomod:QuickBite","sneckomod:WideSting"],"picked":"sneckomod:UnknownDraw+1","floor":10.0},{"not_picked":["sneckomod:UnknownStrike+1","sneckomod:Memorize"],"picked":"sneckomod:UnknownX+1","floor":12.0},{"not_picked":["sneckomod:SoulRoll","sneckomod:WideSting"],"picked":"sneckomod:Unknown0Cost+1","floor":13.0},{"not_picked":["sneckomod:DiceCrush","sneckomod:WideSting"],"picked":"sneckomod:Unknown2Cost+1","floor":14.0},{"not_picked":["sneckomod:UnknownCommonAttack+1","sneckomod:DiceCrush"],"picked":"sneckomod:SerpentMind","floor":15.0},{"not_picked":["sneckomod:Cheat","sneckomod:DangerNoodle"],"picked":"sneckomod:UnknownRareAttack+1","floor":16.0},{"not_picked":["sneckomod:UnknownCommonAttack+1","sneckomod:UnknownColorless+1"],"picked":"sneckomod:UnknownRareSkill+1","floor":19.0},{"not_picked":["sneckomod:UnknownUncommonSkill+1","sneckomod:UnknownCommonAttack+1"],"picked":"sneckomod:UnknownClassHEXA_GHOST_PURPLE+1","floor":19.0},{"not_picked":["sneckomod:UnknownExhaust+1","sneckomod:UnknownRareSkill+1"],"picked":"sneckomod:Unknown0Cost+1","floor":20.0},{"not_picked":["sneckomod:Nope","sneckomod:SerpentIdol"],"picked":"sneckomod:UnknownCommonSkill+1","floor":20.0},{"not_picked":["sneckomod:UnknownClassSLIMEBOUND+1","sneckomod:UnknownDexterity+1"],"picked":"sneckomod:UnknownX+1","floor":22.0},{"not_picked":["sneckomod:DiceCrush","sneckomod:UnknownCommonAttack+1"],"picked":"sneckomod:UnknownBoss+1","floor":22.0},{"not_picked":["sneckomod:UnknownRareAttack+1","sneckomod:UnknownX+1"],"picked":"sneckomod:UnknownRarePower+1","floor":23.0},{"not_picked":["sneckomod:ImprovisedAttack+1","sneckomod:Nope"],"picked":"sneckomod:Unknown0Cost+1","floor":23.0},{"not_picked":["sneckomod:UnknownUncommonSkill+1","sneckomod:UnknownRareSkill+1"],"picked":"sneckomod:UnknownStrike+1","floor":27.0},{"not_picked":["sneckomod:SoulDraw","sneckomod:UnknownBlock+1"],"picked":"sneckomod:UnknownClassBLUE+1","floor":27.0},{"not_picked":["hexamod:FourthSeal","hexamod:ThirdSeal"],"picked":"hexamod:SixthSeal","floor":28.0},{"not_picked":["sneckomod:Nope","sneckomod:QuickBite"],"picked":"sneckomod:UnlimitedRolls","floor":28.0},{"not_picked":["sneckomod:UnknownUncommonSkill+1","sneckomod:UnknownUncommonPower+1"],"picked":"sneckomod:UnknownRareAttack+1","floor":32.0},{"not_picked":["sneckomod:DiceBlock","sneckomod:SnakeSap"],"picked":"sneckomod:UnknownDexterity+1","floor":32.0},{"not_picked":["sneckomod:Unknown1Cost+1","sneckomod:UnknownCommonAttack+1"],"picked":"sneckomod:UnknownX+1","floor":33},{"not_picked":["sneckomod:SoulExchange","sneckomod:Cheat"],"picked":"sneckomod:UnknownRarePower+1","floor":33},{"not_picked":["Slimebound:SplitLeeching","Slimebound:TagTeam"],"picked":"Slimebound:DuplicatedForm","floor":36},{"not_picked":["sneckomod:Unknown0Cost+1","sneckomod:UnknownCommonSkill+1"],"picked":"sneckomod:UnknownStrength+1","floor":36},{"not_picked":["hexamod:SixthSeal","hexamod:SecondSeal"],"picked":"hexamod:ThirdSeal","floor":36},{"not_picked":["sneckomod:SoulRoll","sneckomod:Rotation+1"],"picked":"sneckomod:SnekBeam+1","floor":36},{"not_picked":["Slimebound:DuplicatedForm","Slimebound:TongueLash"],"picked":"Slimebound:RollThrough","floor":37},{"not_picked":["sneckomod:Unknown0Cost+1","sneckomod:UnknownUncommonSkill+1"],"picked":"sneckomod:UnknownExhaust+1","floor":37},{"not_picked":["sneckomod:SoulDraw","sneckomod:UnknownCommonSkill+1"],"picked":"sneckomod:UnknownCommonAttack+1","floor":37},{"not_picked":["Slimebound:LeechLife","Slimebound:FirmFortitude"],"picked":"Slimebound:Darklings","floor":38},{"not_picked":["sneckomod:UnknownDraw+1","sneckomod:UnknownCommonAttack+1"],"picked":"sneckomod:UnknownRareAttack+1","floor":38},{"not_picked":["sneckomod:UnknownStrength+1","sneckomod:UnknownClassHEXA_GHOST_PURPLE+1"],"picked":"sneckomod:UnknownRareAttack+1","floor":40},{"not_picked":["sneckomod:DiceBlock","sneckomod:DefensiveFlair"],"picked":"sneckomod:SnakeSap","floor":40},{"not_picked":["sneckomod:DefensiveFlair","sneckomod:Cheat"],"picked":"sneckomod:UnknownClassHEXA_GHOST_PURPLE+1","floor":43},{"not_picked":["Slimebound:Equalize","Slimebound:SamplingLick"],"picked":"Slimebound:SplitSpecialist","floor":49},{"not_picked":["sneckomod:SoulDraw+1","sneckomod:QuickBite+1"],"picked":"sneckomod:MasterEye","floor":49}],"player_experience":544608,"relics_obtained":[{"floor":7.0,"key":"Meat on the Bone"},{"floor":8.0,"key":"sneckomod:UnknownEgg"},{"floor":10.0,"key":"Nunchaku"},{"floor":14.0,"key":"Omamori"},{"floor":23.0,"key":"Bottled Lightning"},{"floor":26.0,"key":"CeramicFish"},{"floor":37,"key":"Dead Branch"},{"floor":40,"key":"Torii"},{"floor":41,"key":"Juzu Bracelet"}],"event_choices":[{"damage_healed":0.0,"max_hp_gain":0.0,"max_hp_loss":45.0,"gold_gain":0.0,"event_name":"Ghosts","player_choice":"Became a Ghost","floor":30.0,"gold_loss":0.0,"damage_taken":0.0,"cards_obtained":["Ghostly","Ghostly","Ghostly","Ghostly","Ghostly"]}],"is_beta":false,"boss_relics":[{"not_picked":["SacredBark","Runic Pyramid"],"picked":"Pandora\u0027s Box"},{"not_picked":["Fusion Hammer","Cursed Key"],"picked":"sneckomod:SneckoBoss"}],"items_purged_floors":[22,46,48],"is_endless":false,"potions_floor_spawned":[2,5,15,20,27,28,37,38,43,49],"killed_by":"downfall:CharBossMerchant","ascension_level":3}}