{"host":"mj8akmyfd5lo602f","time":1614299678,"event":{"mods":["2.2 Compatiblity","Act Like it!","BaseMod","Bestiary","BshForSts","Colored Map","Colored Powertips","Downfall","Highlight Path","Koishi","Minty Spire (QoL Compilation)","Permanent Neow","Relic Stats","StSLib","The Marked"],"gold_per_floor":[99,114,114,134,148,174,174,191,209,209,240,140,159,34,47,148,148,148,160,179,124,134,148,148,181,201,201,101,116,145,159,176,280,280,180,180,198,218,316,342,342,342,358,378,394,422,422,456,466,466,466,500,22,22,22,22],"floor_reached":57,"language":"ENG","playtime":6074,"items_purged":[],"score":1427,"play_id":"5bd028a1-9e19-456b-a53c-b1b8d2a5e384","local_time":"20210226003438","is_ascension_mode":false,"campfire_choices":[{"data":"Koishi:Ego","floor":1.0,"key":"SMITH"},{"data":"Koishi:ReleaseOfTheId","floor":10.0,"key":"SMITH"},{"data":"Koishi:Heartbroken","floor":12.0,"key":"SMITH"},{"data":"Koishi:StrangeCloudFist","floor":18.0,"key":"SMITH"},{"floor":28.0,"key":"RECALL"},{"data":"Koishi:UnconsciousUrges","floor":35.0,"key":"SMITH"},{"floor":47,"key":"REST"},{"data":"Koishi:Possession","floor":54,"key":"SMITH"}],"circlet_count":0,"master_deck":["Koishi:BasicStrike","Koishi:BasicStrike","Koishi:BasicStrike","Koishi:BasicStrike","Koishi:BasicDefend","Koishi:BasicDefend","Koishi:BasicDefend","Koishi:BasicDefend","Koishi:Provoke","Koishi:HauntingSlash","Koishi:Ego+1","Koishi:PhantomBarrier","Koishi:Provoke","Koishi:UnconsciousUrges+1","Koishi:Whimsy","Koishi:Heartbroken+1","Koishi:ReleaseOfTheId+1","Koishi:SprinkleStarAndHeart","Koishi:StrangeCloudFist+1","Koishi:FidgetySnatcher","Koishi:LastRemote","Koishi:UnconsciousUrges","Koishi:SilentAndRestless","Koishi:SubterraneanRose","Koishi:ConfinedInnocent","Koishi:SprinkleStarAndHeart","Koishi:Possession+1","Koishi:MentalBreakdown","Koishi:SubconsciousSweep","Koishi:SubterraneanRose+1","Koishi:Whimsy","Koishi:ReleaseOfTheId+1","Koishi:FadingMemory","expansioncontent:AwakenDeath+1"],"relics":["Koishi:ImaginaryFriend","Matryoshka","Shuriken","Mummified Hand","HornCleat","downfall:HeartBlessingGreen","Philosopher\u0027s Stone","Sundial","Orichalcum","downfall:HeartBlessingBlue","Smiling Mask","Runic Pyramid","downfall:HeartBlessingRed","Guardian:PocketSentry","Gremlin Horn","MealTicket","Gambling Chip","Koishi:LettersToReimu","Pantograph","Happy Flower","champ:Barbells"],"acts_visited":["Exordium","TheCity","TheBeyond","TheEnding"],"potions_floor_usage":[46,49,52,56,56,56],"damage_taken":[{"damage":11.0,"enemies":"Jaw Worm","floor":2.0,"turns":5.0},{"damage":3.0,"enemies":"Cultist","floor":4.0,"turns":6.0},{"damage":5.0,"enemies":"2 Louse","floor":5.0,"turns":7.0},{"damage":11.0,"enemies":"Lagavulin","floor":6.0,"turns":10.0},{"damage":2.0,"enemies":"2 Fungi Beasts","floor":8.0,"turns":5.0},{"damage":2.0,"enemies":"Exordium Thugs","floor":9.0,"turns":7.0},{"damage":2.0,"enemies":"Gremlin Nob","floor":11.0,"turns":5.0},{"damage":8.0,"enemies":"Lots of Slimes","floor":13.0,"turns":3.0},{"damage":0.0,"enemies":"downfall:FleeingMerchant","floor":14.0,"turns":4.0},{"damage":0.0,"enemies":"2 Fungi Beasts","floor":15.0,"turns":4.0},{"damage":6.0,"enemies":"IC_STATUS_ARCHETYPE","floor":16.0,"turns":9.0},{"damage":0.0,"enemies":"Shell Parasite","floor":19.0,"turns":3.0},{"damage":6.0,"enemies":"Chosen","floor":20.0,"turns":5.0},{"damage":0.0,"enemies":"downfall:FleeingMerchant","floor":21.0,"turns":4.0},{"damage":1.0,"enemies":"Snake Plant","floor":22.0,"turns":6.0},{"damage":3.0,"enemies":"Cultist and Chosen","floor":23.0,"turns":5.0},{"damage":4.0,"enemies":"Slavers","floor":25.0,"turns":5.0},{"damage":0.0,"enemies":"3 Cultists","floor":26.0,"turns":4.0},{"damage":16.0,"enemies":"Centurion and Healer","floor":29.0,"turns":6.0},{"damage":10.0,"enemies":"Gremlin Leader","floor":30.0,"turns":5.0},{"damage":9.0,"enemies":"Snake Plant","floor":31.0,"turns":3.0},{"damage":3.0,"enemies":"Cultist and Chosen","floor":32.0,"turns":5.0},{"damage":18.0,"enemies":"DF_ARCHETYPE_CLAW","floor":33.0,"turns":8.0},{"damage":10,"enemies":"Orb Walker","floor":37,"turns":5},{"damage":12,"enemies":"3 Shapes","floor":38,"turns":5},{"damage":0,"enemies":"downfall:FleeingMerchant","floor":39,"turns":5},{"damage":4,"enemies":"Giant Head","floor":40,"turns":6},{"damage":4,"enemies":"Spire Growth","floor":43,"turns":5},{"damage":1,"enemies":"4 Shapes","floor":44,"turns":5},{"damage":13,"enemies":"Writhing Mass","floor":45,"turns":6},{"damage":6,"enemies":"Reptomancer","floor":46,"turns":5},{"damage":0,"enemies":"Giant Head","floor":48,"turns":7},{"damage":0,"enemies":"Maw","floor":49,"turns":8},{"damage":0,"enemies":"SI_POISON_ARCHETYPE","floor":50,"turns":12},{"damage":0,"enemies":"downfall:CharBossMerchant","floor":52,"turns":6},{"damage":29,"enemies":"downfall:NeowBoss","floor":55,"turns":17},{"damage":0,"enemies":"downfall:NeowBossFinal","floor":56,"turns":10}],"seed_played":"-8789176243078236476","potions_obtained":[{"floor":2.0,"key":"bronze:BurnAndBuffPotion"},{"floor":4.0,"key":"Strength Potion"},{"floor":6.0,"key":"SkillPotion"},{"floor":13.0,"key":"Ancient Potion"},{"floor":16.0,"key":"Slimebound:ThreeZeroPotion"},{"floor":20.0,"key":"Explosive Potion"},{"floor":25.0,"key":"SpeedPotion"},{"floor":30.0,"key":"AttackPotion"},{"floor":31.0,"key":"CultistPotion"},{"floor":32.0,"key":"BlessingOfTheForge"},{"floor":33.0,"key":"Strength Potion"},{"floor":40,"key":"Ancient Potion"},{"floor":46,"key":"Dexterity Potion"},{"floor":49,"key":"DistilledChaos"},{"floor":52,"key":"SmokeBomb"}],"is_trial":false,"path_per_floor":["R","M","?","M","M","E","T","M","M","R","E","R","M","$","M","B",null,"R","M","M","$","M","M","T","E","M","?","R","M","E","M","M","B",null,"R","?","M","M","$","E","T","$","M","M","M","E","R","E","M","B",null,"E","$","R","B","B",null],"character_chosen":"KOISHI","items_purchased":["Koishi:LastRemote","Koishi:UnconsciousUrges","Koishi:HeartAttack","Regen Potion","Guardian:PocketSentry","expansioncontent:AwakenDeath","EssenceOfSteel","Happy Flower","champ:Barbells"],"campfire_rested":1,"item_purchase_floors":[14,14,21,39,39,53,53,53,53],"current_hp_per_floor":[54,46,46,45,42,35,35,35,34,34,33,33,25,25,26,22,54,54,54,49,49,48,46,46,43,44,44,54,39,30,22,20,5,64,64,64,55,44,45,42,42,57,54,54,42,37,56,57,59,61,64,64,64,64,36,64],"gold":22,"neow_bonus":"THREE_RARE_CARDS","is_daily":false,"chose_seed":false,"campfire_upgraded":6,"win_rate":0.0,"timestamp":1614299678,"path_taken":["R","M","?","M","M","E","T","M","M","R","E","R","M","?","M","BOSS","R","M","M","$","M","M","T","E","M","?","R","M","E","M","M","BOSS","R","?","M","M","$","E","T","?","M","M","M","E","R","E","M","BOSS","E","$","R","BOSS","BOSS"],"items_purchased_type":["Card","Card","Card","Potion","Relic","Card","Potion","Relic","Relic"],"build_version":"2020-12-22","purchased_purges":0,"victory":true,"max_hp_per_floor":[54,54,54,54,54,54,54,54,54,54,54,54,54,54,54,54,54,54,54,54,54,54,54,54,54,54,54,64,64,64,64,64,64,64,64,64,64,64,64,64,64,64,64,64,64,64,64,64,64,64,64,64,64,64,64,64],"relic_stats":{"Gremlin Horn":[11,11],"Happy Flower":[9],"counters":[37,224],"Shuriken":[41],"Mummified Hand":[173],"Sundial":[12],"Gambling Chip":[4],"Pantograph":25,"MealTicket":15,"Orichalcum":[102],"Smiling Mask":0,"obtain_stats":[{"champ:Barbells":53,"downfall:HeartBlessingRed":35,"Gremlin Horn":40,"Happy Flower":53,"downfall:HeartBlessingGreen":12,"Guardian:PocketSentry":39,"Orichalcum":25,"Smiling Mask":30,"Matryoshka":6,"HornCleat":11,"Shuriken":7,"Mummified Hand":7,"Sundial":24,"downfall:HeartBlessingBlue":28,"Gambling Chip":46,"Pantograph":52,"Philosopher\u0027s Stone":17,"MealTicket":41,"Koishi:ImaginaryFriend":0,"Runic Pyramid":34,"Koishi:LettersToReimu":48},{"champ:Barbells":35,"downfall:HeartBlessingRed":23,"Gremlin Horn":27,"Happy Flower":35,"downfall:HeartBlessingGreen":7,"Guardian:PocketSentry":26,"Orichalcum":17,"Smiling Mask":20,"Matryoshka":4,"HornCleat":7,"Shuriken":4,"Mummified Hand":4,"Sundial":16,"downfall:HeartBlessingBlue":18,"Gambling Chip":31,"Pantograph":35,"Philosopher\u0027s Stone":11,"MealTicket":27,"Koishi:ImaginaryFriend":0,"Runic Pyramid":23,"Koishi:LettersToReimu":32},{"champ:Barbells":197,"downfall:HeartBlessingRed":124,"Gremlin Horn":145,"Happy Flower":197,"downfall:HeartBlessingGreen":45,"Guardian:PocketSentry":139,"Orichalcum":93,"Smiling Mask":108,"Matryoshka":28,"HornCleat":45,"Shuriken":28,"Mummified Hand":28,"Sundial":88,"downfall:HeartBlessingBlue":97,"Gambling Chip":165,"Pantograph":197,"Philosopher\u0027s Stone":65,"MealTicket":145,"Koishi:ImaginaryFriend":0,"Runic Pyramid":124,"Koishi:LettersToReimu":172}]},"card_choices":[{"not_picked":["Koishi:RoseHell","Koishi:RuptureMind"],"picked":"Koishi:Ego","floor":0.0},{"not_picked":["Koishi:Prune","Koishi:EmbryosDream"],"picked":"Koishi:PhantomBarrier","floor":2.0},{"not_picked":["Koishi:MassHysteria","Koishi:MindNumbingTerror"],"picked":"Koishi:UnconsciousUrges","floor":4.0},{"not_picked":["Koishi:HeartfeltFancy","Koishi:StingingMind"],"picked":"Koishi:Whimsy","floor":5.0},{"not_picked":["Koishi:UnansweredLove","Koishi:Prune"],"picked":"Koishi:Heartbroken","floor":6.0},{"not_picked":["Koishi:HeartfeltFancy","Koishi:SprinkleStarAndHeart"],"picked":"Koishi:ReleaseOfTheId","floor":8.0},{"not_picked":["Koishi:PhantomStrike","Koishi:ReflexRadar"],"picked":"Koishi:SprinkleStarAndHeart","floor":9.0},{"not_picked":["Koishi:RacingHeart","Koishi:DreadfulBlow","Koishi:CatchAndRose"],"picked":"SKIP","floor":11.0},{"not_picked":["Koishi:PhantomStrike","Koishi:DreadfulBlow"],"picked":"Koishi:StrangeCloudFist","floor":13.0},{"not_picked":["Koishi:FadingMemory","Koishi:UnansweredLove"],"picked":"Koishi:FidgetySnatcher","floor":14.0},{"not_picked":["Koishi:BloodcurdlingScream","Koishi:Vanish","Koishi:GhostParty"],"picked":"SKIP","floor":15.0},{"not_picked":["Koishi:ConfinedInnocent","Koishi:Ego"],"picked":"Koishi:SilentAndRestless","floor":16.0},{"not_picked":["Koishi:Prune+1","Koishi:GhostParty"],"picked":"Koishi:SubterraneanRose","floor":19.0},{"not_picked":["Koishi:PhantomBarrier","Koishi:UnansweredLove","Koishi:Prune"],"picked":"SKIP","floor":20.0},{"not_picked":["Koishi:TraumaticStroke","Koishi:SubterraneanRose","Koishi:HeartfeltFancy"],"picked":"SKIP","floor":21.0},{"not_picked":["Koishi:PhantomBarrier","Koishi:EmbryosDream"],"picked":"Koishi:ConfinedInnocent","floor":22.0},{"not_picked":["Koishi:ParalyzingFear","Koishi:JumpScare","Koishi:TremblingHands+1"],"picked":"SKIP","floor":23.0},{"not_picked":["Koishi:DreadfulBlow+1","Koishi:JumpScare+1","Koishi:EmbersOfLove"],"picked":"SKIP","floor":25.0},{"not_picked":["Koishi:FidgetySnatcher","Koishi:StingingMind","Koishi:RacingHeart+1"],"picked":"SKIP","floor":26.0},{"not_picked":["Koishi:SubterraneanRose","Koishi:Prune"],"picked":"Koishi:SprinkleStarAndHeart","floor":29.0},{"not_picked":["Koishi:ParalyzingFear","Koishi:HeartStoppingHorror","Koishi:FleetingPhantom+1"],"picked":"SKIP","floor":30.0},{"not_picked":["Koishi:JumpScare","Koishi:DanmakuParanoia"],"picked":"Koishi:Possession","floor":31.0},{"not_picked":["Koishi:CatchAndRose","Koishi:EmbryosDream","Koishi:PhantomStrike+1"],"picked":"SKIP","floor":32.0},{"not_picked":["Koishi:ImGoingToCallYouNow","Koishi:SilentAndRestless"],"picked":"Koishi:MentalBreakdown","floor":33.0},{"not_picked":["Koishi:Prune+1","Koishi:UnconsciousUprising"],"picked":"Koishi:SubconsciousSweep","floor":37},{"not_picked":["Koishi:SpiritedAway+1","Koishi:UnconsciousUrges+1","Koishi:ParalyzingFear+1"],"picked":"SKIP","floor":38},{"not_picked":["Koishi:HeartAttack+1","Koishi:SuperEgo"],"picked":"Koishi:SubterraneanRose+1","floor":39},{"not_picked":["Koishi:EmbryosDream","Koishi:FourthEye+1"],"picked":"Koishi:Whimsy","floor":40},{"not_picked":["Koishi:SubterraneanRose","Koishi:EmbersOfLove","Koishi:JumpScare"],"picked":"SKIP","floor":43},{"not_picked":["Koishi:EmbryosDream","Koishi:ReflexRadar+1","Koishi:Prune"],"picked":"SKIP","floor":44},{"not_picked":["Koishi:Jaunt+1","Koishi:MindNumbingTerror+1","Koishi:CatchAndRose+1"],"picked":"SKIP","floor":45},{"not_picked":["Koishi:MindNumbingTerror","Koishi:CatchAndRose+1","Koishi:ParalyzingFear+1"],"picked":"SKIP","floor":46},{"not_picked":["Koishi:SpiritedAway+1","Koishi:EmbersOfLove"],"picked":"Koishi:ReleaseOfTheId+1","floor":48},{"not_picked":["Koishi:FleetingPhantom+1","Koishi:UnconsciousUprising+1"],"picked":"Koishi:FadingMemory","floor":49},{"not_picked":["Koishi:HeartAttack","Koishi:SpiritedAway+1","Koishi:UnconsciousUprising"],"picked":"SKIP","floor":52}],"player_experience":572989,"relics_obtained":[{"floor":6.0,"key":"Matryoshka"},{"floor":7.0,"key":"Shuriken"},{"floor":7.0,"key":"Mummified Hand"},{"floor":11.0,"key":"HornCleat"},{"floor":24.0,"key":"Sundial"},{"floor":25.0,"key":"Orichalcum"},{"floor":30.0,"key":"Smiling Mask"},{"floor":40,"key":"Gremlin Horn"},{"floor":41,"key":"MealTicket"},{"floor":46,"key":"Gambling Chip"},{"floor":48,"key":"Koishi:LettersToReimu"},{"floor":52,"key":"Pantograph"}],"event_choices":[{"damage_healed":0.0,"max_hp_gain":0.0,"max_hp_loss":0.0,"gold_gain":0.0,"event_name":"Vampires","player_choice":"Ignored","floor":27.0,"gold_loss":0.0,"damage_taken":0.0},{"cards_removed":["Koishi:HeartAttack"],"damage_healed":0.0,"max_hp_gain":0.0,"max_hp_loss":0.0,"gold_gain":0.0,"event_name":"Bonfire Elementals","player_choice":"Offered Uncommon","floor":36.0,"gold_loss":0.0,"damage_taken":0.0}],"is_beta":false,"boss_relics":[{"not_picked":["Coffee Dripper","Pandora\u0027s Box"],"picked":"Philosopher\u0027s Stone"},{"not_picked":["bronze:MakeshiftBattery","Koishi:ColorfulDays"],"picked":"Runic Pyramid"}],"items_purged_floors":[],"is_endless":false,"potions_floor_spawned":[2,4,6,13,16,20,25,30,31,32,33,40,43,46,48,49,52],"ascension_level":0}}