{"host":"insagfzijja1377g","time":1614303825,"event":{"mods":["BaseMod","Bestiary","Highlight Path","Minty Spire (QoL Compilation)","Relic Stats","Slay the Relics Exporter"],"gold_per_floor":[19,31,44,44,58,90,190,190,190],"floor_reached":8,"language":"ENG","playtime":315,"items_purged":[],"score":99,"play_id":"2a65a09d-18dd-4018-9658-2d491b2748df","local_time":"20210225194345","is_ascension_mode":true,"campfire_choices":[],"circlet_count":0,"master_deck":["AscendersBane","Strike_P","Strike_P","Strike_P","Strike_P","Defend_P","Defend_P","Defend_P","Defend_P","Eruption","Vigilance","Master of Strategy","FollowUp","CutThroughFate","EmptyFist","Wireheading","Wish"],"relics":["PureWater","Gremlin Horn"],"acts_visited":["Exordium"],"potions_floor_usage":[6],"damage_taken":[{"damage":0,"enemies":"Cultist","floor":1,"turns":3},{"damage":0,"enemies":"2 Louse","floor":2,"turns":1},{"damage":0,"enemies":"Small Slimes","floor":3,"turns":2},{"damage":22,"enemies":"Exordium Thugs","floor":5,"turns":7},{"damage":27,"enemies":"Lagavulin","floor":6,"turns":6},{"damage":35,"enemies":"Gremlin Nob","floor":8,"turns":3}],"seed_played":"90203688236551006","potions_obtained":[{"floor":2,"key":"ColorlessPotion"},{"floor":6,"key":"LiquidBronze"}],"is_trial":false,"path_per_floor":["M","M","M","?","M","E","?","E"],"character_chosen":"WATCHER","items_purchased":[],"campfire_rested":0,"item_purchase_floors":[],"current_hp_per_floor":[61,61,61,66,44,17,17,0,0],"gold":190,"neow_bonus":"RANDOM_COLORLESS_2","is_daily":false,"chose_seed":false,"campfire_upgraded":0,"win_rate":0.0,"timestamp":1614303825,"path_taken":["M","M","?","?","M","E","?","E"],"items_purchased_type":[],"build_version":"2020-12-22","purchased_purges":0,"victory":false,"max_hp_per_floor":[68,68,68,73,73,73,73,73,73],"relic_stats":{"Gremlin Horn":[0,0],"counters":[6,22],"obtain_stats":[{"Gremlin Horn":6,"PureWater":0},{"Gremlin Horn":5,"PureWater":0},{"Gremlin Horn":19,"PureWater":0}]},"card_choices":[{"not_picked":["The Bomb","Mayhem"],"picked":"Master of Strategy","floor":0},{"not_picked":["Evaluate","Crescendo"],"picked":"FollowUp","floor":1},{"not_picked":["Halt","EmptyFist"],"picked":"CutThroughFate","floor":2},{"not_picked":["Protect","Vengeance"],"picked":"EmptyFist","floor":3},{"not_picked":["Crescendo","EmptyFist"],"picked":"Wireheading","floor":5},{"not_picked":["EmptyBody","LikeWater"],"picked":"Wish","floor":6}],"player_experience":2246892,"relics_obtained":[{"floor":6,"key":"Gremlin Horn"}],"event_choices":[{"damage_healed":0,"gold_gain":0,"player_choice":"Donut","damage_taken":0,"max_hp_gain":5,"max_hp_loss":0,"event_name":"Big Fish","floor":4,"gold_loss":0},{"damage_healed":0,"gold_gain":100,"player_choice":"Pray","damage_taken":0,"max_hp_gain":0,"max_hp_loss":0,"event_name":"Golden Shrine","floor":7,"gold_loss":0}],"is_beta":false,"boss_relics":[],"items_purged_floors":[],"is_endless":false,"potions_floor_spawned":[2,6],"killed_by":"Gremlin Nob","ascension_level":14}}