{"host":"fbtt2xdrd49xyqed","time":1614313150,"event":{"mods":["Act Like it!","BaseMod","Gensokyo","Koishi","Marisa£®ÏF”Í°°ƒß¿Ì…≥£©","Minty Spire (QoL Compilation)","Remilia£®¿Ÿ√◊¿Ú—«£©","StSLib","The Administrix","The Cursed","The Servant 0.9.4","Youmu£®ªÍ∆«—˝√Œ£©"],"gold_per_floor":[10,10,24,41,41,41,69,84,139,64,97,107,141,158,158,158,158],"floor_reached":16,"language":"ZHS","playtime":760,"items_purged":["AdministrixMod:Strike_Administrix"],"score":147,"play_id":"e827a678-dd7e-4b28-b8ad-d46ffde14730","local_time":"20210226121910","is_ascension_mode":false,"campfire_choices":[{"data":"AdministrixMod:ImmortalPurity","floor":6.0,"key":"SMITH"},{"data":"AdministrixMod:Convergence","floor":15.0,"key":"SMITH"}],"circlet_count":0,"master_deck":["AdministrixMod:Strike_Administrix","AdministrixMod:Strike_Administrix","AdministrixMod:RedCloak","AdministrixMod:Defend_Administrix","AdministrixMod:Defend_Administrix","AdministrixMod:Defend_Administrix","AdministrixMod:BlueCloak","AdministrixMod:ImmortalPurity+1","AdministrixMod:ImmortalGrace","AdministrixMod:TrickOfTheLight","AdministrixMod:Convergence+1","AdministrixMod:BloodBargain","AdministrixMod:TenDesires","AdministrixMod:ShadowPlay"],"relics":["AdministrixMod:ConductorRitualBaton","Mummified Hand","Happy Flower","Mango"],"acts_visited":[],"potions_floor_usage":[],"damage_taken":[{"damage":0.0,"enemies":"Gensokyo:Gryphon","floor":1.0,"turns":4.0},{"damage":3.0,"enemies":"Gensokyo:Python","floor":3.0,"turns":3.0},{"damage":0.0,"enemies":"Gensokyo:2_Kodama","floor":4.0,"turns":3.0},{"damage":1.0,"enemies":"Gensokyo:Aya","floor":7.0,"turns":5.0},{"damage":0.0,"enemies":"Gensokyo:LivingMonolith","floor":8.0,"turns":2.0},{"damage":0.0,"enemies":"Gensokyo:Mamizou","floor":11.0,"turns":7.0},{"damage":2.0,"enemies":"Gensokyo:VengefulSpirit","floor":12.0,"turns":5.0},{"damage":10.0,"enemies":"Gensokyo:Aya","floor":13.0,"turns":5.0},{"damage":0.0,"enemies":"Gensokyo:Python_and_Kodama","floor":14.0,"turns":5.0},{"damage":0,"enemies":"Gensokyo:Reimu","floor":16,"turns":1}],"seed_played":"-4211880733343952045","potions_obtained":[{"floor":1.0,"key":"SkillPotion"},{"floor":8.0,"key":"LiquidBronze"},{"floor":11.0,"key":"SpeedPotion"}],"is_trial":false,"path_per_floor":["M","$","M","M","?","R","E","M","T","$","E","M","E","M","R","B"],"character_chosen":"TheAdministrix","items_purchased":[],"campfire_rested":0,"item_purchase_floors":[],"current_hp_per_floor":[65,65,62,62,62,62,61,61,61,61,61,59,63,63,63,63,63],"gold":158,"neow_bonus":"REMOVE_TWO","is_daily":false,"chose_seed":false,"campfire_upgraded":2,"win_rate":0.0,"timestamp":1614313150,"path_taken":["M","?","M","M","?","R","E","M","T","$","E","M","E","M","R","BOSS"],"items_purchased_type":[],"build_version":"2020-12-22","purchased_purges":1,"victory":false,"max_hp_per_floor":[65,65,65,65,65,65,65,65,65,65,65,65,79,79,79,79,79],"card_choices":[{"not_picked":["AdministrixMod:FiendishCrimson","AdministrixMod:ShadowPlay"],"picked":"AdministrixMod:ImmortalPurity","floor":1.0},{"not_picked":["AdministrixMod:Overdrive","AdministrixMod:SipOfSparks"],"picked":"AdministrixMod:ImmortalGrace","floor":3.0},{"not_picked":["AdministrixMod:HopeInTheDark","AdministrixMod:TrickOfTheLight","AdministrixMod:Transcension"],"picked":"SKIP","floor":4.0},{"not_picked":["AdministrixMod:TrickOfTheLight","AdministrixMod:PassageOfAges","AdministrixMod:DreamsMausoleum"],"picked":"SKIP","floor":7.0},{"not_picked":["AdministrixMod:DreamsMausoleum","AdministrixMod:RegentEdict"],"picked":"AdministrixMod:TrickOfTheLight","floor":8.0},{"not_picked":["AdministrixMod:FuneraryRites","AdministrixMod:BloodlessSapphire"],"picked":"AdministrixMod:Convergence","floor":11.0},{"not_picked":["AdministrixMod:Transition","AdministrixMod:TrickOfTheLight"],"picked":"AdministrixMod:BloodBargain","floor":12.0},{"not_picked":["AdministrixMod:PassageOfAges","AdministrixMod:WickedPunishment"],"picked":"AdministrixMod:TenDesires","floor":13.0},{"not_picked":["AdministrixMod:TrickOfTheLight","AdministrixMod:PassageOfAges"],"picked":"AdministrixMod:ShadowPlay","floor":14.0}],"player_experience":780886,"relics_obtained":[{"floor":7.0,"key":"Mummified Hand"},{"floor":11.0,"key":"Happy Flower"},{"floor":13.0,"key":"Mango"}],"event_choices":[],"is_beta":false,"boss_relics":[],"items_purged_floors":[10],"is_endless":false,"potions_floor_spawned":[1,8,11,12],"killed_by":"Gensokyo:Reimu","ascension_level":0}}