{"host":"38p8qnzhmsyj15s2","time":1614333696,"event":{"mods":["AchievementEnabler","Act Like it!","Aspiration","Bard","BaseMod","Better Note","Better Third Choice","BetterRewards","Challenge The Spire","Colored Powertips","Conspire","DeckTracker","Defuse TimeMaze Blight","Downfall","Energized Spire","GifTheSpireLib","Halation","Hermit","Hubris","Infinite Spire","Jorbs\u0027s Wanderer Trilogy","Minty Spire (QoL Compilation)","Quick Restart","Random Character Button","Rare Cards Sparkle","Relic Sorter","Replay The Spire","StSLib","The Blackbeard","The Cursed","The Disciple","The Hayseed","The Hierophant","The Jungle","The Marked","The Mystic","The Poker Player","The Servant 0.9.4","The Showman","TheBandit","TheFirefly","Wandering Minibosses","everything is the same but u backflip on backflip"],"gold_per_floor":[113,113,132,132,156,192,192,213,213,213,27,42,83,101,101,229,229,249,47,66,66,90,123,123,166,166,166,166,189,62,62,62,181,181,194,194,217,217,230,270,283,299,345,126,149,149,149,173,173,173],"floor_reached":51,"language":"ENG","playtime":4246,"items_purged":["Shame","theMarked:Strike","theMarked:Strike"],"score":754,"play_id":"e40bd16c-c530-4beb-b6dd-f577545b0850","local_time":"20210226100136","is_ascension_mode":false,"campfire_choices":[{"data":"theMarked:SoldierOfQuellstein","floor":7,"key":"SMITH"},{"data":"theMarked:Improvise","floor":10,"key":"SMITH"},{"data":"theMarked:Abjuration","floor":24,"key":"SMITH"},{"data":"theMarked:RepellingDischarge","floor":27,"key":"SMITH"},{"data":"theMarked:DispelDoubt","floor":32,"key":"SMITH"},{"floor":49,"key":"REST"}],"circlet_count":0,"master_deck":["theMarked:Strike","theMarked:Strike","theMarked:Defend","theMarked:Defend","theMarked:Defend","theMarked:Defend","theMarked:SoldierOfQuellstein+1","theMarked:Memento","theMarked:Frustration","mysticmod:MagicWeapon+1","theMarked:Improvise+1","theMarked:Memento","theMarked:Static+1","theMarked:BindingBlade","theMarked:EmpowerWeapon","theMarked:RepellingDischarge+1","theMarked:TwofoldDefense","theMarked:Abjuration+1","theMarked:ChainLightning","theMarked:TurnInvisible","theMarked:EmpowerWeapon","theMarked:ElectricStrings+1","theMarked:Aftermath","theMarked:DispelDoubt+1","theMarked:EternalStudent","theMarked:Seal+1","theMarked:Vacuum","theMarked:Vacuum","theMarked:OneWithTheBlade+1","Pot Of Greed","Pot Of Greed","Pot Of Greed","theMarked:TwofoldDefense+1","Parasite","theMarked:Heritage","theMarked:ChannelForce+1","theMarked:Panic","Writhe"],"relics":["theMarked:ArtifactOfAir","halation:StarCompass","Golden Idol","conspire:Flyswatter","Nunchaku","infinitespire:EmpoweringShard","conspire:SlowCooker","theJungle:PaperFaux","infinitespire:ShieldingShard","Onion Ring","infinitespire:CheckeredPen","theJungle:BirthdayCake","Philosopher\u0027s Stone","Lizard Tail","energizedSpire:DeadBattery","Grinning Jar","hubris:ToyBattleship","Membership Card"],"acts_visited":["Exordium","Exordium","TheBeyond"],"potions_floor_usage":[12,13,14,22,25,29,33,40,42,50,50,50],"damage_taken":[{"damage":0,"enemies":"Small Slimes","floor":1,"turns":4},{"damage":2,"enemies":"2 Louse","floor":3,"turns":2},{"damage":1,"enemies":"Cultist","floor":5,"turns":3},{"damage":25,"enemies":"3 Sentries","floor":6,"turns":7},{"damage":4,"enemies":"2 Fungi Beasts","floor":8,"turns":3},{"damage":0,"enemies":"Large Slime","floor":12,"turns":3},{"damage":4,"enemies":"Replay:BlueRogue","floor":13,"turns":4},{"damage":5,"enemies":"Exordium Wildlife","floor":14,"turns":4},{"damage":24,"enemies":"Slime Boss","floor":16,"turns":10},{"damage":3,"enemies":"theJungle:MUSHROOMGANG","floor":18,"turns":5},{"damage":24,"enemies":"theJungle:Flameango_and_Byrd","floor":20,"turns":7},{"damage":15,"enemies":"theJungle:JungleHuntersEncounter","floor":22,"turns":4},{"damage":6,"enemies":"theJungle:MamaSnecko","floor":23,"turns":4},{"damage":0,"enemies":"theJungle:Cassacara","floor":25,"turns":5},{"damage":4,"enemies":"theJungle:Lyon","floor":29,"turns":4},{"damage":27,"enemies":"theJungle:FunGuy","floor":33,"turns":7},{"damage":1,"enemies":"Orb Walker","floor":35,"turns":3},{"damage":4,"enemies":"3 Shapes","floor":37,"turns":2},{"damage":12,"enemies":"Maw","floor":39,"turns":5},{"damage":26,"enemies":"Nemesis","floor":40,"turns":4},{"damage":0,"enemies":"Writhing Mass","floor":41,"turns":5},{"damage":30,"enemies":"Jaw Worm Horde","floor":42,"turns":4},{"damage":0,"enemies":"Spire Growth","floor":45,"turns":3},{"damage":21,"enemies":"4 Shapes","floor":48,"turns":4},{"damage":84,"enemies":"Time Eater","floor":50,"turns":8}],"seed_played":"-6338713222123852954","potions_obtained":[{"floor":6,"key":"AttackPotion"},{"floor":12,"key":"Reflective Coating"},{"floor":13,"key":"DistilledChaos"},{"floor":18,"key":"Fire Potion"},{"floor":23,"key":"Venom Potion"},{"floor":25,"key":"Strength Potion"},{"floor":29,"key":"Strength Potion"},{"floor":35,"key":"Energy Potion"},{"floor":40,"key":"Swift Potion"},{"floor":45,"key":"hexamod:SoulburnPotion"},{"floor":48,"key":"FearPotion"}],"is_trial":false,"path_per_floor":["M","?","M","?","M","E","R","M","T","R","$","M","E","M","R","B",null,"M","$","M","?","M","E","R","E","T","R","?","M","$","?","R","B",null,"M","?","M","AVR","M","E","M","M","T","$","M","?","?","M","R","B",null],"character_chosen":"THE_DEFAULT","items_purchased":["theMarked:BindingBlade","theMarked:EmpowerWeapon","theMarked:TurnInvisible","theMarked:EmpowerWeapon","theMarked:Seal+1","Membership Card","theMarked:ChargePotion"],"campfire_rested":1,"item_purchase_floors":[11,11,19,19,30,44,44],"current_hp_per_floor":[79,60,58,58,57,32,32,28,28,28,28,28,24,19,42,18,79,76,76,52,52,37,31,31,31,31,31,31,27,27,47,47,20,99,98,98,94,94,82,56,56,26,26,26,26,26,51,30,59,28],"gold":173,"neow_bonus":"TEN_PERCENT_HP_BONUS","is_daily":false,"chose_seed":false,"campfire_upgraded":5,"win_rate":0.0,"timestamp":1614333696,"path_taken":["M","?","M","?","?","E","R","M","T","R","$","M","E","M","R","BOSS","M","$","M","?","M","E","R","E","T","R","?","M","?","?","R","BOSS","M","?","M","AVR","M","E","M","?","T","$","M","?","?","M","R","BOSS"],"items_purchased_type":["Card","Card","Card","Card","Card","Relic","Potion"],"build_version":"2020-12-22","purchased_purges":3,"victory":true,"max_hp_per_floor":[79,79,79,79,79,79,79,79,79,79,79,79,79,79,79,79,79,79,79,79,79,79,79,79,79,79,79,79,79,79,99,99,99,99,99,99,99,99,99,99,99,99,99,99,99,99,99,99,99,99],"card_choices":[{"not_picked":["theMarked:HeightenedSenses","theMarked:WastefulAttack"],"picked":"theMarked:Memento","floor":1},{"not_picked":["theMarked:TakeCover","theMarked:WardOff"],"picked":"theMarked:Frustration","floor":3},{"not_picked":["theMarked:BanishingStrike","theMarked:RepellingDischarge"],"picked":"theMarked:Improvise","floor":5},{"not_picked":["theMarked:Opportunist","theMarked:Parry"],"picked":"theMarked:Memento","floor":6},{"not_picked":["theMarked:ComboAttacks","theMarked:Aftermath"],"picked":"theMarked:Static","floor":8},{"not_picked":["theMarked:Improvise","theMarked:BanishingStrike"],"picked":"theMarked:RepellingDischarge","floor":12},{"not_picked":["theMarked:ElectricStrings","theMarked:Memento","theMarked:WastefulAttack"],"picked":"SKIP","floor":13},{"not_picked":["theMarked:Seal","theMarked:WastefulAttack"],"picked":"theMarked:TwofoldDefense","floor":14},{"not_picked":["theMarked:Snap","theMarked:BindingBlade"],"picked":"theMarked:Abjuration","floor":16},{"not_picked":["theMarked:HeightenedSenses","theMarked:Frustration"],"picked":"theMarked:ChainLightning","floor":18},{"not_picked":["theMarked:Memento+1","theMarked:ChainLightning"],"picked":"theMarked:ElectricStrings+1","floor":20},{"not_picked":["theMarked:SwordAndMagic","theMarked:Memento"],"picked":"theMarked:Aftermath","floor":22},{"not_picked":["theMarked:WastefulAttack","theMarked:Abjuration"],"picked":"theMarked:DispelDoubt","floor":23},{"not_picked":["theMarked:SwordAndMagic+1","theMarked:Parkour+1"],"picked":"theMarked:EternalStudent","floor":25},{"not_picked":["theMarked:BanishingStrike","theMarked:Electrocute","theMarked:ChainLightning"],"picked":"SKIP","floor":29},{"not_picked":["theMarked:Defy","theMarked:TurnInvisible"],"picked":"theMarked:Vacuum","floor":33},{"not_picked":["theMarked:Frustration+1","theMarked:Improvise","theMarked:EmpowerWeapon"],"picked":"SKIP","floor":35},{"not_picked":["theMarked:PowerFlow","theMarked:Reabsorb","theMarked:SwordAndMagic+1"],"picked":"SKIP","floor":37},{"not_picked":["theMarked:WastefulAttack","theMarked:Parkour+1"],"picked":"theMarked:OneWithTheBlade+1","floor":39},{"not_picked":["theMarked:MagusForm","theMarked:Panic"],"picked":"theMarked:TwofoldDefense+1","floor":40},{"not_picked":["theMarked:Improvise+1","theMarked:OneWithTheBlade"],"picked":"theMarked:Heritage","floor":41},{"not_picked":["theMarked:EmpowerWeapon","theMarked:Reabsorb"],"picked":"theMarked:ChannelForce+1","floor":42},{"not_picked":["theMarked:Aftermath+1","theMarked:Overthink+1"],"picked":"theMarked:Panic","floor":45},{"not_picked":["theMarked:Overthink+1","theMarked:Aftermath","theMarked:TheMission+1"],"picked":"SKIP","floor":48}],"player_experience":50848,"relics_obtained":[{"floor":6,"key":"conspire:Flyswatter"},{"floor":9,"key":"Nunchaku"},{"floor":13,"key":"infinitespire:EmpoweringShard"},{"floor":23,"key":"infinitespire:ShieldingShard"},{"floor":25,"key":"Onion Ring"},{"floor":26,"key":"infinitespire:CheckeredPen"},{"floor":40,"key":"Grinning Jar"},{"floor":43,"key":"hubris:ToyBattleship"}],"event_choices":[{"damage_healed":0,"gold_gain":0,"player_choice":"Take Damage","damage_taken":19,"relics_obtained":["Golden Idol"],"max_hp_gain":0,"max_hp_loss":0,"event_name":"Golden Idol","floor":2,"gold_loss":0},{"cards_removed":["theMarked:SoldierOfQuellstein"],"damage_healed":0,"gold_gain":0,"player_choice":"Take \u0026 Give","damage_taken":0,"max_hp_gain":0,"max_hp_loss":0,"event_name":"betterNote:BetterNote","floor":4,"gold_loss":0,"cards_obtained":["mysticmod:MagicWeapon"]},{"damage_healed":0,"gold_gain":0,"cards_transformed":["theMarked:Strike"],"player_choice":"Transformed","damage_taken":0,"max_hp_gain":0,"max_hp_loss":0,"event_name":"Transmorgrifier","floor":36,"gold_loss":0,"cards_obtained":["theMarked:Vacuum"]},{"damage_healed":25,"gold_gain":0,"player_choice":"Writhe","damage_taken":0,"max_hp_gain":0,"max_hp_loss":0,"event_name":"Winding Halls","floor":47,"gold_loss":0,"cards_obtained":["Writhe"]}],"is_beta":false,"boss_relics":[{"not_picked":["halation:LoveArrow","Velvet Choker"],"picked":"conspire:SlowCooker"},{"not_picked":["Fusion Hammer","conspire:SpecialSausage"],"picked":"Philosopher\u0027s Stone"}],"items_purged_floors":[30,38,44],"is_endless":false,"potions_floor_spawned":[6,12,13,18,23,25,29,35,40,45,48],"ascension_level":0}}