{"host":"928gv66myv2vlnsd","time":1614361205,"event":{"mods":["BaseMod","Highlight Path","Minty Spire (QoL Compilation)","Relic Stats","StSLib"],"gold_per_floor":[115,265,265,282,282,282,314,332,355,45,69,69,69,86,86,163,163,173,193,193,32,44,73,0,0,25,40,58,58,87,87,87,163,163,175,228,46,46,46],"floor_reached":38,"language":"ENG","playtime":1958,"items_purged":["Doubt"],"score":870,"play_id":"2a3b1e97-cd2b-480d-9581-16bdb7601803","local_time":"20210226124005","is_ascension_mode":true,"campfire_choices":[{"data":"Neutralize","floor":6,"key":"SMITH"},{"data":"Tools of the Trade","floor":12,"key":"SMITH"},{"floor":15,"key":"REST"},{"floor":25,"key":"REST"},{"floor":29,"key":"REST"},{"data":"Wraith Form v2","floor":32,"key":"SMITH"}],"circlet_count":0,"master_deck":["AscendersBane","Defend_G","Defend_G","Defend_G","Defend_G","Defend_G","Survivor","Neutralize+1","Venomology+1","Backflip+1","Infinite Blades","Dagger Spray","Bouncing Flask","Tools of the Trade+1","Blade Dance","Underhanded Strike","Catalyst","Venomology","Cloak And Dagger","Skewer+1","Wraith Form v2+1","Deflect","Dagger Throw","Accuracy","Underhanded Strike","Deadly Poison","RitualDagger","Cloak And Dagger","Reflex","Catalyst","Blade Dance","Caltrops"],"relics":["Astrolabe","CultistMask","Juzu Bracelet","Smiling Mask","Bag of Marbles","Lizard Tail","WristBlade","Vajra","MealTicket","Potion Belt","PreservedInsect","HoveringKite","Shovel"],"acts_visited":["Exordium","TheCity","TheBeyond"],"potions_floor_usage":[4,7,7,7,8,16,16,18,18,19,22,23,23,23,27,27,27,30,30,30,33,33,33,36,36,36,36,36,36,36,38,38],"damage_taken":[{"damage":0,"enemies":"2 Louse","floor":1,"turns":4},{"damage":2,"enemies":"Cultist","floor":4,"turns":6},{"damage":38,"enemies":"Gremlin Nob","floor":7,"turns":5},{"damage":7,"enemies":"Jaw Worm","floor":8,"turns":2},{"damage":0,"enemies":"Exordium Thugs","floor":14,"turns":4},{"damage":10,"enemies":"Hexaghost","floor":16,"turns":7},{"damage":9,"enemies":"2 Thieves","floor":18,"turns":3},{"damage":0,"enemies":"Chosen","floor":19,"turns":3},{"damage":1,"enemies":"Snecko","floor":22,"turns":5},{"damage":45,"enemies":"Slavers","floor":23,"turns":8},{"damage":3,"enemies":"Cultist and Chosen","floor":27,"turns":7},{"damage":0,"enemies":"Snake Plant","floor":28,"turns":4},{"damage":0,"enemies":"Gremlin Leader","floor":30,"turns":7},{"damage":102,"enemies":"Champ","floor":33,"turns":16},{"damage":8,"enemies":"3 Shapes","floor":35,"turns":5},{"damage":47,"enemies":"2 Orb Walkers","floor":36,"turns":4},{"damage":26,"enemies":"3 Darklings","floor":38,"turns":2}],"seed_played":"8034551347834484610","potions_obtained":[{"floor":1,"key":"Fire Potion"},{"floor":7,"key":"Strength Potion"},{"floor":8,"key":"SneckoOil"},{"floor":16,"key":"Fire Potion"},{"floor":23,"key":"GhostInAJar"},{"floor":30,"key":"Fire Potion"}],"is_trial":false,"path_per_floor":["M","?","?","M","?","R","E","M","T","$","T","R","?","M","R","B",null,"M","M","?","$","M","E","?","R","T","M","M","R","E","?","R","B",null,"M","?","$","M"],"character_chosen":"THE_SILENT","items_purchased":["Tools of the Trade","Blade Dance","Underhanded Strike","Vajra","Catalyst","Blade Dance","Caltrops"],"campfire_rested":3,"item_purchase_floors":[10,10,10,21,37,37,37],"current_hp_per_floor":[59,59,59,57,76,76,38,31,31,31,31,31,31,31,53,43,68,59,59,59,59,58,13,13,35,35,32,32,54,54,48,48,11,60,52,5,20,0,0],"gold":46,"neow_bonus":"BOSS_RELIC","is_daily":false,"chose_seed":false,"campfire_upgraded":3,"win_rate":0.0,"timestamp":1614361205,"path_taken":["M","?","?","?","?","R","E","M","T","$","?","R","?","M","R","BOSS","M","M","?","$","M","E","?","R","T","M","M","R","E","?","R","BOSS","M","?","$","M"],"items_purchased_type":["Card","Card","Card","Relic","Card","Card","Card"],"build_version":"2020-12-22","purchased_purges":1,"victory":false,"max_hp_per_floor":[66,66,66,66,76,76,76,76,76,76,76,76,76,76,76,76,76,76,76,76,76,76,76,76,76,76,76,76,76,76,76,76,76,76,76,76,76,76,76],"relic_stats":{"Lizard Tail":38,"Shovel":0,"counters":[17,92],"Astrolabe":["Grand Finale","Venomology","Backflip"],"HoveringKite":[4],"MealTicket":15,"PreservedInsect":0,"Juzu Bracelet":0,"Smiling Mask":25,"obtain_stats":[{"Potion Belt":26,"Astrolabe":0,"Vajra":21,"HoveringKite":34,"PreservedInsect":30,"Juzu Bracelet":7,"Smiling Mask":9,"Lizard Tail":13,"Shovel":36,"WristBlade":17,"MealTicket":23,"CultistMask":3,"Bag of Marbles":11,"Ring of the Snake":0},{"Potion Belt":10,"Astrolabe":0,"Vajra":8,"HoveringKite":14,"PreservedInsect":13,"Juzu Bracelet":3,"Smiling Mask":4,"Lizard Tail":4,"Shovel":16,"WristBlade":6,"MealTicket":10,"CultistMask":1,"Bag of Marbles":4,"Ring of the Snake":0},{"Potion Belt":47,"Astrolabe":0,"Vajra":34,"HoveringKite":81,"PreservedInsect":65,"Juzu Bracelet":15,"Smiling Mask":17,"Lizard Tail":17,"Shovel":90,"WristBlade":28,"MealTicket":47,"CultistMask":4,"Bag of Marbles":17,"Ring of the Snake":0}]},"card_choices":[{"not_picked":["Blur","Setup"],"picked":"Infinite Blades","floor":1},{"not_picked":["Blur","Cloak And Dagger"],"picked":"Dagger Spray","floor":4},{"not_picked":["Setup","Sucker Punch"],"picked":"Bouncing Flask","floor":7},{"not_picked":["Underhanded Strike","Slice","Doppelganger"],"picked":"SKIP","floor":8},{"not_picked":["Quick Slash","Underhanded Strike"],"picked":"Catalyst","floor":14},{"not_picked":["Tools of the Trade","Doppelganger"],"picked":"Venomology","floor":16},{"not_picked":["Flechettes","Sucker Punch"],"picked":"Cloak And Dagger","floor":18},{"not_picked":["Cloak And Dagger","Slice"],"picked":"Skewer+1","floor":19},{"not_picked":["Poisoned Stab","PiercingWail"],"picked":"Dagger Throw","floor":22},{"not_picked":["Flying Knee","Backflip"],"picked":"Accuracy","floor":23},{"not_picked":["Acrobatics","Backflip"],"picked":"Underhanded Strike","floor":27},{"not_picked":["Masterful Stab","Backstab"],"picked":"Deadly Poison","floor":28},{"not_picked":["Deflect","Quick Slash+1","Escape Plan"],"picked":"SKIP","floor":30},{"not_picked":["Slice","Quick Slash+1"],"picked":"Cloak And Dagger","floor":35},{"not_picked":["Masterful Stab+1","Poisoned Stab"],"picked":"Reflex","floor":36}],"player_experience":1485291,"relics_obtained":[{"floor":7,"key":"Juzu Bracelet"},{"floor":9,"key":"Smiling Mask"},{"floor":11,"key":"Bag of Marbles"},{"floor":23,"key":"MealTicket"},{"floor":26,"key":"Potion Belt"},{"floor":30,"key":"PreservedInsect"},{"floor":36,"key":"Shovel"}],"event_choices":[{"damage_healed":0,"gold_gain":150,"player_choice":"AGREE","damage_taken":0,"max_hp_gain":0,"max_hp_loss":0,"event_name":"Liars Game","floor":2,"gold_loss":0,"cards_obtained":["Doubt"]},{"damage_healed":0,"gold_gain":0,"player_choice":"Trade","damage_taken":0,"relics_obtained":["CultistMask"],"max_hp_gain":0,"max_hp_loss":0,"event_name":"FaceTrader","floor":3,"gold_loss":0},{"cards_removed":["Grand Finale"],"damage_healed":9,"gold_gain":0,"player_choice":"Offered Rare","damage_taken":0,"max_hp_gain":10,"max_hp_loss":0,"event_name":"Bonfire Elementals","floor":5,"gold_loss":0},{"damage_healed":0,"gold_gain":0,"player_choice":"Gave Potion","damage_taken":0,"relics_obtained":["Lizard Tail"],"max_hp_gain":0,"max_hp_loss":0,"event_name":"WeMeetAgain","floor":13,"gold_loss":0},{"damage_healed":0,"gold_gain":0,"cards_transformed":["Strike_G","Strike_G"],"player_choice":"Became Test Subject","damage_taken":0,"max_hp_gain":0,"max_hp_loss":0,"event_name":"Drug Dealer","floor":20,"gold_loss":0,"cards_obtained":["Wraith Form v2","Deflect"]},{"damage_healed":0,"gold_gain":0,"player_choice":"Paid Fearfully","damage_taken":0,"max_hp_gain":0,"max_hp_loss":0,"event_name":"Masked Bandits","floor":24,"gold_loss":73},{"damage_healed":0,"gold_gain":0,"player_choice":"Joined the Cult","damage_taken":6,"max_hp_gain":0,"max_hp_loss":0,"event_name":"Nest","floor":31,"gold_loss":0,"cards_obtained":["RitualDagger"]},{"damage_healed":0,"gold_gain":0,"player_choice":"Fight","damage_taken":0,"max_hp_gain":0,"max_hp_loss":0,"event_name":"Mysterious Sphere","floor":36,"gold_loss":0}],"is_beta":false,"boss_relics":[{"not_picked":["Cursed Key","Empty Cage"],"picked":"WristBlade"},{"not_picked":["SacredBark","Calling Bell"],"picked":"HoveringKite"}],"items_purged_floors":[10],"is_endless":false,"potions_floor_spawned":[1,7,8,16,18,23,30],"killed_by":"3 Darklings","ascension_level":20}}