{"host":"xb2tau8pgi8aflss","time":1614343795,"event":{"mods":["AchievementEnabler","BaseMod","Hermit","Minty Spire (QoL Compilation)","StSLib","SuperFastMode"],"gold_per_floor":[115,115,115,115,165,165,177,177,200,200,225,225,250,273,273,412,466,489,489,489,529,529,529],"floor_reached":22,"language":"KOR","playtime":390,"items_purged":[],"score":241,"play_id":"c9bf355a-6ad3-4841-9176-c81ee5a312ad","local_time":"20210226214955","is_ascension_mode":true,"campfire_choices":[{"data":"Mayhem","floor":6.0,"key":"SMITH"},{"floor":8.0,"key":"REST"},{"data":"Sunder","floor":15.0,"key":"SMITH"}],"circlet_count":0,"master_deck":["Zap","Dualcast","Mayhem+1","Sunder+1","Gash","Rebound","Turbo","Scrape","Core Surge","Genetic Algorithm","BootSequence","Capacitor","Defragment","Genetic Algorithm","Auto Shields+1","Rebound+1"],"relics":["Toy Ornithopter","Anchor","Juzu Bracelet","Golden Idol","CeramicFish","Pandora\u0027s Box","Nloth\u0027s Gift","Red Mask"],"acts_visited":["Exordium","TheCity"],"potions_floor_usage":[21,21],"damage_taken":[{"damage":0.0,"enemies":"Cultist","floor":1.0,"turns":3.0},{"damage":0.0,"enemies":"Small Slimes","floor":7.0,"turns":3.0},{"damage":0.0,"enemies":"2 Louse","floor":11.0,"turns":1.0},{"damage":0.0,"enemies":"Looter","floor":13.0,"turns":2.0},{"damage":5.0,"enemies":"Lots of Slimes","floor":14.0,"turns":3.0},{"damage":18.0,"enemies":"Slime Boss","floor":16.0,"turns":7.0},{"damage":24.0,"enemies":"2 Thieves","floor":18.0,"turns":3.0},{"damage":36,"enemies":"Masked Bandits","floor":21,"turns":4},{"damage":10,"enemies":"3 Byrds","floor":22,"turns":2}],"seed_played":"-7793511464068036213","potions_obtained":[{"floor":11.0,"key":"BlessingOfTheForge"},{"floor":13.0,"key":"PowerPotion"},{"floor":16.0,"key":"Explosive Potion"}],"is_trial":false,"path_per_floor":["M","?","?","?","T","R","M","R","T","?","M","?","M","M","R","B",null,"M","?","?","?","M"],"character_chosen":"DEFECT","items_purchased":[],"campfire_rested":1,"item_purchase_floors":[],"current_hp_per_floor":[50,43,43,25,25,25,25,47,47,29,29,29,34,29,29,11,59,35,35,35,9,0,0],"gold":529,"neow_bonus":"RANDOM_COLORLESS_2","is_daily":false,"chose_seed":false,"campfire_upgraded":2,"win_rate":0.0,"timestamp":1614343795,"path_taken":["M","?","?","?","?","R","M","R","T","?","M","?","M","M","R","BOSS","M","?","?","?","M"],"items_purchased_type":[],"build_version":"2020-12-22","purchased_purges":0,"victory":false,"max_hp_per_floor":[75,75,75,75,75,75,75,75,75,75,75,75,75,75,75,75,75,75,75,75,75,75,75],"card_choices":[{"not_picked":["Master of Strategy","Thinking Ahead"],"picked":"Mayhem","floor":0.0},{"not_picked":["Double Energy","Streamline"],"picked":"Sunder","floor":1.0},{"not_picked":["Storm","Redo"],"picked":"Gash","floor":7.0},{"not_picked":["Multi-Cast","Capacitor"],"picked":"Rebound","floor":11.0},{"not_picked":["White Noise","Compile Driver"],"picked":"Turbo","floor":13.0},{"not_picked":["Consume","Stack"],"picked":"Scrape","floor":14.0},{"not_picked":["Amplify","Buffer"],"picked":"Core Surge","floor":16.0},{"not_picked":["Redo","Turbo"],"picked":"Auto Shields+1","floor":18.0},{"not_picked":["Heatsinks+1","Coolheaded+1"],"picked":"Rebound+1","floor":21}],"player_experience":861399,"relics_obtained":[{"floor":5.0,"key":"Anchor"},{"floor":9.0,"key":"Juzu Bracelet"},{"floor":21,"key":"Red Mask"}],"event_choices":[{"cards_removed":["Strike_B"],"damage_healed":0.0,"max_hp_gain":0.0,"max_hp_loss":0.0,"gold_gain":0.0,"event_name":"Golden Wing","player_choice":"Card Removal","floor":2.0,"gold_loss":0.0,"damage_taken":7.0},{"cards_removed":["Defend_B"],"damage_healed":0.0,"max_hp_gain":0.0,"max_hp_loss":0.0,"gold_gain":0.0,"event_name":"Living Wall","player_choice":"Forget","floor":3.0,"gold_loss":0.0,"damage_taken":0.0},{"damage_healed":0.0,"max_hp_gain":0.0,"max_hp_loss":0.0,"gold_gain":0.0,"event_name":"Scrap Ooze","player_choice":"Success","floor":4.0,"gold_loss":0.0,"damage_taken":18.0,"relics_obtained":["Toy Ornithopter"]},{"damage_healed":0.0,"max_hp_gain":0.0,"max_hp_loss":0.0,"gold_gain":0.0,"event_name":"Golden Idol","player_choice":"Take Damage","floor":10.0,"gold_loss":0.0,"damage_taken":18.0,"relics_obtained":["Golden Idol"]},{"damage_healed":0.0,"max_hp_gain":0.0,"max_hp_loss":0.0,"gold_gain":0.0,"event_name":"Dead Adventurer","player_choice":"Searched \u00271\u0027 times","floor":12.0,"gold_loss":0.0,"damage_taken":0.0,"relics_obtained":["CeramicFish"]},{"damage_healed":0.0,"max_hp_gain":0.0,"max_hp_loss":0.0,"gold_gain":0.0,"event_name":"N\u0027loth","player_choice":"Traded Relic","floor":19.0,"relics_lost":["Cracked Core"],"gold_loss":0.0,"damage_taken":0.0,"relics_obtained":["Nloth\u0027s Gift"]},{"cards_removed":["Ball Lightning"],"damage_healed":0,"gold_gain":0,"player_choice":"Purged","damage_taken":0,"max_hp_gain":0,"max_hp_loss":0,"event_name":"Purifier","floor":20,"gold_loss":0},{"damage_healed":0,"gold_gain":0,"player_choice":"Fought Bandits","damage_taken":0,"max_hp_gain":0,"max_hp_loss":0,"event_name":"Masked Bandits","floor":21,"gold_loss":0}],"is_beta":false,"boss_relics":[{"not_picked":["Astrolabe","Velvet Choker"],"picked":"Pandora\u0027s Box"}],"items_purged_floors":[],"is_endless":false,"potions_floor_spawned":[11,13,16],"killed_by":"3 Byrds","ascension_level":8}}