{"host":"ju1b3c4x8n2jtjm7","time":1614350338,"event":{"mods":["AchievementEnabler","BaseMod","Colored Map","Colored Powertips","DeckTracker","Highlight Path","Minty Spire (QoL Compilation)","Quick Restart","Rare Cards Sparkle","Relic Stats","StSLib"],"gold_per_floor":[117,192,204,204,204,204,217,11,11,44,54,73,107,32,32,111,111,129,147,147,147,159,190,209,238,262,21,36,36,53,68,68,144,144,161,161,102,117,133,163,163,173,173,80,100,132,149,177,177,177],"floor_reached":51,"language":"ENG","playtime":5289,"items_purged":["Strike_B","Strike_B"],"score":1515,"play_id":"0208c1fb-7537-4784-a89c-835f4346d0af","local_time":"20210226153858","is_ascension_mode":true,"campfire_choices":[{"floor":6.0,"key":"REST"},{"data":"Defragment","floor":15.0,"key":"SMITH"},{"floor":29.0,"key":"REST"},{"data":"Fission","floor":32.0,"key":"SMITH"},{"data":"Capacitor","floor":41.0,"key":"SMITH"},{"data":"Capacitor","floor":49,"key":"SMITH"}],"circlet_count":0,"master_deck":["AscendersBane","Strike_B+1","Strike_B+1","Defend_B","Defend_B","Defend_B","Defend_B","Zap","Dualcast","Biased Cognition","Chaos+1","Chill","Capacitor+1","Cold Snap","Skim","Defragment+1","Echo Form","Defragment","Capacitor+1","Consume","Electrodynamics","Fission+1","Seek","Hologram","Reinforced Body","Turbo","Echo Form","Steam Power","Glacier","Self Repair","Panacea","Coolheaded+1","Aggregate"],"relics":["FrozenCore","Question Card","Frozen Eye","FossilizedHelix","Strawberry","Nloth\u0027s Gift","Vajra","Orichalcum","Whetstone","Nuclear Battery","Bronze Scales","Anchor","Turnip","Akabeko"],"acts_visited":["Exordium","TheCity","TheBeyond"],"potions_floor_usage":[45,50],"damage_taken":[{"damage":7.0,"enemies":"Jaw Worm","floor":1.0,"turns":3.0},{"damage":1.0,"enemies":"2 Louse","floor":3.0,"turns":2.0},{"damage":0.0,"enemies":"Cultist","floor":7.0,"turns":3.0},{"damage":6.0,"enemies":"Gremlin Nob","floor":10.0,"turns":4.0},{"damage":0.0,"enemies":"Blue Slaver","floor":11.0,"turns":5.0},{"damage":0.0,"enemies":"Large Slime","floor":12.0,"turns":6.0},{"damage":7.0,"enemies":"3 Sentries","floor":13.0,"turns":7.0},{"damage":0.0,"enemies":"Slime Boss","floor":16.0,"turns":8.0},{"damage":6.0,"enemies":"Spheric Guardian","floor":18.0,"turns":7.0},{"damage":0.0,"enemies":"Shell Parasite","floor":19.0,"turns":8.0},{"damage":0.0,"enemies":"Snecko","floor":22.0,"turns":8.0},{"damage":15.0,"enemies":"Slavers","floor":23.0,"turns":11.0},{"damage":9.0,"enemies":"Centurion and Healer","floor":24.0,"turns":10.0},{"damage":20.0,"enemies":"Gremlin Leader","floor":25.0,"turns":8.0},{"damage":8.0,"enemies":"Snake Plant","floor":28.0,"turns":7.0},{"damage":0.0,"enemies":"Cultist and Chosen","floor":30.0,"turns":8.0},{"damage":0.0,"enemies":"Centurion and Healer","floor":31.0,"turns":7.0},{"damage":0.0,"enemies":"Automaton","floor":33.0,"turns":13.0},{"damage":0.0,"enemies":"3 Shapes","floor":35.0,"turns":5.0},{"damage":0.0,"enemies":"Orb Walker","floor":38.0,"turns":4.0},{"damage":0.0,"enemies":"Sphere and 2 Shapes","floor":39.0,"turns":6.0},{"damage":0.0,"enemies":"Giant Head","floor":40.0,"turns":11.0},{"damage":0,"enemies":"Spire Growth","floor":42,"turns":9},{"damage":0,"enemies":"4 Shapes","floor":45,"turns":4},{"damage":11,"enemies":"Reptomancer","floor":46,"turns":8},{"damage":0,"enemies":"Maw","floor":47,"turns":9},{"damage":0,"enemies":"Nemesis","floor":48,"turns":13},{"damage":29,"enemies":"Awakened One","floor":50,"turns":21}],"seed_played":"-4735303059277966013","potions_obtained":[{"floor":3.0,"key":"Dexterity Potion"},{"floor":10.0,"key":"Energy Potion"},{"floor":19.0,"key":"PotionOfCapacity"},{"floor":22.0,"key":"DuplicationPotion"},{"floor":25.0,"key":"DuplicationPotion"},{"floor":28.0,"key":"DistilledChaos"},{"floor":30.0,"key":"DistilledChaos"},{"floor":35.0,"key":"Regen Potion"},{"floor":45,"key":"FocusPotion"}],"is_trial":false,"path_per_floor":["M","?","M","?","?","R","M","$","T","E","M","M","E","$","R","B",null,"M","M","?","?","M","E","M","E","T","$","M","R","M","M","R","B",null,"M","?","?","M","M","E","R","M","T","$","M","E","M","E","R","B",null],"character_chosen":"DEFECT","items_purchased":["Cold Snap","Frozen Eye","Seek","Panacea"],"campfire_rested":2,"item_purchase_floors":[8,8,27,44],"current_hp_per_floor":[39,28,27,15,15,36,36,36,36,30,30,30,30,30,30,30,66,60,60,60,60,60,45,36,16,16,16,8,31,31,31,31,31,66,66,66,66,66,66,66,66,66,66,66,73,74,74,74,74,59],"gold":177,"neow_bonus":"THREE_RARE_CARDS","is_daily":false,"chose_seed":false,"campfire_upgraded":4,"win_rate":0.0,"timestamp":1614350338,"path_taken":["M","?","M","?","?","R","M","$","T","E","?","M","E","?","R","BOSS","M","M","?","?","M","E","M","E","T","$","M","R","M","?","R","BOSS","M","?","?","M","M","E","R","M","T","$","M","E","?","E","R","BOSS"],"items_purchased_type":["Card","Relic","Card","Card"],"build_version":"2020-12-22","purchased_purges":2,"victory":true,"max_hp_per_floor":[71,71,71,71,71,71,71,71,71,71,71,71,78,78,78,78,78,78,78,78,78,78,78,78,78,78,78,78,78,78,78,78,78,78,78,74,74,74,74,74,74,74,74,74,74,74,74,74,74,74],"relic_stats":{"counters":[28,215],"Bronze Scales":[299],"Turnip":[3],"Nloth\u0027s Gift":7,"Whetstone":["Strike_B","Strike_B"],"Orichalcum":[210],"Question Card":26,"obtain_stats":[{"Vajra":23,"Whetstone":26,"Orichalcum":25,"Question Card":4,"Boot":10,"Akabeko":48,"FrozenCore":17,"Nuclear Battery":34,"Frozen Eye":8,"Anchor":40,"Strawberry":13,"Bronze Scales":37,"Turnip":46,"Nloth\u0027s Gift":21,"Cracked Core":0,"FossilizedHelix":9},{"Vajra":12,"Whetstone":14,"Orichalcum":14,"Question Card":2,"Boot":4,"Akabeko":27,"FrozenCore":8,"Nuclear Battery":18,"Frozen Eye":3,"Anchor":22,"Strawberry":7,"Bronze Scales":19,"Turnip":25,"Nloth\u0027s Gift":10,"Cracked Core":0,"FossilizedHelix":3},{"Vajra":72,"Whetstone":90,"Orichalcum":90,"Question Card":5,"Boot":12,"Akabeko":194,"FrozenCore":38,"Nuclear Battery":125,"Frozen Eye":8,"Anchor":151,"Strawberry":30,"Bronze Scales":130,"Turnip":172,"Nloth\u0027s Gift":53,"Cracked Core":0,"FossilizedHelix":8}],"FrozenCore":[84]},"card_choices":[{"not_picked":["Seek","Thunder Strike"],"picked":"Biased Cognition","floor":0.0},{"not_picked":["Hologram","Stack"],"picked":"Chaos","floor":1.0},{"not_picked":["Scrape","Force Field"],"picked":"Chill","floor":3.0},{"not_picked":["Stack","Redo","Blizzard"],"picked":"Capacitor","floor":7.0},{"not_picked":["Leap","Fusion","Conserve Battery","Beam Cell"],"picked":"SKIP","floor":10.0},{"not_picked":["Scrape","Go for the Eyes","Steam","Redo"],"picked":"SKIP","floor":11.0},{"not_picked":["Redo","Stack","Go for the Eyes"],"picked":"Skim","floor":12.0},{"not_picked":["Self Repair","Tempest","Steam"],"picked":"Defragment","floor":13.0},{"not_picked":["Seek","Thunder Strike","Rainbow"],"picked":"Echo Form","floor":16.0},{"not_picked":["Coolheaded","Sweeping Beam","Hologram"],"picked":"Defragment","floor":18.0},{"not_picked":["Conserve Battery","Double Energy","Redo","Sunder"],"picked":"SKIP","floor":19.0},{"not_picked":["Redo","Barrage","Streamline","Sweeping Beam+1"],"picked":"SKIP","floor":22.0},{"not_picked":["Reboot","Steam","Echo Form"],"picked":"Consume","floor":23.0},{"not_picked":["Undo","Gash","Sweeping Beam"],"picked":"Electrodynamics","floor":24.0},{"not_picked":["Melter","Steam Power","Recycle"],"picked":"Fission","floor":25.0},{"not_picked":["Fusion","Stack","Cold Snap"],"picked":"Hologram","floor":28.0},{"not_picked":["Melter","Ball Lightning","Amplify"],"picked":"Reinforced Body","floor":30.0},{"not_picked":["Fusion","Coolheaded","Stack"],"picked":"Turbo","floor":31.0},{"not_picked":["Thunder Strike","Rainbow","Buffer"],"picked":"Echo Form","floor":33.0},{"not_picked":["Genetic Algorithm","Reprogram+1","Go for the Eyes","Ball Lightning"],"picked":"SKIP","floor":35.0},{"not_picked":["Ball Lightning","Tempest","Genetic Algorithm"],"picked":"Steam Power","floor":38.0},{"not_picked":["Go for the Eyes","Ball Lightning","Barrage","Sunder+1"],"picked":"SKIP","floor":39.0},{"not_picked":["Stack","Redo","Melter+1"],"picked":"Glacier","floor":40.0},{"not_picked":["Genetic Algorithm","All For One","Rebound"],"picked":"Self Repair","floor":42},{"not_picked":["Sunder+1","Tempest","Rebound","Conserve Battery"],"picked":"SKIP","floor":45},{"not_picked":["Reboot","Go for the Eyes+1","Self Repair","Rip and Tear"],"picked":"SKIP","floor":46},{"not_picked":["Multi-Cast","BootSequence","Consume"],"picked":"Coolheaded+1","floor":47},{"not_picked":["Self Repair+1","Electrodynamics","Redo"],"picked":"Aggregate","floor":48}],"player_experience":556672,"relics_obtained":[{"floor":9.0,"key":"FossilizedHelix"},{"floor":10.0,"key":"Boot"},{"floor":13.0,"key":"Strawberry"},{"floor":23.0,"key":"Vajra"},{"floor":25.0,"key":"Orichalcum"},{"floor":26.0,"key":"Whetstone"},{"floor":40.0,"key":"Anchor"},{"floor":46,"key":"Turnip"},{"floor":48,"key":"Akabeko"}],"event_choices":[{"damage_healed":0.0,"max_hp_gain":0.0,"max_hp_loss":0.0,"gold_gain":75.0,"event_name":"World of Goop","player_choice":"Gather Gold","floor":2.0,"gold_loss":0.0,"damage_taken":11.0},{"damage_healed":0.0,"max_hp_gain":0.0,"max_hp_loss":0.0,"gold_gain":0.0,"event_name":"Scrap Ooze","player_choice":"Success","floor":4.0,"gold_loss":0.0,"damage_taken":12.0,"relics_obtained":["Question Card"]},{"damage_healed":0.0,"max_hp_gain":0.0,"max_hp_loss":0.0,"gold_gain":0.0,"event_name":"Upgrade Shrine","player_choice":"Upgraded","floor":5.0,"gold_loss":0.0,"damage_taken":0.0,"cards_upgraded":["Chaos"]},{"damage_healed":0.0,"max_hp_gain":0.0,"max_hp_loss":0.0,"gold_gain":0.0,"event_name":"The Library","player_choice":"Read","floor":20.0,"gold_loss":0.0,"damage_taken":0.0,"cards_obtained":["Capacitor"]},{"damage_healed":0.0,"max_hp_gain":0.0,"max_hp_loss":0.0,"gold_gain":0.0,"event_name":"N\u0027loth","player_choice":"Traded Relic","floor":21.0,"relics_lost":["Boot"],"gold_loss":0.0,"damage_taken":0.0,"relics_obtained":["Nloth\u0027s Gift"]},{"damage_healed":0.0,"max_hp_gain":0.0,"max_hp_loss":4.0,"gold_gain":0.0,"event_name":"Winding Halls","player_choice":"Max HP","floor":36.0,"gold_loss":0.0,"damage_taken":0.0},{"damage_healed":0.0,"max_hp_gain":0.0,"max_hp_loss":0.0,"gold_gain":0.0,"event_name":"WeMeetAgain","player_choice":"Paid Gold","floor":37.0,"gold_loss":59.0,"damage_taken":0.0,"relics_obtained":["Bronze Scales"]}],"is_beta":false,"boss_relics":[{"not_picked":["Tiny House","Ectoplasm"],"picked":"FrozenCore"},{"not_picked":["Empty Cage","Coffee Dripper"],"picked":"Nuclear Battery"}],"items_purged_floors":[14,27],"is_endless":false,"potions_floor_spawned":[3,10,19,22,25,28,30,35,45,48],"ascension_level":14}}