{"host":"7wi4qgm5yw4j7oz0","time":1614333188,"event":{"mods":["AchievementEnabler","BaseMod","Block Reminder","Colored Map","Colored Powertips","Highlight Path","Minty Spire (QoL Compilation)","Permanent Neow","Random Character Button","StSLib","SuperFastMode","everything is the same but u backflip on backflip"],"gold_per_floor":[116,136,152,169,169,169,185,185,185,185,207,223,253,253,253,346,346,362,383,398,129,148,148,148,148],"floor_reached":24,"language":"KOR","playtime":1448,"items_purged":["Strike_R"],"score":380,"play_id":"5e86bdfd-395f-4545-9e6a-0b2fe4d73b8f","local_time":"20210226185308","is_ascension_mode":true,"campfire_choices":[{"data":"Body Slam","floor":6.0,"key":"SMITH"},{"data":"Berserk","floor":8.0,"key":"SMITH"},{"data":"Battle Trance","floor":10.0,"key":"SMITH"},{"data":"Carnage","floor":15.0,"key":"SMITH"},{"floor":23,"key":"REST"}],"circlet_count":0,"master_deck":["AscendersBane","Strike_R","Strike_R","Strike_R","Strike_R","Defend_R","Defend_R","Defend_R","Defend_R","Bash","Berserk+1","Iron Wave","Body Slam+1","Battle Trance+1","Reaper","Cleave","Shrug It Off","Carnage+1","Offering","Juggernaut","Warcry","Uppercut+1","Apotheosis","Rage"],"relics":["Burning Blood","HornCleat","Thread and Needle","Odd Mushroom","Mango","Golden Idol","Sozu"],"acts_visited":["Exordium","TheCity"],"potions_floor_usage":[16,20],"damage_taken":[{"damage":7.0,"enemies":"Cultist","floor":1.0,"turns":4.0},{"damage":3.0,"enemies":"2 Louse","floor":2.0,"turns":4.0},{"damage":11.0,"enemies":"Jaw Worm","floor":3.0,"turns":4.0},{"damage":8.0,"enemies":"2 Fungi Beasts","floor":4.0,"turns":4.0},{"damage":2.0,"enemies":"3 Louse","floor":7.0,"turns":4.0},{"damage":0.0,"enemies":"The Mushroom Lair","floor":11.0,"turns":3.0},{"damage":1.0,"enemies":"Blue Slaver","floor":12.0,"turns":4.0},{"damage":16.0,"enemies":"Gremlin Nob","floor":13.0,"turns":4.0},{"damage":20,"enemies":"Slime Boss","floor":16,"turns":7},{"damage":23,"enemies":"3 Byrds","floor":18,"turns":5},{"damage":6,"enemies":"2 Thieves","floor":19,"turns":4},{"damage":20,"enemies":"Centurion and Healer","floor":20,"turns":5},{"damage":40,"enemies":"Sentry and Sphere","floor":22,"turns":7},{"damage":73,"enemies":"Gremlin Leader","floor":24,"turns":7}],"seed_played":"4640076603637217630","potions_obtained":[{"floor":2.0,"key":"Fire Potion"},{"floor":3.0,"key":"Block Potion"},{"floor":11.0,"key":"Dexterity Potion"},{"floor":13.0,"key":"AttackPotion"}],"is_trial":false,"path_per_floor":["M","M","M","M","?","R","M","R","T","R","?","M","E","?","R","B",null,"M","M","M","$","M","R","E"],"character_chosen":"IRONCLAD","items_purchased":["Apotheosis"],"campfire_rested":1,"item_purchase_floors":[21],"current_hp_per_floor":[67,70,65,63,37,37,53,53,53,53,71,75,79,48,48,38,76,63,69,65,65,35,61,0,0],"gold":148,"neow_bonus":"ONE_RANDOM_RARE_CARD","is_daily":false,"chose_seed":false,"campfire_upgraded":4,"win_rate":0.0,"timestamp":1614333188,"path_taken":["M","?","M","M","?","R","M","R","T","R","?","M","E","?","R","BOSS","M","M","M","$","M","R","E"],"items_purchased_type":["Card"],"build_version":"2020-12-22","purchased_purges":1,"victory":false,"max_hp_per_floor":[75,75,75,75,75,75,75,75,75,75,75,75,89,89,89,89,89,89,89,89,89,89,89,89,89],"card_choices":[{"not_picked":["Havoc","Dual Wield"],"picked":"Iron Wave","floor":1.0},{"not_picked":["Anger","Shockwave"],"picked":"Body Slam","floor":2.0},{"not_picked":["Dual Wield","Armaments"],"picked":"Battle Trance","floor":3.0},{"not_picked":["Shrug It Off","Clash"],"picked":"Reaper","floor":4.0},{"not_picked":["Wild Strike","Flex"],"picked":"Cleave","floor":7.0},{"not_picked":["Iron Wave","Havoc"],"picked":"Shrug It Off","floor":11.0},{"not_picked":["Sever Soul","Perfected Strike"],"picked":"Carnage","floor":12.0},{"not_picked":["Fire Breathing","Seeing Red"],"picked":"Offering","floor":13.0},{"not_picked":["Corruption","Demon Form"],"picked":"Juggernaut","floor":16},{"not_picked":["Perfected Strike","Iron Wave"],"picked":"Warcry","floor":18},{"not_picked":["Carnage","Sword Boomerang","Clash"],"picked":"SKIP","floor":19},{"not_picked":["Shockwave","Thunderclap"],"picked":"Uppercut+1","floor":20},{"not_picked":["Iron Wave","Power Through"],"picked":"Rage","floor":22}],"player_experience":371531,"relics_obtained":[{"floor":9.0,"key":"Thread and Needle"},{"floor":11.0,"key":"Odd Mushroom"},{"floor":13.0,"key":"Mango"}],"event_choices":[{"damage_healed":0.0,"max_hp_gain":0.0,"max_hp_loss":0.0,"gold_gain":0.0,"event_name":"Scrap Ooze","player_choice":"Success","floor":5.0,"gold_loss":0.0,"damage_taken":26.0,"relics_obtained":["HornCleat"]},{"damage_healed":0.0,"max_hp_gain":0.0,"max_hp_loss":0.0,"gold_gain":0.0,"event_name":"Mushrooms","player_choice":"Fought Mushrooms","floor":11.0,"gold_loss":0.0,"damage_taken":0.0},{"damage_healed":0.0,"max_hp_gain":0.0,"max_hp_loss":0.0,"gold_gain":0.0,"event_name":"Golden Idol","player_choice":"Take Damage","floor":14.0,"gold_loss":0.0,"damage_taken":31.0,"relics_obtained":["Golden Idol"]}],"is_beta":false,"boss_relics":[{"not_picked":["Coffee Dripper","Mark of Pain"],"picked":"Sozu"}],"items_purged_floors":[21],"is_endless":false,"potions_floor_spawned":[2,3,11,13,19,20,22],"killed_by":"Gremlin Leader","ascension_level":18}}