{"host":"4on4asxm2ji0et26","time":1614375317,"event":{"mods":["2.2 Compatiblity","BaseMod","Bestiary","Better Match","Better Note","Better Sensory Stone","Better Skull","Better Third Choice","Better Vampires","BetterRewards","Card Filter","Card Forge","Conspire","DeckTracker","Exacting","Filter the Spire","Friendly Minions","FruityMod","Hubris","Infinite Spire","Minty Spire (QoL Compilation)","Rare Cards Sparkle","Relic Filter","Relic Stats","Replay The Spire","SacredBarkPlus","Shop Mod","StSLib","Synergy Search","The Blackbeard","The Construct","The Disciple","The Mystic","The Poker Player","Trackpad","Useless Jewels Mod"],"gold_per_floor":[118,129,140,182,196,221,221,291,314,367,412,423,385,413,413,561,561,581,596,696,711,711,739,311,325,325,335,348,348,373,392,392,493,493,493,493],"floor_reached":34,"language":"ENG","playtime":2050,"items_purged":[],"score":500,"play_id":"5142f9b0-6649-4e46-a6d7-4e3e31e61c5c","local_time":"20210226213517","is_ascension_mode":true,"metric_token":2322,"campfire_choices":[{"floor":7.0,"key":"REST"},{"data":"PokerPlayerMod:Sharpen","floor":15.0,"key":"SMITH"},{"data":"PokerPlayerMod:Sharpen","floor":29.0,"key":"SMITH"},{"data":"hubris:DuctTapeCard","floor":32.0,"key":"SMITH"}],"circlet_count":0,"master_deck":["PokerPlayerMod:Diamond4","PokerPlayerMod:Diamond2","PokerPlayerMod:Diamond3","PokerPlayerMod:Diamond7","PokerPlayerMod:Diamond5","PokerPlayerMod:Spade1","PokerPlayerMod:Spade2","PokerPlayerMod:Spade3","PokerPlayerMod:Spade4","PokerPlayerMod:Club1","PokerPlayerMod:Club2","PokerPlayerMod:Heart2","PokerPlayerMod:TrumpStrike","PokerPlayerMod:BadJoker","PokerPlayerMod:Mulligan+1","PokerPlayerMod:Club2","PokerPlayerMod:Heart3","PokerPlayerMod:Club5","PokerPlayerMod:Diamond5","PokerPlayerMod:Sharpen+1","PokerPlayerMod:Club6","PokerPlayerMod:Diamond3","PokerPlayerMod:Club1","PokerPlayerMod:ClubDance","PokerPlayerMod:Club4","PokerPlayerMod:WasteCollection","PokerPlayerMod:Diamond8","PokerPlayerMod:DiamondStrike","PokerPlayerMod:Sharpen+1","PokerPlayerMod:Diamond8","Swift Strike","PokerPlayerMod:CardBurn+1","PokerPlayerMod:Diamond4","PokerPlayerMod:CloakAndDiamond"],"relics":["PokerPlayerMod:DeckCase","Hammer of Thor","Seething Fire","Anvil of the Gods","trackpad:FieryHotPepper","Orichalcum","PokerPlayerMod:FairLicense","Tiny Chest","Odd Mushroom","betterThird:SlimedRelic","trackpad:RapidFire","Black Star","ReplayTheSpireMod:Shallot","Boot","MerchantsRug","Singing Bowl","trackpad:ByrdBGone","Ginger"],"acts_visited":["Exordium","TheCity"],"potions_floor_usage":[],"damage_taken":[{"damage":0.0,"enemies":"2 Louse","floor":1.0,"turns":2.0},{"damage":5.0,"enemies":"Small Slimes","floor":2.0,"turns":3.0},{"damage":7.0,"enemies":"Jaw Worm","floor":3.0,"turns":3.0},{"damage":32.0,"enemies":"Exordium Thugs","floor":4.0,"turns":4.0},{"damage":0.0,"enemies":"Exordium Wildlife","floor":5.0,"turns":2.0},{"damage":14.0,"enemies":"Gremlin Nob","floor":6.0,"turns":3.0},{"damage":9.0,"enemies":"3 Sentries","floor":8.0,"turns":3.0},{"damage":2.0,"enemies":"Gremlin Nob","floor":10.0,"turns":3.0},{"damage":6.0,"enemies":"The Mushroom Lair","floor":11.0,"turns":2.0},{"damage":0.0,"enemies":"2 Fungi Beasts","floor":12.0,"turns":2.0},{"damage":10.0,"enemies":"Lagavulin","floor":14.0,"turns":4.0},{"damage":1.0,"enemies":"The Guardian","floor":16.0,"turns":4.0},{"damage":1.0,"enemies":"2 Thieves","floor":18.0,"turns":2.0},{"damage":0.0,"enemies":"Shell Parasite","floor":19.0,"turns":1.0},{"damage":0.0,"enemies":"Snake Plant","floor":21.0,"turns":2.0},{"damage":7.0,"enemies":"Replay:Snechameleon","floor":23.0,"turns":3.0},{"damage":0.0,"enemies":"Snecko","floor":25.0,"turns":2.0},{"damage":0.0,"enemies":"Shelled Parasite and Fungi","floor":27.0,"turns":1.0},{"damage":0.0,"enemies":"Cultist and Chosen","floor":28.0,"turns":2.0},{"damage":10.0,"enemies":"conspire:SneckoGhost","floor":30.0,"turns":3.0},{"damage":12.0,"enemies":"Snake Plant","floor":31.0,"turns":1.0},{"damage":0.0,"enemies":"conspire:MysteriousRune","floor":33.0,"turns":4.0}],"seed_played":"-5111456991769197832","potions_obtained":[{"floor":1.0,"key":"BlessingOfTheForge"},{"floor":2.0,"key":"SteroidPotion"},{"floor":6.0,"key":"AttackPotion"},{"floor":16.0,"key":"Regen Potion"}],"is_trial":false,"path_per_floor":["M","M","M","M","M","E","R","E","T","E","?","M","?","E","R","B",null,"M","M","?","M","T","E","$","M","T","M","M","R","E","M","R","B",null],"character_chosen":"THE_POKER_PLAYER","items_purchased":["PokerPlayerMod:PenAndEraser","PokerPlayerMod:Sharpen","MerchantsRug","PokerPlayerMod:Diamond8","Swift Strike"],"campfire_rested":1,"item_purchase_floors":[24,24,24,24,24],"current_hp_per_floor":[52,47,50,20,20,13,28,26,26,33,34,37,26,28,28,32,52,51,51,51,52,52,45,45,45,45,52,54,54,44,36,36,46,46,46,46],"gold":493,"neow_bonus":"RANDOM_EVENT","is_daily":false,"chose_seed":false,"campfire_upgraded":3,"win_rate":0.0,"timestamp":1614375317,"path_taken":["M","M","M","M","M","E","R","E","T","E","?","M","?","E","R","BOSS","M","M","?","M","?","E","?","M","T","M","?","R","E","M","R","BOSS"],"items_purchased_type":["Relic","Card","Relic","Card","Card"],"build_version":"2020-12-22","purchased_purges":0,"victory":false,"max_hp_per_floor":[52,52,52,52,52,52,52,52,52,52,52,52,52,52,52,52,52,52,52,52,52,52,52,52,52,52,52,54,54,54,54,54,56,56,56,56],"relic_stats":{"Singing Bowl":4,"counters":[22,56],"Tiny Chest":1,"Black Star":2,"Ginger":[0],"Orichalcum":[192],"Boot":[3],"obtain_stats":[{"MerchantsRug":24,"hubris:DuctTape":23,"PokerPlayerMod:PenAndEraser":24,"Singing Bowl":26,"Hammer of Thor":0,"trackpad:ByrdBGone":30,"Seething Fire":0,"Ginger":30,"Orichalcum":8,"Odd Mushroom":11,"Boot":23,"PokerPlayerMod:FairLicense":9,"PokerPlayerMod:DeckCase":0,"trackpad:FieryHotPepper":6,"trackpad:RapidFire":14,"ReplayTheSpireMod:Shallot":22,"Anvil of the Gods":0,"betterThird:SlimedRelic":13,"Tiny Chest":10,"Black Star":17},{"MerchantsRug":16,"hubris:DuctTape":16,"PokerPlayerMod:PenAndEraser":16,"Singing Bowl":17,"Hammer of Thor":0,"trackpad:ByrdBGone":20,"Seething Fire":0,"Ginger":20,"Orichalcum":7,"Odd Mushroom":9,"Boot":16,"PokerPlayerMod:FairLicense":7,"PokerPlayerMod:DeckCase":0,"trackpad:FieryHotPepper":6,"trackpad:RapidFire":11,"ReplayTheSpireMod:Shallot":15,"Anvil of the Gods":0,"betterThird:SlimedRelic":10,"Tiny Chest":8,"Black Star":12},{"MerchantsRug":43,"hubris:DuctTape":43,"PokerPlayerMod:PenAndEraser":43,"Singing Bowl":45,"Hammer of Thor":0,"trackpad:ByrdBGone":51,"Seething Fire":0,"Ginger":51,"Orichalcum":20,"Odd Mushroom":25,"Boot":43,"PokerPlayerMod:FairLicense":20,"PokerPlayerMod:DeckCase":0,"trackpad:FieryHotPepper":17,"trackpad:RapidFire":31,"ReplayTheSpireMod:Shallot":40,"Anvil of the Gods":0,"betterThird:SlimedRelic":27,"Tiny Chest":23,"Black Star":35}]},"card_choices":[{"not_picked":["PokerPlayerMod:CloakAndDiamond","PokerPlayerMod:Manipulation"],"picked":"PokerPlayerMod:Club2","floor":1.0},{"not_picked":["PokerPlayerMod:Fold","PokerPlayerMod:Heart8"],"picked":"PokerPlayerMod:Heart3","floor":2.0},{"not_picked":["PokerPlayerMod:TheDieIsCast","PokerPlayerMod:Diamond1"],"picked":"PokerPlayerMod:Club5","floor":3.0},{"not_picked":["PokerPlayerMod:Trickery","PokerPlayerMod:Diamond4"],"picked":"PokerPlayerMod:Diamond5","floor":4.0},{"not_picked":["PokerPlayerMod:Spade2","PokerPlayerMod:SpadeStrike"],"picked":"PokerPlayerMod:Sharpen","floor":5.0},{"not_picked":["PokerPlayerMod:Diamond1","PokerPlayerMod:TheDieIsCast"],"picked":"PokerPlayerMod:Club6","floor":6.0},{"not_picked":["PokerPlayerMod:Diamond1","PokerPlayerMod:HiddenCard"],"picked":"PokerPlayerMod:Diamond3","floor":8.0},{"not_picked":["PokerPlayerMod:HiddenCard","PokerPlayerMod:PoorCopy"],"picked":"PokerPlayerMod:Club1","floor":10.0},{"not_picked":["PokerPlayerMod:HeartStrike","PokerPlayerMod:Club1"],"picked":"PokerPlayerMod:Trickery","floor":11.0},{"not_picked":["PokerPlayerMod:Diamond1","PokerPlayerMod:Heart1"],"picked":"PokerPlayerMod:ClubDance","floor":12.0},{"not_picked":["PokerPlayerMod:GamblerForm","PokerPlayerMod:Diamond5"],"picked":"PokerPlayerMod:Club4","floor":14.0},{"not_picked":["PokerPlayerMod:Diamond9","PokerPlayerMod:Promotion"],"picked":"PokerPlayerMod:WasteCollection","floor":16.0},{"not_picked":["PokerPlayerMod:Trickery+1","PokerPlayerMod:Diamond2"],"picked":"PokerPlayerMod:Diamond8","floor":18.0},{"not_picked":["PokerPlayerMod:Spade2","PokerPlayerMod:DartThrow+1"],"picked":"PokerPlayerMod:DiamondStrike","floor":19.0},{"not_picked":["PokerPlayerMod:Spade2","PokerPlayerMod:ClubsClub+1","PokerPlayerMod:SpadeStrike"],"picked":"SKIP","floor":21.0},{"not_picked":["PokerPlayerMod:Heart4","PokerPlayerMod:PoorCopy"],"picked":"PokerPlayerMod:CardBurn","floor":23.0},{"not_picked":["PokerPlayerMod:DartThrow","PokerPlayerMod:HotShotCut+1","PokerPlayerMod:Diamond2"],"picked":"SKIP","floor":25.0},{"not_picked":["PokerPlayerMod:Diamond1","PokerPlayerMod:ClubStrike+1"],"picked":"PokerPlayerMod:CardBurn+1","floor":27.0},{"not_picked":["PokerPlayerMod:Trickery","PokerPlayerMod:Overdeal+1","PokerPlayerMod:Club5"],"picked":"Singing Bowl","floor":28.0},{"not_picked":["PokerPlayerMod:HotShotCut","PokerPlayerMod:CloakAndDiamond"],"picked":"PokerPlayerMod:Diamond4","floor":30.0},{"not_picked":["PokerPlayerMod:Club2","PokerPlayerMod:Spade1"],"picked":"PokerPlayerMod:CloakAndDiamond","floor":31.0},{"not_picked":["PokerPlayerMod:Spade9","PokerPlayerMod:Spade8","PokerPlayerMod:TheDieIsCast"],"picked":"Singing Bowl","floor":33.0}],"player_experience":446444,"relics_obtained":[{"floor":6.0,"key":"trackpad:FieryHotPepper"},{"floor":8.0,"key":"Orichalcum"},{"floor":9.0,"key":"PokerPlayerMod:FairLicense"},{"floor":10.0,"key":"Tiny Chest"},{"floor":11.0,"key":"Odd Mushroom"},{"floor":14.0,"key":"trackpad:RapidFire"},{"floor":22.0,"key":"ReplayTheSpireMod:Shallot"},{"floor":23.0,"key":"Boot"},{"floor":23.0,"key":"hubris:DuctTape"},{"floor":26.0,"key":"Singing Bowl"},{"floor":30.0,"key":"trackpad:ByrdBGone"},{"floor":30.0,"key":"Ginger"}],"event_choices":[{"damage_healed":0.0,"max_hp_gain":0.0,"max_hp_loss":0.0,"gold_gain":0.0,"event_name":"Living Wall","player_choice":"Grow","floor":0.0,"gold_loss":0.0,"damage_taken":0.0,"cards_upgraded":["PokerPlayerMod:Mulligan"]},{"damage_healed":0.0,"max_hp_gain":0.0,"max_hp_loss":0.0,"gold_gain":0.0,"event_name":"Mushrooms","player_choice":"Fought Mushrooms","floor":11.0,"gold_loss":0.0,"damage_taken":0.0},{"damage_healed":0.0,"max_hp_gain":0.0,"max_hp_loss":0.0,"gold_gain":0.0,"event_name":"betterThird:BetterGoop","player_choice":"Slimed","floor":13.0,"gold_loss":38.0,"damage_taken":11.0},{"damage_healed":0.0,"max_hp_gain":0.0,"max_hp_loss":0.0,"gold_gain":100.0,"event_name":"Golden Shrine","player_choice":"Pray","floor":20.0,"gold_loss":0.0,"damage_taken":0.0}],"is_beta":false,"boss_relics":[{"not_picked":["Philosopher\u0027s Stone","Ring of Chaos"],"picked":"Black Star"}],"items_purged_floors":[],"is_endless":true,"potions_floor_spawned":[2,6,10,12,16,19,23,27,30],"ascension_level":1}}