{"host":"8ps3pfk2b2drr3ex","time":1614376795,"event":{"mods":["2.2 Compatiblity","AchievementEnabler","Act Like it!","BaseMod","Bestiary","Better Match","BetterRewards","Colored Map","Colored Powertips","Conspire","Downfall","Evolution","Gensokyo","GifTheSpireLib","Gold Saver","Hallownest","Hubris","Minty Spire (QoL Compilation)","Permanent Neow","Relic Filter","Replay The Spire","Shop Mod","StSLib","Stuff the Spire","The Bug Knight"],"gold_per_floor":[1137,1153,1328,1228,1245,1261,1261,1277,1277,1312,1331,929,929,963,978,1073,1073,973,987,597,597,613,646,698,698,714,730,750,781,781,815,826,931,931,931,800,725,735,735,754,754,786,686,686,705,740,640,241,255,255,255,284,69,69,69,69,69,69],"floor_reached":56,"language":"ENG","playtime":8992,"items_purged":["Doubt","sneckomod:DiceCrush","Languid","StuffTheSpire:CuriosityCurse"],"score":1067,"play_id":"e24867d6-a7bd-467f-a5bb-a3b4262c005d","local_time":"20210226165955","is_ascension_mode":true,"campfire_choices":[{"data":"Dramatic Entrance","floor":1.0,"key":"SMITH"},{"data":"sneckomod:MorePower","floor":13.0,"key":"SMITH"},{"data":"sneckomod:Cheat","floor":18.0,"key":"SMITH"},{"data":"Rainbow","floor":25.0,"key":"SMITH"},{"floor":30.0,"key":"REST"},{"data":"Ghostly","floor":35.0,"key":"SMITH"},{"floor":43,"key":"RECALL"},{"floor":47,"key":"REST"},{"data":"sneckomod:UnknownRarePower","floor":54,"key":"SMITH"}],"circlet_count":0,"master_deck":["sneckomod:QuickBite","sneckomod:RainOfDice","sneckomod:DiceBlock","sneckomod:QuickMove","sneckomod:DiceBlock","sneckomod:TailWhip","sneckomod:SnekBite","sneckomod:Unknown","Dramatic Entrance+1","Ghostly+1","sneckomod:UnknownExhaust","sneckomod:Unknown1Cost","sneckomod:UnknownUncommonPower","sneckomod:MorePower+1","sneckomod:UnknownRareSkill+1","sneckomod:SoulRoll","sneckomod:UnknownRareAttack+1","sneckomod:Cheat+1","sneckomod:UnknownClassGUARDIAN+1","Rainbow+1","sneckomod:UnknownX+1","sneckomod:CheapStock","sneckomod:UnknownVulnerable","sneckomod:SnekBeam","sneckomod:SoulRoll","sneckomod:SnakeSap","sneckomod:UnknownClassTHE_CHAMP_GRAY+1","sneckomod:Nope","sneckomod:UnknownUncommonPower+1","sneckomod:UnknownStrength","sneckomod:SlitherStrike+1","Echo Form","sneckomod:Transmogrify","Madness+1","sneckomod:UnknownStrength+1","sneckomod:UnknownRarePower+1","sneckomod:UnknownRarePower+1","sneckomod:UnknownX+1","sneckomod:SoulRoll+1","sneckomod:UnknownExhaust+1","sneckomod:UnknownDexterity+1","Echo Form","sneckomod:UnknownClassBLUE+1","sneckomod:UnknownBlock+1","StuffTheSpire:EventHorizon+1","Panacea+1","Electrodynamics","StuffTheSpire:BrainWave","sneckomod:UnknownRareAttack+1","sneckomod:SoulCleanse","sneckomod:UnknownBoss","Delirium","sneckomod:RainOfDice+1","sneckomod:UnknownRarePower+1","sneckomod:UnknownClassBLUE+1","All For One","Thunder Strike+1","sneckomod:UnknownRarePower+1","Thunder Strike+1","sneckomod:SoulRoll","sneckomod:SoulRoll","StuffTheSpire:CleanHardDrive"],"relics":["sneckomod:SuperSneckoSoul","EVO:Axolotl","Bottled Lightning","hubris:Metronome","Cursed Key","downfall:HeartBlessingGreen","hubris:BundleOfHerbs","Iron Hammer","conspire:Dentures","Replay:WaspNest","Bag of Marbles","Philosopher\u0027s Stone","hubris:GlazedTorus","MerchantsRug","StuffTheSpire:Expresso","downfall:HeartBlessingBlue","StuffTheSpire:Mouthbags","ReplayTheSpireMod:Onyx Gauntlets","downfall:HeartBlessingRed","Pantograph","Bag of Preparation","Orichalcum","Gambling Chip","Incense Burner","DollysMirror"],"acts_visited":["Exordium","TheCity","TheBeyond","TheEnding"],"potions_floor_usage":[42,49,56,56],"damage_taken":[{"damage":0.0,"enemies":"conspire:RoseBush","floor":2.0,"turns":3.0},{"damage":0.0,"enemies":"Jaw Worm","floor":5.0,"turns":1.0},{"damage":0.0,"enemies":"2 Louse","floor":6.0,"turns":1.0},{"damage":0.0,"enemies":"Exordium Thugs","floor":8.0,"turns":2.0},{"damage":8.0,"enemies":"HollowMod:MossKnight","floor":10.0,"turns":12.0},{"damage":0.0,"enemies":"Large Slime","floor":11.0,"turns":5.0},{"damage":0.0,"enemies":"downfall:FleeingMerchant","floor":12.0,"turns":4.0},{"damage":16.0,"enemies":"Lagavulin","floor":14.0,"turns":6.0},{"damage":0.0,"enemies":"2 Fungi Beasts","floor":15.0,"turns":2.0},{"damage":20.0,"enemies":"SI_SHIV_ARCHETYPE","floor":16.0,"turns":6.0},{"damage":9.0,"enemies":"Shell Parasite","floor":19.0,"turns":6.0},{"damage":1.0,"enemies":"downfall:FleeingMerchant","floor":20.0,"turns":5.0},{"damage":0.0,"enemies":"Centurion and Healer","floor":22.0,"turns":2.0},{"damage":30.0,"enemies":"HollowMod:Nosk","floor":23.0,"turns":6.0},{"damage":2.0,"enemies":"Snake Plant","floor":26.0,"turns":3.0},{"damage":14.0,"enemies":"conspire:HollyBat","floor":27.0,"turns":9.0},{"damage":10.0,"enemies":"Centurion and Healer","floor":28.0,"turns":3.0},{"damage":20.0,"enemies":"Replay:Snechameleon","floor":29.0,"turns":7.0},{"damage":17.0,"enemies":"Book of Stabbing","floor":31.0,"turns":6.0},{"damage":0.0,"enemies":"Snake Plant","floor":32.0,"turns":3.0},{"damage":12.0,"enemies":"WA_ARCHETYPE_CALM","floor":33.0,"turns":8.0},{"damage":0.0,"enemies":"downfall:FleeingMerchant","floor":36.0,"turns":4.0},{"damage":23,"enemies":"3 Darklings","floor":38,"turns":3},{"damage":0,"enemies":"3 Shapes","floor":40,"turns":1},{"damage":28,"enemies":"HollowMod:StalkingDevout","floor":42,"turns":8},{"damage":0,"enemies":"3 Darklings","floor":45,"turns":1},{"damage":31,"enemies":"Giant Head","floor":46,"turns":7},{"damage":25,"enemies":"Writhing Mass","floor":49,"turns":3},{"damage":64,"enemies":"DF_ARCHETYPE_ORBS","floor":50,"turns":6},{"damage":0,"enemies":"downfall:CharBossMerchant","floor":52,"turns":5},{"damage":68,"enemies":"downfall:NeowBoss","floor":55,"turns":11},{"damage":133,"enemies":"downfall:NeowBossFinal","floor":56,"turns":5}],"seed_played":"-8296117623059751587","potions_obtained":[{"floor":6.0,"key":"Fruit Juice"},{"floor":9.0,"key":"downfall:CursedFountainPotion"},{"floor":11.0,"key":"Block Potion"},{"floor":14.0,"key":"FairyPotion"},{"floor":19.0,"key":"AttackPotion"},{"floor":26.0,"key":"Energy Potion"},{"floor":40,"key":"conspire:TimeTravelPotion"},{"floor":45,"key":"AttackPotion"},{"floor":46,"key":"conspire:TimeTravelPotion"},{"floor":52,"key":"Cursed Concoction"}],"is_trial":false,"path_per_floor":["R_BF","M","?","?","M","M","T","M","?","E","M","$","R","E","M","B",null,"R","M","$","?","M","E","T","R","M","M","M","E","R","E","M","B",null,"R","$","?","M","?","M","T","E","R","?","M","E","R","$","M","B",null,"E","$","R","B","B"],"character_chosen":"THE_SNECKO","items_purchased":["Bag of Marbles","sneckomod:MorePower","sneckomod:CheapStock","sneckomod:UnknownVulnerable","sneckomod:SnekBeam","sneckomod:SoulRoll","MerchantsRug","StuffTheSpire:Expresso","Pantograph","Incense Burner","DollysMirror","sneckomod:SoulRoll"],"campfire_rested":2,"item_purchase_floors":[12,12,20,20,20,20,36,36,48,53,53,53],"current_hp_per_floor":[113,113,113,113,113,118,118,118,118,110,112,114,114,98,98,80,118,118,109,108,108,108,78,78,78,78,68,58,38,73,71,76,64,118,118,118,118,95,95,95,95,95,105,105,105,74,113,113,115,59,123,126,126,126,58,0,0,0],"gold":69,"neow_bonus":"RANDOM_COLORLESS","is_daily":false,"chose_seed":false,"campfire_upgraded":6,"win_rate":0.0,"timestamp":1614376795,"path_taken":["R_BF","M","?","?","M","M","T","M","?","E","?","$","R","E","M","BOSS","R","?","$","?","M","E","T","R","M","M","M","E","R","E","M","BOSS","R","$","?","M","?","M","T","E","R","?","?","E","R","?","M","BOSS","E","$","R","BOSS","BOSS"],"items_purchased_type":["Relic","Card","Card","Card","Card","Card","Relic","Relic","Relic","Relic","Relic","Card"],"build_version":"2020-12-22","purchased_purges":4,"victory":false,"max_hp_per_floor":[113,113,113,113,113,118,118,118,118,118,118,118,118,118,118,118,118,118,118,118,118,118,118,118,118,118,118,118,118,118,118,118,118,118,118,118,118,118,107,107,107,107,117,117,117,117,120,120,123,123,123,126,126,126,126,126,126,126],"card_choices":[{"not_picked":["StuffTheSpire:FreeRealEstate","Flash of Steel"],"picked":"Dramatic Entrance","floor":0.0},{"not_picked":["sneckomod:DiceCrush","sneckomod:WideSting","sneckomod:UnknownCommonAttack"],"picked":"SKIP","floor":2.0},{"not_picked":["sneckomod:DangerNoodle","sneckomod:QuickBite"],"picked":"sneckomod:UnknownExhaust","floor":5.0},{"not_picked":["sneckomod:UnknownCommonAttack","sneckomod:SerpentIdol","sneckomod:WideSting"],"picked":"SKIP","floor":6.0},{"not_picked":["sneckomod:RainOfDice","sneckomod:ImprovisedAttack"],"picked":"sneckomod:Unknown1Cost","floor":8.0},{"not_picked":["sneckomod:Unknown2Cost","sneckomod:DiceBlock"],"picked":"sneckomod:UnknownUncommonPower","floor":10.0},{"not_picked":["sneckomod:ImprovisedGuard","sneckomod:DiceBlock"],"picked":"sneckomod:UnknownCommonSkill","floor":11.0},{"not_picked":["sneckomod:DiceCrush","sneckomod:QuickMove","sneckomod:RainOfDice"],"picked":"SKIP","floor":12.0},{"not_picked":["sneckomod:Unknown2Cost+1","sneckomod:UnknownUncommonAttack+1"],"picked":"sneckomod:UnknownRareSkill+1","floor":14.0},{"not_picked":["sneckomod:UnknownUncommonSkill","sneckomod:UnknownExhaust"],"picked":"sneckomod:SoulRoll","floor":14.0},{"not_picked":["sneckomod:Unknown2Cost+1","sneckomod:Unknown1Cost+1"],"picked":"sneckomod:UnknownRareAttack+1","floor":15.0},{"not_picked":["sneckomod:UnknownCommonAttack","sneckomod:UnknownCommonSkill","sneckomod:UnknownStrike"],"picked":"SKIP","floor":15.0},{"not_picked":["sneckomod:UnknownDexterity+1","sneckomod:UnknownColorless+1"],"picked":"sneckomod:Unknown3Cost+1","floor":16.0},{"not_picked":["sneckomod:GlitteringGambit","sneckomod:SerpentMind"],"picked":"sneckomod:Cheat","floor":16.0},{"not_picked":["sneckomod:UnknownColorless+1","sneckomod:UnknownBoss+1"],"picked":"sneckomod:UnknownClassGUARDIAN+1","floor":19.0},{"not_picked":["sneckomod:Unknown1Cost+1","sneckomod:ImprovisedAttack","sneckomod:Unknown0Cost"],"picked":"SKIP","floor":19.0},{"not_picked":["sneckomod:DefensiveFlair","sneckomod:UnknownDraw"],"picked":"sneckomod:UnknownClassBLUE","floor":20.0},{"not_picked":["sneckomod:UnknownBoss+1","sneckomod:UnknownDraw+1"],"picked":"sneckomod:UnknownX+1","floor":20.0},{"not_picked":["sneckomod:UnknownColorless","sneckomod:UnknownDraw"],"picked":"sneckomod:SnakeSap","floor":22.0},{"not_picked":["sneckomod:QuickBite","sneckomod:UnknownDraw","sneckomod:UnknownCommonSkill"],"picked":"SKIP","floor":22.0},{"not_picked":["sneckomod:UnknownUncommonSkill+1","sneckomod:UnknownBlock+1"],"picked":"sneckomod:UnknownClassTHE_CHAMP_GRAY+1","floor":23.0},{"not_picked":["sneckomod:UnknownClassGUARDIAN","sneckomod:UnknownUncommonAttack","sneckomod:IronFang"],"picked":"SKIP","floor":23.0},{"not_picked":["sneckomod:SoulDraw","sneckomod:DiceBlock+1"],"picked":"sneckomod:Nope","floor":26.0},{"not_picked":["sneckomod:TrashToTreasure","sneckomod:ImprovisedGuard","sneckomod:UnknownStrike+1"],"picked":"SKIP","floor":26.0},{"not_picked":["sneckomod:UnknownColorless+1","sneckomod:Unknown3Cost+1"],"picked":"sneckomod:UnknownUncommonPower+1","floor":27.0},{"not_picked":["sneckomod:Unknown1Cost","sneckomod:QuickBite"],"picked":"sneckomod:UnknownStrength","floor":27.0},{"not_picked":["sneckomod:QuickBite","sneckomod:UnknownClassTHE_CHAMP_GRAY"],"picked":"sneckomod:SlitherStrike+1","floor":27.0},{"not_picked":["sneckomod:Unknown0Cost+1","sneckomod:UnknownStrike+1"],"picked":"sneckomod:UnknownRareSkill+1","floor":28.0},{"not_picked":["sneckomod:SoulCleanse+1","sneckomod:IronFang"],"picked":"sneckomod:Transmogrify","floor":28.0},{"not_picked":["sneckomod:UnknownCommonAttack","sneckomod:Nope","sneckomod:CheapStock"],"picked":"SKIP","floor":28.0},{"not_picked":["sneckomod:PureSnecko","sneckomod:Nope","sneckomod:QuickMove"],"picked":"SKIP","floor":28.0},{"not_picked":["sneckomod:UnknownX+1","sneckomod:Unknown2Cost+1"],"picked":"sneckomod:UnknownStrength+1","floor":29.0},{"not_picked":["sneckomod:UnknownDraw","sneckomod:RainOfDice","sneckomod:UnknownUncommonAttack"],"picked":"SKIP","floor":29.0},{"not_picked":["sneckomod:UnknownWeak+1","sneckomod:Unknown0Cost+1"],"picked":"sneckomod:UnknownRarePower+1","floor":31.0},{"not_picked":["sneckomod:UnknownDraw+1","sneckomod:UnknownRareSkill+1"],"picked":"sneckomod:UnknownRarePower+1","floor":31.0},{"not_picked":["sneckomod:UnknownBlock+1","sneckomod:UnknownClassGUARDIAN+1"],"picked":"sneckomod:UnknownX+1","floor":31.0},{"not_picked":["sneckomod:UnknownCommonSkill+1","sneckomod:SerpentIdol"],"picked":"sneckomod:SoulRoll+1","floor":31.0},{"not_picked":["sneckomod:UnknownClassTHE_CHAMP_GRAY+1","sneckomod:UnknownClassGUARDIAN+1"],"picked":"sneckomod:UnknownExhaust+1","floor":31.0},{"not_picked":["sneckomod:UnknownUncommonAttack+1","sneckomod:UnknownBoss+1"],"picked":"sneckomod:UnknownDexterity+1","floor":32.0},{"not_picked":["sneckomod:TrashToTreasure","sneckomod:IronFang","sneckomod:Unknown2Cost+1"],"picked":"SKIP","floor":32.0},{"not_picked":["sneckomod:RainOfDice+1","sneckomod:Unknown2Cost","sneckomod:UnknownDraw"],"picked":"SKIP","floor":32.0},{"not_picked":["sneckomod:Cheat","sneckomod:SoulRoll","sneckomod:UnknownX"],"picked":"SKIP","floor":32.0},{"not_picked":["sneckomod:UnknownDexterity+1","sneckomod:Unknown0Cost+1"],"picked":"sneckomod:UnknownClassBLUE+1","floor":33.0},{"not_picked":["sneckomod:UnknownUncommonPower+1","sneckomod:UnknownColorless+1"],"picked":"sneckomod:UnknownBlock+1","floor":33.0},{"not_picked":["sneckomod:UnknownDraw","sneckomod:UnknownBlock"],"picked":"sneckomod:RainOfDice+1","floor":36.0},{"not_picked":["Jack Of All Trades+1","Survey Options+1"],"picked":"Panacea+1","floor":37.0},{"not_picked":["sneckomod:SerpentMind","sneckomod:SlitherStrike","sneckomod:UnknownVulnerable+1"],"picked":"SKIP","floor":38},{"not_picked":["sneckomod:Unknown2Cost","sneckomod:Unknown1Cost","sneckomod:Nope"],"picked":"SKIP","floor":38},{"not_picked":["sneckomod:DiceBlock+1","sneckomod:UnknownCommonAttack+1","sneckomod:UnknownCommonSkill"],"picked":"SKIP","floor":38},{"not_picked":["sneckomod:SerpentMind","sneckomod:SlitherStrike","sneckomod:UnknownVulnerable+1"],"picked":"SKIP","floor":38},{"not_picked":["sneckomod:Unknown2Cost","sneckomod:Unknown1Cost","sneckomod:Nope"],"picked":"SKIP","floor":38},{"not_picked":["sneckomod:DiceBlock+1","sneckomod:UnknownCommonAttack+1","sneckomod:UnknownCommonSkill"],"picked":"SKIP","floor":38},{"not_picked":["sneckomod:UnknownX+1","sneckomod:Unknown1Cost+1"],"picked":"sneckomod:UnknownRareAttack+1","floor":40},{"not_picked":["sneckomod:UnknownDraw+1","sneckomod:IronFang+1"],"picked":"sneckomod:SoulCleanse","floor":40},{"not_picked":["sneckomod:UnknownClassGUARDIAN","sneckomod:UnknownDraw"],"picked":"sneckomod:UnknownBoss","floor":40},{"not_picked":["sneckomod:UnknownExhaust+1","sneckomod:DiceBlock","sneckomod:UnknownDraw+1"],"picked":"SKIP","floor":40},{"not_picked":["sneckomod:SoulRoll","sneckomod:UnknownCommonAttack","sneckomod:WideSting+1"],"picked":"SKIP","floor":40},{"not_picked":["sneckomod:SoulRoll","sneckomod:ImprovisedAttack","sneckomod:MixItUp+1"],"picked":"SKIP","floor":42},{"not_picked":["sneckomod:UnknownRareAttack+1","sneckomod:UnknownVulnerable+1"],"picked":"sneckomod:UnknownRarePower+1","floor":45},{"not_picked":["sneckomod:TrashToTreasure","sneckomod:UnknownClassTHE_CHAMP_GRAY+1","sneckomod:DiceBlock+1"],"picked":"SKIP","floor":45},{"not_picked":["sneckomod:Unknown0Cost","sneckomod:SoulDraw","sneckomod:WideSting+1"],"picked":"SKIP","floor":45},{"not_picked":["sneckomod:DiceBlock+1","sneckomod:SoulCleanse","sneckomod:UnknownClassBLUE"],"picked":"SKIP","floor":45},{"not_picked":["sneckomod:UnknownUncommonPower+1","sneckomod:UnknownDraw+1","sneckomod:DiceCrush+1"],"picked":"SKIP","floor":45},{"not_picked":["sneckomod:UnknownCommonAttack+1","sneckomod:UnknownExhaust+1"],"picked":"sneckomod:UnknownClassBLUE+1","floor":46},{"not_picked":["sneckomod:DiceCrush+1","sneckomod:SoulRoll","sneckomod:Unknown1Cost+1"],"picked":"SKIP","floor":46},{"not_picked":["sneckomod:UnknownBoss","sneckomod:IronFang"],"picked":"sneckomod:Memorize+1","floor":49},{"not_picked":["sneckomod:RainOfDice","sneckomod:UnknownClassTHE_CHAMP_GRAY","sneckomod:UnknownDexterity"],"picked":"SKIP","floor":49},{"not_picked":["sneckomod:UnknownDraw","sneckomod:DiceCrush+1","sneckomod:SoulDraw+1"],"picked":"SKIP","floor":49},{"not_picked":["sneckomod:DiceBoulder","sneckomod:QuickBite+1","sneckomod:IronFang+1"],"picked":"SKIP","floor":49},{"not_picked":["sneckomod:IronFang","sneckomod:SoulRoll+1"],"picked":"sneckomod:UnknownRarePower","floor":52}],"player_experience":1140077,"relics_obtained":[{"floor":7.0,"key":"Bottled Lightning"},{"floor":10.0,"key":"StuffTheSpire:EmeraldSignet"},{"floor":14.0,"key":"hubris:Metronome"},{"floor":23.0,"key":"hubris:BundleOfHerbs"},{"floor":24.0,"key":"Bag of Preparation"},{"floor":29.0,"key":"Iron Hammer"},{"floor":29.0,"key":"conspire:Dentures"},{"floor":31.0,"key":"Replay:WaspNest"},{"floor":32.0,"key":"Bag of Marbles"},{"floor":33.0,"key":"hubris:GlazedTorus"},{"floor":36.0,"key":"hubris:GlazedTorus"},{"floor":38,"key":"Prayer Wheel"},{"floor":42,"key":"StuffTheSpire:Expresso"},{"floor":42,"key":"PreservedInsect"},{"floor":46,"key":"ReplayTheSpireMod:Onyx Gauntlets"},{"floor":46,"key":"Replay:Ringing Soul"},{"floor":49,"key":"Bag of Preparation"},{"floor":52,"key":"Orichalcum"},{"floor":52,"key":"Gambling Chip"}],"event_choices":[{"damage_healed":0.0,"max_hp_gain":0.0,"max_hp_loss":0.0,"gold_gain":0.0,"event_name":"conspire:LoneGhost","player_choice":"Argue","floor":4.0,"gold_loss":0.0,"damage_taken":0.0},{"damage_healed":0.0,"max_hp_gain":0.0,"max_hp_loss":0.0,"gold_gain":0.0,"event_name":"betterMatch:BetterMatch","player_choice":"2","floor":37.0,"gold_loss":0.0,"damage_taken":0.0,"cards_obtained":["betterMatch:UncommonCard","betterMatch:ColorlessUncommonCard"]}],"is_beta":false,"boss_relics":[{"not_picked":["Sozu","conspire:SlowCooker"],"picked":"Cursed Key"},{"not_picked":["hubris:GrandSneckoEye","Snecko Eye"],"picked":"Replay:Grab Bag"},{"not_picked":["Replay:Wanted Poster","Fusion Hammer"],"picked":"Philosopher\u0027s Stone"},{"not_picked":["Velvet Choker","hubris:RunicObelisk"],"picked":"ReplayTheSpireMod:Onyx Gauntlets"},{"not_picked":["StuffTheSpire:RunicHypercube","Astrolabe"],"picked":"sneckomod:SuperSneckoSoul"}],"items_purged_floors":[12,20,36,48],"is_endless":false,"potions_floor_spawned":[6,11,14,16,19,23,26,28,29,31,33,40,45,46,52],"killed_by":"downfall:NeowBossFinal","ascension_level":1}}