{"host":"5ueuk67tsx07ylcu","time":1614381302,"event":{"mods":["Act Like it!","BaseMod","Colored Map","Colored Powertips","Downfall","Duelist Mod","GifTheSpireLib","GungeonMod","Hallownest","Hermit","Infinite Spire","Library of Ruina","Lobotomy","Minty Spire (QoL Compilation)","Reliquary","Ruina","StSLib","The Animator"],"gold_per_floor":[111,128,139,64,64,96,107,107,107,107,141,166,166,235,235,235,235],"floor_reached":16,"language":"ENG","playtime":613,"items_purged":["Strike_R"],"score":108,"play_id":"13be10aa-5cb6-40e8-b5a4-59a0a212acd6","local_time":"20210226181502","is_ascension_mode":false,"campfire_choices":[{"data":"Seeing Red","floor":8,"key":"SMITH"},{"floor":10,"key":"RECALL"},{"data":"Inflame","floor":15,"key":"SMITH"}],"circlet_count":0,"master_deck":["Strike_R","Strike_R","Strike_R","Strike_R","Defend_R","Defend_R","Defend_R","Defend_R","Bash","Juggernaut","Seeing Red+1","Cleave","Evolve","Inflame+1","Juggernaut","Heavy Blade","Pummel"],"relics":["Burning Blood","PageOfAlriune","PageOfBigBadWolf","Odd Mushroom","DemoMod:GlassGuonStoneRelic"],"acts_visited":["Exordium"],"potions_floor_usage":[11,11],"damage_taken":[{"damage":10,"enemies":"Cultist","floor":1,"turns":4},{"damage":0,"enemies":"2 Louse","floor":2,"turns":3},{"damage":11,"enemies":"Jaw Worm","floor":3,"turns":4},{"damage":42,"enemies":"Gremlin Nob","floor":6,"turns":5},{"damage":5,"enemies":"Looter","floor":7,"turns":4},{"damage":21,"enemies":"Lagavulin","floor":11,"turns":7},{"damage":26,"enemies":"The Mushroom Lair","floor":12,"turns":4},{"damage":29,"enemies":"Slime Boss","floor":16,"turns":3}],"seed_played":"-7584600050518041578","potions_obtained":[{"floor":6,"key":"SteroidPotion"},{"floor":7,"key":"DemoMod:BlankPotion"}],"is_trial":false,"path_per_floor":["M","M","M","$","$","E","M","R","T","R","E","?","?","?","R","B"],"character_chosen":"IRONCLAD","items_purchased":[],"campfire_rested":0,"item_purchase_floors":[],"current_hp_per_floor":[76,80,75,75,75,39,40,40,40,40,31,29,29,29,29,0,0],"gold":235,"neow_bonus":"ONE_RANDOM_RARE_CARD","is_daily":false,"chose_seed":false,"campfire_upgraded":2,"win_rate":0.0,"timestamp":1614381302,"path_taken":["M","M","M","?","$","E","M","R","T","R","E","?","?","?","R","BOSS"],"items_purchased_type":[],"build_version":"2020-12-22","purchased_purges":1,"victory":false,"max_hp_per_floor":[80,80,80,80,80,80,80,80,80,80,80,80,80,80,80,80,80],"card_choices":[{"not_picked":["Headbutt","Warcry"],"picked":"Seeing Red","floor":1},{"not_picked":["Searing Blow","Clothesline"],"picked":"Cleave","floor":2},{"not_picked":["Ghostly Armor","Pommel Strike"],"picked":"Evolve","floor":3},{"not_picked":["Heavy Blade","DemoMod:WhiteBlade"],"picked":"Inflame","floor":6},{"not_picked":["Ghostly Armor","Spot Weakness"],"picked":"Juggernaut","floor":7},{"not_picked":["Wild Strike","Havoc"],"picked":"Heavy Blade","floor":11},{"not_picked":["Armaments","Headbutt"],"picked":"Pummel","floor":12}],"player_experience":360334,"relics_obtained":[{"floor":6,"key":"PageOfAlriune"},{"floor":11,"key":"PageOfBigBadWolf"},{"floor":12,"key":"Odd Mushroom"}],"event_choices":[{"damage_healed":0,"gold_gain":0,"player_choice":"Fought Mushrooms","damage_taken":0,"max_hp_gain":0,"max_hp_loss":0,"event_name":"Mushrooms","floor":12,"gold_loss":0},{"damage_healed":0,"gold_gain":69,"player_choice":"Gained Gold","damage_taken":0,"max_hp_gain":0,"max_hp_loss":0,"event_name":"Golden Wing","floor":14,"gold_loss":0}],"is_beta":false,"boss_relics":[],"items_purged_floors":[4],"is_endless":false,"potions_floor_spawned":[6,7],"killed_by":"Slime Boss","ascension_level":0}}