{"host":"syn2s104037ynsrp","time":1614310937,"event":{"mods":["2.2 Compatiblity","BaseMod","Downfall","Hermit","Minty Spire (QoL Compilation)","StSLib","The Construct","The Marked"],"gold_per_floor":[99,117,131,231,231,231,231,143,159,159,191,206,206,36,55,151,151,151,165,175,188,199,199,252,252,280,280,295,305,305,335,355,355,355,355],"floor_reached":33,"language":"ENG","playtime":3498,"items_purged":[],"score":303,"play_id":"ec0b8fd0-3b1c-4be4-a6cb-751a3ea91ea5","local_time":"20210225224217","is_ascension_mode":true,"campfire_choices":[{"data":"Slimebound:CorrosiveSpit","floor":1,"key":"SMITH"},{"data":"Slimebound:Split","floor":6,"key":"SMITH"},{"data":"Slimebound:PressTheAttack","floor":10,"key":"SMITH"},{"data":"Slimebound:TagTeam","floor":13,"key":"SMITH"},{"data":"Slimebound:SamplingLick","floor":18,"key":"SMITH"},{"data":"Slimebound:Recycling","floor":23,"key":"SMITH"}],"circlet_count":0,"master_deck":["Slimebound:Strike_Slimebound","Slimebound:Strike_Slimebound","Slimebound:Strike_Slimebound+1","Slimebound:Tackle","Slimebound:Defend_Slimebound","Slimebound:Defend_Slimebound","Slimebound:Defend_Slimebound","Slimebound:Split+1","Slimebound:CorrosiveSpit+1","Master of Strategy","Slimebound:SplitBruiser","Slimebound:SplitLeeching","Slimebound:LeechingTouch","Slimebound:SplitMire","Slimebound:PressTheAttack+1","Slimebound:ItLooksTasty","Slimebound:TongueLash+1","Slimebound:TagTeam+1","Slimebound:SamplingLick+1","Slimebound:SplitMire","Slimebound:Recycling+1","Slimebound:Recollect","Slimebound:GoopSpray","Slimebound:Gluttony+1","Slimebound:AcidTongue"],"relics":["Slimebound:AbsorbEndCombat","Turnip","Slimebound:PreparedRelic","Pen Nib","Philosopher\u0027s Stone","Whetstone","Oddly Smooth Stone","Darkstone Periapt"],"acts_visited":["Exordium","TheCity"],"potions_floor_usage":[16,20,26,31,33,33],"damage_taken":[{"damage":3,"enemies":"Jaw Worm","floor":2,"turns":4},{"damage":5,"enemies":"Small Slimes","floor":3,"turns":4},{"damage":2,"enemies":"downfall:FleeingMerchant","floor":8,"turns":4},{"damage":0,"enemies":"Cultist","floor":9,"turns":2},{"damage":9,"enemies":"Lagavulin","floor":11,"turns":4},{"damage":1,"enemies":"Blue Slaver","floor":12,"turns":3},{"damage":2,"enemies":"downfall:FleeingMerchant","floor":14,"turns":4},{"damage":9,"enemies":"Large Slime","floor":15,"turns":4},{"damage":8,"enemies":"SI_SHIV_ARCHETYPE","floor":16,"turns":5},{"damage":0,"enemies":"Chosen","floor":19,"turns":2},{"damage":21,"enemies":"3 Byrds","floor":20,"turns":4},{"damage":11,"enemies":"Cultist and Chosen","floor":21,"turns":4},{"damage":19,"enemies":"Shelled Parasite and Fungi","floor":22,"turns":5},{"damage":21,"enemies":"Gremlin Leader","floor":26,"turns":5},{"damage":0,"enemies":"Snake Plant","floor":28,"turns":3},{"damage":0,"enemies":"Snecko","floor":29,"turns":4},{"damage":8,"enemies":"Book of Stabbing","floor":31,"turns":4},{"damage":16,"enemies":"Centurion and Healer","floor":32,"turns":4},{"damage":35,"enemies":"DF_ARCHETYPE_CLAW","floor":33,"turns":3}],"seed_played":"1508906772307641631","potions_obtained":[{"floor":11,"key":"PowerPotion"},{"floor":15,"key":"PowerPotion"},{"floor":16,"key":"bronze:BurnAndBuffPotion"},{"floor":19,"key":"AttackPotion"},{"floor":29,"key":"Energy Potion"},{"floor":31,"key":"SpeedPotion"}],"is_trial":false,"path_per_floor":["R","M","M","?","?","R","T","$","M","R","E","M","R","$","M","B",null,"R","M","M","M","M","R","T","?","E","?","M","M","T","E","M","B"],"character_chosen":"SLIMEBOUND","items_purchased":["Slimebound:SplitMire","Slimebound:PressTheAttack","Pen Nib"],"campfire_rested":0,"item_purchase_floors":[8,8,14],"current_hp_per_floor":[47,48,47,47,47,47,47,53,59,59,56,59,59,59,58,58,65,65,65,49,46,35,35,35,35,22,22,24,32,32,32,24,0,0,0],"gold":355,"neow_bonus":"RANDOM_COLORLESS_2","is_daily":false,"chose_seed":false,"campfire_upgraded":6,"win_rate":0.0,"timestamp":1614310937,"path_taken":["R","M","M","?","?","R","T","$","M","R","E","?","R","$","M","BOSS","R","M","M","M","M","R","T","?","E","?","M","M","?","E","M","BOSS"],"items_purchased_type":["Card","Card","Relic"],"build_version":"2020-12-22","purchased_purges":0,"victory":false,"max_hp_per_floor":[65,65,65,65,65,65,65,65,65,65,65,65,65,65,65,65,65,65,65,65,65,65,65,65,65,65,65,65,65,65,65,65,65,65,65],"card_choices":[{"not_picked":["Metamorphosis","Secret Weapon"],"picked":"Master of Strategy","floor":0},{"not_picked":["Slimebound:SplitLeeching","Slimebound:Schlurp"],"picked":"Slimebound:SplitBruiser","floor":2},{"not_picked":["Slimebound:SlimeSpikes","Slimebound:Dissolve"],"picked":"Slimebound:SplitLeeching","floor":3},{"not_picked":["Slimebound:RollThrough","Slimebound:SplitAcid"],"picked":"Slimebound:LeechingTouch","floor":8},{"not_picked":["Slimebound:Prepare","Slimebound:GrowthPunch"],"picked":"Slimebound:ItLooksTasty","floor":9},{"not_picked":["Slimebound:AcidTongue","Slimebound:FlameTackle"],"picked":"Slimebound:TongueLash","floor":11},{"not_picked":["Slimebound:GrowthPunch","Slimebound:Chomp"],"picked":"Slimebound:TagTeam","floor":12},{"not_picked":["Slimebound:DisruptingSlam","Slimebound:Dissolve"],"picked":"Slimebound:SamplingLick","floor":14},{"not_picked":["Slimebound:SplitAcid","Slimebound:ComboTackle"],"picked":"Slimebound:SplitMire","floor":15},{"not_picked":["Slimebound:Teamwork","Slimebound:CheckThePlaybook"],"picked":"Slimebound:Recycling","floor":16},{"not_picked":["Slimebound:Prepare","Slimebound:ServeAndProtect"],"picked":"Slimebound:Recollect","floor":19},{"not_picked":["Slimebound:SlimeBrawl","Slimebound:SplitBruiser+1","Slimebound:SplitLeeching"],"picked":"SKIP","floor":20},{"not_picked":["Slimebound:SlimeSpikes+1","Slimebound:LivingWall+1","Slimebound:SlimeBrawl"],"picked":"SKIP","floor":21},{"not_picked":["Slimebound:ItLooksTasty","Slimebound:LeechingTouch+1","Slimebound:GoopTackle"],"picked":"SKIP","floor":22},{"not_picked":["Slimebound:FlameTackle","Slimebound:Chomp"],"picked":"Slimebound:GoopSpray","floor":26},{"not_picked":["Slimebound:FinishingTackle","Slimebound:SlimeSpikes","Slimebound:RollThrough"],"picked":"SKIP","floor":28},{"not_picked":["Slimebound:RollThrough","Slimebound:SlimeSpikes"],"picked":"Slimebound:Gluttony+1","floor":29},{"not_picked":["Slimebound:SplitLeeching","Slimebound:Chomp","Slimebound:ViciousTackle"],"picked":"SKIP","floor":31},{"not_picked":["Slimebound:HungryTackle","Slimebound:SlimeBarrage"],"picked":"Slimebound:AcidTongue","floor":32}],"player_experience":604428,"relics_obtained":[{"floor":7,"key":"Turnip"},{"floor":11,"key":"Slimebound:PreparedRelic"},{"floor":24,"key":"Whetstone"},{"floor":26,"key":"Oddly Smooth Stone"},{"floor":31,"key":"Darkstone Periapt"}],"event_choices":[{"cards_removed":["Slimebound:Defend_Slimebound"],"damage_healed":0,"gold_gain":0,"player_choice":"Offered Basic","damage_taken":0,"max_hp_gain":0,"max_hp_loss":0,"event_name":"Bonfire Elementals","floor":5,"gold_loss":0},{"damage_healed":0,"gold_gain":0,"player_choice":"Ignored","damage_taken":0,"max_hp_gain":0,"max_hp_loss":0,"event_name":"Ghosts","floor":25,"gold_loss":0}],"is_beta":false,"boss_relics":[{"not_picked":["Runic Dome","Runic Pyramid"],"picked":"Philosopher\u0027s Stone"}],"items_purged_floors":[],"is_endless":false,"potions_floor_spawned":[11,15,16,19,29,31],"killed_by":"DF_ARCHETYPE_CLAW","ascension_level":1}}