{"host":"f0vzc1iezimimt27","time":1614334611,"event":{"mods":["BaseMod","Colored Map","Highlight Path","Minty Spire (QoL Compilation)","StSLib"],"gold_per_floor":[118,132,145,145,158,7,38,38,63,63,76,106,125,139,139,267,267,280,318,318,331,331,331,356,356,356,356,372,372,395,305,305,426,426,441,43,62,62,0,0,15,15,39,372,400,412,423,448,448,448,448,448,13,38,38,38],"floor_reached":55,"language":"ENG","playtime":3084,"items_purged":["Strike_G","Strike_G+1"],"score":829,"play_id":"69de9cde-b4b6-4381-a928-65c81991bace","local_time":"20210226131651","is_ascension_mode":true,"campfire_choices":[{"floor":10,"key":"REST"},{"floor":15,"key":"REST"},{"data":"Wraith Form v2","floor":23,"key":"SMITH"},{"data":"A Thousand Cuts","floor":25,"key":"SMITH"},{"data":"Wraith Form v2","floor":27,"key":"SMITH"},{"data":"Neutralize","floor":32,"key":"SMITH"},{"floor":40,"key":"RECALL"},{"data":"Blade Dance","floor":42,"key":"SMITH"},{"data":"Finisher","floor":49,"key":"SMITH"},{"data":"Infinite Blades","floor":52,"key":"SMITH"}],"circlet_count":0,"master_deck":["Strike_G+1","Strike_G+1","Strike_G+1","Defend_G+1","Defend_G+1","Defend_G+1","Defend_G+1","Defend_G+1","Survivor","Neutralize+1","Die Die Die","Quick Slash","Dagger Spray","Finisher+1","Infinite Blades+1","Blade Dance+1","Finisher+1","Wraith Form v2+1","Wraith Form v2+1","Blade Dance+1","PiercingWail","Neutralize+1","Accuracy+1","A Thousand Cuts+1","Infinite Blades","Caltrops+1","Infinite Blades","Storm of Steel+1","Cloak And Dagger+1","Bullet Time","Accuracy+1","Backflip+1"],"relics":["Ring of the Snake","Art of War","Tiny Chest","Centennial Puzzle","Molten Egg 2","Sozu","Red Mask","Snake Skull","Bird Faced Urn","Philosopher\u0027s Stone","War Paint","Matryoshka","Gambling Chip","Potion Belt","Pear","Regal Pillow","Bag of Marbles","Orichalcum","TungstenRod","Sundial"],"acts_visited":["Exordium","TheCity","TheBeyond","TheEnding"],"potions_floor_usage":[11,14,16,16],"damage_taken":[{"damage":1,"enemies":"Jaw Worm","floor":1,"turns":3},{"damage":0,"enemies":"2 Louse","floor":2,"turns":2},{"damage":4,"enemies":"Small Slimes","floor":3,"turns":2},{"damage":2,"enemies":"Looter","floor":5,"turns":4},{"damage":16,"enemies":"Gremlin Nob","floor":7,"turns":4},{"damage":0,"enemies":"Red Slaver","floor":11,"turns":3},{"damage":8,"enemies":"Gremlin Gang","floor":13,"turns":2},{"damage":0,"enemies":"Blue Slaver","floor":14,"turns":2},{"damage":23,"enemies":"Hexaghost","floor":16,"turns":6},{"damage":11,"enemies":"Spheric Guardian","floor":18,"turns":3},{"damage":5,"enemies":"Masked Bandits","floor":19,"turns":4},{"damage":0,"enemies":"3 Byrds","floor":21,"turns":3},{"damage":11,"enemies":"3 Cultists","floor":24,"turns":3},{"damage":1,"enemies":"Snecko","floor":28,"turns":5},{"damage":1,"enemies":"Centurion and Healer","floor":30,"turns":5},{"damage":17,"enemies":"Automaton","floor":33,"turns":5},{"damage":4,"enemies":"3 Darklings","floor":35,"turns":4},{"damage":8,"enemies":"3 Shapes","floor":37,"turns":4},{"damage":0,"enemies":"Spire Growth","floor":41,"turns":5},{"damage":0,"enemies":"Nemesis","floor":45,"turns":5},{"damage":8,"enemies":"Sphere and 2 Shapes","floor":46,"turns":3},{"damage":2,"enemies":"Transient","floor":47,"turns":5},{"damage":17,"enemies":"Awakened One","floor":50,"turns":8},{"damage":0,"enemies":"Shield and Spear","floor":54,"turns":4},{"damage":112,"enemies":"The Heart","floor":55,"turns":6}],"seed_played":"549141826059402961","potions_obtained":[{"floor":3,"key":"FearPotion"},{"floor":5,"key":"Dexterity Potion"},{"floor":7,"key":"SkillPotion"},{"floor":13,"key":"DuplicationPotion"},{"floor":14,"key":"SteroidPotion"}],"is_trial":false,"path_per_floor":["M","M","M","?","M","$","E","?","T","R","M","?","M","M","R","B",null,"M","?","?","M","T","R","M","R","T","R","M","?","M","?","R","B",null,"M","$","M","T","?","R","M","R","T","?","E","M","M","T","R","B",null,"R","$","E","B"],"character_chosen":"THE_SILENT","items_purchased":["Infinite Blades","War Paint","Bullet Time","Orichalcum","TungstenRod"],"campfire_rested":2,"item_purchase_floors":[6,36,36,53,53],"current_hp_per_floor":[69,69,65,48,46,46,30,12,12,33,33,33,25,25,46,23,70,59,54,54,54,54,54,43,43,43,43,50,50,59,59,59,56,70,70,70,66,66,66,66,70,70,70,70,80,75,80,80,80,75,80,80,80,80,0,0],"gold":38,"neow_bonus":"ONE_RANDOM_RARE_CARD","is_daily":false,"chose_seed":false,"campfire_upgraded":7,"win_rate":0.0,"timestamp":1614334611,"path_taken":["M","M","M","?","M","$","E","?","T","R","M","?","M","M","R","BOSS","M","?","?","M","?","R","M","R","T","R","?","?","M","?","R","BOSS","M","$","M","?","?","R","?","R","T","?","E","M","M","?","R","BOSS","R","$","E","BOSS"],"items_purchased_type":["Card","Relic","Card","Relic","Relic"],"build_version":"2020-12-22","purchased_purges":2,"victory":false,"max_hp_per_floor":[70,70,70,70,70,70,70,70,70,70,70,70,70,70,70,70,70,70,70,70,70,70,70,70,70,70,70,70,70,70,70,70,70,70,70,70,70,70,70,70,70,70,70,70,80,80,80,80,80,80,80,80,80,80,80,80],"card_choices":[{"not_picked":["Tactician","Deflect"],"picked":"Quick Slash","floor":1},{"not_picked":["Backflip","Well Laid Plans"],"picked":"Dagger Spray","floor":2},{"not_picked":["Prepared","Night Terror"],"picked":"Finisher","floor":3},{"not_picked":["Tactician","Dagger Spray","Quick Slash"],"picked":"SKIP","floor":5},{"not_picked":["Terror","Noxious Fumes"],"picked":"Blade Dance","floor":7},{"not_picked":["Blur","Reflex"],"picked":"Backflip","floor":11},{"not_picked":["Prepared","Caltrops"],"picked":"Finisher+1","floor":13},{"not_picked":["Poisoned Stab+1","Prepared"],"picked":"Wraith Form v2","floor":14},{"not_picked":["Doppelganger","Corpse Explosion"],"picked":"Wraith Form v2","floor":16},{"not_picked":["Calculated Gamble","Flying Knee+1"],"picked":"Blade Dance","floor":18},{"not_picked":["Backstab+1","Dodge and Roll"],"picked":"PiercingWail","floor":19},{"not_picked":["Quick Slash+1","Backflip"],"picked":"A Thousand Cuts","floor":21},{"not_picked":["PiercingWail","Finisher+1"],"picked":"Infinite Blades","floor":24},{"not_picked":["Prepared","Skewer+1"],"picked":"Caltrops+1","floor":28},{"not_picked":["Eviscerate+1","Deflect+1"],"picked":"Infinite Blades","floor":30},{"not_picked":["Envenom","Unload+1"],"picked":"Storm of Steel","floor":33},{"not_picked":["Flying Knee+1","Outmaneuver+1"],"picked":"Cloak And Dagger+1","floor":35},{"not_picked":["Bane+1","Riddle With Holes+1"],"picked":"Accuracy+1","floor":37},{"not_picked":["Expertise+1","Deadly Poison+1","Blade Dance"],"picked":"SKIP","floor":41},{"not_picked":["Outmaneuver","Underhanded Strike+1","Masterful Stab+1"],"picked":"SKIP","floor":45},{"not_picked":["Flying Knee+1","Poisoned Stab+1","Leg Sweep"],"picked":"SKIP","floor":46},{"not_picked":["Calculated Gamble+1","Dash+1","Dagger Spray+1"],"picked":"SKIP","floor":47},{"not_picked":["Outmaneuver","Dash+1"],"picked":"Backflip+1","floor":54}],"player_experience":174874,"relics_obtained":[{"floor":7,"key":"Art of War"},{"floor":9,"key":"Centennial Puzzle"},{"floor":19,"key":"Red Mask"},{"floor":22,"key":"Snake Skull"},{"floor":26,"key":"Bird Faced Urn"},{"floor":38,"key":"Matryoshka"},{"floor":43,"key":"Potion Belt"},{"floor":45,"key":"Pear"},{"floor":48,"key":"Regal Pillow"},{"floor":48,"key":"Bag of Marbles"},{"floor":54,"key":"Sundial"}],"event_choices":[{"damage_healed":0,"gold_gain":0,"player_choice":"Take Damage","damage_taken":17,"relics_obtained":["Golden Idol"],"max_hp_gain":0,"max_hp_loss":0,"event_name":"Golden Idol","floor":4,"gold_loss":0},{"damage_healed":0,"gold_gain":0,"player_choice":"Success","damage_taken":18,"relics_obtained":["Tiny Chest"],"max_hp_gain":0,"max_hp_loss":0,"event_name":"Scrap Ooze","floor":8,"gold_loss":0},{"damage_healed":0,"gold_gain":30,"player_choice":"Searched \u00272\u0027 times","damage_taken":0,"relics_obtained":["Molten Egg 2"],"max_hp_gain":0,"max_hp_loss":0,"event_name":"Dead Adventurer","floor":12,"gold_loss":0},{"damage_healed":0,"gold_gain":0,"player_choice":"Fought Bandits","damage_taken":0,"max_hp_gain":0,"max_hp_loss":0,"event_name":"Masked Bandits","floor":19,"gold_loss":0},{"damage_healed":0,"gold_gain":0,"player_choice":"2 cards matched","damage_taken":0,"max_hp_gain":0,"max_hp_loss":0,"event_name":"Match and Keep!","floor":20,"gold_loss":0,"cards_obtained":["Neutralize","Accuracy"]},{"damage_healed":0,"gold_gain":0,"player_choice":"Simplicity","damage_taken":0,"max_hp_gain":0,"max_hp_loss":0,"event_name":"Back to Basics","floor":29,"gold_loss":0,"cards_upgraded":["Strike_G","Strike_G","Strike_G","Strike_G","Defend_G","Defend_G","Defend_G","Defend_G","Defend_G"]},{"cards_removed":["Backflip"],"damage_healed":0,"gold_gain":0,"player_choice":"Upgrade and Remove","damage_taken":0,"max_hp_gain":0,"max_hp_loss":0,"event_name":"Designer","floor":31,"gold_loss":90,"cards_upgraded":["Accuracy"]},{"damage_healed":0,"gold_gain":0,"player_choice":"Paid Gold","damage_taken":0,"relics_obtained":["Gambling Chip"],"max_hp_gain":0,"max_hp_loss":0,"event_name":"WeMeetAgain","floor":39,"gold_loss":62},{"damage_healed":0,"gold_gain":333,"player_choice":"Gave Idol","damage_taken":0,"max_hp_gain":0,"max_hp_loss":0,"event_name":"The Moai Head","floor":44,"relics_lost":["Golden Idol"],"gold_loss":0}],"is_beta":false,"boss_relics":[{"not_picked":["Empty Cage","Fusion Hammer"],"picked":"Sozu"},{"not_picked":["Snecko Eye","Black Star"],"picked":"Philosopher\u0027s Stone"}],"items_purged_floors":[6,36],"is_endless":false,"potions_floor_spawned":[3,5,7,13,14,19,28,33,37,41,45],"killed_by":"The Heart","ascension_level":3}}