{"host":"xg4r5pv6chpuampg","time":1614332401,"event":{"mods":["AchievementEnabler","BaseMod","Googly Eyes","Minty Spire (QoL Compilation)","StSLib","Together in Spire"],"gold_per_floor":[111,123,123,123,50,50,68,68,68,85,101,101,129,148,148,253,253,270,16,0,14,14,42,42,55,80,80,80,98,125,141,141,245,295,314,314,314,163,187,187,204,213,213,222,222,237,263,287,287,287,287,287,32,65,65,65],"floor_reached":55,"language":"ENG","playtime":2905,"items_purged":[],"score":825,"play_id":"89e0aaf5-3517-4964-8d6e-be8b5fb3af6c","local_time":"20210226124001","is_ascension_mode":true,"campfire_choices":[{"data":"TalkToTheHand","floor":6,"key":"SMITH"},{"data":"Eruption","floor":12,"key":"SMITH"},{"data":"BattleHymn","floor":15,"key":"SMITH"},{"data":"Vault","floor":24,"key":"SMITH"},{"data":"Collect","floor":28,"key":"SMITH"},{"data":"Scrawl","floor":32,"key":"SMITH"},{"floor":49,"key":"RECALL"},{"data":"Vault","floor":52,"key":"SMITH"}],"circlet_count":0,"master_deck":["Strike_P","Strike_P","Strike_P","Strike_P+1","Defend_P","Defend_P","Defend_P","Eruption+1","Vigilance","WaveOfTheHand","Prostrate","TalkToTheHand+1","WaveOfTheHand","Scrawl+1","EmptyFist","EmptyBody","BattleHymn+1","Vault+1","CurseOfTheBell","FollowUp","Necronomicurse","Collect+1","FollowUp+1","EmptyFist","Vault+1","EmptyBody+1","Bandage Up","Writhe","WheelKick+1","SignatureMove"],"relics":["Coffee Dripper","Ornamental Fan","Bottled Lightning","Calling Bell","Boot","Shuriken","FossilizedHelix","White Beast Statue","Necronomicon","Tiny Chest","Letter Opener","Calipers","Tiny House","Medical Kit","CeramicFish","Yang","TeardropLocket","ClockworkSouvenir","Bottled Tornado"],"acts_visited":["Exordium","TheCity","TheBeyond","TheEnding"],"potions_floor_usage":[13,16,23,23,23,25,30,33,33,33,33,40,40,47,50,50,54,55,55],"damage_taken":[{"damage":0,"enemies":"Small Slimes","floor":1,"turns":3},{"damage":1,"enemies":"Jaw Worm","floor":2,"turns":3},{"damage":0,"enemies":"2 Louse","floor":7,"turns":2},{"damage":14,"enemies":"Lots of Slimes","floor":10,"turns":5},{"damage":0,"enemies":"Large Slime","floor":11,"turns":7},{"damage":22,"enemies":"Gremlin Nob","floor":13,"turns":6},{"damage":0,"enemies":"Blue Slaver","floor":14,"turns":3},{"damage":4,"enemies":"The Guardian","floor":16,"turns":12},{"damage":0,"enemies":"3 Byrds","floor":18,"turns":7},{"damage":0,"enemies":"Chosen","floor":21,"turns":4},{"damage":0,"enemies":"Book of Stabbing","floor":23,"turns":4},{"damage":0,"enemies":"Centurion and Healer","floor":25,"turns":5},{"damage":0,"enemies":"Shelled Parasite and Fungi","floor":29,"turns":5},{"damage":28,"enemies":"Slavers","floor":30,"turns":4},{"damage":0,"enemies":"Snake Plant","floor":31,"turns":5},{"damage":0,"enemies":"Automaton","floor":33,"turns":9},{"damage":2,"enemies":"3 Shapes","floor":35,"turns":5},{"damage":25,"enemies":"Giant Head","floor":40,"turns":8},{"damage":19,"enemies":"3 Darklings","floor":41,"turns":6},{"damage":0,"enemies":"Transient","floor":46,"turns":7},{"damage":0,"enemies":"Jaw Worm Horde","floor":47,"turns":4},{"damage":11,"enemies":"3 Darklings","floor":48,"turns":3},{"damage":30,"enemies":"Donu and Deca","floor":50,"turns":9},{"damage":10,"enemies":"Shield and Spear","floor":54,"turns":5},{"damage":120,"enemies":"The Heart","floor":55,"turns":10}],"seed_played":"-5871446441244911719","potions_obtained":[{"floor":1,"key":"Explosive Potion"},{"floor":8,"key":"BottledMiracle"},{"floor":8,"key":"StancePotion"},{"floor":14,"key":"Block Potion"},{"floor":18,"key":"DistilledChaos"},{"floor":21,"key":"ColorlessPotion"},{"floor":23,"key":"PowerPotion"},{"floor":25,"key":"Ancient Potion"},{"floor":29,"key":"AttackPotion"},{"floor":30,"key":"EntropicBrew"},{"floor":31,"key":"SmokeBomb"},{"floor":33,"key":"SpeedPotion"},{"floor":34,"key":"Weak Potion"},{"floor":35,"key":"Dexterity Potion"},{"floor":41,"key":"ColorlessPotion"},{"floor":46,"key":"Strength Potion"},{"floor":47,"key":"FairyPotion"},{"floor":48,"key":"Block Potion"},{"floor":54,"key":"BlessingOfTheForge"}],"is_trial":false,"path_per_floor":["M","M","?","?","$","R","M","?","T","M","M","R","E","M","R","B",null,"M","$","?","M","?","E","R","M","T","?","R","M","E","M","R","B",null,"M","?","?","$","T","E","M","?","T","?","T","M","M","M","R","B",null,"R","$","E","B"],"character_chosen":"WATCHER","items_purchased":["TalkToTheHand","White Beast Statue","Medical Kit","ClockworkSouvenir","Block Potion","Energy Potion"],"campfire_rested":0,"item_purchase_floors":[5,19,38,53,53,53],"current_hp_per_floor":[72,71,76,76,76,76,76,76,76,62,62,62,40,40,40,36,77,77,77,77,77,61,61,61,61,61,61,61,61,33,33,33,33,82,80,80,80,80,80,55,36,36,36,57,57,61,65,58,58,32,82,82,82,76,0,0],"gold":65,"neow_bonus":"BOSS_RELIC","is_daily":false,"chose_seed":false,"campfire_upgraded":7,"win_rate":0.0,"timestamp":1614332401,"path_taken":["M","M","?","?","$","R","M","?","T","M","?","R","E","M","R","BOSS","M","$","?","M","?","E","R","M","T","?","R","M","E","M","R","BOSS","M","?","?","$","?","E","?","?","T","?","?","M","?","M","R","BOSS","R","$","E","BOSS"],"items_purchased_type":["Card","Relic","Relic","Relic","Potion","Potion"],"build_version":"2020-12-22","purchased_purges":0,"victory":false,"max_hp_per_floor":[72,72,77,77,77,77,77,77,77,77,77,77,77,77,77,77,77,77,77,77,77,77,77,77,77,77,77,77,77,77,77,77,77,82,82,82,82,82,82,82,82,82,82,82,82,82,82,82,82,82,82,82,82,82,82,82],"card_choices":[{"not_picked":["SashWhip","FollowUp"],"picked":"WaveOfTheHand","floor":1},{"not_picked":["Crescendo","Worship"],"picked":"Prostrate","floor":2},{"not_picked":["CrushJoints","CarveReality"],"picked":"WaveOfTheHand","floor":7},{"not_picked":["CrushJoints","WindmillStrike"],"picked":"Scrawl","floor":10},{"not_picked":["Crescendo","FlyingSleeves"],"picked":"EmptyFist","floor":11},{"not_picked":["FlyingSleeves","MasterReality"],"picked":"EmptyBody","floor":13},{"not_picked":["Consecrate","Study"],"picked":"BattleHymn","floor":14},{"not_picked":["Brilliance","Judgement"],"picked":"Vault","floor":16},{"not_picked":["SashWhip","TalkToTheHand"],"picked":"FollowUp","floor":18},{"not_picked":["BowlingBash","ThirdEye","Perseverance"],"picked":"SKIP","floor":21},{"not_picked":["DeceiveReality","ClearTheMind"],"picked":"Collect","floor":23},{"not_picked":["Fasting2+1","Crescendo"],"picked":"FollowUp+1","floor":25},{"not_picked":["JustLucky","Ragnarok","SashWhip"],"picked":"SKIP","floor":29},{"not_picked":["PathToVictory","BowlingBash","EmptyMind"],"picked":"SKIP","floor":30},{"not_picked":["Adaptation","Indignation"],"picked":"EmptyFist","floor":31},{"not_picked":["Blasphemy","Devotion"],"picked":"Vault","floor":33},{"not_picked":["WreathOfFlame","EmptyFist"],"picked":"EmptyBody+1","floor":34},{"not_picked":["FlyingSleeves","Crescendo","EmptyBody"],"picked":"SKIP","floor":35},{"not_picked":["FlyingSleeves+1","Prostrate","Sanctity+1"],"picked":"SKIP","floor":41},{"not_picked":["Master of Strategy","Flash of Steel"],"picked":"Bandage Up","floor":42},{"not_picked":["Consecrate","Protect","InnerPeace+1"],"picked":"SKIP","floor":46},{"not_picked":["FlurryOfBlows+1","BowlingBash"],"picked":"WheelKick+1","floor":47},{"not_picked":["WindmillStrike","Halt+1"],"picked":"SignatureMove","floor":48},{"not_picked":["Consecrate+1","WindmillStrike+1","Conclude"],"picked":"SKIP","floor":54}],"player_experience":168274,"relics_obtained":[{"floor":9,"key":"Ornamental Fan"},{"floor":13,"key":"Bottled Lightning"},{"floor":17,"key":"Boot"},{"floor":17,"key":"Shuriken"},{"floor":17,"key":"FossilizedHelix"},{"floor":22,"key":"Necronomicon"},{"floor":23,"key":"Tiny Chest"},{"floor":30,"key":"Calipers"},{"floor":39,"key":"CeramicFish"},{"floor":43,"key":"Yang"},{"floor":45,"key":"TeardropLocket"},{"floor":54,"key":"Bottled Tornado"}],"event_choices":[{"damage_healed":0,"gold_gain":0,"player_choice":"Donut","damage_taken":0,"max_hp_gain":5,"max_hp_loss":0,"event_name":"Big Fish","floor":3,"gold_loss":0},{"damage_healed":0,"gold_gain":0,"player_choice":"Leave","damage_taken":0,"max_hp_gain":0,"max_hp_loss":0,"event_name":"The Cleric","floor":4,"gold_loss":0},{"damage_healed":0,"gold_gain":0,"player_choice":"Got Potions","damage_taken":0,"max_hp_gain":0,"max_hp_loss":0,"event_name":"Lab","floor":8,"gold_loss":0},{"damage_healed":0,"gold_gain":0,"player_choice":"Paid Fearfully","damage_taken":0,"max_hp_gain":0,"max_hp_loss":0,"event_name":"Masked Bandits","floor":20,"gold_loss":16},{"damage_healed":0,"gold_gain":0,"player_choice":"Obtained Book","damage_taken":16,"max_hp_gain":0,"max_hp_loss":0,"event_name":"Cursed Tome","floor":22,"gold_loss":0},{"damage_healed":0,"gold_gain":0,"player_choice":"Opened","damage_taken":0,"relics_obtained":["Letter Opener"],"max_hp_gain":0,"max_hp_loss":0,"event_name":"The Mausoleum","floor":27,"gold_loss":0},{"damage_healed":0,"gold_gain":0,"player_choice":"Ignored","damage_taken":0,"max_hp_gain":0,"max_hp_loss":0,"event_name":"Tomb of Lord Red Mask","floor":36,"gold_loss":0},{"cards_removed":["Defend_P"],"damage_healed":0,"gold_gain":0,"player_choice":"Removed Skill","damage_taken":0,"max_hp_gain":0,"max_hp_loss":0,"event_name":"Falling","floor":37,"gold_loss":0},{"damage_healed":0,"gold_gain":0,"player_choice":"Memory 1","damage_taken":0,"max_hp_gain":0,"max_hp_loss":0,"event_name":"SensoryStone","floor":42,"gold_loss":0},{"damage_healed":21,"gold_gain":0,"player_choice":"Writhe","damage_taken":0,"max_hp_gain":0,"max_hp_loss":0,"event_name":"Winding Halls","floor":44,"gold_loss":0,"cards_obtained":["Writhe"]}],"is_beta":false,"boss_relics":[{"not_picked":["SacredBark","Astrolabe"],"picked":"Calling Bell"},{"not_picked":["Empty Cage","VioletLotus"],"picked":"Tiny House"}],"items_purged_floors":[],"is_endless":false,"potions_floor_spawned":[1,11,14,18,21,23,25,29,30,31,33,35,40,41,46,47,48,54],"killed_by":"The Heart","ascension_level":1}}