{"host":"v63m4f6t57xrjbnq","time":1614321275,"event":{"mods":["100% Spire Juice","ATMod(阿瑾Mod)","Act Like it!","Arknights","BaseMod","Colored Powertips","Dota2Spire","Downfall","Energized Spire","Gensokyo","Hallownest","KinomotoSakuraMod(木之本樱)","KomeijiMod","LagranYue(拉格朗・月)","Lobotomy","LobotomyExtend","Marisa（F雨　魔理沙）","Marked Mod","Minty Spire (QoL Compilation)","Quick Restart","Reimu（博丽灵梦）","Relic Filter Mod","Remilia（蕾米莉亚）","Replay The Spire","RumiaBox-露米娅的神秘盒子","StSLib","The Administrix","The Marked","The Senshi","The Servant 0.9.4","Waifu the Spire","WarShipGirlsR/战舰少女R mod","Yakumo Yukari mod","Youmu（魂魄妖梦）","Yuyuko","【遗物卡牌】REMEMod"],"gold_per_floor":[110,110,128,5,25,25,25],"floor_reached":6,"language":"ZHS","playtime":318,"items_purged":["ats:Strike G"],"score":59,"play_id":"29e3e22a-0d16-4359-bd99-294deb1ce2d7","local_time":"20210226143435","is_ascension_mode":true,"campfire_choices":[],"circlet_count":0,"master_deck":["AscendersBane","ats:Strike C","ats:Strike S","ats:Strike V","ats:Armor Crushing Shot","ats:Defend","ats:Defend","ats:Defend","ats:Defend","ats:Emotion Absorption","ReplayTheSpireMod:Brewmster","ats:Red Shift","ats:Directed Diagnosis","ats:Closed Bolt Burst Fire","ats:Flexible Camouflage"],"relics":["ats:Sanity","AT_ATBox","REME_ComplimentaryCards","LagranYue:RandomDrawCardRelic","Baka","Hallownest:DreamNailRelic","PureWhite:ReiMu"],"acts_visited":["Hallownest:Greenpath"],"potions_floor_usage":[3,3,5,6,6,6],"damage_taken":[{"damage":29.0,"enemies":"Hallownest:2_Tiktiks_and_1_Crawlid","floor":1.0,"turns":7.0},{"damage":4,"enemies":"2_ Uuma","floor":3,"turns":4},{"damage":8,"enemies":"Hallownest:2_MossCreeps","floor":5,"turns":3},{"damage":55,"enemies":"Hallownest:eliteCrystalGuardian","floor":6,"turns":5}],"seed_played":"5542242501622016590","potions_obtained":[{"floor":1,"key":"ats:Burn Small Potion"}],"is_trial":false,"path_per_floor":["M","?","M","$","M","E"],"character_chosen":"DOCTOR_CLASS","items_purchased":["ats:Closed Bolt Burst Fire"],"campfire_rested":0,"item_purchase_floors":[4],"current_hp_per_floor":[36,36,32,32,29,0,0],"gold":25,"neow_bonus":"RANDOM_COLORLESS_2","is_daily":false,"chose_seed":false,"campfire_upgraded":0,"win_rate":0.0,"timestamp":1614321275,"path_taken":["M","?","M","$","?","E"],"items_purchased_type":["Card"],"build_version":"2020-12-22","purchased_purges":1,"victory":false,"max_hp_per_floor":[65,65,65,65,65,65,65],"card_choices":[{"not_picked":["Master of Strategy","The Bomb"],"picked":"ReplayTheSpireMod:Brewmster","floor":0.0},{"not_picked":["ats:Revitalization","ats:Poison Spread"],"picked":"ats:Red Shift","floor":1},{"not_picked":["ats:Steam Pump","ats:Apocalypse"],"picked":"ats:Directed Diagnosis","floor":3},{"not_picked":["ats:Absolute Focus","ats:Apocalypse"],"picked":"ats:Flexible Camouflage","floor":5}],"player_experience":275410,"relics_obtained":[{"floor":1,"key":"Baka"},{"floor":3,"key":"PureWhite:ReiMu"}],"event_choices":[],"is_beta":false,"boss_relics":[],"items_purged_floors":[4],"is_endless":false,"potions_floor_spawned":[1,5],"killed_by":"Hallownest:eliteCrystalGuardian","ascension_level":13}}