{"host":"8is2j71l4wmybkoi","time":1614352523,"event":{"mods":["AchievementEnabler","BaseMod","Colored Map","DeckTracker","Minty Spire (QoL Compilation)","Rare Cards Sparkle","Relic Stats","StSLib","SuperFastMode"],"gold_per_floor":[20,39,52,68,68,68,68,111,187,187,187,36,49,64,64,159,159,179,198,219,219,144,175,175,193,193,236,236,274,44,83,83,173,173,186,186,186,207,233,272,272,316,316,538,428,428,453,468,468,468,468,468,17,53,53],"floor_reached":56,"language":"KOR","playtime":2972,"items_purged":["Strike_G"],"score":2098,"play_id":"26f90c70-1728-41e6-9416-3f70f0452e54","local_time":"20210227001523","is_ascension_mode":true,"campfire_choices":[{"data":"Neutralize","floor":6.0,"key":"SMITH"},{"floor":10.0,"key":"REST"},{"floor":15.0,"key":"REST"},{"floor":24.0,"key":"REST"},{"floor":32.0,"key":"REST"},{"floor":49,"key":"RECALL"},{"data":"Well Laid Plans","floor":52,"key":"SMITH"}],"circlet_count":0,"master_deck":["AscendersBane","Defend_G","Survivor","Neutralize+1","Dagger Throw","Flying Knee+1","Blade Dance","Blade Dance","Noxious Fumes","Die Die Die","Blur+1","Deadly Poison+1","Cloak And Dagger+1","Storm of Steel+1","Distraction+1","Reflex+1","Malaise+1","Envenom","Prepared+1","Concentrate+1","Blade Dance+1","Adrenaline+1","Adrenaline+1","Crippling Poison+1","Venomology+1","Tactician+1","Impatience+1","Madness+1","Master of Strategy+1","Acrobatics+1","Well Laid Plans+1","Reflex+1","Malaise+1"],"relics":["Ring of the Snake","Ginger","Golden Idol","Snake Skull","Toxic Egg 2","WristBlade","Anchor","Pen Nib","Red Mask","Tiny Chest","DollysMirror","Pear","Empty Cage","Potion Belt","Centennial Puzzle","Singing Bowl","Blood Vial","MealTicket","Ornamental Fan","Chemical X","StrikeDummy"],"acts_visited":["Exordium","TheCity","TheBeyond","TheEnding"],"potions_floor_usage":[35,38,47,48,50,54,55,55,55,55,55],"damage_taken":[{"damage":3.0,"enemies":"Cultist","floor":1.0,"turns":5.0},{"damage":1.0,"enemies":"Jaw Worm","floor":2.0,"turns":3.0},{"damage":0.0,"enemies":"Small Slimes","floor":3.0,"turns":2.0},{"damage":10.0,"enemies":"Looter","floor":4.0,"turns":5.0},{"damage":28.0,"enemies":"Lagavulin","floor":8.0,"turns":6.0},{"damage":0.0,"enemies":"Gremlin Gang","floor":13.0,"turns":2.0},{"damage":9.0,"enemies":"2 Fungi Beasts","floor":14.0,"turns":3.0},{"damage":22.0,"enemies":"The Guardian","floor":16.0,"turns":9.0},{"damage":14.0,"enemies":"2 Thieves","floor":18.0,"turns":3.0},{"damage":6.0,"enemies":"Shell Parasite","floor":19.0,"turns":5.0},{"damage":4.0,"enemies":"Snecko","floor":20.0,"turns":3.0},{"damage":12.0,"enemies":"Slavers","floor":23.0,"turns":4.0},{"damage":16.0,"enemies":"Sentry and Sphere","floor":25.0,"turns":4.0},{"damage":0.0,"enemies":"Masked Bandits","floor":27.0,"turns":3.0},{"damage":0.0,"enemies":"Gremlin Leader","floor":29.0,"turns":4.0},{"damage":0.0,"enemies":"Book of Stabbing","floor":31.0,"turns":3.0},{"damage":28,"enemies":"Automaton","floor":33,"turns":7},{"damage":0,"enemies":"3 Shapes","floor":35,"turns":3},{"damage":0,"enemies":"Orb Walker","floor":38,"turns":2},{"damage":6,"enemies":"Reptomancer","floor":40,"turns":3},{"damage":1,"enemies":"Giant Head","floor":42,"turns":4},{"damage":0,"enemies":"Transient","floor":47,"turns":5},{"damage":2,"enemies":"Writhing Mass","floor":48,"turns":5},{"damage":12,"enemies":"Awakened One","floor":50,"turns":6},{"damage":10,"enemies":"Shield and Spear","floor":54,"turns":4},{"damage":43,"enemies":"The Heart","floor":55,"turns":5}],"seed_played":"-2634276216501438376","potions_obtained":[{"floor":2.0,"key":"SpeedPotion"},{"floor":8.0,"key":"Energy Potion"},{"floor":16.0,"key":"GamblersBrew"},{"floor":20.0,"key":"GhostInAJar"},{"floor":27.0,"key":"Strength Potion"},{"floor":33,"key":"CultistPotion"},{"floor":42,"key":"Block Potion"},{"floor":47,"key":"Strength Potion"}],"is_trial":false,"path_per_floor":["M","M","M","M","?","R","?","E","T","R","?","$","M","M","R","B",null,"M","M","M","?","?","E","R","M","T","?","T","E","$","E","R","B",null,"M","?","?","M","T","E","?","E","T","?","?","T","M","M","R","B",null,"R","$","E","B",null],"character_chosen":"THE_SILENT","items_purchased":["Die Die Die","Blur+1","DollysMirror","Ornamental Fan","Chemical X","Reflex+1"],"campfire_rested":4,"item_purchase_floors":[12,12,30,53,53,53],"current_hp_per_floor":[56,55,55,45,40,40,40,12,12,30,23,23,23,14,32,10,48,34,28,24,24,24,12,30,14,14,14,14,14,14,24,45,17,57,57,57,57,57,57,51,41,42,42,42,42,42,44,44,44,34,60,60,68,58,17],"gold":53,"neow_bonus":"REMOVE_TWO","is_daily":false,"chose_seed":false,"campfire_upgraded":2,"win_rate":0.0,"timestamp":1614352523,"path_taken":["M","?","M","M","?","R","?","E","T","R","?","?","M","M","R","BOSS","M","M","?","?","?","E","R","M","T","?","?","E","?","E","R","BOSS","M","?","?","M","?","E","?","E","T","?","?","?","M","M","R","BOSS","R","$","E","BOSS"],"items_purchased_type":["Card","Card","Relic","Relic","Relic","Card"],"build_version":"2020-12-22","purchased_purges":1,"victory":true,"max_hp_per_floor":[66,66,66,66,66,66,60,60,60,60,60,60,60,60,60,60,60,60,60,60,60,60,60,60,60,60,60,60,60,60,70,70,70,70,70,66,66,66,66,66,66,68,68,68,68,68,68,68,68,68,68,68,68,68,68],"relic_stats":{"Singing Bowl":2,"counters":[26,108],"Golden Idol":175,"Snake Skull":[307],"Pen Nib":[29],"Ginger":[9],"Blood Vial":8,"Centennial Puzzle":[15],"Ornamental Fan":[84],"Tiny Chest":2,"MealTicket":8,"Chemical X":[4],"obtain_stats":[{"Potion Belt":39,"Pear":31,"Singing Bowl":42,"Golden Idol":7,"Snake Skull":8,"Pen Nib":26,"Ginger":5,"Empty Cage":34,"Blood Vial":43,"Anchor":23,"Centennial Puzzle":40,"WristBlade":17,"DollysMirror":30,"Ornamental Fan":53,"Tiny Chest":29,"MealTicket":46,"Red Mask":27,"Chemical X":53,"Toxic Egg 2":9,"StrikeDummy":54,"Ring of the Snake":0},{"Potion Belt":19,"Pear":16,"Singing Bowl":21,"Golden Idol":4,"Snake Skull":5,"Pen Nib":13,"Ginger":4,"Empty Cage":17,"Blood Vial":21,"Anchor":12,"Centennial Puzzle":20,"WristBlade":8,"DollysMirror":15,"Ornamental Fan":24,"Tiny Chest":15,"MealTicket":21,"Red Mask":14,"Chemical X":24,"Toxic Egg 2":5,"StrikeDummy":25,"Ring of the Snake":0},{"Potion Belt":76,"Pear":64,"Singing Bowl":83,"Golden Idol":15,"Snake Skull":21,"Pen Nib":54,"Ginger":15,"Empty Cage":71,"Blood Vial":83,"Anchor":50,"Centennial Puzzle":79,"WristBlade":35,"DollysMirror":61,"Ornamental Fan":99,"Tiny Chest":61,"MealTicket":83,"Red Mask":57,"Chemical X":99,"Toxic Egg 2":21,"StrikeDummy":103,"Ring of the Snake":0}],"Ring of the Snake":[52]},"card_choices":[{"not_picked":["Accuracy","Deflect"],"picked":"Dagger Throw","floor":1.0},{"not_picked":["Underhanded Strike","Expertise"],"picked":"Flying Knee","floor":2.0},{"not_picked":["Skewer","Terror"],"picked":"Blade Dance","floor":3.0},{"not_picked":["Poisoned Stab","Acrobatics"],"picked":"Blade Dance","floor":4.0},{"not_picked":["Calculated Gamble","Sucker Punch"],"picked":"Noxious Fumes","floor":8.0},{"not_picked":["Dagger Spray","Flechettes"],"picked":"Deadly Poison+1","floor":13.0},{"not_picked":["Dagger Throw","Outmaneuver+1"],"picked":"Cloak And Dagger+1","floor":14.0},{"not_picked":["Glass Knife","Bullet Time+1"],"picked":"Storm of Steel+1","floor":16.0},{"not_picked":["Underhanded Strike","Blade Dance+1"],"picked":"Distraction+1","floor":18.0},{"not_picked":["Deadly Poison+1","Dagger Spray","Eviscerate"],"picked":"SKIP","floor":19.0},{"not_picked":["Deadly Poison+1","Dagger Spray","Eviscerate"],"picked":"SKIP","floor":19.0},{"not_picked":["Leg Sweep+1","Backflip+1"],"picked":"Reflex+1","floor":20.0},{"not_picked":["Dagger Throw","Poisoned Stab"],"picked":"Prepared+1","floor":23.0},{"not_picked":["Underhanded Strike","Dodge and Roll+1"],"picked":"Concentrate+1","floor":25.0},{"not_picked":["Terror+1","Prepared+1"],"picked":"Blade Dance+1","floor":27.0},{"not_picked":["Escape Plan+1","Cloak And Dagger+1"],"picked":"Adrenaline+1","floor":29.0},{"not_picked":["Quick Slash","Concentrate+1"],"picked":"Crippling Poison+1","floor":31.0},{"not_picked":["Night Terror+1","Bullet Time+1"],"picked":"Venomology+1","floor":33},{"not_picked":["Dagger Throw","Leg Sweep+1","Infinite Blades"],"picked":"SKIP","floor":35},{"not_picked":["Poisoned Stab","Underhanded Strike+1"],"picked":"Tactician+1","floor":38},{"not_picked":["Blur+1","Poisoned Stab","Choke+1"],"picked":"SKIP","floor":40},{"not_picked":["PanicButton+1","Purity+1"],"picked":"Impatience+1","floor":41},{"not_picked":["Flash of Steel","HandOfGreed"],"picked":"Madness+1","floor":41},{"not_picked":["Blind+1","Violence+1"],"picked":"Master of Strategy+1","floor":41},{"not_picked":["Sucker Punch","Predator","Terror+1"],"picked":"Singing Bowl","floor":42},{"not_picked":["Blade Dance+1","Crippling Poison+1"],"picked":"Acrobatics+1","floor":47},{"not_picked":["Tactician+1","Terror+1"],"picked":"Well Laid Plans","floor":48},{"not_picked":["Slice","Choke"],"picked":"Malaise+1","floor":54}],"player_experience":1350640,"relics_obtained":[{"floor":8.0,"key":"Snake Skull"},{"floor":9.0,"key":"Toxic Egg 2"},{"floor":23.0,"key":"Anchor"},{"floor":26.0,"key":"Pen Nib"},{"floor":27.0,"key":"Red Mask"},{"floor":29.0,"key":"Tiny Chest"},{"floor":31.0,"key":"Pear"},{"floor":39,"key":"Potion Belt"},{"floor":40,"key":"Centennial Puzzle"},{"floor":42,"key":"Singing Bowl"},{"floor":43,"key":"Blood Vial"},{"floor":46,"key":"MealTicket"},{"floor":54,"key":"StrikeDummy"}],"event_choices":[{"damage_healed":0.0,"max_hp_gain":0.0,"max_hp_loss":0.0,"gold_gain":0.0,"event_name":"Scrap Ooze","player_choice":"Success","floor":5.0,"gold_loss":0.0,"damage_taken":5.0,"relics_obtained":["Ginger"]},{"damage_healed":0.0,"max_hp_gain":0.0,"max_hp_loss":6.0,"gold_gain":0.0,"event_name":"Golden Idol","player_choice":"Lose Max HP","floor":7.0,"gold_loss":0.0,"damage_taken":0.0,"relics_obtained":["Golden Idol"]},{"cards_removed":["Strike_G"],"damage_healed":0.0,"max_hp_gain":0.0,"max_hp_loss":0.0,"gold_gain":0.0,"event_name":"Golden Wing","player_choice":"Card Removal","floor":11.0,"gold_loss":0.0,"damage_taken":7.0},{"damage_healed":0.0,"max_hp_gain":0.0,"max_hp_loss":0.0,"gold_gain":0.0,"cards_transformed":["Strike_G","Defend_G"],"event_name":"Drug Dealer","player_choice":"Became Test Subject","floor":21.0,"gold_loss":0.0,"damage_taken":0.0,"cards_obtained":["Malaise","Envenom"]},{"cards_removed":["Strike_G"],"damage_healed":0.0,"max_hp_gain":0.0,"max_hp_loss":0.0,"gold_gain":0.0,"event_name":"Beggar","player_choice":"Gave Gold","floor":22.0,"gold_loss":75.0,"damage_taken":0.0},{"damage_healed":0.0,"max_hp_gain":0.0,"max_hp_loss":0.0,"gold_gain":0.0,"event_name":"Masked Bandits","player_choice":"Fought Bandits","floor":27.0,"gold_loss":0.0,"damage_taken":0.0},{"damage_healed":0,"gold_gain":0,"player_choice":"Max HP","damage_taken":0,"max_hp_gain":0,"max_hp_loss":4,"event_name":"Winding Halls","floor":36,"gold_loss":0},{"damage_healed":0,"gold_gain":0,"player_choice":"Cursed","damage_taken":0,"max_hp_gain":0,"max_hp_loss":0,"event_name":"Wheel of Change","floor":37,"gold_loss":0,"cards_obtained":["Decay"]},{"damage_healed":0,"gold_gain":0,"player_choice":"Memory 3","damage_taken":10,"max_hp_gain":0,"max_hp_loss":0,"event_name":"SensoryStone","floor":41,"gold_loss":0},{"damage_healed":0,"gold_gain":222,"player_choice":"Wore Mask","damage_taken":0,"max_hp_gain":0,"max_hp_loss":0,"event_name":"Tomb of Lord Red Mask","floor":44,"gold_loss":0},{"cards_removed":["Decay"],"damage_healed":0,"gold_gain":0,"player_choice":"Upgrade and Remove","damage_taken":0,"max_hp_gain":0,"max_hp_loss":0,"event_name":"Designer","floor":45,"gold_loss":110,"cards_upgraded":["Flying Knee"]}],"is_beta":false,"boss_relics":[{"not_picked":["Busted Crown","Sozu"],"picked":"WristBlade"},{"not_picked":["Philosopher\u0027s Stone","Pandora\u0027s Box"],"picked":"Empty Cage"}],"items_purged_floors":[30],"is_endless":false,"potions_floor_spawned":[2,8,16,20,27,33,35,42,47],"ascension_level":15}}