{"host":"k18hfimadcku5042","time":1614348833,"event":{"mods":["Act Like it!","Aspiration","BaseMod","Gensokyo","Minty Spire (QoL Compilation)","Pale of the Ancients","Replay The Spire","Spicy Shops","StSLib","The Runesmith","¡¾ÒÅÎï¿¨ÅÆ¡¿REMEMod"],"gold_per_floor":[99,29,29,68,119,194,194,275,299,380,470,560,665,761,761,992,992,1046,1091,957,1002,228,332,443,443,443,637,757,851,1267,1317,1317,1566,1666,1746,1820,1820,1911,1989,2124,2203,2328,2352,2638,2717,2798,1499,1653,1653,1683,1707],"floor_reached":52,"language":"ZHS","playtime":3258,"items_purged":["Pain","SashWhip","Doom and Gloom"],"score":2866,"play_id":"0217b0d1-a5c6-454e-85bd-6458f8b8588e","local_time":"20210226221353","daily_mods":["Draft","Vintage","Diverse","Colorless Cards","Heirloom","DeadlyEvents","Elite Swarm","Lethality","Midas"],"is_ascension_mode":true,"campfire_choices":[{"floor":25,"key":"REST"}],"circlet_count":0,"master_deck":["AscendersBane","Runesmith:RunicBlueprint","White Noise","Dodge and Roll","Anger","FlurryOfBlows","Blade Dance","Ball Lightning","Runesmith:EnergizedChisel","Anger","Backflip","Evolve","Runesmith:FrozenChisel+1","REME_TheLastStrike+1","Magnetism","Pot Of Greed+1","Pot Of Greed+1","Atom Bomb+1","Adrenaline","Runesmith:CreatorForm","Pot Of Greed+1","REME_HeartOfCthun+1","Dark Embrace+1","REME_WheelOfFate","Venomology","REME_WheelOfFate","All For One+1","Crow Ritual","Sweeping Beam+1","Infernal Blade+1","Pot Of Greed+1","Leap+1","Electrodynamics","Fission","Demon Form","FlurryOfBlows+1","Panache"],"relics":["Unceasing Top","REME_ComplimentaryCards","WingedGreaves","Potion Belt","Gensokyo:CelestialsFlawlessClothing","aspiration:Lifesprig","Molten Egg 2","Bottled Tornado","Smiling Mask","Grinning Jar","Bird Faced Urn","Iron Hammer","Prayer Wheel","aspiration:FrozenJewel","Turnip","Pear","Gensokyo:LunaticRedEyes","aspiration:FutureDiary","Replay:Antivirus Software","ReplayTheSpireMod:Ninjato","Tiny Chest","Runesmith:AutoHammer","Replay:Bandana","aspiration:EnhancedActuators","TheAbacus","Quantum Egg","White Beast Statue","Replay:Bottled Flurry","CeramicFish","Replay:Bottled Eggs","Ornamental Fan","Replay:Baseball","Prayer Wheel","aspiration:SneckoTail","Meat on the Bone","Replay:Wanted Poster","Art of War","Akabeko","Gensokyo:EmptyGrave","Mummified Hand","Gremlin Food","Mercury Hourglass","aspiration:FetidBarrel","MealTicket","Replay:Bottled Snecko","Centennial Puzzle","Solar Panel","aspiration:HummingbirdHeart","Bottled Flame","Onion Ring","Happy Flower","Runic Capacitor","HandDrill","REME_PuzzleBoxRelic","Pet Ghost","Singing Bowl","BranchBurnRelic","Pen Nib"],"acts_visited":["Gensokyo:Gensokyo","Gensokyo:Gensokyoer","Gensokyo:Gensokyoest"],"potions_floor_usage":[16,27,28,29,30,30,30,30,33,33,33,33,33,38,39,40,41,44,45,46,48,50,50,50,51,51,51],"damage_taken":[{"damage":0.0,"enemies":"Gensokyo:3_Fairies","floor":4.0,"turns":2.0},{"damage":0.0,"enemies":"Gensokyo:Gryphon","floor":5.0,"turns":2.0},{"damage":0.0,"enemies":"Gensokyo:Aya","floor":6.0,"turns":2.0},{"damage":2.0,"enemies":"Gensokyo:Cirno","floor":8.0,"turns":4.0},{"damage":5.0,"enemies":"Gensokyo:Mamizou","floor":10.0,"turns":7.0},{"damage":13.0,"enemies":"Gensokyo:Aya","floor":11.0,"turns":4.0},{"damage":0,"enemies":"Gensokyo:Cirno","floor":12,"turns":3},{"damage":3,"enemies":"Gensokyo:Mamizou","floor":13,"turns":7},{"damage":0,"enemies":"Gensokyo:Aya","floor":14,"turns":2},{"damage":46,"enemies":"Gensokyo:Yukari","floor":16,"turns":9},{"damage":0,"enemies":"Gensokyo:Chomper","floor":18,"turns":2},{"damage":12,"enemies":"Gensokyo:AngelMirror","floor":19,"turns":2},{"damage":35,"enemies":"Gensokyo:Slime_Group","floor":21,"turns":4},{"damage":0,"enemies":"Gensokyo:Reisen","floor":23,"turns":5},{"damage":38,"enemies":"Gensokyo:Koishi","floor":24,"turns":3},{"damage":2,"enemies":"Gensokyo:Reisen","floor":27,"turns":4},{"damage":2,"enemies":"Gensokyo:Tenshi","floor":28,"turns":2},{"damage":0,"enemies":"Gensokyo:3_Gloops","floor":29,"turns":3},{"damage":0,"enemies":"Gensokyo:Reisen","floor":30,"turns":4},{"damage":0,"enemies":"Gensokyo:Swordslinger","floor":31,"turns":1},{"damage":13,"enemies":"Gensokyo:Kaguya","floor":33,"turns":5},{"damage":4,"enemies":"Gensokyo:3_Bats","floor":35,"turns":2},{"damage":33,"enemies":"Gensokyo:AncientGuardian","floor":36,"turns":4},{"damage":0,"enemies":"Gensokyo:Dusk_and_Dawn","floor":38,"turns":2},{"damage":0,"enemies":"Gensokyo:4_Bats","floor":39,"turns":1},{"damage":0,"enemies":"Gensokyo:Kasen","floor":40,"turns":1},{"damage":0,"enemies":"Gensokyo:Sharpion","floor":41,"turns":1},{"damage":0,"enemies":"Gensokyo:Doremy","floor":42,"turns":1},{"damage":4,"enemies":"Gensokyo:Kasen","floor":44,"turns":3},{"damage":0,"enemies":"Gensokyo:3_Boulders","floor":45,"turns":2},{"damage":0,"enemies":"Gensokyo:4_Bats","floor":46,"turns":1},{"damage":0,"enemies":"Gensokyo:Doremy","floor":48,"turns":2},{"damage":0,"enemies":"Gensokyo:Scarlet_Devils","floor":50,"turns":1},{"damage":0,"enemies":"Gensokyo:Yuyuko","floor":51,"turns":2}],"seed_played":"-5971397094986824406","potions_obtained":[{"floor":5.0,"key":"PowerPotion"},{"floor":6.0,"key":"LiquidMemories"},{"floor":11.0,"key":"Milkshake"},{"floor":13,"key":"FocusPotion"},{"floor":19,"key":"EssenceOfSteel"},{"floor":21,"key":"Block Potion"},{"floor":24,"key":"Toxic Potion"},{"floor":27,"key":"Block Potion"},{"floor":28,"key":"Block Potion"},{"floor":29,"key":"GamblersBrew"},{"floor":30,"key":"Block Potion"},{"floor":31,"key":"SpeedPotion"},{"floor":32,"key":"Toxic Potion"},{"floor":32,"key":"EssenceOfDarkness"},{"floor":33,"key":"Fire Potion"},{"floor":35,"key":"Dexterity Potion"},{"floor":36,"key":"Energy Potion"},{"floor":39,"key":"Fire Potion"},{"floor":40,"key":"Energy Potion"},{"floor":41,"key":"REME_GoldPotion"},{"floor":42,"key":"Weak Potion"},{"floor":44,"key":"Adrenaline Potion"},{"floor":46,"key":"SteroidPotion"}],"is_trial":true,"path_per_floor":["?","?","?","M","M","E","R","E","T","E","E","E","E","E","R","B",null,"M","M","COS","M","$","E","E","R","T","E","E","M","E","M","R","B",null,"M","M","?","M","M","E","M","E","T","E","M","M","$","E","R","B","B",null],"character_chosen":"DEFECT","items_purchased":["Runesmith:AutoHammer","Replay:Bandana","aspiration:EnhancedActuators","TheAbacus","Dark Embrace+1","Onion Ring","Happy Flower","Runic Capacitor","HandDrill","REME_PuzzleBoxRelic","Pet Ghost","Panache"],"campfire_rested":1,"item_purchase_floors":[22,22,22,22,22,47,47,47,47,47,47,47],"current_hp_per_floor":[64,64,43,43,43,43,43,41,41,36,27,31,38,50,50,20,66,72,62,62,37,37,47,15,39,39,43,49,55,63,65,65,81,81,81,58,58,66,73,73,73,73,73,73,73,73,73,75,75,75,75],"gold":1707,"neow_bonus":"","is_daily":false,"chose_seed":false,"campfire_upgraded":0,"win_rate":0.0,"timestamp":1614348833,"path_taken":["?","?","?","M","M","E","R","E","T","E","E","E","E","E","R","BOSS","M","M","COS","M","$","E","E","R","T","E","E","M","E","M","R","BOSS","M","M","?","?","M","E","M","E","T","E","M","M","$","E","R","BOSS","BOSS"],"items_purchased_type":["Relic","Relic","Relic","Relic","Card","Relic","Relic","Relic","Relic","Relic","Relic","Card"],"build_version":"2020-12-22","purchased_purges":3,"victory":true,"max_hp_per_floor":[71,71,71,71,71,71,71,71,71,71,71,71,71,81,81,81,81,81,81,81,81,81,81,81,81,81,81,81,81,81,81,81,81,81,81,81,73,73,73,73,73,73,73,73,73,73,73,75,75,75,75],"card_choices":[{"not_picked":["Runesmith:StaticCage","Wallop"],"picked":"Runesmith:RunicBlueprint","floor":0.0},{"not_picked":["Replay:ManipulateFuture","REME_Compress"],"picked":"Uppercut","floor":0.0},{"not_picked":["Reflex","Runesmith:Discharge"],"picked":"SashWhip","floor":0.0},{"not_picked":["Flex","Headbutt"],"picked":"White Noise","floor":0.0},{"not_picked":["EmptyBody","Perfected Strike"],"picked":"Dodge and Roll","floor":0.0},{"not_picked":["PiercingWail","Indignation"],"picked":"Anger","floor":0.0},{"not_picked":["Reprogram","Cloak And Dagger"],"picked":"FlurryOfBlows","floor":0.0},{"not_picked":["Armaments","Redo"],"picked":"Blade Dance","floor":0.0},{"not_picked":["Defy Death","Compile Driver"],"picked":"Ball Lightning","floor":0.0},{"not_picked":["Consume","ReplayTheSpireMod:Limb From Limb"],"picked":"Runesmith:EnergizedChisel","floor":0.0},{"not_picked":["JustLucky","Toxin Wave"],"picked":"Anger","floor":0.0},{"not_picked":["BasicCrystalCard","EmptyFist"],"picked":"Quick Slash","floor":0.0},{"not_picked":["Twin Strike","Hidden Blade"],"picked":"Backflip","floor":0.0},{"not_picked":["Heatsinks","Adaptation"],"picked":"Doom and Gloom","floor":0.0},{"not_picked":["Crescendo","Underhanded Strike"],"picked":"Evolve","floor":0.0},{"not_picked":["Mirror Shield","REME_BattleFury"],"picked":"REME_TheLastStrike+1","floor":6.0},{"not_picked":["Buffer","Poisoned Strike+1"],"picked":"Magnetism","floor":8.0},{"not_picked":["REME_CRH","Meteor Strike+1"],"picked":"Atom Bomb+1","floor":10.0},{"not_picked":["After Image","Metamorphosis"],"picked":"ReplayTheSpireMod:Fabricate Wheel","floor":11.0},{"not_picked":["Corpse Explosion","Berserk","Vault"],"picked":"SKIP","floor":12},{"not_picked":["Replay:AllIn","Vault"],"picked":"Adrenaline","floor":13},{"not_picked":["Feed+1","Blasphemy"],"picked":"Runesmith:CreatorForm","floor":14},{"not_picked":["DeusExMachina","Amplify"],"picked":"REME_HeartOfCthun+1","floor":16},{"not_picked":["Buffer","Die Die Die+1"],"picked":"REME_WheelOfFate","floor":23},{"not_picked":["Omniscience","Replay:Bag of Tricks"],"picked":"Venomology","floor":24},{"not_picked":["ReplayTheSpireMod:Necrosis","Fission","Metamorphosis"],"picked":"SKIP","floor":27},{"not_picked":["Brilliance+1","Wraith Form v2"],"picked":"REME_WheelOfFate","floor":28},{"not_picked":["Runesmith:GenerateForcefield","Poisoned Strike+1"],"picked":"All For One+1","floor":30},{"not_picked":["Runesmith:Repurpose","FIFO Queue","Dark Embrace"],"picked":"SKIP","floor":31},{"not_picked":["Limit Break","Runesmith:GrandSlam+1"],"picked":"Crow Ritual","floor":33},{"not_picked":["Compile Driver+1","Runesmith:Superposition+1"],"picked":"Sweeping Beam+1","floor":35},{"not_picked":["CutThroughFate+1","Replay:Vibes"],"picked":"Infernal Blade+1","floor":36},{"not_picked":["Runesmith:OneForEveryone+1","Genetic Algorithm"],"picked":"Leap+1","floor":38},{"not_picked":["Perfected Strike+1","Runesmith:CraftSpiculum","Noxious Fumes+1"],"picked":"SKIP","floor":39},{"not_picked":["Die Die Die+1","Double Tap"],"picked":"Electrodynamics","floor":40},{"not_picked":["Replay:DivineShield","Cloak And Dagger","Sunder+1"],"picked":"SKIP","floor":41},{"not_picked":["Wraith Form v2","SpiritShield"],"picked":"Fission","floor":42},{"not_picked":["Crow Ritual","REME_MawOfCthun"],"picked":"Demon Form","floor":44},{"not_picked":["PathToVictory","Conserve Battery","Nirvana"],"picked":"SKIP","floor":45},{"not_picked":["Dagger Throw+1","Runesmith:BackupBattery"],"picked":"FlurryOfBlows+1","floor":46},{"not_picked":["Burst","ReplayTheSpireMod:Fabricate Wheel","Demon Form"],"picked":"Singing Bowl","floor":48}],"player_experience":227720,"relics_obtained":[{"floor":4.0,"key":"aspiration:Lifesprig"},{"floor":5.0,"key":"Molten Egg 2"},{"floor":6.0,"key":"Bottled Tornado"},{"floor":8.0,"key":"Smiling Mask"},{"floor":9.0,"key":"Grinning Jar"},{"floor":10.0,"key":"Bird Faced Urn"},{"floor":11.0,"key":"Iron Hammer"},{"floor":12,"key":"aspiration:FrozenJewel"},{"floor":13,"key":"Turnip"},{"floor":14,"key":"Pear"},{"floor":18,"key":"Replay:Antivirus Software"},{"floor":19,"key":"ReplayTheSpireMod:Ninjato"},{"floor":21,"key":"Tiny Chest"},{"floor":23,"key":"Quantum Egg"},{"floor":24,"key":"White Beast Statue"},{"floor":26,"key":"Replay:Bottled Flurry"},{"floor":27,"key":"Replay:Bottled Eggs"},{"floor":28,"key":"Ornamental Fan"},{"floor":29,"key":"Replay:Baseball"},{"floor":30,"key":"aspiration:SneckoTail"},{"floor":31,"key":"Meat on the Bone"},{"floor":35,"key":"Art of War"},{"floor":36,"key":"Akabeko"},{"floor":38,"key":"Mummified Hand"},{"floor":39,"key":"Mercury Hourglass"},{"floor":40,"key":"aspiration:FetidBarrel"},{"floor":41,"key":"MealTicket"},{"floor":42,"key":"Replay:Bottled Snecko"},{"floor":43,"key":"Centennial Puzzle"},{"floor":44,"key":"Solar Panel"},{"floor":45,"key":"aspiration:HummingbirdHeart"},{"floor":46,"key":"Bottled Flame"},{"floor":48,"key":"Singing Bowl"}],"event_choices":[],"is_beta":false,"boss_relics":[{"not_picked":["REME_DuelDisc","Calling Bell"],"picked":"aspiration:FutureDiary"},{"not_picked":["Snecko Eye","Runesmith:UraniumAnvil"],"picked":"Replay:Wanted Poster"}],"items_purged_floors":[22,47,47],"is_endless":false,"potions_floor_spawned":[5,6,11,13,19,21,24,27,28,29,30,31,33,35,36,38,39,40,41,42,44,45,46,48],"ascension_level":20}}