{"host":"iv24d026eac8pm4e","time":1614357915,"event":{"mods":["BaseMod","Minty Spire (QoL Compilation)"],"gold_per_floor":[110,129,143,143,153,153,153,169,169,169,185,199,219,58,58,132,132,142,142,32,50,70,99,99,117,117,143,155,155,38,38,38,114,114,125,125,141,166,184,184,218,198,268,286,286,305,331,331,331,331,331,331,43,72,72,72],"floor_reached":55,"language":"ENG","playtime":4410,"items_purged":["Strike_B"],"score":1408,"play_id":"b152ff1f-e616-4061-a84c-6e36a7c9f8fa","local_time":"20210226084515","is_ascension_mode":true,"campfire_choices":[{"data":"Consume","floor":6,"key":"SMITH"},{"data":"Dualcast","floor":10,"key":"SMITH"},{"floor":15,"key":"REST"},{"data":"Ghostly","floor":24,"key":"SMITH"},{"floor":29,"key":"REST"},{"data":"Defragment","floor":32,"key":"SMITH"},{"floor":40,"key":"REST"},{"floor":45,"key":"RECALL"},{"data":"Recycle","floor":49,"key":"SMITH"},{"data":"Loop","floor":52,"key":"SMITH"}],"circlet_count":0,"master_deck":["AscendersBane","Strike_B+1","Defend_B","Defend_B","Zap+1","Dualcast+1","Consume+1","Rebound","Cold Snap","Capacitor","Sweeping Beam","Cold Snap","Redo","Biased Cognition+1","Ghostly","Ghostly","Ghostly+1","Darkness","White Noise+1","Force Field","Defragment+1","Ball Lightning","Ball Lightning","Electrodynamics","Biased Cognition+1","Loop+1","Turbo+1","Coolheaded+1","Capacitor+1","Conserve Battery+1","Recycle+1","Echo Form"],"relics":["Cracked Core","Omamori","Runic Pyramid","Vajra","Centennial Puzzle","Question Card","SlaversCollar","Incense Burner","Blood Vial","Mummified Hand","Juzu Bracelet","InkBottle","HornCleat"],"acts_visited":["Exordium","TheCity","TheBeyond","TheEnding"],"potions_floor_usage":[5,11,18,22,33,33,39,44,47],"damage_taken":[{"damage":2,"enemies":"Jaw Worm","floor":1,"turns":3},{"damage":3,"enemies":"2 Louse","floor":2,"turns":2},{"damage":2,"enemies":"Cultist","floor":3,"turns":4},{"damage":0,"enemies":"3 Louse","floor":5,"turns":1},{"damage":4,"enemies":"2 Fungi Beasts","floor":8,"turns":4},{"damage":12,"enemies":"Lots of Slimes","floor":11,"turns":4},{"damage":9,"enemies":"Looter","floor":12,"turns":2},{"damage":14,"enemies":"Blue Slaver","floor":13,"turns":3},{"damage":5,"enemies":"The Guardian","floor":16,"turns":12},{"damage":35,"enemies":"3 Byrds","floor":18,"turns":5},{"damage":0,"enemies":"2 Thieves","floor":21,"turns":4},{"damage":0,"enemies":"Sentry and Sphere","floor":22,"turns":7},{"damage":7,"enemies":"Slavers","floor":23,"turns":6},{"damage":2,"enemies":"Centurion and Healer","floor":25,"turns":6},{"damage":18,"enemies":"Gremlin Leader","floor":27,"turns":7},{"damage":1,"enemies":"Snake Plant","floor":28,"turns":6},{"damage":1,"enemies":"Collector","floor":33,"turns":9},{"damage":2,"enemies":"Orb Walker","floor":35,"turns":4},{"damage":2,"enemies":"3 Shapes","floor":37,"turns":3},{"damage":0,"enemies":"Mind Bloom Boss Battle","floor":38,"turns":5},{"damage":19,"enemies":"Jaw Worm Horde","floor":39,"turns":3},{"damage":0,"enemies":"Reptomancer","floor":41,"turns":8},{"damage":5,"enemies":"Writhing Mass","floor":44,"turns":6},{"damage":0,"enemies":"4 Shapes","floor":46,"turns":3},{"damage":0,"enemies":"Giant Head","floor":47,"turns":10},{"damage":12,"enemies":"Awakened One","floor":50,"turns":11},{"damage":3,"enemies":"Shield and Spear","floor":54,"turns":6},{"damage":36,"enemies":"The Heart","floor":55,"turns":6}],"seed_played":"1211861442388561278","potions_obtained":[{"floor":1,"key":"LiquidMemories"},{"floor":2,"key":"FocusPotion"},{"floor":8,"key":"GamblersBrew"},{"floor":11,"key":"PotionOfCapacity"},{"floor":18,"key":"Dexterity Potion"},{"floor":22,"key":"BlessingOfTheForge"},{"floor":33,"key":"SkillPotion"},{"floor":38,"key":"LiquidBronze"},{"floor":41,"key":"Fire Potion"},{"floor":42,"key":"GamblersBrew"},{"floor":44,"key":"LiquidMemories"}],"is_trial":false,"path_per_floor":["M","M","M","?","M","R","?","M","T","R","M","M","M","$","R","B",null,"M","?","?","M","M","E","R","M","T","E","M","R","$","?","R","B",null,"M","?","M","?","M","R","E","?","T","M","R","M","E","?","R","B",null,"R","$","E","B"],"character_chosen":"DEFECT","items_purchased":["Omamori","Defragment","InkBottle"],"campfire_rested":3,"item_purchase_floors":[14,30,53],"current_hp_per_floor":[69,66,64,41,41,41,41,37,37,37,25,16,2,2,25,20,64,29,29,29,29,29,22,22,20,20,2,1,12,12,12,12,11,32,30,30,28,28,9,20,20,20,20,17,17,19,21,21,21,11,32,32,32,31,0,0],"gold":72,"neow_bonus":"TEN_PERCENT_HP_BONUS","is_daily":false,"chose_seed":false,"campfire_upgraded":6,"win_rate":0.0,"timestamp":1614357915,"path_taken":["M","M","M","?","M","R","?","M","T","R","M","M","?","$","R","BOSS","M","?","?","M","?","E","R","M","T","E","M","R","$","?","R","BOSS","M","?","?","?","M","R","E","?","T","M","R","M","E","?","R","BOSS","R","$","E","BOSS"],"items_purchased_type":["Relic","Card","Relic"],"build_version":"2020-12-22","purchased_purges":1,"victory":false,"max_hp_per_floor":[78,78,78,78,78,78,78,78,78,78,78,78,78,78,78,78,78,78,39,39,39,39,39,39,39,39,39,39,39,39,39,39,39,39,39,39,39,39,39,39,39,39,39,39,39,39,39,39,39,39,39,39,39,39,39,39],"card_choices":[{"not_picked":["Blizzard","Rebound"],"picked":"Consume","floor":1},{"not_picked":["Turbo","Fusion","Gash"],"picked":"SKIP","floor":2},{"not_picked":["Fusion","Hologram"],"picked":"Rebound","floor":3},{"not_picked":["Rebound","Self Repair"],"picked":"Cold Snap","floor":5},{"not_picked":["Coolheaded","Turbo"],"picked":"Capacitor","floor":8},{"not_picked":["Reboot","Scrape"],"picked":"Sweeping Beam","floor":11},{"not_picked":["Consume","Streamline"],"picked":"Cold Snap","floor":12},{"not_picked":["Cold Snap","Gash"],"picked":"Redo","floor":13},{"not_picked":["Core Surge","Machine Learning"],"picked":"Biased Cognition","floor":16},{"not_picked":["Sweeping Beam","Gash","Force Field"],"picked":"SKIP","floor":18},{"not_picked":["Coolheaded","Undo"],"picked":"Darkness","floor":21},{"not_picked":["Go for the Eyes","Storm+1","Skim"],"picked":"SKIP","floor":22},{"not_picked":["Gash+1","Redo","Sweeping Beam"],"picked":"SKIP","floor":23},{"not_picked":["Sunder","Barrage"],"picked":"White Noise+1","floor":25},{"not_picked":["Redo","Reprogram"],"picked":"Force Field","floor":27},{"not_picked":["Sweeping Beam","Barrage","Consume","Rebound"],"picked":"SKIP","floor":28},{"not_picked":["Seek","Creative AI","Fission"],"picked":"Electrodynamics","floor":33},{"not_picked":["Go for the Eyes","Sweeping Beam+1","Steam Power","Undo"],"picked":"SKIP","floor":35},{"not_picked":["Compile Driver","Gash+1","Redo+1"],"picked":"Loop","floor":37},{"not_picked":["Stack","Double Energy","Steam"],"picked":"Turbo+1","floor":38},{"not_picked":["Darkness","Hologram+1","Scrape","Steam"],"picked":"SKIP","floor":39},{"not_picked":["Reinforced Body+1","Leap+1","FTL"],"picked":"Coolheaded+1","floor":41},{"not_picked":["Beam Cell","Chaos+1","Compile Driver"],"picked":"Capacitor+1","floor":44},{"not_picked":["Compile Driver","Scrape","Genetic Algorithm"],"picked":"Conserve Battery+1","floor":46},{"not_picked":["Gash+1","Compile Driver","Skim"],"picked":"Recycle","floor":47},{"not_picked":["Chill","Go for the Eyes","Meteor Strike"],"picked":"Echo Form","floor":54}],"player_experience":2637580,"relics_obtained":[{"floor":23,"key":"Vajra"},{"floor":26,"key":"Centennial Puzzle"},{"floor":27,"key":"Question Card"},{"floor":38,"key":"Incense Burner"},{"floor":41,"key":"Blood Vial"},{"floor":43,"key":"Mummified Hand"},{"floor":47,"key":"Juzu Bracelet"},{"floor":54,"key":"HornCleat"}],"event_choices":[{"damage_healed":0,"gold_gain":0,"player_choice":"Entered Light","damage_taken":23,"max_hp_gain":0,"max_hp_loss":0,"event_name":"Shining Light","floor":4,"gold_loss":0,"cards_upgraded":["Strike_B","Zap"]},{"cards_removed":["Strike_B"],"damage_healed":0,"gold_gain":0,"player_choice":"Offered Basic","damage_taken":0,"max_hp_gain":0,"max_hp_loss":0,"event_name":"Bonfire Elementals","floor":7,"gold_loss":0},{"damage_healed":0,"gold_gain":0,"player_choice":"Became a Ghost","damage_taken":0,"max_hp_gain":0,"max_hp_loss":39,"event_name":"Ghosts","floor":19,"gold_loss":0,"cards_obtained":["Ghostly","Ghostly","Ghostly"]},{"cards_removed":["Strike_B"],"damage_healed":0,"gold_gain":0,"player_choice":"Upgrade and Remove","damage_taken":0,"max_hp_gain":0,"max_hp_loss":0,"event_name":"Designer","floor":20,"gold_loss":110,"cards_upgraded":["Biased Cognition"]},{"damage_healed":0,"gold_gain":0,"cards_transformed":["Defend_B","Defend_B"],"player_choice":"Became Test Subject","damage_taken":0,"max_hp_gain":0,"max_hp_loss":0,"event_name":"Drug Dealer","floor":31,"gold_loss":0,"cards_obtained":["Ball Lightning","Ball Lightning"]},{"damage_healed":0,"gold_gain":0,"player_choice":"Copied","damage_taken":0,"max_hp_gain":0,"max_hp_loss":0,"event_name":"Duplicator","floor":36,"gold_loss":0,"cards_obtained":["Biased Cognition"]},{"damage_healed":0,"gold_gain":0,"player_choice":"Fight","damage_taken":0,"max_hp_gain":0,"max_hp_loss":0,"event_name":"MindBloom","floor":38,"gold_loss":0},{"damage_healed":0,"gold_gain":0,"player_choice":"Bought 1 Potion","damage_taken":0,"max_hp_gain":0,"max_hp_loss":0,"event_name":"The Woman in Blue","floor":42,"gold_loss":0},{"damage_healed":0,"gold_gain":0,"player_choice":"Ignored","damage_taken":0,"max_hp_gain":0,"max_hp_loss":0,"event_name":"Tomb of Lord Red Mask","floor":48,"gold_loss":0}],"is_beta":false,"boss_relics":[{"not_picked":["FrozenCore","Nuclear Battery"],"picked":"Runic Pyramid"},{"not_picked":["Sozu","Tiny House"],"picked":"SlaversCollar"}],"items_purged_floors":[30],"is_endless":false,"potions_floor_spawned":[1,2,8,11,18,22,27,33,38,41,44],"killed_by":"The Heart","ascension_level":17}}