{"host":"fbdlh90rovbiajun","time":1614316785,"event":{"mods":["AchievementEnabler","BaseMod","Colored Map","Keyboard Shortcuts","Minty Spire (QoL Compilation)","SuperFastMode"],"gold_per_floor":[114,64,64,64,80,80,115,115,140,155,171,184,184,184,184],"floor_reached":14,"language":"KOR","playtime":374,"items_purged":[],"score":173,"play_id":"6eb56695-0502-4ebe-9a5a-42a6aa581145","local_time":"20210226141945","is_ascension_mode":true,"campfire_choices":[{"data":"Eruption","floor":6,"key":"SMITH"},{"data":"Halt","floor":8,"key":"SMITH"},{"data":"Vigilance","floor":13,"key":"SMITH"}],"circlet_count":0,"master_deck":["AscendersBane","Strike_P","Strike_P","Strike_P","Defend_P","Defend_P","Defend_P","Eruption+1","Vigilance+1","Perseverance","Halt+1"],"relics":["PureWater","Strawberry","Omamori"],"acts_visited":["Exordium"],"potions_floor_usage":[7],"damage_taken":[{"damage":0,"enemies":"Small Slimes","floor":1,"turns":3},{"damage":2,"enemies":"Jaw Worm","floor":5,"turns":4},{"damage":0,"enemies":"Lagavulin","floor":7,"turns":8},{"damage":6,"enemies":"2 Louse","floor":10,"turns":3},{"damage":0,"enemies":"Red Slaver","floor":11,"turns":5},{"damage":12,"enemies":"Looter","floor":12,"turns":5},{"damage":57,"enemies":"Gremlin Nob","floor":14,"turns":3}],"seed_played":"5316699916397122707","potions_obtained":[{"floor":1,"key":"DistilledChaos"},{"floor":12,"key":"CultistPotion"}],"is_trial":false,"path_per_floor":["M","?","?","$","M","R","E","R","T","M","M","M","R","E"],"character_chosen":"WATCHER","items_purchased":[],"campfire_rested":0,"item_purchase_floors":[],"current_hp_per_floor":[65,65,70,70,68,68,75,75,75,69,69,57,57,0,0],"gold":184,"neow_bonus":"TRANSFORM_CARD","is_daily":false,"chose_seed":false,"campfire_upgraded":3,"win_rate":0.0,"timestamp":1614316785,"path_taken":["M","?","?","?","M","R","E","R","T","M","M","M","R","E"],"items_purchased_type":[],"build_version":"2020-12-22","purchased_purges":0,"victory":false,"max_hp_per_floor":[72,72,77,77,77,77,84,84,84,84,84,84,84,84,84],"card_choices":[{"not_picked":["Weave","FlyingSleeves","PathToVictory"],"picked":"SKIP","floor":1},{"not_picked":["Swivel","EmptyFist"],"picked":"Halt","floor":5},{"not_picked":["Worship","Wallop","CrushJoints"],"picked":"SKIP","floor":7},{"not_picked":["Tantrum","ThirdEye","WreathOfFlame"],"picked":"SKIP","floor":10},{"not_picked":["Tantrum","ThirdEye","WreathOfFlame"],"picked":"SKIP","floor":10},{"not_picked":["Tantrum","ThirdEye","WreathOfFlame"],"picked":"SKIP","floor":10},{"not_picked":["SashWhip","WheelKick","EmptyBody"],"picked":"SKIP","floor":11},{"not_picked":["Protect","JustLucky","FollowUp"],"picked":"SKIP","floor":12}],"player_experience":132337,"relics_obtained":[{"floor":7,"key":"Strawberry"},{"floor":9,"key":"Omamori"}],"event_choices":[{"cards_removed":["Strike_P"],"damage_healed":0,"gold_gain":0,"player_choice":"Card Removal","damage_taken":0,"max_hp_gain":0,"max_hp_loss":0,"event_name":"The Cleric","floor":2,"gold_loss":50},{"damage_healed":0,"gold_gain":0,"player_choice":"Donut","damage_taken":0,"max_hp_gain":5,"max_hp_loss":0,"event_name":"Big Fish","floor":3,"gold_loss":0}],"is_beta":false,"boss_relics":[],"items_purged_floors":[],"is_endless":false,"potions_floor_spawned":[1,12],"killed_by":"Gremlin Nob","ascension_level":10}}