{"host":"ue7jlgf7uv134an9","time":1614357435,"event":{"mods":["BaseMod","Better Third Choice","Colored Map","Defuse TimeMaze Blight","Minty Spire (QoL Compilation)","Quick Restart","Rare Cards Sparkle","Relic Stats","StSLib","UnlockEverythingMod"],"gold_per_floor":[114,127,147,161,172,202,202,213,213,243,254,254,11,111,111,213,213,231,247,258,338,12,12,22,22,99,38,38,57,57,57,57,154,154,173,198,6,26,26,26,37,37,37,54,71,104,116,151,151,151],"floor_reached":51,"language":"ENG","playtime":2191,"items_purged":["Strike_G","Defend_G"],"score":921,"play_id":"1e6273a6-25c8-4d25-9bba-00c068f8ee28","local_time":"20210226113715","is_ascension_mode":false,"campfire_choices":[{"data":"Quick Slash","floor":12,"key":"SMITH"},{"data":"Footwork","floor":15,"key":"SMITH"},{"data":"Adrenaline","floor":23,"key":"SMITH"},{"data":"PiercingWail","floor":25,"key":"SMITH"},{"data":"Burst","floor":30,"key":"SMITH"},{"floor":32,"key":"REST"},{"data":"Doppelganger","floor":40,"key":"SMITH"},{"floor":49,"key":"REST"}],"circlet_count":0,"master_deck":["Strike_G","Strike_G","Strike_G","Strike_G","Defend_G","Defend_G","Defend_G","Defend_G","Survivor","Neutralize","Blade Dance","Dash","PiercingWail+1","Deflect","Slice","Apotheosis+1","Backflip","Escape Plan","Quick Slash+1","Footwork+1","Cloak And Dagger","Finisher","Adrenaline+1","Blade Dance","Cloak And Dagger","Blur","Panache+1","Backstab","Dagger Spray","Burst+1","Cloak And Dagger+1","Doppelganger+1","Backflip+1","After Image+1","Accuracy+1","Leg Sweep","Adrenaline+1","PiercingWail+1","Well Laid Plans+1","Sucker Punch+1"],"relics":["Ring of the Snake","Tiny Chest","Snake Skull","The Courier","Membership Card","Philosopher\u0027s Stone","Frozen Egg 2","Ornamental Fan","White Beast Statue","SlaversCollar","Pen Nib","Kunai","Turnip","Orichalcum","Pantograph"],"acts_visited":["Exordium","TheCity","TheBeyond"],"potions_floor_usage":[6,10,19,33,33,41,41,45,47,50,50,50],"damage_taken":[{"damage":0,"enemies":"Small Slimes","floor":1,"turns":5},{"damage":0,"enemies":"Cultist","floor":2,"turns":3},{"damage":0,"enemies":"Jaw Worm","floor":3,"turns":3},{"damage":0,"enemies":"Looter","floor":4,"turns":4},{"damage":2,"enemies":"Large Slime","floor":5,"turns":6},{"damage":12,"enemies":"Lagavulin","floor":6,"turns":6},{"damage":0,"enemies":"Blue Slaver","floor":8,"turns":4},{"damage":1,"enemies":"3 Sentries","floor":10,"turns":6},{"damage":0,"enemies":"3 Louse","floor":11,"turns":4},{"damage":0,"enemies":"The Guardian","floor":16,"turns":10},{"damage":0,"enemies":"Spheric Guardian","floor":18,"turns":1},{"damage":0,"enemies":"3 Byrds","floor":19,"turns":4},{"damage":0,"enemies":"3 Cultists","floor":20,"turns":4},{"damage":0,"enemies":"Shelled Parasite and Fungi","floor":24,"turns":1},{"damage":0,"enemies":"Snecko","floor":29,"turns":4},{"damage":0,"enemies":"Collector","floor":33,"turns":9},{"damage":0,"enemies":"Orb Walker","floor":35,"turns":2},{"damage":0,"enemies":"3 Darklings","floor":38,"turns":3},{"damage":0,"enemies":"Maw","floor":41,"turns":5},{"damage":0,"enemies":"Transient","floor":44,"turns":5},{"damage":14,"enemies":"Jaw Worm Horde","floor":45,"turns":3},{"damage":0,"enemies":"Reptomancer","floor":46,"turns":6},{"damage":1,"enemies":"Spire Growth","floor":47,"turns":5},{"damage":0,"enemies":"Giant Head","floor":48,"turns":6},{"damage":2,"enemies":"Time Eater","floor":50,"turns":12}],"seed_played":"4721450336234007964","potions_obtained":[{"floor":2,"key":"Dexterity Potion"},{"floor":3,"key":"AttackPotion"},{"floor":4,"key":"Energy Potion"},{"floor":6,"key":"GamblersBrew"},{"floor":29,"key":"Fire Potion"},{"floor":33,"key":"Energy Potion"},{"floor":35,"key":"Weak Potion"},{"floor":38,"key":"GamblersBrew"},{"floor":41,"key":"Fruit Juice"},{"floor":44,"key":"PowerPotion"},{"floor":45,"key":"Fire Potion"},{"floor":46,"key":"Ancient Potion"},{"floor":47,"key":"FearPotion"}],"is_trial":false,"path_per_floor":["M","M","M","M","M","E","?","M","T","E","M","R","$","?","R","B",null,"M","M","M","T","$","R","M","R","T","$","?","M","R","?","R","B",null,"M","T","$","M","?","R","M","?","T","M","M","E","M","E","R","B",null],"character_chosen":"THE_SILENT","items_purchased":["Membership Card","Footwork","Cloak And Dagger","Finisher","Ornamental Fan","Blur","Panache+1","Backstab","Predator","Dagger Spray","Burst","Kunai","After Image+1","Accuracy+1"],"campfire_rested":2,"item_purchase_floors":[13,13,13,13,22,22,22,22,22,22,27,37,37,37],"current_hp_per_floor":[70,70,70,70,68,56,56,56,56,55,55,55,55,55,55,55,70,70,70,70,70,70,70,70,70,70,70,70,70,70,57,75,75,75,75,75,75,75,75,75,80,80,80,80,66,66,65,65,80,78],"gold":151,"neow_bonus":"RANDOM_COMMON_RELIC","is_daily":false,"chose_seed":false,"campfire_upgraded":6,"win_rate":0.0,"timestamp":1614357435,"path_taken":["M","M","M","M","M","E","?","M","T","E","M","R","$","?","R","BOSS","M","M","?","?","$","R","M","R","T","?","?","M","R","?","R","BOSS","M","?","$","M","?","R","M","?","T","M","M","E","M","E","R","BOSS"],"items_purchased_type":["Relic","Card","Card","Card","Relic","Card","Card","Card","Card","Card","Card","Relic","Card","Card"],"build_version":"2020-12-22","purchased_purges":2,"victory":true,"max_hp_per_floor":[70,70,70,70,70,70,70,70,70,70,70,70,70,70,70,70,70,70,70,70,70,70,70,70,70,70,70,70,70,70,75,75,75,75,75,75,75,75,75,75,80,80,80,80,80,80,80,80,80,80],"relic_stats":{"counters":[25,121],"Ornamental Fan":[292],"Pantograph":0,"Tiny Chest":2,"Snake Skull":[0],"Pen Nib":[19],"Turnip":[0],"Kunai":[51],"Orichalcum":[0],"obtain_stats":[{"Snake Skull":9,"The Courier":10,"Pen Nib":36,"Frozen Egg 2":21,"Orichalcum":46,"White Beast Statue":26,"SlaversCollar":34,"Dream Catcher":6,"Ornamental Fan":22,"Pantograph":48,"Tiny Chest":0,"Philosopher\u0027s Stone":17,"Turnip":43,"Membership Card":13,"Kunai":37,"Ring of the Snake":0},{"Snake Skull":7,"The Courier":8,"Pen Nib":17,"Frozen Egg 2":13,"Orichalcum":22,"White Beast Statue":14,"SlaversCollar":16,"Dream Catcher":6,"Ornamental Fan":13,"Pantograph":24,"Tiny Chest":0,"Philosopher\u0027s Stone":10,"Turnip":19,"Membership Card":9,"Kunai":17,"Ring of the Snake":0},{"Snake Skull":31,"The Courier":37,"Pen Nib":76,"Frozen Egg 2":60,"Orichalcum":98,"White Beast Statue":61,"SlaversCollar":74,"Dream Catcher":27,"Ornamental Fan":60,"Pantograph":109,"Tiny Chest":0,"Philosopher\u0027s Stone":51,"Turnip":84,"Membership Card":41,"Kunai":76,"Ring of the Snake":0}],"Ring of the Snake":[50]},"card_choices":[{"not_picked":["Dagger Throw","Terror"],"picked":"Blade Dance","floor":1},{"not_picked":["Calculated Gamble","Caltrops"],"picked":"Dash","floor":2},{"not_picked":["Calculated Gamble","Quick Slash","Crippling Poison"],"picked":"SKIP","floor":3},{"not_picked":["Acrobatics","Blade Dance"],"picked":"PiercingWail","floor":4},{"not_picked":["Underhanded Strike","Outmaneuver"],"picked":"Deflect","floor":5},{"not_picked":["Bullet Time","Prepared"],"picked":"Slice","floor":6},{"not_picked":["Reflex","Prepared"],"picked":"Backflip","floor":8},{"not_picked":["Skewer","Slice"],"picked":"Escape Plan","floor":10},{"not_picked":["Prepared","Dagger Throw"],"picked":"Quick Slash","floor":11},{"not_picked":["Night Terror","Storm of Steel"],"picked":"Adrenaline","floor":16},{"not_picked":["Cloak And Dagger","Underhanded Strike"],"picked":"Blade Dance","floor":18},{"not_picked":["Bane+1","Deflect+1","Bouncing Flask"],"picked":"SKIP","floor":19},{"not_picked":["Poisoned Stab+1","Slice"],"picked":"Cloak And Dagger","floor":20},{"not_picked":["Reflex+1","Riddle With Holes","Distraction+1"],"picked":"SKIP","floor":24},{"not_picked":["Dagger Spray+1","Sucker Punch+1"],"picked":"Cloak And Dagger+1","floor":29},{"not_picked":["Unload","Burst"],"picked":"Doppelganger","floor":33},{"not_picked":["Poisoned Stab+1","Cloak And Dagger"],"picked":"Backflip+1","floor":35},{"not_picked":["Deflect+1","Masterful Stab+1","Infinite Blades+1"],"picked":"SKIP","floor":38},{"not_picked":["Cloak And Dagger","Bane"],"picked":"Leg Sweep","floor":41},{"not_picked":["Quick Slash","Dash"],"picked":"PiercingWail+1","floor":44},{"not_picked":["Underhanded Strike","Bane","Reflex+1"],"picked":"SKIP","floor":45},{"not_picked":["Blade Dance+1","Tools of the Trade+1"],"picked":"Well Laid Plans+1","floor":46},{"not_picked":["Endless Agony","Underhanded Strike+1"],"picked":"Sucker Punch+1","floor":47},{"not_picked":["Dagger Throw+1","Endless Agony","Deadly Poison"],"picked":"SKIP","floor":48}],"player_experience":115472,"relics_obtained":[{"floor":6,"key":"Dream Catcher"},{"floor":9,"key":"Snake Skull"},{"floor":10,"key":"The Courier"},{"floor":21,"key":"Frozen Egg 2"},{"floor":26,"key":"White Beast Statue"},{"floor":36,"key":"Pen Nib"},{"floor":43,"key":"Turnip"},{"floor":46,"key":"Orichalcum"},{"floor":48,"key":"Pantograph"}],"event_choices":[{"damage_healed":56,"gold_gain":0,"player_choice":"Protect","damage_taken":0,"max_hp_gain":0,"max_hp_loss":70,"event_name":"betterThird:BetterShining","floor":7,"gold_loss":1},{"damage_healed":0,"gold_gain":100,"player_choice":"Pray","damage_taken":0,"max_hp_gain":0,"max_hp_loss":0,"event_name":"Golden Shrine","floor":14,"gold_loss":0},{"damage_healed":0,"gold_gain":0,"player_choice":"Ignored","damage_taken":0,"max_hp_gain":0,"max_hp_loss":0,"event_name":"Ghosts","floor":28,"gold_loss":0},{"damage_healed":0,"gold_gain":0,"player_choice":"Shed Blood","damage_taken":18,"max_hp_gain":5,"max_hp_loss":0,"event_name":"Forgotten Altar","floor":31,"gold_loss":0},{"cards_removed":["Predator"],"damage_healed":0,"gold_gain":0,"player_choice":"Removed Attack","damage_taken":0,"max_hp_gain":0,"max_hp_loss":0,"event_name":"Falling","floor":39,"gold_loss":0},{"damage_healed":0,"gold_gain":0,"player_choice":"Copied","damage_taken":0,"max_hp_gain":0,"max_hp_loss":0,"event_name":"Duplicator","floor":42,"gold_loss":0,"cards_obtained":["Adrenaline"]}],"is_beta":false,"boss_relics":[{"not_picked":["Ectoplasm","Cursed Key"],"picked":"Philosopher\u0027s Stone"},{"not_picked":["SacredBark","Snecko Eye"],"picked":"SlaversCollar"}],"items_purged_floors":[13,22],"is_endless":false,"potions_floor_spawned":[2,3,4,5,6,29,33,35,38,41,44,45,46,47,48],"ascension_level":0}}