{"host":"j0lq4v91luowxwha","time":1614351386,"event":{"mods":["BaseMod","Colored Powertips","Downfall","Hermit","Minty Spire (QoL Compilation)","Quick Restart","Replay The Spire","StSLib","SuperFastMode","The Cursed"],"gold_per_floor":[99,118,132,150,167,167,190,225,225,239,239,259,259,259,273,273,273,273],"floor_reached":16,"language":"ENG","playtime":570,"items_purged":[],"score":104,"play_id":"7495ffbe-7189-4528-b6e2-69ade9aa3c14","local_time":"20210226095626","is_ascension_mode":false,"campfire_choices":[{"data":"bronze:BuggyMess","floor":1,"key":"SMITH"},{"floor":6,"key":"REST"},{"floor":13,"key":"REST"}],"circlet_count":0,"master_deck":["bronze:Strike","bronze:Strike","bronze:Strike","bronze:Strike","bronze:Defend","bronze:Defend","bronze:Defend","bronze:Defend","bronze:Replicate","bronze:Goto","bronze:BuggyMess+1","bronze:BitShift","bronze:Repulsor","bronze:OilSpill","bronze:ItsAFeature","Voices","bronze:Shield"],"relics":["bronze:BronzeCore","Bronze Scales","Art of War","Ring of Hypnosis","Ring of Fangs","White Beast Statue"],"acts_visited":["Exordium"],"potions_floor_usage":[16,16],"damage_taken":[{"damage":4,"enemies":"Small Slimes","floor":2,"turns":3},{"damage":0,"enemies":"Cultist","floor":3,"turns":3},{"damage":3,"enemies":"2 Louse","floor":4,"turns":4},{"damage":16,"enemies":"Blue Slaver","floor":5,"turns":6},{"damage":26,"enemies":"Lagavulin","floor":8,"turns":5},{"damage":10,"enemies":"Exordium Thugs","floor":10,"turns":4},{"damage":14,"enemies":"downfall:LooterAlt","floor":12,"turns":4},{"damage":12,"enemies":"Exordium Wildlife","floor":15,"turns":5},{"damage":32,"enemies":"IC_STATUS_ARCHETYPE","floor":16,"turns":8}],"seed_played":"2846524419260585208","potions_obtained":[{"floor":3,"key":"Energy Potion"},{"floor":4,"key":"ColorlessPotion"},{"floor":5,"key":"Dexterity Potion"},{"floor":9,"key":"bronze:BuildAFunctionPotion"},{"floor":9,"key":"BlessingOfTheForge"},{"floor":9,"key":"Guardian:BlockOnCardUsePotion"}],"is_trial":false,"path_per_floor":["R","M","M","M","M","R","T","E","?","M","?","M","R","T","M","B"],"character_chosen":"THE_AUTOMATON","items_purchased":[],"campfire_rested":2,"item_purchase_floors":[],"current_hp_per_floor":[70,66,66,63,47,68,68,42,42,32,32,18,39,39,27,0,0,0],"gold":273,"neow_bonus":"THREE_CARDS","is_daily":false,"chose_seed":false,"campfire_upgraded":1,"win_rate":0.0,"timestamp":1614351386,"path_taken":["R","M","M","M","M","R","T","E","?","?","?","M","R","?","M","BOSS"],"items_purchased_type":[],"build_version":"2020-12-22","purchased_purges":0,"victory":false,"max_hp_per_floor":[70,70,70,70,70,70,70,70,70,70,70,70,70,70,70,70,70,70],"card_choices":[{"not_picked":["bronze:Branch","bronze:DelayedSlice"],"picked":"bronze:BuggyMess","floor":0},{"not_picked":["bronze:WhirlingStrike","bronze:DelayedSlice","bronze:Safeguard"],"picked":"SKIP","floor":2},{"not_picked":["bronze:DelayedGuard","bronze:WildBeam"],"picked":"bronze:BitShift","floor":3},{"not_picked":["bronze:MaxOutput","bronze:Fortify"],"picked":"bronze:Repulsor","floor":4},{"not_picked":["bronze:Invalidate","bronze:Optimize"],"picked":"bronze:OilSpill","floor":5},{"not_picked":["bronze:Shell","bronze:Frontload","bronze:ThunderWave"],"picked":"SKIP","floor":8},{"not_picked":["bronze:CloningBeam","bronze:Separator"],"picked":"bronze:ItsAFeature","floor":10},{"not_picked":["bronze:MaxOutput","bronze:Backtrace"],"picked":"bronze:Shield","floor":12},{"not_picked":["bronze:Separator","bronze:BronzeOrb","bronze:DigitalCarnage"],"picked":"SKIP","floor":15}],"player_experience":258668,"relics_obtained":[{"floor":7,"key":"Bronze Scales"},{"floor":8,"key":"Art of War"},{"floor":11,"key":"Ring of Hypnosis"},{"floor":11,"key":"Ring of Fangs"},{"floor":14,"key":"White Beast Statue"}],"event_choices":[{"damage_healed":0,"gold_gain":0,"player_choice":"Got Potions","damage_taken":0,"max_hp_gain":0,"max_hp_loss":0,"event_name":"Lab","floor":9,"gold_loss":0}],"is_beta":false,"boss_relics":[],"items_purged_floors":[],"is_endless":false,"potions_floor_spawned":[3,4,5,12,15],"killed_by":"IC_STATUS_ARCHETYPE","ascension_level":0}}