{"host":"zdx3mk58qfaqn5dx","time":1614313383,"event":{"mods":["BaseMod","Bestiary","Better Third Choice","Colored Map","Colored Powertips","Dark Map","Downfall","Hermit","Highlight Path","Minty Spire (QoL Compilation)","Quick Restart","Relic Stats","StSLib","SuperFastMode"],"gold_per_floor":[111,129,304,0,0,0,31,46,96,127,77,77,77,111,111,207,207,223,223,223,234,18,18,31,50,50,50,70,96,112,128,128,232,232,249,299,299,313,57,57,57,57],"floor_reached":41,"language":"ENG","playtime":1805,"items_purged":["Doubt","Strike_B"],"score":496,"play_id":"7613748f-6c9f-4696-8cad-8aff52cdbdbc","local_time":"20210226052303","is_ascension_mode":true,"campfire_choices":[{"data":"Static Discharge","floor":6,"key":"SMITH"},{"floor":12,"key":"REST"},{"floor":15,"key":"REST"},{"floor":23,"key":"REST"},{"floor":27,"key":"REST"},{"floor":32,"key":"REST"},{"floor":40,"key":"REST"}],"circlet_count":0,"master_deck":["Defend_B","Defend_B","Defend_B","Defend_B","Zap","Dualcast","Static Discharge+1","Go for the Eyes","Capacitor","Creative AI","Recycle","Amplify","Swift Strike","Conserve Battery","Storm","Apotheosis","Heatsinks","Genetic Algorithm","Self Repair","Echo Form","Stack+1","Go for the Eyes+1","Self Repair","Forethought","Defragment"],"relics":["Cracked Core","DataDisk","Bag of Preparation","Orichalcum","Happy Flower","Gambling Chip","betterThird:SlimedRelic","Omamori","Empty Cage","Letter Opener","WingedGreaves","Inserter","StoneCalendar"],"acts_visited":["Exordium","TheCity","TheBeyond"],"potions_floor_usage":[8,10,10,14,20,28,33,36,38,41],"damage_taken":[{"damage":0,"enemies":"2 Louse","floor":1,"turns":2},{"damage":8,"enemies":"Small Slimes","floor":2,"turns":3},{"damage":15,"enemies":"Lagavulin","floor":7,"turns":6},{"damage":1,"enemies":"Cultist","floor":8,"turns":3},{"damage":10,"enemies":"3 Sentries","floor":10,"turns":4},{"damage":20,"enemies":"Lagavulin","floor":14,"turns":7},{"damage":42,"enemies":"The Guardian","floor":16,"turns":9},{"damage":11,"enemies":"Spheric Guardian","floor":18,"turns":4},{"damage":0,"enemies":"Chosen","floor":20,"turns":1},{"damage":10,"enemies":"Snecko","floor":21,"turns":4},{"damage":6,"enemies":"Snake Plant","floor":24,"turns":2},{"damage":18,"enemies":"Cultist and Chosen","floor":25,"turns":3},{"damage":17,"enemies":"Snecko","floor":28,"turns":4},{"damage":34,"enemies":"Slavers","floor":29,"turns":3},{"damage":21,"enemies":"Centurion and Healer","floor":30,"turns":5},{"damage":19,"enemies":"3 Cultists","floor":31,"turns":4},{"damage":28,"enemies":"Collector","floor":33,"turns":6},{"damage":16,"enemies":"3 Shapes","floor":35,"turns":2},{"damage":20,"enemies":"Mind Bloom Boss Battle","floor":36,"turns":5},{"damage":48,"enemies":"3 Darklings","floor":38,"turns":5},{"damage":56,"enemies":"Reptomancer","floor":41,"turns":4}],"seed_played":"-5221745467771287008","potions_obtained":[{"floor":8,"key":"EntropicBrew"},{"floor":10,"key":"Regen Potion"},{"floor":14,"key":"SmokeBomb"},{"floor":24,"key":"PowerPotion"},{"floor":29,"key":"EntropicBrew"},{"floor":31,"key":"DistilledChaos"},{"floor":35,"key":"Dexterity Potion"},{"floor":37,"key":"PotionOfCapacity"},{"floor":38,"key":"SkillPotion"}],"is_trial":false,"path_per_floor":["M","M","?","$","?","R","E","M","T","E","?","R","?","E","R","B",null,"M","?","M","M","$","R","M","M","T","R","M","E","M","M","R","B",null,"M","?","?","M","$","R","E"],"character_chosen":"DEFECT","items_purchased":["DataDisk","Capacitor","Storm","Apotheosis","Forethought","Defragment"],"campfire_rested":6,"item_purchase_floors":[4,4,22,22,39,39],"current_hp_per_floor":[75,67,67,67,60,60,45,44,44,34,34,56,45,37,59,17,75,64,46,46,36,36,58,52,34,34,56,39,12,38,26,48,27,75,66,60,60,19,19,41,0,0],"gold":57,"neow_bonus":"THREE_CARDS","is_daily":false,"chose_seed":false,"campfire_upgraded":1,"win_rate":0.0,"timestamp":1614313383,"path_taken":["M","M","?","$","?","R","E","M","T","E","?","R","?","E","R","BOSS","M","?","M","M","$","R","M","M","T","R","M","E","M","M","R","BOSS","M","?","?","?","$","R","E"],"items_purchased_type":["Relic","Card","Card","Card","Card","Card"],"build_version":"2020-12-22","purchased_purges":2,"victory":false,"max_hp_per_floor":[75,75,75,75,75,75,75,75,75,75,75,75,75,75,75,75,75,75,75,75,75,75,75,75,75,75,75,75,75,75,75,75,75,75,75,75,75,75,75,75,75,75],"relic_stats":{"Inserter":[8],"Happy Flower":[24],"counters":[21,86],"Gambling Chip":[33],"StoneCalendar":[0],"Bag of Preparation":[38],"Letter Opener":[87],"Orichalcum":[174],"obtain_stats":[{"Inserter":34,"Happy Flower":9,"StoneCalendar":36,"Bag of Preparation":5,"Omamori":14,"Letter Opener":26,"Orichalcum":7,"Empty Cage":17,"DataDisk":4,"Gambling Chip":10,"betterThird:SlimedRelic":13,"WingedGreaves":29,"Cracked Core":0},{"Inserter":17,"Happy Flower":4,"StoneCalendar":19,"Bag of Preparation":2,"Omamori":6,"Letter Opener":12,"Orichalcum":3,"Empty Cage":7,"DataDisk":2,"Gambling Chip":5,"betterThird:SlimedRelic":5,"WingedGreaves":14,"Cracked Core":0},{"Inserter":70,"Happy Flower":14,"StoneCalendar":77,"Bag of Preparation":5,"Omamori":25,"Letter Opener":48,"Orichalcum":11,"Empty Cage":34,"DataDisk":5,"Gambling Chip":18,"betterThird:SlimedRelic":18,"WingedGreaves":55,"Cracked Core":0}]},"card_choices":[{"not_picked":["Melter","Conserve Battery"],"picked":"Static Discharge","floor":0},{"not_picked":["Beam Cell","Cold Snap"],"picked":"Go for the Eyes","floor":1},{"not_picked":["Sunder","Doom and Gloom","Streamline"],"picked":"SKIP","floor":2},{"not_picked":["Doom and Gloom","Cold Snap","Rebound"],"picked":"SKIP","floor":7},{"not_picked":["Stack","Hologram"],"picked":"Creative AI","floor":8},{"not_picked":["Sunder","Beam Cell","Streamline"],"picked":"SKIP","floor":10},{"not_picked":["Hologram","Chill"],"picked":"Recycle","floor":14},{"not_picked":["Rainbow","Multi-Cast"],"picked":"Amplify","floor":16},{"not_picked":["Gash","Redo","Ball Lightning+1"],"picked":"SKIP","floor":18},{"not_picked":["Sweeping Beam+1","Hologram"],"picked":"Conserve Battery","floor":21},{"not_picked":["Glacier","Cold Snap"],"picked":"Heatsinks","floor":24},{"not_picked":["Sweeping Beam+1","Steam"],"picked":"Genetic Algorithm","floor":25},{"not_picked":["Cold Snap+1","Steam"],"picked":"Self Repair","floor":28},{"not_picked":["Compile Driver","All For One","Redo+1"],"picked":"SKIP","floor":29},{"not_picked":["Doom and Gloom","Leap+1","Coolheaded+1"],"picked":"SKIP","floor":30},{"not_picked":["Rebound+1","Hello World","Cold Snap"],"picked":"SKIP","floor":31},{"not_picked":["Reboot","Core Surge"],"picked":"Echo Form","floor":33},{"not_picked":["Turbo","FTL+1"],"picked":"Stack+1","floor":35},{"not_picked":["Stack","Doom and Gloom+1"],"picked":"Go for the Eyes+1","floor":36},{"not_picked":["Chaos","Ball Lightning+1"],"picked":"Self Repair","floor":38}],"player_experience":221122,"relics_obtained":[{"floor":7,"key":"Orichalcum"},{"floor":9,"key":"Happy Flower"},{"floor":10,"key":"Gambling Chip"},{"floor":14,"key":"Omamori"},{"floor":26,"key":"Letter Opener"},{"floor":29,"key":"WingedGreaves"},{"floor":36,"key":"StoneCalendar"}],"event_choices":[{"damage_healed":0,"gold_gain":175,"player_choice":"AGREE","damage_taken":129,"max_hp_gain":0,"max_hp_loss":0,"event_name":"betterThird:BetterSerpent","floor":3,"gold_loss":0},{"damage_healed":0,"gold_gain":0,"player_choice":"Relic ","damage_taken":7,"max_hp_gain":0,"max_hp_loss":0,"event_name":"betterThird:BetterScrap","floor":5,"gold_loss":0,"cards_obtained":["CarveReality"]},{"cards_removed":["Strike_B"],"damage_healed":0,"gold_gain":0,"player_choice":"Card Removal","damage_taken":0,"max_hp_gain":0,"max_hp_loss":0,"event_name":"The Cleric","floor":11,"gold_loss":50},{"damage_healed":0,"gold_gain":0,"player_choice":"Slimed","damage_taken":11,"max_hp_gain":1,"max_hp_loss":0,"event_name":"betterThird:BetterGoop","floor":13,"gold_loss":0},{"damage_healed":0,"gold_gain":0,"player_choice":"POTION CARD ","damage_taken":18,"max_hp_gain":0,"max_hp_loss":0,"event_name":"Knowing Skull","floor":19,"potions_obtained":["PotionOfCapacity"],"gold_loss":0,"cards_obtained":["Swift Strike"]},{"damage_healed":0,"gold_gain":0,"player_choice":"POTION CARD ","damage_taken":18,"max_hp_gain":0,"max_hp_loss":0,"event_name":"Knowing Skull","floor":19,"potions_obtained":["PotionOfCapacity"],"gold_loss":0,"cards_obtained":["Swift Strike"]},{"damage_healed":0,"gold_gain":0,"player_choice":"Fight","damage_taken":0,"max_hp_gain":0,"max_hp_loss":0,"event_name":"MindBloom","floor":36,"gold_loss":0},{"damage_healed":0,"gold_gain":0,"player_choice":"Got Potions","damage_taken":0,"max_hp_gain":0,"max_hp_loss":0,"event_name":"Lab","floor":37,"gold_loss":0}],"is_beta":false,"boss_relics":[{"not_picked":["Busted Crown","Nuclear Battery"],"picked":"Empty Cage"},{"not_picked":["Fusion Hammer","SacredBark"],"picked":"Inserter"}],"items_purged_floors":[4,39],"is_endless":false,"potions_floor_spawned":[8,10,14,20,24,29,31,35,38],"killed_by":"Reptomancer","ascension_level":3}}