{"host":"miczq86z2i77lhk7","time":1614373363,"event":{"mods":["AchievementEnabler","BaseMod","Colored Map","Colored Powertips","Downfall","Highlight Path","Lobotomy","LobotomyExtend","Minty Spire (QoL Compilation)","Replay The Spire","StSLib"],"gold_per_floor":[114,39,58,58,73,73,73,73,73],"floor_reached":8,"language":"ENG","playtime":604,"items_purged":["Strike_R"],"score":46,"play_id":"7e5b882a-a2d3-4138-ba3b-c97eea62fa9c","local_time":"20210226220243","is_ascension_mode":false,"campfire_choices":[{"data":"Inflame","floor":6,"key":"SMITH"}],"circlet_count":0,"master_deck":["Strike_R","Strike_R","Strike_R","Strike_R","Defend_R","Defend_R","Defend_R","Defend_R","Bash","Bloodbath","Flex","DespairKnight","Inflame+1"],"relics":["Burning Blood","CogitoBucket","LetterFromLob"],"acts_visited":["Exordium"],"potions_floor_usage":[],"damage_taken":[{"damage":5,"enemies":"Cultist","floor":1,"turns":4},{"damage":5,"enemies":"Jaw Worm","floor":3,"turns":5},{"damage":10,"enemies":"Small Slimes","floor":5,"turns":4},{"damage":76,"enemies":"3 Sentries","floor":8,"turns":9}],"seed_played":"-5924287021129039396","potions_obtained":[{"floor":1,"key":"bronze:BurnAndBuffPotion"}],"is_trial":false,"path_per_floor":["M","$","M","$","M","R","?","E"],"character_chosen":"IRONCLAD","items_purchased":[],"campfire_rested":0,"item_purchase_floors":[],"current_hp_per_floor":[80,80,80,80,78,78,71,0,0],"gold":73,"neow_bonus":"","is_daily":false,"chose_seed":false,"campfire_upgraded":1,"win_rate":0.0,"timestamp":1614373363,"path_taken":["M","$","M","?","M","R","?","E"],"items_purchased_type":[],"build_version":"2020-12-22","purchased_purges":1,"victory":false,"max_hp_per_floor":[80,80,80,80,80,80,80,80,80],"card_choices":[{"not_picked":["OSAHOGD","MHz"],"picked":"Bloodbath","floor":1},{"not_picked":["True Grit","Ghostly Armor","Anger"],"picked":"SKIP","floor":1},{"not_picked":["Headbutt","ReplayTheSpireMod:Strike From Hell"],"picked":"Flex","floor":3},{"not_picked":["OSAHOGD","Scorched"],"picked":"DespairKnight","floor":3},{"not_picked":["SpiderBud","HeroicMonk"],"picked":"FairyFestival","floor":5},{"not_picked":["Battle Trance","Wild Strike"],"picked":"Inflame","floor":5}],"player_experience":108072,"relics_obtained":[{"floor":1,"key":"LetterFromLob"}],"event_choices":[{"cards_removed":["FairyFestival"],"damage_healed":0,"gold_gain":0,"player_choice":"Card Removal","damage_taken":7,"max_hp_gain":0,"max_hp_loss":0,"event_name":"Golden Wing","floor":7,"gold_loss":0}],"is_beta":false,"boss_relics":[],"items_purged_floors":[2],"is_endless":false,"potions_floor_spawned":[1],"killed_by":"3 Sentries","ascension_level":0}}