{"host":"bt4gm5zmu3buvt8g","time":1614325720,"event":{"mods":["Aspiration","Astrologer","BaseMod","Colored Map","Colored Powertips","Conspire","Downfall","GifTheSpireLib","Halation","Hermit","Hubris","Infinite Spire","Mimic Mod","Minty Spire (QoL Compilation)","Quick Restart","Replay The Spire","StSLib","Stuff the Spire","The Blackbeard","The Construct","The Cursed","The Disciple","The Gatherer","The Hierophant","The Jungle","The Marked","The Necromancer","The Runesmith","The Trickster","Unceasing Turn Reminder"],"gold_per_floor":[216,216,233,247,247,247,257,106,106,119,46,65,81,115,115,115,115],"floor_reached":16,"language":"ENG","playtime":1330,"items_purged":[],"score":104,"play_id":"a53d7864-ba1e-44ab-af27-cade37124618","local_time":"20210226174840","is_ascension_mode":false,"campfire_choices":[{"data":"theMarked:Heritage","floor":6,"key":"SMITH"},{"data":"theMarked:Heritage","floor":15,"key":"SMITH"}],"circlet_count":1,"master_deck":["theMarked:Strike","theMarked:Strike","theMarked:Strike","theMarked:Strike","theMarked:Strike","theMarked:Defend","theMarked:Defend","theMarked:Defend","theMarked:Defend","theMarked:SoldierOfQuellstein","theMarked:BanishingStrike","theMarked:Heritage+1","theMarked:Heritage+1"],"relics":["theMarked:ArtifactOfAir","Ring of Peace","ReplayTheSpireMod:Ring of Addiction","SacredBark","Circlet","halation:LettersToHer","hubris:MedicalManual"],"acts_visited":["Exordium"],"potions_floor_usage":[4,7,10,14,14,16],"damage_taken":[{"damage":0,"enemies":"2 Louse","floor":1,"turns":3},{"damage":0,"enemies":"Small Slimes","floor":3,"turns":3},{"damage":0,"enemies":"Jaw Worm","floor":4,"turns":4},{"damage":0,"enemies":"3 Louse","floor":7,"turns":5},{"damage":8,"enemies":"Gremlin Gang","floor":10,"turns":8},{"damage":0,"enemies":"2 Fungi Beasts","floor":12,"turns":4},{"damage":7,"enemies":"3 Louse","floor":13,"turns":5},{"damage":1,"enemies":"Gremlin Nob","floor":14,"turns":4},{"damage":72,"enemies":"The Guardian","floor":16,"turns":13}],"seed_played":"-8360784535471639640","potions_obtained":[{"floor":2,"key":"SpeedPotion"},{"floor":2,"key":"DuplicationPotion"},{"floor":2,"key":"DistilledChaos"},{"floor":12,"key":"SteroidPotion"},{"floor":14,"key":"Cursed Concoction"}],"is_trial":false,"path_per_floor":["M","?","M","M","?","R","M","$","T","M","$","M","M","E","R","B"],"character_chosen":"THE_DEFAULT","items_purchased":["halation:LettersToHer","LiquidBronze"],"campfire_rested":0,"item_purchase_floors":[8,11],"current_hp_per_floor":[72,72,72,72,72,72,72,72,72,64,64,64,57,56,56,0,0],"gold":115,"neow_bonus":"HUNDRED_GOLD","is_daily":false,"chose_seed":false,"campfire_upgraded":2,"win_rate":0.0,"timestamp":1614325720,"path_taken":["M","?","M","M","?","R","M","?","T","?","$","?","?","E","R","BOSS"],"items_purchased_type":["Relic","Potion"],"build_version":"2020-12-22","purchased_purges":0,"victory":false,"max_hp_per_floor":[72,72,72,72,72,72,72,72,72,72,72,72,72,70,70,70,70],"card_choices":[{"not_picked":["theMarked:Improvise","theMarked:ElectricStrings"],"picked":"theMarked:BanishingStrike","floor":1},{"not_picked":["theMarked:ChainLightning","theMarked:ResourceFulStrike","theMarked:HeightenedSenses"],"picked":"SKIP","floor":3},{"not_picked":["theMarked:Memento","theMarked:MagusForm"],"picked":"theMarked:Heritage","floor":4},{"not_picked":["theMarked:Friction","theMarked:Generate","theMarked:Overthink"],"picked":"SKIP","floor":7},{"not_picked":["theMarked:HeightenedSenses","theMarked:RepellingDischarge","theMarked:Opportunist"],"picked":"SKIP","floor":10},{"not_picked":["theMarked:EmpowerWeapon","theMarked:TakeCover","theMarked:Polarize"],"picked":"SKIP","floor":12},{"not_picked":["theMarked:EmpowerWeapon","theMarked:Polarize"],"picked":"theMarked:Heritage","floor":13},{"not_picked":["theMarked:Friction","theMarked:WastefulAttack","theMarked:ChainLightning"],"picked":"SKIP","floor":14}],"player_experience":362391,"relics_obtained":[{"floor":2,"key":"Ring of Peace"},{"floor":2,"key":"ReplayTheSpireMod:Ring of Addiction"},{"floor":2,"key":"SacredBark"},{"floor":2,"key":"Circlet"},{"floor":9,"key":"halation:LettersToHer"},{"floor":14,"key":"hubris:MedicalManual"}],"event_choices":[{"damage_healed":0,"gold_gain":0,"player_choice":"Leave","damage_taken":0,"max_hp_gain":0,"max_hp_loss":0,"event_name":"The Cleric","floor":5,"gold_loss":0}],"is_beta":false,"boss_relics":[],"items_purged_floors":[],"is_endless":false,"potions_floor_spawned":[12,14],"killed_by":"The Guardian","ascension_level":0}}