{"host":"3kvzrqphghcx5kvo","time":1614311477,"event":{"mods":["AchievementEnabler","BaseMod","Colored Map","Colored Powertips","Downfall","GifTheSpireLib","Minty Spire (QoL Compilation)","Quick Restart","Rare Cards Sparkle","Relic Stats","StSLib","Unceasing Turn Reminder","everything is the same but u backflip on backflip"],"gold_per_floor":[118,118,28,44,194,194,119,119,167,183,183,183,210,135,135,135,135],"floor_reached":16,"language":"ENG","playtime":904,"items_purged":["Doubt"],"score":217,"play_id":"b0950c61-79ee-42b5-ac7a-32375d9aff4c","local_time":"20210225195117","is_ascension_mode":true,"campfire_choices":[{"data":"Bash","floor":6.0,"key":"SMITH"},{"data":"Battle Trance","floor":8.0,"key":"SMITH"},{"data":"Pummel","floor":12.0,"key":"SMITH"},{"floor":15.0,"key":"REST"}],"circlet_count":0,"master_deck":["AscendersBane","Strike_R","Strike_R","Strike_R","Strike_R","Defend_R","Defend_R","Defend_R","Defend_R","Bash+1","Battle Trance+1","Pummel+1","Battle Trance"],"relics":["Burning Blood","Juzu Bracelet","Pear"],"acts_visited":["Exordium"],"potions_floor_usage":[16,16,16],"damage_taken":[{"damage":9.0,"enemies":"Small Slimes","floor":1.0,"turns":4.0},{"damage":2.0,"enemies":"Jaw Worm","floor":4.0,"turns":5.0},{"damage":1.0,"enemies":"Cultist","floor":10.0,"turns":3.0},{"damage":55.0,"enemies":"Lagavulin","floor":13.0,"turns":7.0},{"damage":106,"enemies":"Slime Boss","floor":16,"turns":10}],"seed_played":"8271048962120961370","potions_obtained":[{"floor":4.0,"key":"ElixirPotion"},{"floor":10.0,"key":"EntropicBrew"}],"is_trial":false,"path_per_floor":["M","?","$","M","?","R","$","R","T","M","$","R","E","?","R","B"],"character_chosen":"IRONCLAD","items_purchased":["Battle Trance"],"campfire_rested":1,"item_purchase_floors":[3],"current_hp_per_floor":[79,79,79,83,83,83,83,83,83,88,88,88,49,49,78,0,0],"gold":135,"neow_bonus":"TWENTY_PERCENT_HP_BONUS","is_daily":false,"chose_seed":false,"campfire_upgraded":3,"win_rate":0.0,"timestamp":1614311477,"path_taken":["M","?","$","M","?","R","$","R","T","M","$","R","E","?","R","BOSS"],"items_purchased_type":["Card"],"build_version":"2020-12-22","purchased_purges":1,"victory":false,"max_hp_per_floor":[89,89,89,89,89,89,89,89,89,89,89,89,99,99,99,99,99],"relic_stats":{"counters":[5,29],"Juzu Bracelet":0,"obtain_stats":[{"Pear":13,"Juzu Bracelet":9,"Burning Blood":0},{"Pear":4,"Juzu Bracelet":2,"Burning Blood":0},{"Pear":19,"Juzu Bracelet":9,"Burning Blood":0}],"Burning Blood":24},"card_choices":[{"not_picked":["Twin Strike","Dark Embrace","Clash"],"picked":"SKIP","floor":1.0},{"not_picked":["Body Slam","Flex","Rupture"],"picked":"SKIP","floor":4.0},{"not_picked":["Headbutt","Dual Wield"],"picked":"Pummel","floor":10.0},{"not_picked":["Dark Embrace","Thunderclap"],"picked":"Battle Trance","floor":13.0}],"player_experience":1286396,"relics_obtained":[{"floor":9.0,"key":"Juzu Bracelet"},{"floor":13.0,"key":"Pear"}],"event_choices":[{"cards_removed":["Regret"],"damage_healed":0.0,"max_hp_gain":0.0,"max_hp_loss":0.0,"gold_gain":0.0,"event_name":"Living Wall","player_choice":"Forget","floor":2.0,"gold_loss":0.0,"damage_taken":0.0},{"damage_healed":0.0,"max_hp_gain":0.0,"max_hp_loss":0.0,"gold_gain":150.0,"event_name":"Liars Game","player_choice":"AGREE","floor":5.0,"gold_loss":0.0,"damage_taken":0.0,"cards_obtained":["Doubt"]},{"cards_removed":["Strike_R"],"damage_healed":0.0,"max_hp_gain":0.0,"max_hp_loss":0.0,"gold_gain":0.0,"event_name":"The Cleric","player_choice":"Card Removal","floor":14.0,"gold_loss":75.0,"damage_taken":0.0}],"is_beta":false,"boss_relics":[],"items_purged_floors":[7],"is_endless":false,"potions_floor_spawned":[4,10],"killed_by":"Slime Boss","ascension_level":20}}