{"host":"bzg9y3flbaqjj1j7","time":1614365483,"event":{"mods":["AchievementEnabler","Act Like it!","Aspiration","Aya Shameimaru","BaseMod","Challenge The Spire","Hubris","Library of Ruina","Lobotomy","LobotomyExtend","Marisa????????","Marked Mod","Minty Spire (QoL Compilation)","Permanent Neow","Poor People Problems","Quick Restart","Rare Cards Sparkle","Replay The Spire","Shop Mod","Spicy Shops","Spire Arcade","StSLib","The Animator","The Blue Laboratory"],"gold_per_floor":[110,185,205,225,243,243,393,412,412,412,423,456,456,5,5,107,107,117,91,91,105,105,105],"floor_reached":22,"language":"ENG","playtime":1441,"items_purged":[],"score":261,"play_id":"860139d3-576c-416d-9565-3c5030160a24","local_time":"20210226152123","is_ascension_mode":false,"campfire_choices":[{"floor":10.0,"key":"REST"},{"floor":13.0,"key":"RECALL"},{"data":"SunsetBlade","floor":15.0,"key":"SMITH"}],"circlet_count":0,"master_deck":["DegradedFairy","DegradedFairy","DegradedFairy","DegradedChain","DegradedChain","DegradedLock","DegradedPillar","DegradedPillar","DegradedShockwave","OSAHOGD","Brawl","DarkCloud","WallGazer","TendonChords","ClassAndRespect","FairyFestival","FleetFootsteps+1","MeatLantern","ExtremeEdge","CrackOfDawn","SunsetBlade+1","TheWillOfTheCity+1","Pride","Laetitia","RagingStormLove","Parry2+1","Funeral","SnakesPrey"],"relics":["PageOfLibrarian","CogitoBucket","LetterFromLob","Gaze_r","ShedSkin_r","AspirationHeart","MerchantsRug","War Paint","Chemical X","SlaversCollar"],"acts_visited":["Exordium","TheCity"],"potions_floor_usage":[21,22],"damage_taken":[{"damage":0.0,"enemies":"Cultist","floor":1.0,"turns":1.0},{"damage":0.0,"enemies":"2 Louse","floor":3.0,"turns":1.0},{"damage":0.0,"enemies":"Small Slimes","floor":4.0,"turns":1.0},{"damage":2.0,"enemies":"Exordium Thugs","floor":5.0,"turns":2.0},{"damage":0.0,"enemies":"3 Sentries","floor":6.0,"turns":2.0},{"damage":0.0,"enemies":"Blue Slaver","floor":8.0,"turns":2.0},{"damage":0.0,"enemies":"Red Slaver","floor":11.0,"turns":1.0},{"damage":0.0,"enemies":"3 Sentries","floor":12.0,"turns":4.0},{"damage":0.0,"enemies":"Slime Boss","floor":16.0,"turns":3.0},{"damage":2.0,"enemies":"Chosen","floor":18.0,"turns":3.0},{"damage":0,"enemies":"3 Byrds","floor":21,"turns":2},{"damage":50,"enemies":"Shelled Parasite and Fungi","floor":22,"turns":4}],"seed_played":"-6553771379634904815","potions_obtained":[{"floor":4.0,"key":"blueLaboratory:PhilterOfMotion"},{"floor":5.0,"key":"BlessingOfTheForge"},{"floor":11.0,"key":"PowerPotion"},{"floor":12.0,"key":"blueLaboratory:StoneskinPotion"},{"floor":16.0,"key":"Energy Potion"},{"floor":18.0,"key":"DistilledChaos"},{"floor":20.0,"key":"SteroidPotion"},{"floor":20.0,"key":"blueLaboratory:CorrosionFlask"}],"is_trial":false,"path_per_floor":["M","T","M","M","M","E","?","M","T","R","M","E","R","$","R","B",null,"M","$","?","M","M"],"character_chosen":"Librarian","items_purchased":["MerchantsRug","CrackOfDawn","SunsetBlade","TheWillOfTheCity","War Paint","Chemical X","Adrenaline Potion","Parry2+1"],"campfire_rested":1,"item_purchase_floors":[14,14,14,14,14,14,14,19],"current_hp_per_floor":[60,60,60,60,58,15,15,18,18,29,39,44,44,44,44,47,47,45,45,45,45,0,0],"gold":105,"neow_bonus":"","is_daily":false,"chose_seed":false,"campfire_upgraded":1,"win_rate":0.0,"timestamp":1614365483,"path_taken":["M","?","M","M","?","E","?","M","T","R","M","E","R","$","R","BOSS","M","$","?","M","?"],"items_purchased_type":["Relic","Card","Card","Card","Relic","Relic","Potion","Card"],"build_version":"2020-12-22","purchased_purges":0,"victory":false,"max_hp_per_floor":[90,90,90,90,90,37,37,37,37,37,47,47,47,47,47,47,47,47,47,47,47,47,47],"card_choices":[{"not_picked":["Bloodbath","PunishingBird"],"picked":"OSAHOGD","floor":1.0},{"not_picked":["Overcharge","StrikeDown","VenomousFangs","HandleRequest","QuickAttack","Gamble","SnakesPrey","GreatSerpentsImpact"],"picked":"Brawl","floor":1.0},{"not_picked":["Track","JiaoTu","HandleRequest","FleetFootsteps","GuardingStance","AbsorbImpact","Multislash","KeepItFresh"],"picked":"DarkCloud","floor":3.0},{"not_picked":["RedShoes","MeatLantern"],"picked":"WallGazer","floor":3.0},{"not_picked":["Eliminate","BiAn","Struggle","CoordinatedAssault","UpbeatPerformance","ShrineToMusic","BlazingStrike","Riposte"],"picked":"TendonChords","floor":4.0},{"not_picked":["Track","SnakesPrey","CircusKnives","SerpentSwordTechnique","SpearedSweep","TendonChords","SwordOfVolition","Outburst"],"picked":"ClassAndRespect","floor":5.0},{"not_picked":["Scarecrow","Bloodbath","Woodsman"],"picked":"Singing Bowl","floor":5.0},{"not_picked":["Bloodbath","LittleHelper"],"picked":"FairyFestival","floor":8.0},{"not_picked":["CoordinatedAssault","Struggle","Wallop_lor","MultiHit","Creak","OpportunitySpotted","DistortedBlade","ExtractFuel","Leap_lor"],"picked":"SKIP","floor":8.0},{"not_picked":["StrikeDown","MindPrepared","WillProduceFineSilk","SharpSwipe","ShrineToMusic","Unlock1","FieryDragonSlash","HighKick"],"picked":"FleetFootsteps","floor":11.0},{"not_picked":["BeautyBeast","Mercenary","ShyLook"],"picked":"Singing Bowl","floor":11.0},{"not_picked":["PunishingBird","UniverseFragment"],"picked":"MeatLantern","floor":12.0},{"not_picked":["RatsGuideToSurvival","Wallop_lor","Diversion","EnergyShield","ICanCookAnything","AbsorbImpact","SuppressingShot","Faith"],"picked":"ExtremeEdge","floor":12.0},{"not_picked":["ShyLook","WhitesApple"],"picked":"Laetitia","floor":16.0},{"not_picked":["Cruelty","FormingStorm"],"picked":"RagingStormLove","floor":16.0},{"not_picked":["Bloodbath","MHz","LittlePrince"],"picked":"Singing Bowl","floor":18.0},{"not_picked":["StartinOutLightly","BlindFaith","SmokingPipe","FervidEmotions+1","Parry+1","PreparedMind","StructuralAnalysis+1","MultiHit"],"picked":"Faith","floor":18.0},{"not_picked":["QueenBee","Scarecrow","OldLady"],"picked":"Singing Bowl","floor":21},{"not_picked":["Mercenary","Scorched"],"picked":"Funeral","floor":21},{"not_picked":["CookingPrep","EnergyConversion","CoordinatedAssault","SpearedSweep","CircusKnives","EnergyShield","TheWillOfTheCity","WillBeTasty"],"picked":"SnakesPrey","floor":21}],"player_experience":119832,"relics_obtained":[{"floor":1.0,"key":"LetterFromLob"},{"floor":9.0,"key":"hubris:Zylophone"},{"floor":12.0,"key":"Sundial"}],"event_choices":[{"damage_healed":0.0,"max_hp_gain":0.0,"max_hp_loss":0.0,"gold_gain":0.0,"event_name":"Lab","player_choice":"Got Potions","floor":20.0,"gold_loss":0.0,"damage_taken":0.0}],"is_beta":false,"boss_relics":[{"not_picked":["Kintsugi","Fusion Hammer"],"picked":"SlaversCollar"}],"items_purged_floors":[],"is_endless":false,"potions_floor_spawned":[4,5,11,12,16,18],"killed_by":"Shelled Parasite and Fungi","ascension_level":0}}