{"host":"7wi4qgm5yw4j7oz0","time":1614352457,"event":{"mods":["AchievementEnabler","BaseMod","Block Reminder","Colored Map","Colored Powertips","Highlight Path","Minty Spire (QoL Compilation)","Permanent Neow","Random Character Button","StSLib","SuperFastMode","everything is the same but u backflip on backflip"],"gold_per_floor":[112,125,135,146,160,160,191,191,243,243,243,243,272,284,284,284,284],"floor_reached":16,"language":"KOR","playtime":378,"items_purged":[],"score":213,"play_id":"2b1fe409-9804-4b1b-b88b-6a06e5b20fa9","local_time":"20210227001417","is_ascension_mode":true,"campfire_choices":[{"data":"Body Slam","floor":6.0,"key":"SMITH"},{"data":"Havoc","floor":10.0,"key":"SMITH"},{"floor":15.0,"key":"REST"}],"circlet_count":0,"master_deck":["AscendersBane","Strike_R","Strike_R","Strike_R","Strike_R","Defend_R","Defend_R","Defend_R","Defend_R","Bash","Ghostly Armor","Cleave","Perfected Strike","Havoc+1","Body Slam+1","Second Wind","Immolate","Power Through"],"relics":["Burning Blood","NeowsBlessing","Orichalcum","Regal Pillow","Singing Bowl"],"acts_visited":["Exordium"],"potions_floor_usage":[],"damage_taken":[{"damage":0.0,"enemies":"Jaw Worm","floor":1.0,"turns":1.0},{"damage":0.0,"enemies":"2 Louse","floor":2.0,"turns":1.0},{"damage":0.0,"enemies":"Small Slimes","floor":3.0,"turns":1.0},{"damage":12.0,"enemies":"2 Fungi Beasts","floor":4.0,"turns":3.0},{"damage":21.0,"enemies":"Large Slime","floor":5.0,"turns":6.0},{"damage":26.0,"enemies":"Gremlin Nob","floor":7.0,"turns":4.0},{"damage":34.0,"enemies":"Lagavulin","floor":13.0,"turns":6.0},{"damage":6.0,"enemies":"Looter","floor":14.0,"turns":3.0},{"damage":64,"enemies":"Slime Boss","floor":16,"turns":11}],"seed_played":"-7435608793169100739","potions_obtained":[{"floor":1.0,"key":"BloodPotion"},{"floor":4.0,"key":"LiquidMemories"},{"floor":5.0,"key":"GamblersBrew"}],"is_trial":false,"path_per_floor":["M","M","M","M","M","R","E","?","T","R","?","?","E","M","R","B"],"character_chosen":"IRONCLAD","items_purchased":[],"campfire_rested":1,"item_purchase_floors":[],"current_hp_per_floor":[74,75,75,69,54,54,34,59,59,59,59,52,24,24,61,0,0],"gold":284,"neow_bonus":"THREE_ENEMY_KILL","is_daily":false,"chose_seed":false,"campfire_upgraded":2,"win_rate":0.0,"timestamp":1614352457,"path_taken":["M","M","M","M","M","R","E","?","T","R","?","?","E","M","R","BOSS"],"items_purchased_type":[],"build_version":"2020-12-22","purchased_purges":0,"victory":false,"max_hp_per_floor":[75,75,75,75,75,75,75,75,75,75,75,75,75,75,75,75,75],"card_choices":[{"not_picked":["Entrench","Havoc"],"picked":"Ghostly Armor","floor":1.0},{"not_picked":["Rage","Shrug It Off"],"picked":"Cleave","floor":2.0},{"not_picked":["Headbutt","True Grit"],"picked":"Perfected Strike","floor":3.0},{"not_picked":["Thunderclap","Anger"],"picked":"Havoc","floor":4.0},{"not_picked":["Infernal Blade","Disarm"],"picked":"Body Slam","floor":5.0},{"not_picked":["Twin Strike","Headbutt"],"picked":"Second Wind","floor":7.0},{"not_picked":["Wild Strike","Perfected Strike"],"picked":"Immolate","floor":13.0},{"not_picked":["Havoc","Inflame"],"picked":"Power Through","floor":14.0}],"player_experience":382885,"relics_obtained":[{"floor":7.0,"key":"Orichalcum"},{"floor":9.0,"key":"Regal Pillow"},{"floor":13.0,"key":"Singing Bowl"}],"event_choices":[{"damage_healed":25.0,"max_hp_gain":0.0,"max_hp_loss":0.0,"gold_gain":0.0,"event_name":"Big Fish","player_choice":"Banana","floor":8.0,"gold_loss":0.0,"damage_taken":0.0},{"damage_healed":0.0,"max_hp_gain":0.0,"max_hp_loss":0.0,"gold_gain":0.0,"event_name":"Liars Game","player_choice":"Ignored","floor":11.0,"gold_loss":0.0,"damage_taken":0.0},{"cards_removed":["Strike_R"],"damage_healed":0.0,"max_hp_gain":0.0,"max_hp_loss":0.0,"gold_gain":0.0,"event_name":"Golden Wing","player_choice":"Card Removal","floor":12.0,"gold_loss":0.0,"damage_taken":7.0}],"is_beta":false,"boss_relics":[],"items_purged_floors":[],"is_endless":false,"potions_floor_spawned":[1,4,5],"killed_by":"Slime Boss","ascension_level":18}}