{"host":"j49z5jz0n7e8vjox","time":1614353313,"event":{"mods":["AchievementEnabler","BaseMod","Bestiary","Colored Map","Colored Powertips","DeckTracker","Minty Spire (QoL Compilation)","Permanent Neow","UnlockEverythingMod"],"gold_per_floor":[119,194,194,207,219,219,235,261,261,261,261,261],"floor_reached":11,"language":"ENG","playtime":2188,"items_purged":[],"score":146,"play_id":"47e6b35b-96a0-424e-b6ed-4cf591078d46","local_time":"20210226092833","is_ascension_mode":true,"campfire_choices":[{"data":"Deep Breath","floor":6,"key":"SMITH"},{"floor":10,"key":"REST"}],"circlet_count":0,"master_deck":["AscendersBane","Strike_B","Strike_B","Strike_B","Strike_B","Defend_B","Defend_B","Defend_B","Defend_B","Zap","Dualcast","Deep Breath+1","Cold Snap","Cold Snap","Leap","Undo","Steam"],"relics":["Cracked Core","Calipers","Torii"],"acts_visited":["Exordium"],"potions_floor_usage":[7],"damage_taken":[{"damage":2,"enemies":"2 Louse","floor":1,"turns":3},{"damage":2,"enemies":"Small Slimes","floor":4,"turns":4},{"damage":7,"enemies":"Jaw Worm","floor":5,"turns":3},{"damage":1,"enemies":"3 Louse","floor":7,"turns":4},{"damage":25,"enemies":"3 Sentries","floor":8,"turns":13},{"damage":79,"enemies":"Gremlin Nob","floor":11,"turns":6}],"seed_played":"-10938924156691101","potions_obtained":[{"floor":1,"key":"SkillPotion"}],"is_trial":false,"path_per_floor":["M","?","?","M","M","R","M","E","T","R","E"],"character_chosen":"DEFECT","items_purchased":[],"campfire_rested":1,"item_purchase_floors":[],"current_hp_per_floor":[62,51,56,54,47,47,46,21,21,43,0,0],"gold":261,"neow_bonus":"RANDOM_COLORLESS","is_daily":false,"chose_seed":false,"campfire_upgraded":1,"win_rate":0.0,"timestamp":1614353313,"path_taken":["M","?","?","M","M","R","M","E","T","R","E"],"items_purchased_type":[],"build_version":"2020-12-22","purchased_purges":0,"victory":false,"max_hp_per_floor":[71,71,76,76,76,76,76,76,76,76,76,76],"card_choices":[{"not_picked":["Madness","Trip"],"picked":"Deep Breath","floor":0},{"not_picked":["Turbo","Stack"],"picked":"Cold Snap","floor":1},{"not_picked":["Compile Driver","Gash"],"picked":"Cold Snap","floor":4},{"not_picked":["Chaos","Turbo"],"picked":"Leap","floor":5},{"not_picked":["Conserve Battery","Leap"],"picked":"Undo","floor":7},{"not_picked":["Rip and Tear","Double Energy"],"picked":"Steam","floor":8}],"player_experience":851451,"relics_obtained":[{"floor":8,"key":"Calipers"},{"floor":9,"key":"Torii"}],"event_choices":[{"damage_healed":0,"gold_gain":75,"player_choice":"Gather Gold","damage_taken":11,"max_hp_gain":0,"max_hp_loss":0,"event_name":"World of Goop","floor":2,"gold_loss":0},{"damage_healed":0,"gold_gain":0,"player_choice":"Donut","damage_taken":0,"max_hp_gain":5,"max_hp_loss":0,"event_name":"Big Fish","floor":3,"gold_loss":0}],"is_beta":false,"boss_relics":[],"items_purged_floors":[],"is_endless":false,"potions_floor_spawned":[1],"killed_by":"Gremlin Nob","ascension_level":20}}