{"host":"5181u4c3s15ljdxv","time":1614308168,"event":{"mods":["2.2 Compatiblity","AchievementEnabler","Act Like it!","Arknights","Aspiration","BaseMod","Beaked The Cultist","Best Route Mod","Better Altar","Better Match","Better Note","Better Sensory Stone","Better Skull","Better Third Choice","Better Vampires","BetterRewards","Block Reminder","Challenge The Spire","ChefMod","Clockwork Mod","Colored Map","Colored Powertips","Conspire","Curses Come First","Dark Map","Defuse TimeMaze Blight","Downfall","Energized Spire","Exacting","FoggyMod","GifTheSpireLib","GungeonMod","Halation","Hallownest","Hermit","Highlight Path","Hubris","Infinite Spire","JesterMod","Lobotomy","LobotomyExtend","Minty Spire (QoL Compilation)","Potionbrewer","Quick Restart","Relic Sorter","Relic Stats","Reliquary","Replay The Spire","Robot Space Explorer","Shop Mod","Spire Arcade","StSLib","Stuff the Spire","The Accelerator","The Bladedancer","The Blue Laboratory","The Bug Knight","The Construct","The Cursed","The Dragon Tamer","The Forsaken","The Judge","The Juggle","The Marked","The Mystic","The Problem Sleuth","The Sage","The Showman","The Trickster","TheBandit","TheSurvivalist","Thieving Mod","Transform Curses","Uncapped"],"gold_per_floor":[109,109,8,8,8,8,46,46,125,125,92,92,92,92,92,216,216,241,291,391,224,224,224,262,262,308,308,349,349,349,349,349,480,480,527,613,678,458,499,499,550,550,550,621,621,702,702,702,702],"floor_reached":48,"language":"ENG","playtime":3623,"items_purged":[],"score":821,"play_id":"62bed6de-844a-45c7-959c-c03521ff0379","local_time":"20210225215608","is_ascension_mode":true,"campfire_choices":[{"data":"beaked:Evade","floor":6.0,"key":"SMITH"},{"data":"beaked:Ceremony","floor":8.0,"key":"SMITH"},{"data":"beaked:Ceremony","floor":10.0,"key":"SMITH"},{"data":"beaked:Ceremony","floor":13.0,"key":"SMITH"},{"data":"beaked:Windmill","floor":15.0,"key":"SMITH"},{"data":"beaked:ScreechingChant","floor":23.0,"key":"SMITH"},{"data":"beaked:Overexert","floor":29.0,"key":"SMITH"},{"data":"infinitespire:FutureSight","floor":32.0,"key":"SMITH"},{"data":"beaked:MimicMachine","floor":40.0,"key":"SMITH"},{"data":"beaked:Caw","floor":45.0,"key":"SMITH"}],"circlet_count":0,"master_deck":["beaked:Strike_Y","beaked:Strike_Y","beaked:Strike_Y","beaked:Strike_Y","beaked:Strike_Y","beaked:Strike_Y","beaked:Defend_Y","beaked:Defend_Y","beaked:Defend_Y","beaked:Defend_Y","beaked:Ceremony+1","beaked:Ceremony+1","beaked:Ceremony+1","Wellcheers","beaked:Evade+1","beaked:DesperateSwing","Bloodbath","beaked:Windmill+1","beaked:Windmill","beaked:Tradeoff","ShyLook","beaked:ScreechingChant+1","beaked:Negation+1","OSAHOGD","beaked:Overexert+1","ReplayTheSpireMod:Private Reserves","MHz","beaked:Evade","infinitespire:FutureSight+1","beaked:Caw+1","beaked:Brace+1","beaked:MimicMachine+1","beaked:WarriorEssence","beaked:Windmill+1","beaked:WarriorEssence+1"],"relics":["beaked:BlessedCoat","hubris:Icosahedron","aspiration:Headhunter","CogitoBucket","LetterFromLob","Golden Idol","DemoMod:SerJunkan","DemoMod:GundromedaStrain","DemoMod:Junk","conspire:TreasureMap","potionbrewer:DrinkingBird","jesterMod:MirrorMask","bronze:MakeshiftBattery","infinitespire:EvilPickle","Toy Ornithopter"],"acts_visited":["Exordium","TheCity","TheBeyond"],"potions_floor_usage":[48,48,48,48,48],"damage_taken":[{"damage":8.0,"enemies":"Jaw Worm","floor":1.0,"turns":4.0},{"damage":17.0,"enemies":"Lagavulin","floor":7.0,"turns":6.0},{"damage":21.0,"enemies":"Slime Boss","floor":16.0,"turns":9.0},{"damage":27.0,"enemies":"conspire:FuzzyDice","floor":18.0,"turns":6.0},{"damage":56.0,"enemies":"Nightmare","floor":24.0,"turns":7.0},{"damage":9.0,"enemies":"conspire:Head Lice","floor":28.0,"turns":5.0},{"damage":24.0,"enemies":"Pondfish","floor":33.0,"turns":6.0},{"damage":0.0,"enemies":"Orb Walker","floor":35.0,"turns":1.0},{"damage":1.0,"enemies":"3 Darklings","floor":37.0,"turns":2.0},{"damage":4.0,"enemies":"conspire:MimicChest","floor":39.0,"turns":3.0},{"damage":10.0,"enemies":"Sphere and 2 Shapes","floor":41.0,"turns":1.0},{"damage":0.0,"enemies":"Nightmare","floor":44.0,"turns":3.0},{"damage":18.0,"enemies":"Reptomancer","floor":46.0,"turns":2.0},{"damage":31,"enemies":"Nemesis","floor":48,"turns":2}],"seed_played":"-1382047378714426096","potions_obtained":[{"floor":7.0,"key":"Fire Potion"},{"floor":33.0,"key":"Block Potion"},{"floor":36.0,"key":"EssenceOfSteel"},{"floor":36.0,"key":"Adrenaline Potion"},{"floor":37.0,"key":"potionbrewer:NoxiousPotion"},{"floor":39.0,"key":"PowerPotion"}],"is_trial":false,"path_per_floor":["M","?","$","M","?","R","E","R","T","R","$","?","R","M","R","B",null,"M","M","M","$","T","R","NM","M","T","?","E","R","AVR","?","R","B",null,"M","?","M","$","?","R","M","AVR","T","NM","R","E","?","E"],"character_chosen":"BEAKED_THE_CULTIST","items_purchased":["Energy Potion","DemoMod:LeadSkinPotion","beaked:Windmill","beaked:Overexert","ReplayTheSpireMod:Private Reserves","Toy Ornithopter","EssenceOfSteel"],"campfire_rested":0,"item_purchase_floors":[3,3,11,21,21,38,38],"current_hp_per_floor":[50,38,38,38,38,38,37,37,37,37,37,37,37,37,37,50,50,35,35,35,35,35,35,25,25,25,25,46,46,46,46,46,50,50,50,50,50,50,50,50,44,44,44,50,50,41,20,0,0],"gold":702,"neow_bonus":"","is_daily":false,"chose_seed":false,"campfire_upgraded":10,"win_rate":0.0,"timestamp":1614308168,"path_taken":["M","?","$","?","?","R","E","R","T","R","$","?","R","?","R","BOSS","M","?","?","$","?","R","NM","?","T","?","E","R","AVR","?","R","BOSS","M","?","?","$","?","R","?","AVR","T","NM","R","E","?","E"],"items_purchased_type":["Potion","Potion","Card","Card","Card","Relic","Potion"],"build_version":"2020-12-22","purchased_purges":0,"victory":false,"max_hp_per_floor":[50,50,50,50,50,50,50,50,50,50,50,50,50,50,50,50,50,50,50,50,50,50,50,50,50,50,50,50,50,50,50,50,50,50,50,50,50,50,50,50,50,50,50,50,50,50,20,20,20],"relic_stats":{"counters":[15,58],"Golden Idol":132,"obtain_stats":[{"DemoMod:Junk":7,"conspire:TreasureMap":11,"Golden Idol":2,"DemoMod:GlassGuonStoneRelic":7,"beaked:BlessedCoat":17,"jesterMod:MirrorMask":21,"infinitespire:EvilPickle":34,"CogitoBucket":0,"hubris:Icosahedron":5,"DemoMod:GundromedaStrain":4,"DemoMod:SerJunkan":3,"LetterFromLob":1,"potionbrewer:DrinkingBird":21,"beaked:MendingPlumage":0,"aspiration:Headhunter":30,"bronze:MakeshiftBattery":34,"Toy Ornithopter":38},{"DemoMod:Junk":2,"conspire:TreasureMap":2,"Golden Idol":1,"DemoMod:GlassGuonStoneRelic":2,"beaked:BlessedCoat":3,"jesterMod:MirrorMask":4,"infinitespire:EvilPickle":7,"CogitoBucket":0,"hubris:Icosahedron":1,"DemoMod:GundromedaStrain":1,"DemoMod:SerJunkan":1,"LetterFromLob":1,"potionbrewer:DrinkingBird":4,"beaked:MendingPlumage":0,"aspiration:Headhunter":6,"bronze:MakeshiftBattery":7,"Toy Ornithopter":10},{"DemoMod:Junk":10,"conspire:TreasureMap":10,"Golden Idol":4,"DemoMod:GlassGuonStoneRelic":10,"beaked:BlessedCoat":19,"jesterMod:MirrorMask":25,"infinitespire:EvilPickle":43,"CogitoBucket":0,"hubris:Icosahedron":4,"DemoMod:GundromedaStrain":4,"DemoMod:SerJunkan":4,"LetterFromLob":4,"potionbrewer:DrinkingBird":25,"beaked:MendingPlumage":0,"aspiration:Headhunter":37,"bronze:MakeshiftBattery":43,"Toy Ornithopter":47}],"Toy Ornithopter":0},"card_choices":[{"not_picked":["Funeral","BeautyBeast"],"picked":"Wellcheers","floor":1.0},{"not_picked":["beaked:TuckingFeathers","beaked:DigDeep"],"picked":"beaked:Evade","floor":1.0},{"not_picked":["beaked:Pecker","beaked:TuckingFeathers"],"picked":"beaked:DesperateSwing","floor":7.0},{"not_picked":["Murderer","BeautyBeast"],"picked":"Bloodbath","floor":7.0},{"not_picked":["SnowQueen","BlueStar","VoidDream"],"picked":"Singing Bowl","floor":16.0},{"not_picked":["CherryBlossoms","MeatLantern"],"picked":"ShyLook","floor":16.0},{"not_picked":["beaked:DarkTribute","beaked:Sacrifice"],"picked":"beaked:ScreechingChant","floor":16.0},{"not_picked":["beaked:Tradeoff","beaked:TuckingFeathers"],"picked":"beaked:Negation","floor":18.0},{"not_picked":["CrumblingArmor","CherryBlossoms","UniverseFragment"],"picked":"Singing Bowl","floor":18.0},{"not_picked":["LaLuna","BeautyBeast"],"picked":"OSAHOGD","floor":18.0},{"not_picked":["Woodsman","CherryBlossoms","BeautyBeast"],"picked":"Singing Bowl","floor":24.0},{"not_picked":["BeautyBeast","CrumblingArmor"],"picked":"MHz","floor":24.0},{"not_picked":["beaked:StickSmack","beaked:TuckingFeathers+1","beaked:Redirect"],"picked":"SKIP","floor":24.0},{"not_picked":["beaked:TuckingFeathers","beaked:Devastation"],"picked":"beaked:Evade","floor":28.0},{"not_picked":["Murderer","BlackArmy","BeautyBeast"],"picked":"Singing Bowl","floor":28.0},{"not_picked":["beaked:MachineEssence","beaked:WildInstinct"],"picked":"beaked:Caw","floor":33.0},{"not_picked":["MeltingLove","Rudolta","FairyFestival"],"picked":"Singing Bowl","floor":33.0},{"not_picked":["beaked:Tweet","beaked:MachineEssence"],"picked":"beaked:Brace+1","floor":35.0},{"not_picked":["FieryBird","WhitesApple","Funeral"],"picked":"Singing Bowl","floor":35.0},{"not_picked":["beaked:Resilience+1","beaked:Tweet"],"picked":"beaked:MimicMachine","floor":36.0},{"not_picked":["SilentOrchestra","GalaxyChild","MeltingLove"],"picked":"Singing Bowl","floor":37.0},{"not_picked":["beaked:MimicWarrior+1","beaked:Insight","ReplayTheSpireMod:Wings of Steel"],"picked":"SKIP","floor":37.0},{"not_picked":["beaked:SacrificialAttack+1","beaked:MimicHuntress"],"picked":"beaked:WarriorEssence","floor":39.0},{"not_picked":["UniverseFragment","Scarecrow","Rudolta"],"picked":"Singing Bowl","floor":39.0},{"not_picked":["BlackSwan","BlackArmy","CrumblingArmor"],"picked":"Singing Bowl","floor":41.0},{"not_picked":["beaked:Recite","beaked:Tradeoff+1","beaked:Insight"],"picked":"SKIP","floor":41.0},{"not_picked":["beaked:StickSmack","beaked:BraceForImpact"],"picked":"beaked:Windmill+1","floor":44.0},{"not_picked":["MeltingLove","QueenOfHatred","WhitesApple"],"picked":"Singing Bowl","floor":44.0},{"not_picked":["beaked:VolatileMisfortune","beaked:WildInstinct"],"picked":"beaked:WarriorEssence+1","floor":46.0},{"not_picked":["NothingThere","WhiteNight","RedShoes"],"picked":"Singing Bowl","floor":46.0}],"player_experience":73645,"relics_obtained":[{"floor":1.0,"key":"LetterFromLob"},{"floor":7.0,"key":"DemoMod:Junk"},{"floor":9.0,"key":"DemoMod:Junk"},{"floor":22.0,"key":"DemoMod:Junk"},{"floor":24.0,"key":"DemoMod:Junk"},{"floor":26.0,"key":"DemoMod:Junk"},{"floor":28.0,"key":"DemoMod:Junk"},{"floor":36.0,"key":"DemoMod:Junk"},{"floor":39.0,"key":"DemoMod:Junk"},{"floor":43.0,"key":"DemoMod:Junk"},{"floor":44.0,"key":"DemoMod:Junk"},{"floor":46.0,"key":"DemoMod:Junk"}],"event_choices":[{"damage_healed":0.0,"max_hp_gain":0.0,"max_hp_loss":0.0,"gold_gain":0.0,"event_name":"Golden Idol","player_choice":"Take Damage","floor":2.0,"gold_loss":0.0,"damage_taken":12.0,"relics_obtained":["Golden Idol"]},{"damage_healed":0.0,"max_hp_gain":0.0,"max_hp_loss":0.0,"gold_gain":0.0,"event_name":"Wheel of Change","player_choice":"Cursed","floor":12.0,"gold_loss":0.0,"damage_taken":0.0,"cards_obtained":["Decay"]},{"damage_healed":0.0,"max_hp_gain":0.0,"max_hp_loss":0.0,"gold_gain":0.0,"cards_transformed":["Decay"],"event_name":"Transmorgrifier","player_choice":"Transformed","floor":14.0,"gold_loss":0.0,"damage_taken":0.0,"cards_obtained":["beaked:Tradeoff"]},{"damage_healed":0.0,"max_hp_gain":0.0,"max_hp_loss":0.0,"gold_gain":100.0,"event_name":"The Joust","player_choice":"Bet on Murderer","floor":19.0,"gold_loss":50.0,"damage_taken":0.0},{"damage_healed":0.0,"max_hp_gain":0.0,"max_hp_loss":0.0,"gold_gain":100.0,"event_name":"Golden Shrine","player_choice":"Pray","floor":20.0,"gold_loss":0.0,"damage_taken":0.0},{"damage_healed":0.0,"max_hp_gain":0.0,"max_hp_loss":0.0,"gold_gain":0.0,"event_name":"Vampires","player_choice":"Ignored","floor":31.0,"gold_loss":0.0,"damage_taken":0.0}],"is_beta":false,"boss_relics":[{"not_picked":["conspire:SeveredTorchhead","reliquary:KinkedSpring"],"picked":"beaked:BlessedCoat"},{"not_picked":["Snecko Eye","aspiration:RitualDagger"],"picked":"bronze:MakeshiftBattery"}],"items_purged_floors":[],"is_endless":true,"potions_floor_spawned":[7,33,37,39],"killed_by":"Nemesis","ascension_level":1}}