{"host":"uidy69bgx28xzt88","time":1614367094,"event":{"mods":["BaseMod","Minty Spire (QoL Compilation)","Relic Stats"],"gold_per_floor":[114,129,144,144,159,189,189,219,269,299,299,299,299,337,337,462,462,481,507,526,78,97,135,135,173,198,198,217,236,274,274,274,399,399,418,437,337,356,56,56,75,113,138,138,176,195,242,279,279,279],"floor_reached":51,"language":"ENG","playtime":3743,"items_purged":["Injury","Bash"],"score":850,"play_id":"03ac83f3-9ab5-4af4-8fc6-784e9334c04f","local_time":"20210226211814","daily_mods":["Chimera","Time Dilation","Elite Swarm"],"is_ascension_mode":false,"campfire_choices":[{"data":"Eruption","floor":7.0,"key":"SMITH"},{"floor":12.0,"key":"REST"},{"floor":15.0,"key":"REST"},{"data":"Loop","floor":24.0,"key":"SMITH"},{"floor":27.0,"key":"REST"},{"data":"Echo Form","floor":32,"key":"SMITH"},{"data":"Rainbow","floor":40,"key":"SMITH"},{"data":"Double Energy","floor":44,"key":"SMITH"},{"data":"Capacitor","floor":49,"key":"SMITH"}],"circlet_count":0,"master_deck":["Survivor","Zap+1","Eruption+1","Strike_R+1","Strike_G+1","Strike_B+1","Defend_R+1","Defend_G+1","Defend_P+1","Go for the Eyes","Sweeping Beam","Compile Driver","Capacitor+1","Machine Learning","Electrodynamics","Core Surge","Seek","CurseOfTheBell","Cold Snap","Reinforced Body","Loop+1","Creative AI","Reboot","Hologram","Consume+1","Buffer","Echo Form+1","Rainbow+1","Beam Cell+1","Heatsinks+1","Parasite","FTL","Double Energy+1","Reboot","Reboot","Leap+1","Redo+1"],"relics":["Cracked Core","Bag of Preparation","Happy Flower","Potion Belt","Bag of Marbles","Golden Idol","Gambling Chip","Calling Bell","Akabeko","Question Card","CaptainsWheel","Red Mask","TungstenRod","Prayer Wheel","Lantern","Blood Vial","Eternal Feather","Nuclear Battery","Strawberry","Toolbox","Dream Catcher","CeramicFish","Nunchaku","Molten Egg 2"],"acts_visited":["Exordium","TheCity","TheBeyond"],"potions_floor_usage":[33,33,41,41,48],"damage_taken":[{"damage":0.0,"enemies":"2 Louse","floor":1.0,"turns":4.0},{"damage":0.0,"enemies":"Small Slimes","floor":2.0,"turns":2.0},{"damage":6.0,"enemies":"Jaw Worm","floor":3.0,"turns":3.0},{"damage":10.0,"enemies":"3 Louse","floor":5.0,"turns":2.0},{"damage":21.0,"enemies":"Gremlin Nob","floor":6.0,"turns":3.0},{"damage":11.0,"enemies":"3 Sentries","floor":8.0,"turns":4.0},{"damage":24.0,"enemies":"Gremlin Nob","floor":10.0,"turns":3.0},{"damage":9.0,"enemies":"3 Sentries","floor":14.0,"turns":3.0},{"damage":36.0,"enemies":"The Guardian","floor":16.0,"turns":10.0},{"damage":7.0,"enemies":"Spheric Guardian","floor":18.0,"turns":3.0},{"damage":0.0,"enemies":"Masked Bandits","floor":19.0,"turns":2.0},{"damage":7.0,"enemies":"Shell Parasite","floor":20.0,"turns":4.0},{"damage":0.0,"enemies":"Cultist and Chosen","floor":22.0,"turns":5.0},{"damage":24.0,"enemies":"Book of Stabbing","floor":23.0,"turns":7.0},{"damage":14.0,"enemies":"Slavers","floor":25.0,"turns":4.0},{"damage":0.0,"enemies":"Snecko","floor":28.0,"turns":4.0},{"damage":1.0,"enemies":"Shelled Parasite and Fungi","floor":29.0,"turns":4.0},{"damage":5.0,"enemies":"Book of Stabbing","floor":30.0,"turns":6.0},{"damage":31,"enemies":"Automaton","floor":33,"turns":8},{"damage":0,"enemies":"3 Darklings","floor":35,"turns":2},{"damage":0,"enemies":"3 Shapes","floor":36,"turns":4},{"damage":19,"enemies":"Writhing Mass","floor":38,"turns":6},{"damage":0,"enemies":"Transient","floor":41,"turns":5},{"damage":3,"enemies":"Reptomancer","floor":42,"turns":4},{"damage":5,"enemies":"Giant Head","floor":45,"turns":7},{"damage":0,"enemies":"Maw","floor":46,"turns":5},{"damage":21,"enemies":"Reptomancer","floor":47,"turns":4},{"damage":0,"enemies":"Jaw Worm Horde","floor":48,"turns":3},{"damage":44,"enemies":"Donu and Deca","floor":50,"turns":8}],"seed_played":"4728103701414758894","potions_obtained":[{"floor":2.0,"key":"SteroidPotion"},{"floor":3.0,"key":"Swift Potion"},{"floor":6.0,"key":"FocusPotion"},{"floor":14.0,"key":"Fruit Juice"},{"floor":18.0,"key":"CultistPotion"},{"floor":25.0,"key":"Energy Potion"},{"floor":28.0,"key":"DuplicationPotion"},{"floor":30.0,"key":"Block Potion"},{"floor":33,"key":"SkillPotion"},{"floor":36,"key":"Weak Potion"},{"floor":38,"key":"Energy Potion"},{"floor":41,"key":"AttackPotion"},{"floor":45,"key":"Weak Potion"},{"floor":48,"key":"Energy Potion"}],"is_trial":false,"path_per_floor":["M","M","M","?","M","E","R","E","T","E","?","R","?","E","R","B",null,"M","?","M","$","M","E","R","E","T","R","M","M","E","?","R","B",null,"M","M","$","M","$","R","M","E","T","R","E","M","E","M","R","B",null],"character_chosen":"DEFECT","items_purchased":["TungstenRod","Loop","Strawberry","Toolbox"],"campfire_rested":3,"item_purchase_floors":[21,21,39,39],"current_hp_per_floor":[75,75,69,69,59,38,38,27,27,3,3,25,30,21,51,15,85,78,78,71,71,71,47,47,33,33,58,60,61,58,58,73,44,85,85,85,85,66,73,91,92,89,89,92,87,89,70,72,92,48],"gold":279,"neow_bonus":"","is_daily":true,"chose_seed":false,"campfire_upgraded":6,"win_rate":0.0,"timestamp":1614367094,"path_taken":["M","M","M","?","M","E","R","E","T","E","?","R","?","E","R","BOSS","M","?","M","$","M","E","R","E","T","R","M","M","E","?","R","BOSS","M","M","$","M","$","R","M","E","T","R","E","M","E","M","R","BOSS"],"items_purchased_type":["Relic","Card","Relic","Relic"],"build_version":"2020-12-22","purchased_purges":2,"victory":true,"max_hp_per_floor":[75,75,75,75,75,75,75,75,75,75,75,75,80,80,85,85,85,85,85,85,85,85,85,85,85,85,85,85,85,85,85,85,85,85,85,85,85,85,92,92,92,92,92,92,92,92,92,92,92,92],"relic_stats":{"Happy Flower":[37],"counters":[29,127],"Golden Idol":180,"CeramicFish":27,"Eternal Feather":56,"Bag of Preparation":[48],"Question Card":27,"Blood Vial":15,"Dream Catcher":0,"Nunchaku":[4],"Gambling Chip":[57],"Prayer Wheel":8,"obtain_stats":[{"Potion Belt":9,"Lantern":25,"Happy Flower":8,"Golden Idol":11,"CeramicFish":43,"Eternal Feather":30,"Bag of Preparation":6,"Question Card":17,"Akabeko":17,"Nuclear Battery":34,"Calling Bell":17,"Blood Vial":26,"CaptainsWheel":17,"Dream Catcher":42,"Nunchaku":45,"Gambling Chip":14,"Strawberry":39,"Toolbox":39,"Prayer Wheel":23,"Molten Egg 2":47,"Bag of Marbles":10,"Red Mask":19,"Cracked Core":0,"TungstenRod":21},{"Potion Belt":6,"Lantern":15,"Happy Flower":6,"Golden Idol":7,"CeramicFish":24,"Eternal Feather":18,"Bag of Preparation":5,"Question Card":9,"Akabeko":9,"Nuclear Battery":19,"Calling Bell":9,"Blood Vial":15,"CaptainsWheel":9,"Dream Catcher":24,"Nunchaku":25,"Gambling Chip":8,"Strawberry":22,"Toolbox":22,"Prayer Wheel":14,"Molten Egg 2":27,"Bag of Marbles":7,"Red Mask":11,"Cracked Core":0,"TungstenRod":12},{"Potion Belt":18,"Lantern":59,"Happy Flower":18,"Golden Idol":21,"CeramicFish":100,"Eternal Feather":73,"Bag of Preparation":14,"Question Card":34,"Akabeko":34,"Nuclear Battery":80,"Calling Bell":34,"Blood Vial":59,"CaptainsWheel":34,"Dream Catcher":100,"Nunchaku":107,"Gambling Chip":24,"Strawberry":91,"Toolbox":91,"Prayer Wheel":55,"Molten Egg 2":116,"Bag of Marbles":21,"Red Mask":39,"Cracked Core":0,"TungstenRod":43}],"TungstenRod":28},"card_choices":[{"not_picked":["Hologram","Skim"],"picked":"Go for the Eyes","floor":1.0},{"not_picked":["Redo","Ball Lightning"],"picked":"Sweeping Beam","floor":2.0},{"not_picked":["Scrape","Consume"],"picked":"Compile Driver","floor":3.0},{"not_picked":["Coolheaded","Undo"],"picked":"Capacitor","floor":5.0},{"not_picked":["Hyperbeam","Biased Cognition"],"picked":"Machine Learning","floor":6.0},{"not_picked":["Multi-Cast","Meteor Strike"],"picked":"Electrodynamics","floor":8.0},{"not_picked":["Buffer","Fission"],"picked":"Core Surge","floor":10.0},{"not_picked":["Core Surge","Multi-Cast","All For One"],"picked":"SKIP","floor":14.0},{"not_picked":["Buffer","Multi-Cast"],"picked":"Seek","floor":16.0},{"not_picked":["Melter","Heatsinks","Fusion"],"picked":"Cold Snap","floor":18.0},{"not_picked":["Conserve Battery","Redo","Barrage"],"picked":"Reinforced Body","floor":19.0},{"not_picked":["Stack+1","Beam Cell","Steam","Scrape"],"picked":"SKIP","floor":20.0},{"not_picked":["Compile Driver","Heatsinks","Steam","Hyperbeam"],"picked":"SKIP","floor":22.0},{"not_picked":["Seek","Machine Learning","Thunder Strike"],"picked":"Creative AI","floor":23.0},{"not_picked":["Buffer","Machine Learning","Amplify"],"picked":"Reboot","floor":25.0},{"not_picked":["Redo","Skim","Leap"],"picked":"Hologram","floor":28.0},{"not_picked":["Steam","Fusion","Gash"],"picked":"Consume+1","floor":28.0},{"not_picked":["Gash","Turbo","Ball Lightning"],"picked":"Buffer","floor":29.0},{"not_picked":["Turbo","Go for the Eyes","Genetic Algorithm","Leap"],"picked":"SKIP","floor":29.0},{"not_picked":["Hyperbeam","Seek","Creative AI"],"picked":"Echo Form","floor":30.0},{"not_picked":["Buffer","Thunder Strike","Biased Cognition"],"picked":"Rainbow","floor":33},{"not_picked":["Go for the Eyes","Steam+1","Hello World+1"],"picked":"Beam Cell+1","floor":35},{"not_picked":["Streamline","Chaos","Coolheaded","Cold Snap"],"picked":"SKIP","floor":35},{"not_picked":["Reinforced Body","Turbo","Rip and Tear"],"picked":"Heatsinks+1","floor":36},{"not_picked":["BootSequence+1","Sweeping Beam+1","Doom and Gloom","Tempest+1"],"picked":"SKIP","floor":36},{"not_picked":["Compile Driver+1","BootSequence","Go for the Eyes+1"],"picked":"FTL","floor":38},{"not_picked":["Rainbow","Ball Lightning","White Noise","Hello World+1"],"picked":"SKIP","floor":38},{"not_picked":["Turbo","Auto Shields","Beam Cell+1"],"picked":"Double Energy","floor":41},{"not_picked":["Ball Lightning+1","Streamline","Go for the Eyes","Redo"],"picked":"SKIP","floor":41},{"not_picked":["Meteor Strike","Creative AI","Rainbow"],"picked":"Reboot","floor":42},{"not_picked":["Creative AI","All For One","Hyperbeam","Biased Cognition"],"picked":"SKIP","floor":45},{"not_picked":["Ball Lightning","Sunder+1","Chaos","Gash+1"],"picked":"SKIP","floor":46},{"not_picked":["Beam Cell+1","Cold Snap","Storm","Coolheaded"],"picked":"SKIP","floor":46},{"not_picked":["Fission","Multi-Cast","Hyperbeam+1"],"picked":"Reboot","floor":47},{"not_picked":["Compile Driver+1","Sweeping Beam+1","Go for the Eyes+1"],"picked":"Leap+1","floor":48},{"not_picked":["Go for the Eyes+1","Cold Snap+1","Turbo"],"picked":"Redo+1","floor":48}],"player_experience":278904,"relics_obtained":[{"floor":6.0,"key":"Bag of Preparation"},{"floor":8.0,"key":"Happy Flower"},{"floor":9.0,"key":"Potion Belt"},{"floor":10.0,"key":"Bag of Marbles"},{"floor":14.0,"key":"Gambling Chip"},{"floor":17.0,"key":"Akabeko"},{"floor":17.0,"key":"Question Card"},{"floor":17.0,"key":"CaptainsWheel"},{"floor":19.0,"key":"Red Mask"},{"floor":23.0,"key":"Prayer Wheel"},{"floor":25.0,"key":"Lantern"},{"floor":26.0,"key":"Blood Vial"},{"floor":30.0,"key":"Eternal Feather"},{"floor":42,"key":"Dream Catcher"},{"floor":43,"key":"CeramicFish"},{"floor":45,"key":"Nunchaku"},{"floor":47,"key":"Molten Egg 2"}],"event_choices":[{"damage_healed":0.0,"max_hp_gain":0.0,"max_hp_loss":0.0,"gold_gain":0.0,"event_name":"Living Wall","player_choice":"Grow","floor":4.0,"gold_loss":0.0,"damage_taken":0.0,"cards_upgraded":["Zap"]},{"damage_healed":0.0,"max_hp_gain":0.0,"max_hp_loss":0.0,"gold_gain":0.0,"event_name":"Golden Idol","player_choice":"Take Wound","floor":11.0,"gold_loss":0.0,"damage_taken":0.0,"relics_obtained":["Golden Idol"],"cards_obtained":["Injury"]},{"damage_healed":0.0,"max_hp_gain":5.0,"max_hp_loss":0.0,"gold_gain":0.0,"event_name":"Big Fish","player_choice":"Donut","floor":13.0,"gold_loss":0.0,"damage_taken":0.0},{"damage_healed":0.0,"max_hp_gain":0.0,"max_hp_loss":0.0,"gold_gain":0.0,"event_name":"Masked Bandits","player_choice":"Fought Bandits","floor":19.0,"gold_loss":0.0,"damage_taken":0.0},{"damage_healed":0.0,"max_hp_gain":0.0,"max_hp_loss":0.0,"gold_gain":0.0,"event_name":"Back to Basics","player_choice":"Simplicity","floor":31.0,"gold_loss":0.0,"damage_taken":0.0,"cards_upgraded":["Strike_R","Strike_G","Strike_B","Defend_R","Defend_G","Defend_P"]}],"is_beta":false,"boss_relics":[{"not_picked":["Runic Dome","Coffee Dripper"],"picked":"Calling Bell"},{"not_picked":["SlaversCollar","Runic Pyramid"],"picked":"Nuclear Battery"}],"items_purged_floors":[21,37],"is_endless":false,"potions_floor_spawned":[2,3,6,14,18,25,28,30,33,36,38,41,45,47,48],"ascension_level":0}}