{"host":"v6biu77h43umse0l","time":1614317160,"event":{"mods":["BaseMod","DeckTracker","Lobotomy","Minty Spire (QoL Compilation)","StSLib","SuperFastMode"],"gold_per_floor":[112,122,297,297,315,340,360,385,385,385,310,338,0,13,13,13,13],"floor_reached":16,"language":"KOR","playtime":745,"items_purged":["Strike_R","Strike_R"],"score":132,"play_id":"e7e33b17-7343-43f9-ab23-4b66a4f68d1e","local_time":"20210226142600","is_ascension_mode":true,"campfire_choices":[{"data":"Bash","floor":10,"key":"SMITH"},{"data":"Bludgeon","floor":15,"key":"SMITH"}],"circlet_count":0,"master_deck":["Strike_R","Strike_R","Strike_R","Defend_R","Defend_R","Defend_R","Defend_R","Bash+1","Woodsman","Cleave","Murderer","Hemokinesis","Scorched","Dropkick","HappyTeddy","Exhume","OldLady","Second Wind","Rudolta","Pommel Strike","MeltingLove","Bludgeon+1","GreedKing","True Grit+1"],"relics":["Burning Blood","CogitoBucket","RabbitCall","Bottled Lightning","Odd Mushroom","StrikeDummy","Art of War","Toxic Egg 2","TreeSap"],"acts_visited":["Exordium"],"potions_floor_usage":[],"damage_taken":[{"damage":0,"enemies":"Small Slimes","floor":1,"turns":3},{"damage":9,"enemies":"Jaw Worm","floor":2,"turns":3},{"damage":3,"enemies":"Cultist","floor":5,"turns":3},{"damage":39,"enemies":"Lagavulin","floor":6,"turns":5},{"damage":0,"enemies":"Gremlin Gang","floor":7,"turns":1},{"damage":0,"enemies":"The Mushroom Lair","floor":8,"turns":1},{"damage":18,"enemies":"Gremlin Nob","floor":12,"turns":3},{"damage":37,"enemies":"Large Slime","floor":14,"turns":9},{"damage":49,"enemies":"The Guardian","floor":16,"turns":8}],"seed_played":"2284052510411323185","potions_obtained":[{"floor":2,"key":"ColorlessPotion"},{"floor":5,"key":"Fruit Juice"},{"floor":8,"key":"CultistPotion"}],"is_trial":false,"path_per_floor":["M","M","?","?","M","E","M","?","T","R","$","E","$","M","R","B"],"character_chosen":"IRONCLAD","items_purchased":["Toxic Egg 2"],"campfire_rested":0,"item_purchase_floors":[13],"current_hp_per_floor":[80,80,80,80,80,53,80,80,80,80,80,74,74,49,49,0,0],"gold":13,"neow_bonus":"","is_daily":false,"chose_seed":false,"campfire_upgraded":2,"win_rate":0.0,"timestamp":1614317160,"path_taken":["M","M","?","?","?","E","?","?","T","R","$","E","$","M","R","BOSS"],"items_purchased_type":["Relic"],"build_version":"2020-12-22","purchased_purges":2,"victory":false,"max_hp_per_floor":[80,80,80,80,80,80,80,80,80,80,80,80,80,80,80,80,80],"card_choices":[{"not_picked":["ShyLook","VoidDream"],"picked":"Woodsman","floor":1},{"not_picked":["Wild Strike","Warcry"],"picked":"Cleave","floor":1},{"not_picked":["MHz","Bloodbath"],"picked":"Murderer","floor":2},{"not_picked":["True Grit","Warcry"],"picked":"Hemokinesis","floor":2},{"not_picked":["PunishingBird","ShyLook"],"picked":"Scorched","floor":5},{"not_picked":["Metallicize","Body Slam"],"picked":"Dropkick","floor":5},{"not_picked":["OSAHOGD","BeautyBeast"],"picked":"HappyTeddy","floor":6},{"not_picked":["Spot Weakness","Flame Barrier"],"picked":"Exhume","floor":6},{"not_picked":["Scarecrow","SpiderBud"],"picked":"OldLady","floor":7},{"not_picked":["Anger","Body Slam"],"picked":"Second Wind","floor":7},{"not_picked":["PunishingBird","CrumblingArmor"],"picked":"Rudolta","floor":8},{"not_picked":["Whirlwind","Second Wind"],"picked":"Pommel Strike","floor":8},{"not_picked":["MHz","ShyLook"],"picked":"MeltingLove","floor":12},{"not_picked":["Cleave","Iron Wave"],"picked":"Bludgeon","floor":12},{"not_picked":["PunishingBird","Wellcheers"],"picked":"GreedKing","floor":14},{"not_picked":["Evolve","Sword Boomerang"],"picked":"True Grit+1","floor":14}],"player_experience":388578,"relics_obtained":[{"floor":6,"key":"Bottled Lightning"},{"floor":8,"key":"Odd Mushroom"},{"floor":9,"key":"StrikeDummy"},{"floor":12,"key":"Art of War"}],"event_choices":[{"damage_healed":0,"gold_gain":175,"player_choice":"AGREE","damage_taken":0,"max_hp_gain":0,"max_hp_loss":0,"event_name":"Liars Game","floor":3,"gold_loss":0,"cards_obtained":["Doubt"]},{"cards_removed":["Doubt"],"damage_healed":0,"gold_gain":0,"player_choice":"Removed Curses","damage_taken":0,"max_hp_gain":0,"max_hp_loss":0,"event_name":"Fountain of Cleansing","floor":4,"gold_loss":0},{"damage_healed":0,"gold_gain":0,"player_choice":"Fought Mushrooms","damage_taken":0,"max_hp_gain":0,"max_hp_loss":0,"event_name":"Mushrooms","floor":8,"gold_loss":0}],"is_beta":false,"boss_relics":[],"items_purged_floors":[11,13],"is_endless":false,"potions_floor_spawned":[2,5,8,14],"killed_by":"The Guardian","ascension_level":4}}