{"host":"adt9pv9dmmkchns7","time":1614367425,"event":{"mods":["AchievementEnabler","Aspiration","BaseMod","Beaked The Cultist","Better Third Choice","Curses Come First","Energized Spire","Minty Spire (QoL Compilation)","Permanent Neow","Potionbrewer","Quick Restart","Reliquary","Replay The Spire","Robot Space Explorer","Shade Mod","Spicy Shops","StSLib","The Blackbeard","The Cursed","The Forsaken","The Gatherer","The Necromancer","Wandering Minibosses"],"gold_per_floor":[15,32,49,63,79,113,91,91,167,200,200,200,200,216,216,314,314,328,328,21,21,0,0],"floor_reached":22,"language":"ENG","playtime":1610,"items_purged":[],"score":233,"play_id":"daedfac1-16a5-46de-97b4-6a48e73e06de","local_time":"20210226202345","is_ascension_mode":true,"campfire_choices":[{"floor":8,"key":"RECALL"},{"data":"Fire Breathing","floor":12,"key":"SMITH"},{"data":"Bash","floor":15,"key":"SMITH"}],"circlet_count":0,"master_deck":["Strike_R","Strike_R","Strike_R","Strike_R","Strike_R","Defend_R","Defend_R","Defend_R","Defend_R","Bash+1","Reckless Charge","Iron Wave","Battle Trance","Inflame","Fire Breathing+1","Heavy Blade","Perfected Strike","Injury","Sword Boomerang+1","Barricade","AbeCurse","ReplayReversal+1","Shame"],"relics":["Burning Blood","Replay:Towering Pillar of Hats","reliquary:PorcupineQuills","betterThird:SlimedRelic","Bottled Tornado","aspiration:EmptySkull","Molten Egg 2","Abe\u0027s Treasure","aspiration:DSix","Replay:Baseball"],"acts_visited":["Exordium","TheCity"],"potions_floor_usage":[5,6,14,18],"damage_taken":[{"damage":1,"enemies":"Cultist","floor":1,"turns":3},{"damage":7,"enemies":"Jaw Worm","floor":2,"turns":2},{"damage":7,"enemies":"2 Louse","floor":3,"turns":3},{"damage":5,"enemies":"2 Fungi Beasts","floor":4,"turns":3},{"damage":12,"enemies":"Looter","floor":5,"turns":3},{"damage":30,"enemies":"Lagavulin","floor":6,"turns":6},{"damage":20,"enemies":"3 Sentries","floor":10,"turns":4},{"damage":3,"enemies":"Exordium Wildlife","floor":14,"turns":3},{"damage":9,"enemies":"Fading Forest","floor":16,"turns":11},{"damage":14,"enemies":"Shell Parasite","floor":18,"turns":3},{"damage":77,"enemies":"2 Thieves","floor":22,"turns":3}],"seed_played":"-8232096141309297829","potions_obtained":[{"floor":2,"key":"Regen Potion"},{"floor":4,"key":"SpeedPotion"},{"floor":5,"key":"EssenceOfSteel"},{"floor":14,"key":"Elixir"},{"floor":16,"key":"GamblersBrew"}],"is_trial":false,"path_per_floor":["M","M","M","M","M","E","?","R","T","E","?","R","?","M","R","B",null,"M","?","$","?","M"],"character_chosen":"IRONCLAD","items_purchased":["aspiration:DSix"],"campfire_rested":0,"item_purchase_floors":[20],"current_hp_per_floor":[80,79,78,79,78,54,43,43,43,29,29,29,29,32,32,37,80,72,72,72,72,0,0],"gold":0,"neow_bonus":"ONE_RARE_RELIC","is_daily":false,"chose_seed":false,"campfire_upgraded":2,"win_rate":0.0,"timestamp":1614367425,"path_taken":["M","?","M","M","M","E","?","R","T","E","?","R","?","M","R","BOSS","M","?","$","?","M"],"items_purchased_type":["Relic"],"build_version":"2020-12-22","purchased_purges":0,"victory":false,"max_hp_per_floor":[80,80,80,80,80,80,80,80,80,80,80,80,80,80,80,80,80,80,80,80,80,80,80],"card_choices":[{"not_picked":["Replay:Undeath\u0027s Touch","Pommel Strike"],"picked":"Reckless Charge","floor":1},{"not_picked":["Bloodletting","Warcry"],"picked":"Iron Wave","floor":2},{"not_picked":["Uppercut","Searing Blow"],"picked":"Battle Trance","floor":3},{"not_picked":["Replay:Undeath\u0027s Touch","Wild Strike"],"picked":"Inflame","floor":4},{"not_picked":["Disarm","Power Through"],"picked":"Fire Breathing","floor":5},{"not_picked":["Warcry","Massacre"],"picked":"Heavy Blade","floor":6},{"not_picked":["Bloodletting","Headbutt"],"picked":"Perfected Strike","floor":10},{"not_picked":["Shrug It Off","Searing Blow+1"],"picked":"Sword Boomerang+1","floor":14},{"not_picked":["Hemogenesis+1","Immolate+1"],"picked":"Barricade","floor":16},{"not_picked":["Havoc","Whirlwind+1"],"picked":"ReplayReversal+1","floor":18}],"player_experience":1024147,"relics_obtained":[{"floor":6,"key":"reliquary:PorcupineQuills"},{"floor":9,"key":"Bottled Tornado"},{"floor":10,"key":"aspiration:EmptySkull"}],"event_choices":[{"damage_healed":0,"gold_gain":0,"player_choice":"Slimed","damage_taken":11,"max_hp_gain":0,"max_hp_loss":0,"event_name":"betterThird:BetterGoop","floor":7,"gold_loss":22},{"damage_healed":0,"gold_gain":0,"player_choice":"Ignored","damage_taken":0,"max_hp_gain":0,"max_hp_loss":0,"event_name":"Beggar","floor":19,"gold_loss":0},{"damage_healed":0,"gold_gain":0,"player_choice":"Stole Relic","damage_taken":0,"relics_obtained":["Replay:Baseball"],"max_hp_gain":0,"max_hp_loss":0,"event_name":"Addict","floor":21,"gold_loss":0,"cards_obtained":["Shame"]}],"is_beta":false,"boss_relics":[{"not_picked":["energizedSpire:TabascoSauce","reliquary:RedPaperclip"],"picked":"Abe\u0027s Treasure"}],"items_purged_floors":[],"is_endless":false,"potions_floor_spawned":[2,4,5,14,16],"killed_by":"2 Thieves","ascension_level":4}}