{"host":"y080dcqw8fj32q7d","time":1614357770,"event":{"mods":["AchievementEnabler","BaseMod","Colored Map","Colored Powertips","DeckTracker","Minty Spire (QoL Compilation)","Relic Sorter"],"gold_per_floor":[119,119,66,82,82,82,116,134,134,134,59,78,78,88,88,189,239,251,268,268,193,193,520,539,539,539,539,389,408,419,272,272,272,272],"floor_reached":33,"language":"ENG","playtime":1558,"items_purged":["Strike_B","Defend_B"],"score":330,"play_id":"4d3c63fd-63a9-4ee4-8684-7fb34574fab3","local_time":"20210226194250","is_ascension_mode":true,"campfire_choices":[{"floor":6,"key":"RECALL"},{"data":"Turbo","floor":15,"key":"SMITH"},{"floor":25,"key":"REST"},{"floor":32,"key":"REST"}],"circlet_count":0,"master_deck":["Strike_B+1","Defend_B+1","Defend_B","Defend_B","Zap+1","Dualcast+1","Barrage+1","Ball Lightning","Ball Lightning","Tempest+1","Turbo+1","Electrodynamics+1","Hologram","Conserve Battery","Lockon","Redo","Leap","Barrage+1","Leap"],"relics":["Cracked Core","NeowsBlessing","Frozen Egg 2","War Paint","Tiny House","Torii","Old Coin","White Beast Statue","DataDisk"],"acts_visited":["Exordium","TheCity"],"potions_floor_usage":[12,14,16,18,23,29,30,33],"damage_taken":[{"damage":0,"enemies":"Small Slimes","floor":1,"turns":1},{"damage":0,"enemies":"Cultist","floor":4,"turns":1},{"damage":0,"enemies":"Lagavulin","floor":7,"turns":1},{"damage":1,"enemies":"2 Louse","floor":8,"turns":2},{"damage":0,"enemies":"Large Slime","floor":12,"turns":2},{"damage":2,"enemies":"Blue Slaver","floor":14,"turns":2},{"damage":40,"enemies":"The Guardian","floor":16,"turns":10},{"damage":8,"enemies":"Shell Parasite","floor":18,"turns":4},{"damage":15,"enemies":"2 Thieves","floor":19,"turns":3},{"damage":19,"enemies":"Gremlin Leader","floor":23,"turns":4},{"damage":21,"enemies":"Snake Plant","floor":24,"turns":2},{"damage":1,"enemies":"Cultist and Chosen","floor":29,"turns":5},{"damage":0,"enemies":"Sentry and Sphere","floor":30,"turns":3},{"damage":78,"enemies":"Champ","floor":33,"turns":7}],"seed_played":"-3128110251210047995","potions_obtained":[{"floor":1,"key":"Ancient Potion"},{"floor":7,"key":"Swift Potion"},{"floor":12,"key":"Regen Potion"},{"floor":14,"key":"SkillPotion"},{"floor":17,"key":"Energy Potion"},{"floor":19,"key":"Strength Potion"},{"floor":24,"key":"ColorlessPotion"},{"floor":29,"key":"EssenceOfSteel"},{"floor":30,"key":"ColorlessPotion"}],"is_trial":false,"path_per_floor":["M","?","$","M","?","R","E","M","T","?","$","M","?","M","R","B",null,"M","M","?","?","?","E","M","R","T","?","$","M","M","$","R","B"],"character_chosen":"DEFECT","items_purchased":["Ball Lightning","DataDisk","Leap"],"campfire_rested":2,"item_purchase_floors":[3,28,31],"current_hp_per_floor":[75,75,75,75,60,60,60,59,59,64,64,64,64,67,67,27,85,77,62,62,62,46,27,6,33,33,33,33,32,32,32,59,0,0],"gold":272,"neow_bonus":"THREE_ENEMY_KILL","is_daily":false,"chose_seed":false,"campfire_upgraded":1,"win_rate":0.0,"timestamp":1614357770,"path_taken":["M","?","$","?","?","R","E","M","T","?","?","M","?","M","R","BOSS","M","?","?","?","?","E","M","R","T","?","$","M","M","$","R","BOSS"],"items_purchased_type":["Card","Relic","Card"],"build_version":"2020-12-22","purchased_purges":2,"victory":false,"max_hp_per_floor":[75,75,75,75,75,75,75,75,75,80,80,80,80,80,80,80,85,85,85,85,85,90,90,90,90,90,90,90,90,90,90,90,90,90],"card_choices":[{"not_picked":["Lockon","Chaos"],"picked":"Barrage","floor":1},{"not_picked":["Scrape","Go for the Eyes","Stack"],"picked":"SKIP","floor":4},{"not_picked":["Streamline","Go for the Eyes"],"picked":"Ball Lightning","floor":7},{"not_picked":["Sweeping Beam","Force Field"],"picked":"Tempest","floor":8},{"not_picked":["Steam","Rainbow","FTL"],"picked":"SKIP","floor":12},{"not_picked":["Sunder","Compile Driver"],"picked":"Turbo","floor":14},{"not_picked":["Core Surge","Creative AI+1"],"picked":"Electrodynamics+1","floor":16},{"not_picked":["Stack","Steam"],"picked":"Hologram","floor":17},{"not_picked":["Beam Cell","Steam","Skim"],"picked":"SKIP","floor":18},{"not_picked":["Static Discharge+1","Hologram"],"picked":"Conserve Battery","floor":19},{"not_picked":["Force Field","Cold Snap"],"picked":"Lockon","floor":23},{"not_picked":["Gash","Sweeping Beam+1"],"picked":"Redo","floor":24},{"not_picked":["Sunder","Storm+1"],"picked":"Leap","floor":29},{"not_picked":["Skim","Coolheaded+1"],"picked":"Barrage+1","floor":30}],"player_experience":401918,"relics_obtained":[{"floor":7,"key":"War Paint"},{"floor":23,"key":"Old Coin"},{"floor":26,"key":"White Beast Statue"}],"event_choices":[{"damage_healed":0,"gold_gain":0,"player_choice":"Gave Potion","damage_taken":0,"relics_obtained":["Frozen Egg 2"],"max_hp_gain":0,"max_hp_loss":0,"event_name":"WeMeetAgain","floor":2,"gold_loss":0},{"damage_healed":0,"gold_gain":0,"player_choice":"Entered Light","damage_taken":15,"max_hp_gain":0,"max_hp_loss":0,"event_name":"Shining Light","floor":5,"gold_loss":0,"cards_upgraded":["Strike_B","Barrage"]},{"damage_healed":0,"gold_gain":0,"player_choice":"Donut","damage_taken":0,"max_hp_gain":5,"max_hp_loss":0,"event_name":"Big Fish","floor":10,"gold_loss":0},{"damage_healed":0,"gold_gain":0,"player_choice":"Forge","damage_taken":0,"max_hp_gain":0,"max_hp_loss":0,"event_name":"Accursed Blacksmith","floor":13,"gold_loss":0,"cards_upgraded":["Tempest"]},{"damage_healed":0,"gold_gain":0,"player_choice":"Opened","damage_taken":0,"relics_obtained":["Torii"],"max_hp_gain":0,"max_hp_loss":0,"event_name":"The Mausoleum","floor":20,"gold_loss":0},{"cards_removed":["Strike_B"],"damage_healed":0,"gold_gain":0,"player_choice":"Gave Gold","damage_taken":0,"max_hp_gain":0,"max_hp_loss":0,"event_name":"Beggar","floor":21,"gold_loss":75},{"damage_healed":0,"gold_gain":0,"player_choice":"Shed Blood","damage_taken":21,"max_hp_gain":5,"max_hp_loss":0,"event_name":"Forgotten Altar","floor":22,"gold_loss":0},{"cards_removed":["Strike_B"],"damage_healed":0,"gold_gain":0,"player_choice":"Elegance","damage_taken":0,"max_hp_gain":0,"max_hp_loss":0,"event_name":"Back to Basics","floor":27,"gold_loss":0}],"is_beta":false,"boss_relics":[{"not_picked":["SacredBark","Black Star"],"picked":"Tiny House"}],"items_purged_floors":[11,31],"is_endless":false,"potions_floor_spawned":[1,7,12,14,19,24,29,30],"killed_by":"Champ","ascension_level":1}}