{"host":"5tzvto3beate6p8b","time":1614343350,"event":{"mods":["BaseMod","Colored Map","DeckTracker","Minty Spire (QoL Compilation)","Relic Stats","StSLib","SuperFastMode"],"gold_per_floor":[113,113,9,26,26,54,54,87,114,125,144,67,67,99,99,178,178,203,224,224,233,158,201,201,242,242,277,297,297,24,24,24,110,173,195,216,216,238,15,15,15,15,15,15,41,41,78,0,0,0],"floor_reached":51,"language":"JPN","playtime":2479,"items_purged":[],"score":1659,"play_id":"47f8b5c5-9b54-48c0-9933-34b47ffb381f","local_time":"20210226214230","is_ascension_mode":true,"campfire_choices":[{"data":"Sunder","floor":7,"key":"SMITH"},{"floor":13,"key":"REST"},{"data":"Biased Cognition","floor":15,"key":"SMITH"},{"data":"Creative AI","floor":24,"key":"SMITH"},{"data":"Defragment","floor":29,"key":"SMITH"},{"floor":32,"key":"REST"},{"data":"Apotheosis","floor":40,"key":"SMITH"},{"data":"Coolheaded","floor":42,"key":"SMITH"},{"floor":44,"key":"REST"},{"floor":49,"key":"DIG"}],"circlet_count":0,"master_deck":["AscendersBane","Zap","Dualcast+1","Ball Lightning+1","BootSequence","Sunder+1","Biased Cognition+1","Skim","Coolheaded+1","Chill","Creative AI+1","CurseOfTheBell","Hologram+1","Leap","Shame","Sweeping Beam","Ball Lightning+1","Defragment+1","Chill","Apotheosis+1","Defragment","Machine Learning","Force Field","Aggregate","Auto Shields","Ball Lightning","Loop","FTL","Chaos","Capacitor","Undo","Reinforced Body+1","Electrodynamics"],"relics":["Cracked Core","TungstenRod","Bronze Scales","Shuriken","Happy Flower","Mummified Hand","Pantograph","Calling Bell","Du-Vu Doll","Singing Bowl","CeramicFish","Blue Candle","Meat on the Bone","InkBottle","Anchor","Shovel","Bottled Tornado","Pandora\u0027s Box","ClockworkSouvenir","Bottled Flame","Art of War","Omamori","Red Mask","Eternal Feather"],"acts_visited":["Exordium","TheCity","TheBeyond"],"potions_floor_usage":[14,23,25,47,47],"damage_taken":[{"damage":0,"enemies":"Cultist","floor":1,"turns":4},{"damage":2,"enemies":"2 Louse","floor":4,"turns":2},{"damage":10,"enemies":"Gremlin Nob","floor":6,"turns":3},{"damage":22,"enemies":"3 Sentries","floor":8,"turns":4},{"damage":0,"enemies":"Jaw Worm","floor":10,"turns":2},{"damage":0,"enemies":"Red Slaver","floor":11,"turns":2},{"damage":0,"enemies":"Lagavulin","floor":14,"turns":5},{"damage":0,"enemies":"Slime Boss","floor":16,"turns":7},{"damage":10,"enemies":"2 Thieves","floor":18,"turns":4},{"damage":9,"enemies":"Shell Parasite","floor":19,"turns":3},{"damage":19,"enemies":"Slavers","floor":23,"turns":4},{"damage":24,"enemies":"Gremlin Leader","floor":25,"turns":6},{"damage":11,"enemies":"Book of Stabbing","floor":27,"turns":4},{"damage":4,"enemies":"3 Cultists","floor":28,"turns":4},{"damage":14,"enemies":"Champ","floor":33,"turns":13},{"damage":0,"enemies":"3 Darklings","floor":35,"turns":3},{"damage":10,"enemies":"Orb Walker","floor":36,"turns":3},{"damage":12,"enemies":"Jaw Worm Horde","floor":38,"turns":4},{"damage":0,"enemies":"Giant Head","floor":45,"turns":8},{"damage":33,"enemies":"Reptomancer","floor":47,"turns":5},{"damage":24,"enemies":"Donu and Deca","floor":50,"turns":7}],"seed_played":"-7743389688299347085","potions_obtained":[{"floor":6,"key":"Ancient Potion"},{"floor":8,"key":"PowerPotion"},{"floor":18,"key":"SteroidPotion"},{"floor":23,"key":"Block Potion"},{"floor":28,"key":"SteroidPotion"},{"floor":38,"key":"LiquidMemories"}],"is_trial":false,"path_per_floor":["M","?","$","M","?","E","R","E","T","M","M","?","R","E","R","B",null,"M","M","T","?","?","E","R","E","T","E","M","R","$","?","R","B",null,"M","M","?","M","$","R","$","R","T","R","E","?","E","?","R","B",null],"character_chosen":"DEFECT","items_purchased":["Fire Potion","Ball Lightning","Apotheosis","Defragment","ClockworkSouvenir","Energy Potion"],"campfire_rested":3,"item_purchase_floors":[3,3,30,30,39,39],"current_hp_per_floor":[64,46,46,44,44,34,34,12,12,12,12,12,31,31,31,56,62,52,43,43,43,43,36,36,24,24,25,33,33,33,33,52,50,61,61,51,51,39,39,39,39,39,39,57,59,59,38,38,38,39],"gold":0,"neow_bonus":"ONE_RARE_RELIC","is_daily":false,"chose_seed":false,"campfire_upgraded":6,"win_rate":0.0,"timestamp":1614343350,"path_taken":["M","?","$","M","?","E","R","E","T","M","M","?","R","E","R","BOSS","M","M","?","?","?","E","R","E","T","E","M","R","$","?","R","BOSS","M","M","?","M","$","R","$","R","T","R","E","?","E","?","R","BOSS"],"items_purchased_type":["Potion","Card","Card","Card","Relic","Potion"],"build_version":"2020-12-22","purchased_purges":0,"victory":true,"max_hp_per_floor":[64,64,64,64,64,64,64,64,64,64,64,64,64,64,64,64,64,64,64,64,64,64,64,64,64,64,64,64,64,64,64,64,64,64,64,64,61,61,61,61,61,61,61,61,63,63,63,63,63,63],"relic_stats":{"Happy Flower":[28],"Singing Bowl":2,"counters":[21,96],"CeramicFish":189,"Blue Candle":[23],"Eternal Feather":0,"Shovel":1,"Shuriken":[9],"Mummified Hand":[95],"Bronze Scales":[234],"Pantograph":62,"Pandora\u0027s Box":["Force Field","Aggregate","Auto Shields","Ball Lightning","Loop","FTL","Chaos"],"Art of War":[1],"obtain_stats":[{"Happy Flower":9,"Singing Bowl":17,"CeramicFish":17,"Blue Candle":20,"Eternal Feather":49,"Omamori":47,"Bottled Tornado":27,"ClockworkSouvenir":39,"Calling Bell":17,"Du-Vu Doll":17,"Anchor":25,"Bottled Flame":43,"Shovel":26,"Shuriken":8,"Mummified Hand":12,"Bronze Scales":6,"Pantograph":14,"Pandora\u0027s Box":34,"Art of War":45,"Red Mask":48,"Cracked Core":0,"TungstenRod":0,"InkBottle":23,"Meat on the Bone":21},{"Happy Flower":4,"Singing Bowl":8,"CeramicFish":8,"Blue Candle":10,"Eternal Feather":20,"Omamori":20,"Bottled Tornado":13,"ClockworkSouvenir":18,"Calling Bell":8,"Du-Vu Doll":8,"Anchor":12,"Bottled Flame":18,"Shovel":12,"Shuriken":4,"Mummified Hand":6,"Bronze Scales":3,"Pantograph":7,"Pandora\u0027s Box":15,"Art of War":19,"Red Mask":20,"Cracked Core":0,"TungstenRod":0,"InkBottle":11,"Meat on the Bone":10},{"Happy Flower":13,"Singing Bowl":29,"CeramicFish":29,"Blue Candle":36,"Eternal Feather":89,"Omamori":89,"Bottled Tornado":50,"ClockworkSouvenir":77,"Calling Bell":29,"Du-Vu Doll":29,"Anchor":46,"Bottled Flame":77,"Shovel":46,"Shuriken":13,"Mummified Hand":17,"Bronze Scales":9,"Pantograph":22,"Pandora\u0027s Box":67,"Art of War":84,"Red Mask":89,"Cracked Core":0,"TungstenRod":0,"InkBottle":40,"Meat on the Bone":36}],"TungstenRod":55,"InkBottle":[30],"Meat on the Bone":60},"card_choices":[{"not_picked":["Chill","Heatsinks"],"picked":"Ball Lightning","floor":1},{"not_picked":["Reprogram","Compile Driver"],"picked":"BootSequence","floor":4},{"not_picked":["Buffer","Gash"],"picked":"Sunder","floor":6},{"not_picked":["Beam Cell","Loop"],"picked":"Biased Cognition","floor":8},{"not_picked":["Aggregate","BootSequence"],"picked":"Skim","floor":10},{"not_picked":["Gash","Steam Power"],"picked":"Coolheaded","floor":11},{"not_picked":["Beam Cell","White Noise"],"picked":"Chill","floor":14},{"not_picked":["Meteor Strike","Machine Learning"],"picked":"Creative AI","floor":16},{"not_picked":["BootSequence","Stack+1"],"picked":"Hologram+1","floor":18},{"not_picked":["Lockon","Hologram"],"picked":"Leap","floor":19},{"not_picked":["Darkness","Scrape"],"picked":"Sweeping Beam","floor":23},{"not_picked":["Gash","Rebound"],"picked":"Ball Lightning+1","floor":25},{"not_picked":["Buffer","Streamline"],"picked":"Defragment","floor":27},{"not_picked":["Compile Driver","Lockon"],"picked":"Chill","floor":28},{"not_picked":["Multi-Cast","Biased Cognition"],"picked":"Machine Learning","floor":33},{"not_picked":["Conserve Battery","Glacier"],"picked":"Capacitor","floor":35},{"not_picked":["Heatsinks","Chaos"],"picked":"Undo","floor":36},{"not_picked":["Go for the Eyes","Rebound"],"picked":"Reinforced Body+1","floor":38},{"not_picked":["Blizzard","Reinforced Body","Turbo"],"picked":"Singing Bowl","floor":45},{"not_picked":["Chaos+1","Ball Lightning"],"picked":"Electrodynamics","floor":47}],"player_experience":898774,"relics_obtained":[{"floor":6,"key":"Bronze Scales"},{"floor":8,"key":"Shuriken"},{"floor":9,"key":"Happy Flower"},{"floor":14,"key":"Pantograph"},{"floor":17,"key":"Du-Vu Doll"},{"floor":17,"key":"Singing Bowl"},{"floor":17,"key":"CeramicFish"},{"floor":20,"key":"Blue Candle"},{"floor":23,"key":"InkBottle"},{"floor":25,"key":"Anchor"},{"floor":26,"key":"Shovel"},{"floor":27,"key":"Bottled Tornado"},{"floor":43,"key":"Bottled Flame"},{"floor":45,"key":"Art of War"},{"floor":47,"key":"Omamori"},{"floor":49,"key":"Eternal Feather"}],"event_choices":[{"damage_healed":0,"gold_gain":0,"player_choice":"Entered Light","damage_taken":19,"max_hp_gain":0,"max_hp_loss":0,"event_name":"Shining Light","floor":2,"gold_loss":0,"cards_upgraded":["Dualcast","Strike_B"]},{"damage_healed":0,"gold_gain":0,"player_choice":"Grow","damage_taken":0,"max_hp_gain":0,"max_hp_loss":0,"event_name":"Living Wall","floor":5,"gold_loss":0,"cards_upgraded":["Ball Lightning"]},{"damage_healed":0,"gold_gain":0,"player_choice":"Paid Gold","damage_taken":0,"relics_obtained":["Mummified Hand"],"max_hp_gain":0,"max_hp_loss":0,"event_name":"WeMeetAgain","floor":12,"gold_loss":77},{"damage_healed":0,"gold_gain":0,"player_choice":"Stole Relic","damage_taken":0,"relics_obtained":["Meat on the Bone"],"max_hp_gain":0,"max_hp_loss":0,"event_name":"Addict","floor":21,"gold_loss":0,"cards_obtained":["Shame"]},{"cards_removed":["Strike_B"],"damage_healed":0,"gold_gain":0,"player_choice":"Gave Gold","damage_taken":0,"max_hp_gain":0,"max_hp_loss":0,"event_name":"Beggar","floor":22,"gold_loss":75},{"damage_healed":0,"gold_gain":0,"player_choice":"Ignored","damage_taken":0,"max_hp_gain":0,"max_hp_loss":0,"event_name":"The Mausoleum","floor":31,"gold_loss":0},{"damage_healed":0,"gold_gain":0,"player_choice":"Max HP","damage_taken":0,"max_hp_gain":0,"max_hp_loss":3,"event_name":"Winding Halls","floor":37,"gold_loss":0},{"cards_removed":["Ball Lightning"],"damage_healed":0,"gold_gain":0,"player_choice":"Removed Attack","damage_taken":0,"max_hp_gain":0,"max_hp_loss":0,"event_name":"Falling","floor":46,"gold_loss":0},{"damage_healed":0,"gold_gain":0,"player_choice":"Paid","damage_taken":0,"relics_obtained":["Red Mask"],"max_hp_gain":0,"max_hp_loss":0,"event_name":"Tomb of Lord Red Mask","floor":48,"gold_loss":78}],"is_beta":false,"boss_relics":[{"not_picked":["Black Star","Runic Dome"],"picked":"Calling Bell"},{"not_picked":["Sozu","Empty Cage"],"picked":"Pandora\u0027s Box"}],"items_purged_floors":[],"is_endless":false,"potions_floor_spawned":[6,8,10,18,19,23,28,38,45],"ascension_level":19}}