{"host":"i2ieyndca3ivj85d","time":1614373992,"event":{"mods":["BaseMod","Library of Ruina","Library of Ruina Extra","Minty Spire (QoL Compilation)","Quick Restart","StSLib"],"gold_per_floor":[115,135,135,135,151,191,141,141,141,166,205,205,205,245,245,366,366,386,402,402,477,497,527,527,527,527,527,527,540,573,69,69,173,173,187,237,254,308,51,83,83,100,155,155,0,25,25,38,38,38,38],"floor_reached":53,"language":"ZHS","playtime":2566,"items_purged":["LightAttack","LightAttack"],"score":894,"play_id":"56dc9d8a-0945-4fc0-a2cb-f9cc4dbbed23","local_time":"20210227051312","is_ascension_mode":false,"campfire_choices":[{"data":"EndlessBattle","floor":8,"key":"SMITH"},{"data":"AutonomousRush","floor":13,"key":"SMITH"},{"data":"FocusedStrikes","floor":15,"key":"SMITH"},{"data":"RagingStormLove","floor":24,"key":"SMITH"},{"data":"CleanUp","floor":28,"key":"SMITH"},{"data":"SwordOfVolition","floor":32,"key":"SMITH"},{"floor":48,"key":"DIG"},{"floor":50,"key":"DIG"}],"circlet_count":0,"master_deck":["Dodge","LightDefense","LightDefense","ChargeAndCover","FocusedStrikes+1","EndlessBattle+1","Unlock1","PreemptiveStrike","AssaultOrder","AutonomousRush+1","GroundSmash","GuidanceOfTheGears","CleanUp+1","RagingStormLove+1","CleanUp","SwordOfVolition+1","CookingPrep","GuidanceOfTheGears","SilentMist","UnforgettableMelody","SwordOfVolition","QuickSuppression+1","ReadyUp+1","AbsorbImpact+1","DistortedBlade"],"relics":["PageOfLibrarian","Bloody Idol","PageOfWizard","Potion Belt","PageOfFairyFestival","Busted Crown","Mercury Hourglass","Enchiridion","Oddly Smooth Stone","Pantograph","Mummified Hand","SlaversCollar","Girya","TungstenRod","Pen Nib","Blood Vial","PageOfBloodbath","Red Mask","Shovel","Calipers","Vajra"],"acts_visited":["Exordium","TheCity","TheBeyond","TheBeyond"],"potions_floor_usage":[6,39,41,52,52,52,52],"damage_taken":[{"damage":0,"enemies":"Cultist","floor":1,"turns":3},{"damage":0,"enemies":"Jaw Worm","floor":2,"turns":3},{"damage":3,"enemies":"Small Slimes","floor":5,"turns":3},{"damage":1,"enemies":"Lagavulin","floor":6,"turns":6},{"damage":0,"enemies":"Looter","floor":10,"turns":2},{"damage":12,"enemies":"Gremlin Nob","floor":11,"turns":3},{"damage":2,"enemies":"3 Sentries","floor":14,"turns":5},{"damage":0,"enemies":"Hexaghost","floor":16,"turns":6},{"damage":5,"enemies":"Shell Parasite","floor":18,"turns":2},{"damage":0,"enemies":"Chosen","floor":19,"turns":3},{"damage":0,"enemies":"Sentry and Sphere","floor":22,"turns":3},{"damage":16,"enemies":"Slavers","floor":23,"turns":4},{"damage":2,"enemies":"Centurion and Healer","floor":29,"turns":4},{"damage":5,"enemies":"Book of Stabbing","floor":30,"turns":4},{"damage":5,"enemies":"Champ","floor":33,"turns":6},{"damage":0,"enemies":"3 Darklings","floor":36,"turns":2},{"damage":35,"enemies":"Mind Bloom Boss Battle","floor":37,"turns":4},{"damage":0,"enemies":"Orb Walker","floor":38,"turns":2},{"damage":13,"enemies":"2 Orb Walkers","floor":39,"turns":4},{"damage":13,"enemies":"Reptomancer","floor":41,"turns":3},{"damage":3,"enemies":"Maw","floor":43,"turns":3},{"damage":11,"enemies":"Giant Head","floor":47,"turns":4},{"damage":0,"enemies":"3 Darklings","floor":49,"turns":1},{"damage":38,"enemies":"Time Eater","floor":51,"turns":4},{"damage":0,"enemies":"Time Eater","floor":52,"turns":3}],"seed_played":"730335390031203525","potions_obtained":[{"floor":5,"key":"Dexterity Potion"},{"floor":6,"key":"Fruit Juice"},{"floor":10,"key":"GamblersBrew"},{"floor":14,"key":"Energy Potion"},{"floor":18,"key":"Swift Potion"},{"floor":23,"key":"SkillPotion"},{"floor":29,"key":"Fire Potion"},{"floor":39,"key":"Ancient Potion"},{"floor":43,"key":"DistilledChaos"},{"floor":47,"key":"SteroidPotion"}],"is_trial":false,"path_per_floor":["M","M","?","?","M","E","?","R","T","M","E","?","R","E","R","B",null,"M","M","?","?","M","E","R","?","T","?","R","M","E","$","R","B",null,"M","?","M","?","$","E","?","M","T","?","?","E","R","M","R","B",null,null],"character_chosen":"Librarian","items_purchased":["Mummified Hand","CookingPrep","GuidanceOfTheGears","SilentMist","Pen Nib"],"campfire_rested":0,"item_purchase_floors":[31,31,31,31,40],"current_hp_per_floor":[66,66,43,43,40,44,44,44,44,44,32,25,25,23,23,25,97,92,97,97,88,97,86,86,70,70,70,70,79,86,86,86,97,106,106,72,72,64,64,62,62,71,76,76,76,79,79,93,93,68,101],"gold":38,"neow_bonus":"TEN_PERCENT_HP_BONUS","is_daily":false,"chose_seed":false,"campfire_upgraded":6,"win_rate":0.0,"timestamp":1614373992,"path_taken":["M","M","?","?","?","E","?","R","T","M","E","?","R","E","R","BOSS","M","M","?","?","?","E","R","?","T","?","R","M","E","$","R","BOSS","M","?","M","?","$","E","?","?","T","?","?","E","R","M","R","BOSS"],"items_purchased_type":["Relic","Card","Card","Card","Relic"],"build_version":"2020-12-22","purchased_purges":2,"victory":true,"max_hp_per_floor":[92,92,92,92,92,97,97,97,97,97,97,97,97,97,97,97,97,97,97,97,97,97,97,97,97,97,97,97,97,97,97,97,106,106,106,72,72,76,76,95,95,95,95,95,95,95,106,106,106,106,106],"card_choices":[{"not_picked":["AlloutWar","Bvapour","ShrineToMusic","StrikeDown","Endure","WillBeTasty","FierceCharge","ProselytesBlade"],"picked":"EndlessBattle","floor":1},{"not_picked":["StrikeDown","KeepItFresh","FleetFootsteps","QuickAttack","Rewind","Multislash","Outburst","ChopItOff"],"picked":"Unlock1","floor":2},{"not_picked":["SunsetBlade","StrongStrike","Outburst","EnergyCycle","EndlessBattle","TheWillOfTheCity","UnavoidableGaze","DarkCloud"],"picked":"PreemptiveStrike","floor":5},{"not_picked":["DriedUp","ButterflySlash","HighSpeedStabbing","YouOnlyLiveOnce","Faith","SnakesPrey","SunsetBlade","Rampage_lor"],"picked":"AssaultOrder","floor":6},{"not_picked":["QuickSuppression","ClassAndRespect","DestructiveImpact","SerpentSwordTechnique","CookingPrep","SenseQuarry","GrazeTheGrass","BackstreetsDash"],"picked":"AutonomousRush","floor":10},{"not_picked":["CutIn","EndlessBattle","Endure","BlindFaith","FleetEdge","UpbeatPerformance","EnergyStrike","Commandeering","WillOfThePrescript"],"picked":"SKIP","floor":11},{"not_picked":["EnergyStrike","QuickAttack","NightInTheBackstreets","Cruelty","Pound","Diversion","AlloutWar","BackstreetsDash","HandleRequest"],"picked":"SKIP","floor":14},{"not_picked":["Eradication","CleanUp"],"picked":"GroundSmash","floor":16},{"not_picked":["SnakesPrey+1","MindPrepared+1","HiddenBlade","AutomatedMovement","GuardingStance","ViolentFlame"],"picked":"GuidanceOfTheGears","floor":18},{"not_picked":["GuardingStance","DevastatingThrash","Quickness+1","JiaoTu+1","Faith","TraceOfFumes"],"picked":"CleanUp","floor":19},{"not_picked":["EndlessBattle","Standoff","SnakesPrey","EnergyStrike","NightInTheBackstreets","Multislash+1"],"picked":"RagingStormLove","floor":22},{"not_picked":["Bvapour","SparkingSpear","ViolentFlame+1","FaintMemories","Faith","TieShanKao"],"picked":"CleanUp","floor":23},{"not_picked":["QuickSuppression+1","DesperateStruggle+1","EndlessBattle+1","EnergyShield","Rewind+1","Ripple"],"picked":"SwordOfVolition","floor":29},{"not_picked":["FleetFootsteps","EndlessBattle","SunsetBlade","Outburst","QuickSuppression+1","Reload","MultiBlock"],"picked":"SKIP","floor":30},{"not_picked":[],"picked":"UnforgettableMelody","floor":33},{"not_picked":["Duel_lor+1","TheWillOfTheCity","GreatSerpentsImpact","DestructiveImpact+1","SnakesPrey+1","FaintMemories"],"picked":"SwordOfVolition","floor":36},{"not_picked":["EndlessBattle+1","GuidanceOfTheGears","CoordinatedAssault","MindCrush","HandleRequest","FleetFootsteps"],"picked":"QuickSuppression+1","floor":37},{"not_picked":["SharpSwipe","FierceCharge","BlowItUp+1","TrimTheIngredients","AutomatedMovement+1","GaleKick+1"],"picked":"ReadyUp+1","floor":38},{"not_picked":["CleanUp","SilentNight","SpearedSweep+1","BiAn","SharpNails","HighKick","Leap_lor"],"picked":"SKIP","floor":41},{"not_picked":["QuickSuppression","CookingPrep+1","FormingStorm","SturdyDefense","IdentifyWeakpoint","ElectricShock+1"],"picked":"AbsorbImpact+1","floor":43},{"not_picked":["SuppressingShot+1","Feast","Brawl","TheWillOfTheCity","FleetFootsteps","BlowItUp"],"picked":"DistortedBlade","floor":47},{"not_picked":["ChiWen+1","StrikeDown+1","StructuralAnalysis+1","ForTheFamily","SilentMist","FleetFootsteps+1","PreparedMind"],"picked":"SKIP","floor":49}],"player_experience":180403,"relics_obtained":[{"floor":6,"key":"PageOfWizard"},{"floor":11,"key":"Potion Belt"},{"floor":14,"key":"PageOfFairyFestival"},{"floor":23,"key":"Mercury Hourglass"},{"floor":25,"key":"Enchiridion"},{"floor":26,"key":"Oddly Smooth Stone"},{"floor":30,"key":"Pantograph"},{"floor":37,"key":"Girya"},{"floor":39,"key":"TungstenRod"},{"floor":41,"key":"Blood Vial"},{"floor":44,"key":"PageOfBloodbath"},{"floor":47,"key":"Shovel"},{"floor":48,"key":"Calipers"},{"floor":50,"key":"Vajra"}],"event_choices":[{"damage_healed":0,"gold_gain":0,"player_choice":"Take Damage","damage_taken":23,"relics_obtained":["Golden Idol"],"max_hp_gain":0,"max_hp_loss":0,"event_name":"Golden Idol","floor":3,"gold_loss":0},{"damage_healed":0,"gold_gain":0,"player_choice":"Ignored","damage_taken":0,"max_hp_gain":0,"max_hp_loss":0,"event_name":"NoteForYourself","floor":4,"gold_loss":0},{"cards_removed":["LightAttack"],"damage_healed":0,"gold_gain":0,"player_choice":"Card Removal","damage_taken":0,"max_hp_gain":0,"max_hp_loss":0,"event_name":"The Cleric","floor":7,"gold_loss":50},{"cards_removed":["LightDefense"],"damage_healed":0,"gold_gain":0,"player_choice":"Card Removal","damage_taken":7,"max_hp_gain":0,"max_hp_loss":0,"event_name":"Golden Wing","floor":12,"gold_loss":0},{"damage_healed":0,"gold_gain":0,"player_choice":"Gave Idol","damage_taken":0,"relics_obtained":["Bloody Idol"],"max_hp_gain":0,"max_hp_loss":0,"event_name":"Forgotten Altar","floor":20,"relics_lost":["Golden Idol"],"gold_loss":0},{"damage_healed":0,"gold_gain":75,"player_choice":"Touch","damage_taken":9,"max_hp_gain":0,"max_hp_loss":0,"event_name":"FaceTrader","floor":21,"gold_loss":0},{"damage_healed":0,"gold_gain":0,"player_choice":"Obtained Book","damage_taken":16,"max_hp_gain":0,"max_hp_loss":0,"event_name":"Cursed Tome","floor":25,"gold_loss":0},{"damage_healed":0,"gold_gain":0,"player_choice":"Ignored","damage_taken":0,"max_hp_gain":0,"max_hp_loss":0,"event_name":"Vampires","floor":27,"gold_loss":0},{"damage_healed":0,"gold_gain":0,"player_choice":"Fight","damage_taken":0,"max_hp_gain":0,"max_hp_loss":0,"event_name":"MindBloom","floor":37,"gold_loss":0},{"damage_healed":0,"gold_gain":0,"player_choice":"Fight","damage_taken":0,"max_hp_gain":0,"max_hp_loss":0,"event_name":"Mysterious Sphere","floor":39,"gold_loss":0},{"damage_healed":0,"gold_gain":0,"player_choice":"Bought 0 Potions","damage_taken":0,"max_hp_gain":0,"max_hp_loss":0,"event_name":"The Woman in Blue","floor":42,"gold_loss":0},{"cards_removed":["LightDefense"],"damage_healed":0,"gold_gain":0,"player_choice":"Removed Skill","damage_taken":0,"max_hp_gain":0,"max_hp_loss":0,"event_name":"Falling","floor":45,"gold_loss":0},{"damage_healed":0,"gold_gain":0,"player_choice":"Paid","damage_taken":0,"relics_obtained":["Red Mask"],"max_hp_gain":0,"max_hp_loss":0,"event_name":"Tomb of Lord Red Mask","floor":46,"gold_loss":155}],"is_beta":false,"boss_relics":[{"not_picked":["Cursed Key","Runic Pyramid"],"picked":"Busted Crown"},{"not_picked":["Astrolabe","Calling Bell"],"picked":"SlaversCollar"}],"items_purged_floors":[31,40],"is_endless":false,"potions_floor_spawned":[5,6,10,14,18,23,29,39,43,47],"ascension_level":0}}