{"host":"ut3q8wc68upnfjmc","time":1614299179,"event":{"mods":["BaseMod","Colored Map","Colored Powertips","Downfall","Minty Spire (QoL Compilation)","StSLib","Unceasing Turn Reminder"],"gold_per_floor":[116,116,116,131,31,66,66,98,98,109,139,149,149,10,10,115,115,135,135,135,154,154,188,188,240,266,27,47,47,47,57,57,156,156,175,189,189,239,249,249,281,281,281,298,311,15,28,28,28,28],"floor_reached":51,"language":"ENG","playtime":3077,"items_purged":["Regret"],"score":822,"play_id":"60ce33cf-7416-4baf-b793-cdd0daf3278f","local_time":"20210225182619","is_ascension_mode":true,"campfire_choices":[{"data":"Redo","floor":7,"key":"SMITH"},{"data":"Zap","floor":13,"key":"SMITH"},{"data":"Redo","floor":15,"key":"SMITH"},{"data":"1","floor":24,"key":"LIFT"},{"floor":32,"key":"REST"},{"floor":40,"key":"REST"},{"data":"2","floor":49,"key":"LIFT"}],"circlet_count":0,"master_deck":["Strike_B+1","Strike_B+1","Strike_B+1","Strike_B+1","Defend_B+1","Defend_B+1","Zap+1","Dualcast+1","Hologram+1","Redo+1","Coolheaded","Loop","Coolheaded","Rebound","Cold Snap","All For One","Steam","Static Discharge","Gash","Redo+1","Core Surge","Go for the Eyes","Gash","Doom and Gloom+1","Swift Strike","Gash","Auto Shields+1","Go for the Eyes","Buffer","Gash","Lockon+1","Madness","Static Discharge+1","Reprogram+1","Gash","Rip and Tear+1","Go for the Eyes+1","Parasite","Self Repair+1","Conserve Battery"],"relics":["Cracked Core","NeowsBlessing","StoneCalendar","Centennial Puzzle","Lizard Tail","Girya","Nuclear Battery","Shuriken","Dream Catcher","Ancient Tea Set","Bag of Preparation","MutagenicStrength","Cursed Key","Shovel","Incense Burner","War Paint"],"acts_visited":["Exordium","TheCity","TheBeyond"],"potions_floor_usage":[8,8,11,12,33,33,36,41,41,50,50],"damage_taken":[{"damage":0,"enemies":"Small Slimes","floor":1,"turns":1},{"damage":0,"enemies":"Jaw Worm","floor":4,"turns":1},{"damage":0,"enemies":"Gremlin Nob","floor":6,"turns":1},{"damage":20,"enemies":"Lagavulin","floor":8,"turns":7},{"damage":3,"enemies":"2 Louse","floor":10,"turns":3},{"damage":25,"enemies":"Gremlin Nob","floor":11,"turns":4},{"damage":7,"enemies":"Exordium Wildlife","floor":12,"turns":3},{"damage":31,"enemies":"Slime Boss","floor":16,"turns":7},{"damage":8,"enemies":"Chosen","floor":18,"turns":4},{"damage":8,"enemies":"Shell Parasite","floor":21,"turns":6},{"damage":14,"enemies":"Book of Stabbing","floor":23,"turns":6},{"damage":5,"enemies":"Shelled Parasite and Fungi","floor":28,"turns":2},{"damage":0,"enemies":"Snecko","floor":31,"turns":3},{"damage":52,"enemies":"Automaton","floor":33,"turns":7},{"damage":27,"enemies":"3 Shapes","floor":35,"turns":2},{"damage":0,"enemies":"Orb Walker","floor":36,"turns":3},{"damage":0,"enemies":"Mind Bloom Boss Battle","floor":38,"turns":3},{"damage":24,"enemies":"Maw","floor":39,"turns":6},{"damage":40,"enemies":"Nemesis","floor":41,"turns":3},{"damage":11,"enemies":"Transient","floor":44,"turns":5},{"damage":8,"enemies":"Writhing Mass","floor":45,"turns":3},{"damage":7,"enemies":"Spire Growth","floor":47,"turns":3},{"damage":43,"enemies":"Awakened One","floor":50,"turns":6}],"seed_played":"5593332742546461170","potions_obtained":[{"floor":4,"key":"Fire Potion"},{"floor":6,"key":"FearPotion"},{"floor":8,"key":"FocusPotion"},{"floor":11,"key":"SneckoOil"},{"floor":16,"key":"Energy Potion"},{"floor":23,"key":"SmokeBomb"},{"floor":28,"key":"SpeedPotion"},{"floor":31,"key":"Strength Potion"},{"floor":33,"key":"LiquidMemories"},{"floor":36,"key":"Fruit Juice"},{"floor":39,"key":"DuplicationPotion"},{"floor":44,"key":"Strength Potion"},{"floor":47,"key":"FocusPotion"}],"is_trial":false,"path_per_floor":["M","?","?","M","$","E","R","E","T","M","E","M","R","$","R","B",null,"M","?","?","M","?","E","R","T","T","$","M","?","?","M","R","B",null,"M","M","?","?","M","R","E","?","T","M","M","$","M","?","R","B",null],"character_chosen":"DEFECT","items_purchased":["Coolheaded","Loop","Static Discharge","Gash","Redo","Bag of Preparation","Swift Strike","War Paint","Sunder"],"campfire_rested":2,"item_purchase_floors":[5,5,14,14,14,27,27,46,46],"current_hp_per_floor":[75,68,73,73,73,73,73,53,53,50,25,18,18,18,18,40,80,72,72,57,49,49,35,35,35,35,35,30,30,30,30,55,3,85,58,63,63,63,39,66,26,79,79,68,60,60,63,79,79,46],"gold":28,"neow_bonus":"THREE_ENEMY_KILL","is_daily":false,"chose_seed":false,"campfire_upgraded":3,"win_rate":0.0,"timestamp":1614299179,"path_taken":["M","?","?","M","?","E","R","E","T","M","E","?","R","$","R","BOSS","M","?","?","M","?","E","R","?","T","$","?","?","?","M","R","BOSS","M","?","?","?","M","R","E","?","T","M","M","$","M","?","R","BOSS"],"items_purchased_type":["Card","Card","Card","Card","Card","Relic","Card","Relic","Card"],"build_version":"2020-12-22","purchased_purges":1,"victory":true,"max_hp_per_floor":[75,75,80,80,80,80,80,80,80,80,80,80,80,80,80,80,80,80,80,85,85,85,85,85,85,85,85,85,85,85,85,85,85,85,85,90,90,90,90,90,90,79,79,79,79,79,79,79,79,79],"card_choices":[{"not_picked":["Darkness","Barrage"],"picked":"Hologram","floor":1},{"not_picked":["Heatsinks","Tempest"],"picked":"Redo","floor":4},{"not_picked":["Rebound","Leap"],"picked":"Coolheaded","floor":6},{"not_picked":["Hello World","Steam Power"],"picked":"Rebound","floor":8},{"not_picked":["Compile Driver","Beam Cell"],"picked":"Cold Snap","floor":10},{"not_picked":["Go for the Eyes","Compile Driver"],"picked":"All For One","floor":11},{"not_picked":["Doom and Gloom","Rip and Tear"],"picked":"Steam","floor":12},{"not_picked":["Reboot","Creative AI"],"picked":"Core Surge","floor":16},{"not_picked":["Turbo","Conserve Battery+1"],"picked":"Go for the Eyes","floor":18},{"not_picked":["Sweeping Beam","Chill"],"picked":"Gash","floor":21},{"not_picked":["Compile Driver","Steam+1"],"picked":"Doom and Gloom+1","floor":23},{"not_picked":["Turbo+1","Redo"],"picked":"Gash","floor":28},{"not_picked":["Chaos","Consume"],"picked":"Auto Shields+1","floor":31},{"not_picked":["Cold Snap+1","Sunder"],"picked":"Go for the Eyes","floor":32},{"not_picked":["Multi-Cast","Meteor Strike"],"picked":"Buffer","floor":33},{"not_picked":["Recycle","Sunder"],"picked":"Gash","floor":35},{"not_picked":["Rebound","Defragment+1"],"picked":"Lockon+1","floor":36},{"not_picked":["PanicButton","Chrysalis"],"picked":"Madness","floor":37},{"not_picked":["Barrage+1","Undo"],"picked":"Static Discharge+1","floor":38},{"not_picked":["Tempest+1","Fusion+1"],"picked":"Reprogram+1","floor":39},{"not_picked":["Sweeping Beam","Barrage+1"],"picked":"Gash","floor":40},{"not_picked":["Rainbow","Turbo"],"picked":"Rip and Tear+1","floor":41},{"not_picked":["Coolheaded","Fusion+1"],"picked":"Go for the Eyes+1","floor":44},{"not_picked":["Aggregate","Redo+1"],"picked":"Self Repair+1","floor":45},{"not_picked":["Ball Lightning+1","Go for the Eyes+1"],"picked":"Conserve Battery","floor":47}],"player_experience":62568,"relics_obtained":[{"floor":6,"key":"StoneCalendar"},{"floor":8,"key":"Centennial Puzzle"},{"floor":9,"key":"Lizard Tail"},{"floor":11,"key":"Girya"},{"floor":23,"key":"Shuriken"},{"floor":25,"key":"Dream Catcher"},{"floor":26,"key":"Ancient Tea Set"},{"floor":38,"key":"Shovel"},{"floor":41,"key":"Incense Burner"}],"event_choices":[{"cards_removed":["Defend_B"],"damage_healed":0,"gold_gain":0,"player_choice":"Card Removal","damage_taken":7,"max_hp_gain":0,"max_hp_loss":0,"event_name":"Golden Wing","floor":2,"gold_loss":0},{"damage_healed":0,"gold_gain":0,"player_choice":"Donut","damage_taken":0,"max_hp_gain":5,"max_hp_loss":0,"event_name":"Big Fish","floor":3,"gold_loss":0},{"damage_healed":0,"gold_gain":0,"player_choice":"Ignored","damage_taken":0,"max_hp_gain":0,"max_hp_loss":0,"event_name":"Vampires","floor":19,"gold_loss":0},{"damage_healed":0,"gold_gain":0,"player_choice":"Shed Blood","damage_taken":20,"max_hp_gain":5,"max_hp_loss":0,"event_name":"Forgotten Altar","floor":20,"gold_loss":0},{"damage_healed":0,"gold_gain":0,"player_choice":"Simplicity","damage_taken":0,"max_hp_gain":0,"max_hp_loss":0,"event_name":"Back to Basics","floor":22,"gold_loss":0,"cards_upgraded":["Strike_B","Strike_B","Strike_B","Strike_B","Defend_B","Defend_B","Defend_B"]},{"damage_healed":0,"gold_gain":0,"player_choice":"Inject Mutagens","damage_taken":0,"relics_obtained":["MutagenicStrength"],"max_hp_gain":0,"max_hp_loss":0,"event_name":"Drug Dealer","floor":29,"gold_loss":0},{"cards_removed":["Defend_B"],"damage_healed":0,"gold_gain":0,"player_choice":"Purged","damage_taken":0,"max_hp_gain":0,"max_hp_loss":0,"event_name":"Purifier","floor":30,"gold_loss":0},{"damage_healed":0,"gold_gain":0,"player_choice":"Memory 1","damage_taken":0,"max_hp_gain":0,"max_hp_loss":0,"event_name":"SensoryStone","floor":37,"gold_loss":0},{"damage_healed":0,"gold_gain":0,"player_choice":"Fight","damage_taken":0,"max_hp_gain":0,"max_hp_loss":0,"event_name":"MindBloom","floor":38,"gold_loss":0},{"damage_healed":79,"gold_gain":0,"player_choice":"Heal","damage_taken":0,"max_hp_gain":0,"max_hp_loss":11,"event_name":"The Moai Head","floor":42,"gold_loss":0},{"cards_removed":["Sunder"],"damage_healed":16,"gold_gain":0,"player_choice":"Offered Uncommon","damage_taken":0,"max_hp_gain":0,"max_hp_loss":0,"event_name":"Bonfire Elementals","floor":48,"gold_loss":0}],"is_beta":false,"boss_relics":[{"not_picked":["SacredBark","Coffee Dripper"],"picked":"Nuclear Battery"},{"not_picked":["Sozu","Velvet Choker"],"picked":"Cursed Key"}],"items_purged_floors":[46],"is_endless":false,"potions_floor_spawned":[4,6,8,11,16,23,28,31,33,36,39,44,47],"ascension_level":1}}