{"host":"kdt6w7ix8lwe69i9","time":1614359003,"event":{"mods":["100% Spire Juice","Aya Shameimaru","BaseMod","ChefMod","Evolution","Koishi","Minty Spire (QoL Compilation)","Poor People Problems","Reimu（博丽灵梦）","Robot Space Explorer","Shade Mod","Shapeshifter Mod","StSLib","The Druid","The Gatherer","The Poker Player","The Servant 0.9.4","TheSurvivalist"],"gold_per_floor":[116,128,179,22,31,58,58,85,164,188,215,253,9,30,30,141,450,472,491,169,169,94,94,131,131,131],"floor_reached":25,"language":"ENG","playtime":3650,"items_purged":[],"score":271,"play_id":"ae8d1e48-73f8-4805-a0f6-1f69f5a7f21a","local_time":"20210226120323","is_ascension_mode":false,"campfire_choices":[{"data":"shameimaru:DashingGrace","floor":7,"key":"SMITH"},{"data":"shameimaru:DashingGrace","floor":15,"key":"SMITH"},{"data":"shameimaru:DashingGrace","floor":23,"key":"SMITH"}],"circlet_count":0,"master_deck":["shameimaru:Persuade","shameimaru:Persuade","shameimaru:Persuade","shameimaru:Persuade","shameimaru:Defend","shameimaru:Defend","shameimaru:Defend","shameimaru:Defend","shameimaru:PlayfulTaunt","shameimaru:SnapshotStrike","shameimaru:DashingGrace+1","shameimaru:InstantShotJournalist","shameimaru:ShootTheBullet","shameimaru:Galeforce","shameimaru:Photoshoot","shameimaru:DashingGrace+1","shameimaru:DashingGrace+1","shameimaru:GatherEvidence","CurseOfTheBell","shameimaru:ReporterInstinct","shameimaru:ReporterInstinct","shameimaru:Tailwind","shameimaru:HighlightReel"],"relics":["shameimaru:blackbirdfeather","EVO:Axolotl","Orichalcum","CeramicFish","Anchor","Vajra","Pen Nib","Shuriken","Calling Bell","MealTicket","Singing Bowl","Old Coin","Meat on the Bone","Bag of Preparation"],"acts_visited":["Exordium","TheCity"],"potions_floor_usage":[12,16,18,24,25],"damage_taken":[{"damage":0,"enemies":"Small Slimes","floor":1,"turns":3},{"damage":0,"enemies":"Jaw Worm","floor":2,"turns":3},{"damage":0,"enemies":"2 Louse","floor":6,"turns":2},{"damage":6,"enemies":"Exordium Thugs","floor":8,"turns":5},{"damage":1,"enemies":"2 Fungi Beasts","floor":10,"turns":3},{"damage":7,"enemies":"Lagavulin","floor":12,"turns":5},{"damage":4,"enemies":"Large Slime","floor":14,"turns":4},{"damage":48,"enemies":"Hexaghost","floor":16,"turns":11},{"damage":13,"enemies":"Chosen","floor":18,"turns":4},{"damage":11,"enemies":"Shell Parasite","floor":19,"turns":4},{"damage":62,"enemies":"Slavers","floor":24,"turns":10},{"damage":26,"enemies":"Centurion and Healer","floor":25,"turns":7}],"seed_played":"6121713338742765443","potions_obtained":[{"floor":6,"key":"Block Potion"},{"floor":8,"key":"DistilledChaos"},{"floor":16,"key":"DistilledChaos"},{"floor":19,"key":"SteroidPotion"},{"floor":24,"key":"SpeedPotion"}],"is_trial":false,"path_per_floor":["M","M","?","$","?","M","R","M","T","M","T","E","$","M","R","B",null,"M","M","$","?","?","R","E","M"],"character_chosen":"AYA","items_purchased":["CeramicFish","Shuriken","Meat on the Bone","shameimaru:Tailwind"],"campfire_rested":0,"item_purchase_floors":[4,13,20,20],"current_hp_per_floor":[80,80,80,80,80,80,80,74,74,73,73,66,66,62,62,14,80,67,56,71,71,71,71,21,0,0],"gold":131,"neow_bonus":"RANDOM_COMMON_RELIC","is_daily":false,"chose_seed":false,"campfire_upgraded":3,"win_rate":0.0,"timestamp":1614359003,"path_taken":["M","M","?","?","?","M","R","M","T","M","?","E","$","M","R","BOSS","M","M","$","?","?","R","E","M"],"items_purchased_type":["Relic","Relic","Relic","Card"],"build_version":"2020-12-22","purchased_purges":0,"victory":false,"max_hp_per_floor":[80,80,80,80,80,80,80,80,80,80,80,80,80,80,80,80,80,80,80,80,80,80,80,80,80,80],"card_choices":[{"not_picked":["shameimaru:ShootTheBullet","shameimaru:CandidShot"],"picked":"shameimaru:DashingGrace","floor":1},{"not_picked":["shameimaru:DoctoredImage","shameimaru:ForseenReaction"],"picked":"shameimaru:InstantShotJournalist","floor":2},{"not_picked":["shameimaru:Opportunity","shameimaru:GaleBullet"],"picked":"shameimaru:ShootTheBullet","floor":6},{"not_picked":["shameimaru:ShootTheBullet","shameimaru:LibraryResearch"],"picked":"shameimaru:Galeforce","floor":8},{"not_picked":["shameimaru:BlindingSpeed","shameimaru:Photocopier"],"picked":"shameimaru:Photoshoot","floor":10},{"not_picked":["shameimaru:BlindingSpeed","shameimaru:FreezeFrame"],"picked":"shameimaru:DashingGrace","floor":12},{"not_picked":["shameimaru:ShootTheBullet","shameimaru:InstantShotJournalist"],"picked":"shameimaru:DashingGrace","floor":14},{"not_picked":["shameimaru:IllusoryDominance","shameimaru:PhotoAlbum"],"picked":"shameimaru:GatherEvidence","floor":16},{"not_picked":["shameimaru:EvasiveManeuver","shameimaru:Photocopier+1"],"picked":"shameimaru:ReporterInstinct","floor":18},{"not_picked":["shameimaru:Foresight","shameimaru:FreezeFrame"],"picked":"shameimaru:ReporterInstinct","floor":19},{"not_picked":["shameimaru:MassDeletion","shameimaru:QuickReporting"],"picked":"shameimaru:HighlightReel","floor":24}],"player_experience":1798151,"relics_obtained":[{"floor":11,"key":"Vajra"},{"floor":12,"key":"Pen Nib"},{"floor":17,"key":"MealTicket"},{"floor":17,"key":"Singing Bowl"},{"floor":17,"key":"Old Coin"},{"floor":24,"key":"Bag of Preparation"}],"event_choices":[{"damage_healed":0,"gold_gain":51,"player_choice":"Gained Gold","damage_taken":0,"max_hp_gain":0,"max_hp_loss":0,"event_name":"Golden Wing","floor":3,"gold_loss":0},{"damage_healed":0,"gold_gain":0,"player_choice":"Box","damage_taken":0,"relics_obtained":["Anchor"],"max_hp_gain":0,"max_hp_loss":0,"event_name":"Big Fish","floor":5,"gold_loss":0,"cards_obtained":["Regret"]},{"damage_healed":0,"gold_gain":0,"player_choice":"Ignored","damage_taken":0,"max_hp_gain":0,"max_hp_loss":0,"event_name":"Vampires","floor":21,"gold_loss":0},{"cards_removed":["Regret"],"damage_healed":0,"gold_gain":0,"player_choice":"Gave Gold","damage_taken":0,"max_hp_gain":0,"max_hp_loss":0,"event_name":"Beggar","floor":22,"gold_loss":75}],"is_beta":false,"boss_relics":[{"not_picked":["Tiny House","Runic Dome"],"picked":"Calling Bell"}],"items_purged_floors":[],"is_endless":false,"potions_floor_spawned":[1,6,8,16,19,24],"killed_by":"Centurion and Healer","ascension_level":0}}