{"host":"7wwmf5ihvdzput8s","time":1614330283,"event":{"mods":["BaseMod","Minty Spire (QoL Compilation)","Quick Restart","Replay The Spire","StSLib","UnlockEverythingMod"],"gold_per_floor":[111,111,182,182,197,250,250,276,276,311,74,88,88,88,88,177,240,253,497,522,556,580,623,623,667,694,737,276,213,249,258,258,357,357,370,271,287,620,620,650,681,681,681,681,725,725,424,50,75,75,75],"floor_reached":52,"language":"ZHS","playtime":769,"items_purged":["Quick Slash","Clash","FlurryOfBlows","Decay","Dagger Spray"],"score":2197,"play_id":"aba94dcd-b53e-4c38-91c3-b9a6df8a7496","local_time":"20210226170443","daily_mods":["SealedDeck","Vintage","Green Cards","Purple Cards","Heirloom","Time Dilation","Flight","DeadlyEvents","Elite Swarm","Lethality","Night Terrors"],"is_ascension_mode":true,"campfire_choices":[{"data":"Adrenaline","floor":7,"key":"SMITH"},{"data":"1","floor":13,"key":"LIFT"},{"data":"2","floor":15,"key":"LIFT"},{"data":"Adrenaline","floor":24,"key":"SMITH"},{"data":"3","floor":32,"key":"LIFT"},{"data":"Ragnarok","floor":42,"key":"SMITH"},{"data":"Ragnarok","floor":42,"key":"SMITH"},{"data":"Sword Boomerang","floor":44,"key":"SMITH"},{"data":"Pommel Strike","floor":44,"key":"SMITH"},{"data":"Limit Break","floor":46,"key":"SMITH"},{"data":"Pommel Strike","floor":46,"key":"SMITH"}],"circlet_count":0,"master_deck":["AscendersBane","CutThroughFate+1","FlurryOfBlows+1","Pommel Strike+1","Pommel Strike+1","Dagger Spray","Slice+1","Crescendo+1","Adrenaline+1","Adrenaline+1","Ragnarok+1","Ragnarok+1","Sword Boomerang+1","Limit Break+1","Sword Boomerang"],"relics":["Unceasing Top","Girya","Pocketwatch","NeowsBlessing","War Paint","CeramicFish","Odd Mushroom","InkBottle","PreservedInsect","Guide Book","Gremlin Food","Tiny House","Charon\u0027s Ashes","Potion Belt","Chameleon Ring","Boot","White Beast Statue","Durian","Oddly Smooth Stone","Replay:Arrowhead","Membership Card","Vajra","Gambling Chip","Replay:Mystery Machine","Garlic","Replay:Ringing Soul","Mango","Eternal Feather","Quantum Egg","Prayer Wheel","Medical Kit","Replay:Baseball","Golden Egg","Toolbox","ReplayTheSpireMod:Shallot","Incense Burner"],"acts_visited":["Exordium","TheCity","TheBeyond"],"potions_floor_usage":[10,16,33,33,33,33,37,41,51,51],"damage_taken":[{"damage":0,"enemies":"Cultist","floor":1,"turns":1},{"damage":0,"enemies":"Jaw Worm","floor":5,"turns":1},{"damage":0,"enemies":"Lagavulin","floor":6,"turns":1},{"damage":0,"enemies":"The Mushroom Lair","floor":8,"turns":1},{"damage":0,"enemies":"3 Sentries","floor":10,"turns":2},{"damage":0,"enemies":"Small Slimes","floor":12,"turns":1},{"damage":0,"enemies":"The Guardian","floor":16,"turns":1},{"damage":0,"enemies":"Spheric Guardian","floor":18,"turns":1},{"damage":0,"enemies":"Shell Parasite","floor":20,"turns":1},{"damage":0,"enemies":"Slavers","floor":21,"turns":1},{"damage":0,"enemies":"Chosen and Byrds","floor":22,"turns":1},{"damage":0,"enemies":"Gremlin Leader","floor":23,"turns":1},{"damage":0,"enemies":"Book of Stabbing","floor":25,"turns":1},{"damage":0,"enemies":"Gremlin Leader","floor":27,"turns":1},{"damage":0,"enemies":"Book of Stabbing","floor":30,"turns":1},{"damage":0,"enemies":"Pondfish","floor":33,"turns":1},{"damage":0,"enemies":"Orb Walker","floor":35,"turns":1},{"damage":0,"enemies":"3 Darklings","floor":37,"turns":1},{"damage":0,"enemies":"R_Hoarder","floor":40,"turns":1},{"damage":0,"enemies":"Reptomancer","floor":41,"turns":1},{"damage":0,"enemies":"R_Hoarder","floor":45,"turns":1},{"damage":0,"enemies":"Mind Bloom Boss Battle","floor":49,"turns":1},{"damage":0,"enemies":"Replay:Hell Engine","floor":50,"turns":1},{"damage":0,"enemies":"Awakened One","floor":51,"turns":2}],"seed_played":"-4044021548822497817","potions_obtained":[{"floor":6,"key":"AttackPotion"},{"floor":10,"key":"FearPotion"},{"floor":17,"key":"SkillPotion"},{"floor":18,"key":"Venom Potion"},{"floor":22,"key":"Energy Potion"},{"floor":25,"key":"SteroidPotion"},{"floor":33,"key":"Weak Potion"},{"floor":35,"key":"SkillPotion"},{"floor":37,"key":"SkillPotion"},{"floor":40,"key":"Adrenaline Potion"},{"floor":41,"key":"Fruit Juice"},{"floor":45,"key":"BloodPotion"}],"is_trial":true,"path_per_floor":["M","WH","?","?","M","E","R","?","T","E","$","M","R","$","R","B",null,"M","?","M","E","M","E","R","E","T","E","$","$","E","?","R","B",null,"M","$","M","?","WH","E","E","R","T","R","E","R","$","$","R","B","B",null],"character_chosen":"IRONCLAD","items_purchased":["Guide Book","Membership Card","Vajra","Gambling Chip","Sword Boomerang","Dagger Spray","Medical Kit","Replay:Baseball","Sword Boomerang","Adrenaline Potion","Golden Egg","Toolbox","ReplayTheSpireMod:Shallot"],"campfire_rested":0,"item_purchase_floors":[11,28,28,28,36,36,47,47,47,47,48,48,48],"current_hp_per_floor":[68,68,68,68,68,68,68,68,68,68,68,68,68,68,68,68,73,73,49,49,49,49,49,49,54,54,54,54,54,54,54,54,54,72,72,72,72,72,79,93,100,106,106,106,109,109,112,112,112,112,112],"gold":75,"neow_bonus":"TEN_PERCENT_HP_BONUS","is_daily":false,"chose_seed":false,"campfire_upgraded":8,"win_rate":0.0,"timestamp":1614330283,"path_taken":["M","WH","?","?","M","E","R","?","T","E","$","?","R","?","R","BOSS","M","?","M","?","?","E","R","E","T","E","$","$","?","?","R","BOSS","M","$","?","?","WH","E","E","R","T","R","E","R","$","$","R","BOSS","BOSS"],"items_purchased_type":["Relic","Relic","Relic","Relic","Card","Card","Relic","Relic","Card","Potion","Relic","Relic","Relic"],"build_version":"2020-12-22","purchased_purges":5,"victory":true,"max_hp_per_floor":[75,75,75,68,68,68,68,68,68,68,68,68,68,68,68,68,73,73,73,73,73,73,73,73,78,78,78,78,78,78,78,78,78,78,78,78,78,78,85,99,106,106,106,106,109,109,112,112,112,112,112],"card_choices":[{"not_picked":["Demon Form","Vault"],"picked":"Adrenaline","floor":6},{"not_picked":["Barricade","Juggernaut","Devotion"],"picked":"SKIP","floor":10},{"not_picked":["Replay:Bag of Tricks","Wraith Form v2","Impervious"],"picked":"SKIP","floor":21},{"not_picked":["A Thousand Cuts","Night Terror"],"picked":"Adrenaline","floor":23},{"not_picked":["Vault","Corpse Explosion"],"picked":"Ragnarok","floor":25},{"not_picked":["Corpse Explosion","DevaForm","ConjureBlade"],"picked":"SKIP","floor":27},{"not_picked":["Wish","Bludgeon","SpiritShield"],"picked":"SKIP","floor":30},{"not_picked":["MasterReality","Corruption"],"picked":"Ragnarok","floor":33},{"not_picked":["DeusExMachina","Replay:Many Hands","Doppelganger"],"picked":"SKIP","floor":40},{"not_picked":["Berserk","Eclipse","Corpse Explosion"],"picked":"SKIP","floor":41},{"not_picked":["Glass Knife","Demonic Infusion"],"picked":"Limit Break","floor":45}],"player_experience":86102,"relics_obtained":[{"floor":1,"key":"Pocketwatch"},{"floor":5,"key":"War Paint"},{"floor":6,"key":"CeramicFish"},{"floor":8,"key":"Odd Mushroom"},{"floor":9,"key":"InkBottle"},{"floor":10,"key":"PreservedInsect"},{"floor":12,"key":"Gremlin Food"},{"floor":18,"key":"Charon\u0027s Ashes"},{"floor":20,"key":"Potion Belt"},{"floor":21,"key":"Chameleon Ring"},{"floor":22,"key":"Boot"},{"floor":23,"key":"White Beast Statue"},{"floor":25,"key":"Durian"},{"floor":26,"key":"Oddly Smooth Stone"},{"floor":27,"key":"Replay:Arrowhead"},{"floor":30,"key":"Replay:Mystery Machine"},{"floor":35,"key":"Garlic"},{"floor":37,"key":"Replay:Ringing Soul"},{"floor":40,"key":"Mango"},{"floor":41,"key":"Eternal Feather"},{"floor":43,"key":"Quantum Egg"},{"floor":45,"key":"Prayer Wheel"},{"floor":49,"key":"Incense Burner"}],"event_choices":[{"damage_healed":0,"gold_gain":71,"player_choice":"Gained Gold","damage_taken":0,"max_hp_gain":0,"max_hp_loss":0,"event_name":"Golden Wing","floor":3,"gold_loss":0},{"damage_healed":0,"gold_gain":0,"player_choice":"Lose Max HP","damage_taken":0,"relics_obtained":["Golden Idol"],"max_hp_gain":0,"max_hp_loss":7,"event_name":"Golden Idol","floor":4,"gold_loss":0},{"damage_healed":0,"gold_gain":0,"player_choice":"Fought Mushrooms","damage_taken":0,"max_hp_gain":0,"max_hp_loss":0,"event_name":"Mushrooms","floor":8,"gold_loss":0},{"damage_healed":0,"gold_gain":0,"player_choice":"Cursed","damage_taken":0,"max_hp_gain":0,"max_hp_loss":0,"event_name":"Wheel of Change","floor":31,"gold_loss":0,"cards_obtained":["Decay"]},{"damage_healed":0,"gold_gain":333,"player_choice":"Gave Idol","damage_taken":0,"max_hp_gain":0,"max_hp_loss":0,"event_name":"The Moai Head","floor":38,"relics_lost":["Golden Idol"],"gold_loss":0},{"damage_healed":0,"gold_gain":0,"player_choice":"Fight","damage_taken":0,"max_hp_gain":0,"max_hp_loss":0,"event_name":"MindBloom","floor":49,"gold_loss":0}],"is_beta":false,"boss_relics":[{"not_picked":["Ring of Chaos","ChewingGum"],"picked":"Tiny House"},{"not_picked":["Cursed Key","Calling Bell","Abe\u0027s Treasure"]}],"items_purged_floors":[11,28,29,36,47],"is_endless":false,"potions_floor_spawned":[6,10,18,22,25,27,30,33,35,37,40,41,45,49],"ascension_level":20}}