{"host":"9gxprskaw0c5jpbt","time":1614382659,"event":{"mods":["AchievementEnabler","BaseMod","Colored Map","Highlight Path","KOR Keyword Fix","Minty Spire (QoL Compilation)","Rare Cards Sparkle","StSLib","SuperFastMode","everything is the same but u backflip on backflip"],"gold_per_floor":[119,119,119,119,64,90,90,90,90,15,15,45,15,28,28,28,28],"floor_reached":16,"language":"KOR","playtime":241,"items_purged":[],"score":308,"play_id":"375a4315-dc2b-4884-946d-1793aafd1bf1","local_time":"20210227083739","is_ascension_mode":true,"campfire_choices":[{"data":"Iron Wave","floor":7,"key":"SMITH"},{"data":"Pommel Strike","floor":15,"key":"SMITH"}],"circlet_count":0,"master_deck":["AscendersBane","Strike_R","Strike_R","Strike_R","Defend_R","Defend_R","Defend_R","Defend_R","Bash+1","Sword Boomerang","Thunderclap","Iron Wave+1","Wild Strike","Twin Strike","Rage","Shrug It Off","Pommel Strike+1"],"relics":["Burning Blood","NeowsBlessing","Turnip","Anchor","Potion Belt","Prayer Wheel"],"acts_visited":["Exordium"],"potions_floor_usage":[16],"damage_taken":[{"damage":0,"enemies":"2 Louse","floor":1,"turns":1},{"damage":0,"enemies":"Lagavulin","floor":6,"turns":1},{"damage":0,"enemies":"3 Sentries","floor":12,"turns":2},{"damage":2,"enemies":"Jaw Worm","floor":14,"turns":3},{"damage":59,"enemies":"Slime Boss","floor":16,"turns":9}],"seed_played":"-6097594506885541821","potions_obtained":[{"floor":1,"key":"DistilledChaos"}],"is_trial":false,"path_per_floor":["M","?","?","?","$","E","R","?","T","$","?","E","$","M","R","B"],"character_chosen":"IRONCLAD","items_purchased":["Thunderclap","Wild Strike","Twin Strike","Shrug It Off"],"campfire_rested":0,"item_purchase_floors":[5,10,10,13],"current_hp_per_floor":[74,74,48,41,41,47,47,47,47,47,47,53,53,57,57,0,0],"gold":28,"neow_bonus":"THREE_ENEMY_KILL","is_daily":false,"chose_seed":false,"campfire_upgraded":2,"win_rate":0.0,"timestamp":1614382659,"path_taken":["M","?","?","?","?","E","R","?","T","$","?","E","$","M","R","BOSS"],"items_purchased_type":["Card","Card","Card","Card"],"build_version":"2020-12-22","purchased_purges":0,"victory":false,"max_hp_per_floor":[75,75,75,75,75,75,75,75,75,75,75,75,75,75,75,75,75],"card_choices":[{"not_picked":["Blood for Blood","Whirlwind"],"picked":"Sword Boomerang","floor":1},{"not_picked":["Pummel","Armaments"],"picked":"Iron Wave","floor":6},{"not_picked":["Body Slam","Uppercut"],"picked":"Rage","floor":12},{"not_picked":["Iron Wave","Body Slam"],"picked":"Pommel Strike","floor":14},{"not_picked":["Searing Blow","Clash","Pommel Strike"],"picked":"SKIP","floor":14},{"not_picked":["Searing Blow","Clash","Pommel Strike"],"picked":"SKIP","floor":14}],"player_experience":997943,"relics_obtained":[{"floor":6,"key":"Anchor"},{"floor":9,"key":"Potion Belt"},{"floor":12,"key":"Prayer Wheel"}],"event_choices":[{"damage_healed":0,"gold_gain":0,"player_choice":"Ignored","damage_taken":0,"max_hp_gain":0,"max_hp_loss":0,"event_name":"Shining Light","floor":2,"gold_loss":0},{"damage_healed":0,"gold_gain":0,"player_choice":"Success","damage_taken":26,"relics_obtained":["Turnip"],"max_hp_gain":0,"max_hp_loss":0,"event_name":"Scrap Ooze","floor":3,"gold_loss":0},{"cards_removed":["Strike_R"],"damage_healed":0,"gold_gain":0,"player_choice":"Card Removal","damage_taken":7,"max_hp_gain":0,"max_hp_loss":0,"event_name":"Golden Wing","floor":4,"gold_loss":0},{"damage_healed":0,"gold_gain":0,"player_choice":"Grow","damage_taken":0,"max_hp_gain":0,"max_hp_loss":0,"event_name":"Living Wall","floor":8,"gold_loss":0,"cards_upgraded":["Bash"]},{"cards_removed":["Strike_R"],"damage_healed":0,"gold_gain":0,"player_choice":"Offered Basic","damage_taken":0,"max_hp_gain":0,"max_hp_loss":0,"event_name":"Bonfire Elementals","floor":11,"gold_loss":0}],"is_beta":false,"boss_relics":[],"items_purged_floors":[],"is_endless":false,"potions_floor_spawned":[1],"killed_by":"Slime Boss","ascension_level":20}}