{"host":"75labscqqrd170u0","time":1614328367,"event":{"mods":["BaseMod","Minty Spire (QoL Compilation)","Replay The Spire","StSLib"],"gold_per_floor":[117,137,154,229,240,269,283,283,283,283,295,295,309,309,309,409,409,424,424,434,709,709,709],"floor_reached":22,"language":"ENG","playtime":978,"items_purged":[],"score":188,"play_id":"c902501b-f104-41e1-bac7-4cd2e8172d9c","local_time":"20210226033247","is_ascension_mode":false,"campfire_choices":[{"floor":10,"key":"REST"},{"floor":12,"key":"REST"},{"data":"Machine Learning","floor":15,"key":"SMITH"}],"circlet_count":0,"master_deck":["Strike_B","Strike_B","Strike_B","Strike_B","Defend_B","Defend_B","Defend_B","Defend_B","Zap","Dualcast","Gash","Gash","Machine Learning+1","Sweeping Beam","Jack Of All Trades","Hologram","Echo Form","Regret"],"relics":["Runic Dome","Quantum Egg","Busted Crown","Replay:Bottled Flurry"],"acts_visited":["Exordium","TheCity"],"potions_floor_usage":[5,13,16,18,18],"damage_taken":[{"damage":4,"enemies":"Cultist","floor":1,"turns":4},{"damage":7,"enemies":"2 Louse","floor":2,"turns":3},{"damage":3,"enemies":"Small Slimes","floor":3,"turns":3},{"damage":0,"enemies":"Gremlin Gang","floor":5,"turns":2},{"damage":16,"enemies":"Lagavulin","floor":6,"turns":7},{"damage":18,"enemies":"Exordium Wildlife","floor":7,"turns":6},{"damage":3,"enemies":"Red Slaver","floor":11,"turns":3},{"damage":0,"enemies":"3 Louse","floor":13,"turns":2},{"damage":23,"enemies":"Slime Boss","floor":16,"turns":9},{"damage":13,"enemies":"Spheric Guardian","floor":18,"turns":4},{"damage":27,"enemies":"2 Thieves","floor":20,"turns":4},{"damage":46,"enemies":"Shelled Parasite and Fungi","floor":22,"turns":4}],"seed_played":"-6844040935893855372","potions_obtained":[{"floor":1,"key":"Explosive Potion"},{"floor":7,"key":"Fire Potion"},{"floor":13,"key":"SpeedPotion"},{"floor":14,"key":"AttackPotion"},{"floor":14,"key":"DistilledChaos"},{"floor":16,"key":"BlessingOfTheForge"}],"is_trial":false,"path_per_floor":["M","M","M","?","M","E","M","?","T","R","M","R","M","?","R","B",null,"M","T","M","?","M"],"character_chosen":"DEFECT","items_purchased":[],"campfire_rested":2,"item_purchase_floors":[],"current_hp_per_floor":[71,64,61,50,50,34,16,16,16,38,35,57,57,57,57,34,75,62,62,35,35,0,0],"gold":709,"neow_bonus":"BOSS_RELIC","is_daily":false,"chose_seed":false,"campfire_upgraded":1,"win_rate":0.0,"timestamp":1614328367,"path_taken":["M","?","M","?","M","E","M","?","T","R","M","R","?","?","R","BOSS","M","?","M","?","M"],"items_purchased_type":[],"build_version":"2020-12-13","purchased_purges":0,"victory":false,"max_hp_per_floor":[75,75,75,75,75,75,75,75,75,75,75,75,75,75,75,75,75,75,75,75,75,75,75],"card_choices":[{"not_picked":["Defragment","Panic Button"],"picked":"Gash","floor":1},{"not_picked":["Steam","Redo"],"picked":"Gash","floor":2},{"not_picked":["Cold Snap","Conserve Battery","Go for the Eyes"],"picked":"SKIP","floor":3},{"not_picked":["Coolheaded","Conserve Battery","Storm"],"picked":"SKIP","floor":5},{"not_picked":["Barrage","Streamline"],"picked":"Machine Learning","floor":6},{"not_picked":["Barrage","Coolheaded","Beam Cell"],"picked":"SKIP","floor":7},{"not_picked":["Turbo","Stack","Panic Button"],"picked":"SKIP","floor":11},{"not_picked":["ReplaySort","Leap"],"picked":"Hologram","floor":13},{"not_picked":["Creative AI","Machine Learning"],"picked":"Echo Form","floor":16},{"not_picked":["Streamline"],"picked":"SKIP","floor":18},{"not_picked":["Cold Snap+1"],"picked":"SKIP","floor":20}],"player_experience":110262,"relics_obtained":[{"floor":6,"key":"Quantum Egg"},{"floor":19,"key":"Replay:Bottled Flurry"}],"event_choices":[{"damage_healed":0,"gold_gain":75,"player_choice":"Gather Gold","damage_taken":11,"max_hp_gain":0,"max_hp_loss":0,"event_name":"World of Goop","floor":4,"gold_loss":0},{"damage_healed":0,"gold_gain":0,"player_choice":"2 cards matched","damage_taken":0,"max_hp_gain":0,"max_hp_loss":0,"event_name":"Match and Keep!","floor":8,"gold_loss":0,"cards_obtained":["Sweeping Beam","Jack Of All Trades"]},{"damage_healed":0,"gold_gain":0,"player_choice":"Got Potions","damage_taken":0,"max_hp_gain":0,"max_hp_loss":0,"event_name":"Lab","floor":14,"gold_loss":0},{"damage_healed":0,"gold_gain":275,"player_choice":"Desecrate","damage_taken":0,"max_hp_gain":0,"max_hp_loss":0,"event_name":"Golden Shrine","floor":21,"gold_loss":0,"cards_obtained":["Regret"]}],"is_beta":false,"boss_relics":[{"not_picked":["ReplayTheSpireMod:DimensionalGlitch","Calling Bell"],"picked":"Busted Crown"}],"items_purged_floors":[],"is_endless":false,"potions_floor_spawned":[1,7,13,16],"killed_by":"Shelled Parasite and Fungi","ascension_level":0}}