{"host":"tod","time":1614342823,"event":{"mods":["ATMod(∞¢Ë™Mod)","AchievementEnabler","Act Like it!","BaseMod","CapriCore","Energized Spire","Highlight Path","Lobotomy","Marisa£®ÏF”Í°°ƒß¿Ì…≥£©","Minty Spire (QoL Compilation)","Quick Restart","Reimu£®≤©¿ˆ¡È√Œ£©","Relic Filter Mod","Relic Stats","Remilia£®¿Ÿ√◊¿Ú—«£©","Replay The Spire","Shop Mod","StSLib","The Cursed","The Immortal","Yakumo Yukari mod","Youmu£®ªÍ∆«—˝√Œ£©"],"gold_per_floor":[211,311,324,196,92,92,104,139,162,175,175,186,186,186,186,285,285,295,309,209,209,227,252,14,14,14,31,31,31,31,48,48,153,153,169,185,195,210,60,60,86,86,86,115,80,80,180,190,190,190,190],"floor_reached":52,"language":"ZHS","playtime":2274,"items_purged":["Strike_B","Strike_B","Strike_B","Strike_B"],"score":918,"play_id":"42917e37-41ad-4d33-8ecd-21464b1c5102","local_time":"20210226203343","is_ascension_mode":true,"campfire_choices":[{"data":"AT_RightCognition","floor":6.0,"key":"SMITH"},{"floor":11.0,"key":"REST"},{"floor":13.0,"key":"REST"},{"floor":15.0,"key":"REST"},{"floor":25.0,"key":"REST"},{"data":"AT_ThreeBodyProblem","floor":28.0,"key":"SMITH"},{"floor":30.0,"key":"DIG"},{"floor":32.0,"key":"DIG"},{"floor":40,"key":"DIG"},{"floor":42,"key":"DIG"},{"floor":46,"key":"DIG"},{"floor":49,"key":"REST"}],"circlet_count":0,"master_deck":["Defend_B+1","Defend_B","Defend_B","Defend_B","Zap","Dualcast+1","AT_RightCognition+1","Cold Snap","Fusion","Conserve Battery","Coolheaded","Ball Lightning","AT_ThreeBodyProblem+1","Glacier","Meteor Strike","AT_DarkMatter","White Noise+1","AT_ThreeBodyProblem","Electrodynamics","AT_WaterDrop","AT_WaterDrop","AT_StudyProgram","Chill+1","White Noise","FIFO Queue"],"relics":["Cracked Core","AT_ATBox","ReplayTheSpireMod:Lightbulb","energizedSpire:SpiderWeb","Nloth\u0027s Gift","Eternal Feather","Membership Card","PureWhite:ReiMu","Shovel","MealTicket","AT_EbonyIvory","SlaversCollar","DataDisk","AT_BellDemon","AT_SpeedBoots","Blood Vial","Divine Protection","Shuriken","Replay:PocketPolymizer"],"acts_visited":["Exordium","TheCity","TheBeyond"],"potions_floor_usage":[50,50],"damage_taken":[{"damage":9.0,"enemies":"Small Slimes","floor":1.0,"turns":5.0},{"damage":6.0,"enemies":"Cultist","floor":3.0,"turns":4.0},{"damage":14.0,"enemies":"2 Louse","floor":7.0,"turns":4.0},{"damage":18.0,"enemies":"3 Sentries","floor":8.0,"turns":7.0},{"damage":19.0,"enemies":"Gremlin Gang","floor":10.0,"turns":5.0},{"damage":15.0,"enemies":"Exordium Thugs","floor":12.0,"turns":4.0},{"damage":30.0,"enemies":"The Guardian","floor":16.0,"turns":9.0},{"damage":4.0,"enemies":"Chosen","floor":18.0,"turns":3.0},{"damage":19.0,"enemies":"2 Thieves","floor":19.0,"turns":4.0},{"damage":26.0,"enemies":"Snake Plant","floor":22.0,"turns":5.0},{"damage":14.0,"enemies":"Book of Stabbing","floor":23.0,"turns":3.0},{"damage":0.0,"enemies":"Snecko","floor":27.0,"turns":3.0},{"damage":0.0,"enemies":"3 Cultists","floor":31.0,"turns":4.0},{"damage":0.0,"enemies":"Automaton","floor":33.0,"turns":6.0},{"damage":21.0,"enemies":"3 Darklings","floor":35.0,"turns":3.0},{"damage":4.0,"enemies":"3 Shapes","floor":36.0,"turns":3.0},{"damage":17.0,"enemies":"Maw","floor":37.0,"turns":6.0},{"damage":8,"enemies":"4 Shapes","floor":38,"turns":3},{"damage":6,"enemies":"Nemesis","floor":41,"turns":7},{"damage":0,"enemies":"R_Hoarder","floor":44,"turns":6},{"damage":56,"enemies":"Transient","floor":48,"turns":5},{"damage":12,"enemies":"Awakened One","floor":50,"turns":9}],"seed_played":"358003605388943153","potions_obtained":[{"floor":1.0,"key":"EssenceOfSteel"},{"floor":10.0,"key":"Explosive Potion"},{"floor":12.0,"key":"Energy Potion"},{"floor":16.0,"key":"Explosive Potion"},{"floor":22.0,"key":"PowerPotion"},{"floor":23.0,"key":"LifebloodPotion"},{"floor":27.0,"key":"Doom Potion"},{"floor":33.0,"key":"GamblersBrew"},{"floor":36.0,"key":"Dexterity Potion"},{"floor":38,"key":"ZuzhouPotion:ReiMu"},{"floor":44,"key":"Reflective Coating"}],"is_trial":false,"path_per_floor":["M","?","M","$","$","R","M","E","T","M","R","M","R","?","R","B",null,"M","M","$","?","M","E","$","R","T","M","R","T","R","M","R","B",null,"M","M","M","M","$","R","E","R","T","E","$","R","?","M","R","B",null,null],"character_chosen":"DEFECT","items_purchased":["Conserve Battery","Coolheaded","Ball Lightning","Membership Card","AT_ThreeBodyProblem","DataDisk","FIFO Queue"],"campfire_rested":5,"item_purchase_floors":[4,5,5,24,24,39,45],"current_hp_per_floor":[66,66,60,60,60,60,46,28,28,9,31,16,38,23,45,15,75,71,52,52,52,26,12,12,43,43,43,52,52,61,61,73,73,75,54,50,33,25,40,52,46,58,58,60,75,75,75,19,56,46,46],"gold":190,"neow_bonus":"HUNDRED_GOLD","is_daily":false,"chose_seed":false,"campfire_upgraded":2,"win_rate":0.0,"timestamp":1614342823,"path_taken":["M","?","M","?","$","R","M","E","T","M","R","M","R","?","R","BOSS","M","M","$","?","M","E","$","R","T","?","R","?","R","M","R","BOSS","M","M","M","M","$","R","E","R","T","E","$","R","?","?","R","BOSS"],"items_purchased_type":["Card","Card","Card","Relic","Card","Relic","Card"],"build_version":"2020-12-18","purchased_purges":4,"victory":true,"max_hp_per_floor":[75,75,75,75,75,75,75,75,75,75,75,75,75,75,75,75,75,75,75,75,75,75,75,75,75,75,75,75,75,75,75,75,75,75,75,75,75,75,75,75,75,75,75,75,75,75,75,75,75,75,75],"relic_stats":{"Blood Vial":4,"Shovel":5,"counters":[22,108],"Shuriken":[0],"Eternal Feather":78,"MealTicket":30,"Nloth\u0027s Gift":1,"obtain_stats":[{"AT_BellDemon":40,"Divine Protection":43,"AT_ATBox":0,"Replay:PocketPolymizer":46,"Happy Flower":8,"Eternal Feather":23,"AT_EbonyIvory":32,"energizedSpire:SpiderWeb":17,"Blood Vial":42,"SlaversCollar":34,"PureWhite:ReiMu":26,"DataDisk":39,"AT_SpeedBoots":41,"Shovel":29,"Shuriken":44,"MealTicket":30,"Nloth\u0027s Gift":21,"Membership Card":24,"Cracked Core":0,"ReplayTheSpireMod:Lightbulb":9},{"AT_BellDemon":18,"Divine Protection":19,"AT_ATBox":0,"Replay:PocketPolymizer":20,"Happy Flower":4,"Eternal Feather":11,"AT_EbonyIvory":13,"energizedSpire:SpiderWeb":7,"Blood Vial":19,"SlaversCollar":14,"PureWhite:ReiMu":11,"DataDisk":18,"AT_SpeedBoots":19,"Shovel":12,"Shuriken":20,"MealTicket":12,"Nloth\u0027s Gift":9,"Membership Card":11,"Cracked Core":0,"ReplayTheSpireMod:Lightbulb":4},{"AT_BellDemon":81,"Divine Protection":88,"AT_ATBox":0,"Replay:PocketPolymizer":94,"Happy Flower":20,"Eternal Feather":53,"AT_EbonyIvory":60,"energizedSpire:SpiderWeb":38,"Blood Vial":88,"SlaversCollar":66,"PureWhite:ReiMu":53,"DataDisk":81,"AT_SpeedBoots":88,"Shovel":56,"Shuriken":94,"MealTicket":56,"Nloth\u0027s Gift":45,"Membership Card":53,"Cracked Core":0,"ReplayTheSpireMod:Lightbulb":20}]},"card_choices":[{"not_picked":["Scrape","Fusion"],"picked":"Cold Snap","floor":1.0},{"not_picked":["Tempest","Beam Cell"],"picked":"Fusion","floor":3.0},{"not_picked":["BasicCrystalCard","BootSequence"],"picked":"AT_ThreeBodyProblem","floor":7.0},{"not_picked":["Turbo","Sweeping Beam","Machine Learning"],"picked":"SKIP","floor":8.0},{"not_picked":["Leap","Panic Button","Undo"],"picked":"SKIP","floor":10.0},{"not_picked":["AT_HeatAcrobatics","Skim"],"picked":"Glacier","floor":12.0},{"not_picked":["Biased Cognition","Core Surge"],"picked":"Meteor Strike","floor":16.0},{"not_picked":["Steam Power+1","Coolheaded+1"],"picked":"AT_DarkMatter","floor":18.0},{"not_picked":["Rebound","Beam Cell","ReplayGash"],"picked":"SKIP","floor":19.0},{"not_picked":["Panic Button","Hologram+1","Gash"],"picked":"SKIP","floor":22.0},{"not_picked":["Crystallizer","Auto Shields"],"picked":"White Noise+1","floor":23.0},{"not_picked":["Ball Lightning+1","Auto Shields","Rebound"],"picked":"SKIP","floor":27.0},{"not_picked":["Steam","Lockon"],"picked":"Electrodynamics","floor":31.0},{"not_picked":["Multi-Cast","All For One"],"picked":"AT_WaterDrop","floor":33.0},{"not_picked":["ReplayTheSpireMod:Calculation Training","Genetic Algorithm+1"],"picked":"AT_WaterDrop","floor":35.0},{"not_picked":["Cold Snap","Self Repair"],"picked":"AT_StudyProgram","floor":36.0},{"not_picked":["Redo","Streamline+1"],"picked":"Chill+1","floor":37},{"not_picked":["Streamline","Fusion"],"picked":"White Noise","floor":38},{"not_picked":["ReplaySort+1","Genetic Algorithm","Leap+1"],"picked":"SKIP","floor":41},{"not_picked":["ReplayTheSpireMod:System Scan","Panic Button+1","Auto Shields+1"],"picked":"SKIP","floor":44},{"not_picked":["Turbo","Barrage","Beam Cell"],"picked":"SKIP","floor":48}],"player_experience":437460,"relics_obtained":[{"floor":8.0,"key":"Happy Flower"},{"floor":9.0,"key":"ReplayTheSpireMod:Lightbulb"},{"floor":23.0,"key":"Eternal Feather"},{"floor":26.0,"key":"PureWhite:ReiMu"},{"floor":29.0,"key":"Shovel"},{"floor":30.0,"key":"MealTicket"},{"floor":32.0,"key":"AT_EbonyIvory"},{"floor":40,"key":"AT_BellDemon"},{"floor":41,"key":"AT_SpeedBoots"},{"floor":42,"key":"Blood Vial"},{"floor":43,"key":"Divine Protection"},{"floor":44,"key":"Shuriken"},{"floor":46,"key":"Replay:PocketPolymizer"}],"event_choices":[{"damage_healed":0.0,"max_hp_gain":0.0,"max_hp_loss":0.0,"gold_gain":100.0,"event_name":"Golden Shrine","player_choice":"Pray","floor":2.0,"gold_loss":0.0,"damage_taken":0.0},{"damage_healed":0.0,"max_hp_gain":0.0,"max_hp_loss":0.0,"gold_gain":0.0,"event_name":"Shining Light","player_choice":"Entered Light","floor":14.0,"gold_loss":0.0,"damage_taken":15.0,"cards_upgraded":["Defend_B","Dualcast"]},{"damage_healed":0.0,"max_hp_gain":0.0,"max_hp_loss":0.0,"gold_gain":0.0,"event_name":"N\u0027loth","player_choice":"Traded Relic","floor":21.0,"relics_lost":["Happy Flower"],"gold_loss":0.0,"damage_taken":0.0,"relics_obtained":["Nloth\u0027s Gift"]},{"damage_healed":0,"gold_gain":100,"player_choice":"Pray","damage_taken":0,"max_hp_gain":0,"max_hp_loss":0,"event_name":"Golden Shrine","floor":47,"gold_loss":0}],"is_beta":true,"boss_relics":[{"not_picked":["energizedSpire:CursedPentagram","Calling Bell"],"picked":"energizedSpire:SpiderWeb"},{"not_picked":["Honey Jar","Sozu"],"picked":"SlaversCollar"}],"items_purged_floors":[4,20,24,39],"is_endless":false,"potions_floor_spawned":[1,10,12,16,22,23,27,33,36,38,44],"ascension_level":3}}