{"host":"e4wnmsyty9uvvtwf","time":1614332673,"event":{"mods":["Act Like it!","BaseMod","Colored Map","Colored Powertips","Gensokyo","Minty Spire (QoL Compilation)","Remilia£®¿Ÿ√◊¿Ú—«£©","StSLib"],"gold_per_floor":[110,126,12,12,12,46,46,56,82,6,6,37,37,248,248,368,368,384,384,384,402,402,402,429,429,429,429,220,220,232,232,232,331,331,351,27,246,246,171,171,171,171,242,270,285,305,334,344,344,344,344,344,88,113,113],"floor_reached":56,"language":"ZHS","playtime":2259,"items_purged":["Strike_RM","Strike_RM"],"score":1856,"play_id":"a12decec-7bda-446b-a861-1eae4b7e7d7f","local_time":"20210226174433","is_ascension_mode":true,"campfire_choices":[{"data":"BloodRain","floor":7,"key":"SMITH"},{"data":"ChainGang","floor":11,"key":"SMITH"},{"data":"UnstableMagic","floor":13,"key":"SMITH"},{"data":"BloodHunter","floor":15,"key":"SMITH"},{"data":"BloodRain","floor":23,"key":"SMITH"},{"data":"CeilingFear","floor":27,"key":"SMITH"},{"data":"BloodAndWine","floor":29,"key":"SMITH"},{"data":"ScarletShoot","floor":32,"key":"SMITH"},{"data":"ScarletMeister","floor":40,"key":"SMITH"},{"floor":42,"key":"RECALL"},{"data":"ForecastOfChange","floor":49,"key":"SMITH"},{"data":"MillenniumVampire","floor":52,"key":"SMITH"}],"circlet_count":0,"master_deck":["AscendersBane","Strike_RM","Strike_RM","Defend_RM","Defend_RM","Defend_RM","Defend_RM","RedMoon+1","ScarletShoot+1","DiffusionOfMisfortune","BloodRain+1","ChainGang+1","UnstableMagic+1","BloodRain+1","BloodAndWine+1","MillenniumVampire+1","ScarletImprint+1","CeilingFear+1","ForecastOfChange+1","ScarletMeister+1","MillenniumVampire+1","VampireClaw+1","DevilSight+1","Septette+1","BloodySeventeenLaser"],"relics":["ScarletHat","Gensokyo:YoukaiFlower","Orichalcum","Ancient Tea Set","Bottled Lightning","Unceasing Top","Coffee Dripper","Gremlin Horn","Gensokyo:ConquerorOfFear","Juzu Bracelet","Medical Kit","Sozu","RedBat","Gensokyo:DualWield","Torii","Singing Bowl","ScarletDevilRocket","Ginger","Boot","Nunchaku"],"acts_visited":["Exordium","Gensokyo:Gensokyo","Gensokyo:Gensokyoer","TheEnding"],"potions_floor_usage":[12,33,55],"damage_taken":[{"damage":7,"enemies":"Gensokyo:Gryphon","floor":1,"turns":4},{"damage":0,"enemies":"Gensokyo:2_Kodama","floor":2,"turns":4},{"damage":13,"enemies":"Gensokyo:Cirno","floor":6,"turns":9},{"damage":22,"enemies":"Gensokyo:Python","floor":8,"turns":5},{"damage":72,"enemies":"Gensokyo:Mamizou","floor":12,"turns":1},{"damage":0,"enemies":"Gensokyo:Kitsune","floor":14,"turns":6},{"damage":13,"enemies":"Gensokyo:Reimu","floor":16,"turns":10},{"damage":31,"enemies":"Gensokyo:3_Dogs","floor":18,"turns":5},{"damage":0,"enemies":"Gensokyo:AngelMirror","floor":21,"turns":2},{"damage":0,"enemies":"Gensokyo:Reisen","floor":24,"turns":2},{"damage":15,"enemies":"Gensokyo:Slime_Group","floor":30,"turns":5},{"damage":55,"enemies":"Gensokyo:Eiki","floor":33,"turns":14},{"damage":8,"enemies":"Gensokyo:AncientGuardian","floor":35,"turns":4},{"damage":12,"enemies":"Gensokyo:3_Bats","floor":37,"turns":3},{"damage":0,"enemies":"Gensokyo:Marisa","floor":44,"turns":3},{"damage":0,"enemies":"Gensokyo:Dusk_and_Dawn","floor":45,"turns":3},{"damage":3,"enemies":"Gensokyo:4_Bats","floor":46,"turns":3},{"damage":17,"enemies":"Gensokyo:Doremy","floor":47,"turns":5},{"damage":4,"enemies":"Gensokyo:SeedOfUnknown","floor":48,"turns":1},{"damage":43,"enemies":"Gensokyo:Yuyuko","floor":50,"turns":4},{"damage":20,"enemies":"Shield and Spear","floor":54,"turns":3},{"damage":43,"enemies":"The Heart","floor":55,"turns":9}],"seed_played":"3690156939372024874","potions_obtained":[{"floor":2,"key":"Fire Potion"},{"floor":6,"key":"Dexterity Potion"},{"floor":12,"key":"BlessingOfTheForge"},{"floor":24,"key":"AttackPotion"}],"is_trial":false,"path_per_floor":["M","M","COS","?","?","E","R","M","T","$","R","E","R","M","R","B",null,"M","?","?","M","?","R","E","?","T","R","COS","R","M","?","R","B",null,"M","COS","M","?","$","R","?","R","T","E","M","M","E","M","R","B",null,"R","$","E","B",null],"character_chosen":"REMILIA","items_purchased":["ChainGang","BloodySeventeenLaser"],"campfire_rested":0,"item_purchase_floors":[10,53],"current_hp_per_floor":[70,70,70,70,70,60,60,41,41,41,41,27,27,31,31,38,71,56,56,56,58,58,58,66,66,66,66,66,66,58,58,58,28,64,66,66,66,66,66,66,36,36,36,64,75,72,78,79,79,79,83,83,83,83,61],"gold":113,"neow_bonus":"TEN_PERCENT_HP_BONUS","is_daily":false,"chose_seed":false,"campfire_upgraded":11,"win_rate":0.0,"timestamp":1614332673,"path_taken":["M","M","COS","?","?","E","R","M","T","$","R","E","R","M","R","BOSS","M","?","?","?","?","R","E","?","T","R","COS","R","M","?","R","BOSS","M","COS","M","?","$","R","?","R","T","E","M","M","E","M","R","BOSS","R","$","E","BOSS"],"items_purchased_type":["Card","Card"],"build_version":"2020-12-22","purchased_purges":2,"victory":true,"max_hp_per_floor":[82,82,82,82,82,82,82,82,82,82,82,82,82,82,82,82,82,82,82,76,76,76,76,76,76,76,76,76,76,76,76,76,76,76,76,76,76,76,76,76,76,76,76,78,78,78,82,84,84,84,84,84,84,86,86],"card_choices":[{"not_picked":["RedRainbow","RedMagic"],"picked":"DiffusionOfMisfortune","floor":1},{"not_picked":["VampireFantasy","BombardNight"],"picked":"ChainGang","floor":2},{"not_picked":["AfternoonTea","FavorOfDestiny"],"picked":"BloodRain","floor":6},{"not_picked":["ScarletNetherworld","FavorOfDestiny"],"picked":"BloodHunter","floor":8},{"not_picked":["FavorOfDestiny","SuperhumanBloodyKnife"],"picked":"UnstableMagic","floor":12},{"not_picked":["ScarletDevil","BombardNight","UltimateOffering"],"picked":"SKIP","floor":14},{"not_picked":["BloodyCatastrophe","TransientEternity"],"picked":"BloodRain","floor":16},{"not_picked":["MiserableFate","ScarletDevil+1"],"picked":"BloodAndWine","floor":18},{"not_picked":["RedRainbow","AfternoonTea"],"picked":"MillenniumVampire+1","floor":21},{"not_picked":["VampireKiss+1","ChaoticDestiny"],"picked":"ScarletImprint+1","floor":24},{"not_picked":["ReincarnationDial+1","FavorOfDestiny+1","MillenniumVampire"],"picked":"SKIP","floor":30},{"not_picked":["DemonKingCradle","BatForm"],"picked":"ForecastOfChange","floor":33},{"not_picked":["ChaoticDestiny","HeartBreak"],"picked":"ScarletMeister","floor":33},{"not_picked":["SuperhumanBloodyKnife+1","DiffusionOfMisfortune"],"picked":"MillenniumVampire","floor":35},{"not_picked":["UnderTheZenith+1","RedRainbow+1"],"picked":"VampireClaw+1","floor":37},{"not_picked":["BloodyTrap","CharismaGuard","RedMagic"],"picked":"Singing Bowl","floor":44},{"not_picked":["BombardNight","Stigmanizer+1"],"picked":"DevilSight+1","floor":45},{"not_picked":["BlasphemousPunishment","ScarletDevil"],"picked":"Septette+1","floor":46},{"not_picked":["BloodyHallows","FitfulNightmare","CharismaGuard"],"picked":"Singing Bowl","floor":47},{"not_picked":["Maim+1","RedNightlessCastle+1","UnderTheZenith+1"],"picked":"Singing Bowl","floor":47},{"not_picked":["BloodHunter","UnderTheZenith","RedRainbow+1"],"picked":"Singing Bowl","floor":48},{"not_picked":["EndlessAdversity+1","BloodHunter","EmergencyRegeneration"],"picked":"Singing Bowl","floor":54}],"player_experience":554772,"relics_obtained":[{"floor":6,"key":"Orichalcum"},{"floor":9,"key":"Ancient Tea Set"},{"floor":12,"key":"Bottled Lightning"},{"floor":24,"key":"Gensokyo:ConquerorOfFear"},{"floor":24,"key":"Juzu Bracelet"},{"floor":43,"key":"Singing Bowl"},{"floor":44,"key":"ScarletDevilRocket"},{"floor":47,"key":"Boot"},{"floor":54,"key":"Nunchaku"}],"event_choices":[],"is_beta":false,"boss_relics":[{"not_picked":["Black Star","Pandora\u0027s Box"],"picked":"Coffee Dripper"},{"not_picked":["SacredBark","Velvet Choker"],"picked":"Sozu"}],"items_purged_floors":[39,53],"is_endless":false,"potions_floor_spawned":[2,6,12,24,46,48,54],"ascension_level":10}}