{"host":"hrvs05np4ys7itky","time":1614361422,"event":{"mods":["BaseMod","Colored Map","Colored Powertips","Downfall","Emptier Cage","Hermit","Highlight Path","Minty Spire (QoL Compilation)","Permanent Neow","Rare Cards Sparkle","Relic Stats","StSLib","everything is the same but u backflip on backflip"],"gold_per_floor":[119,119,6,18,18,37,37,37,37,37,67,80,80,80,80,159,159,179,199,214,229,40,40,56,56,83,133,133,149,149,149],"floor_reached":30,"language":"ENG","playtime":1254,"items_purged":["Regret"],"score":403,"play_id":"b98fa6d3-6c56-443b-8499-729913103f53","local_time":"20210226124342","is_ascension_mode":true,"campfire_choices":[{"data":"Armaments","floor":8.0,"key":"SMITH"},{"data":"Uppercut","floor":10.0,"key":"SMITH"},{"data":"Rampage","floor":13.0,"key":"SMITH"},{"data":"Bash","floor":15.0,"key":"SMITH"},{"floor":23,"key":"REST"},{"data":"Power Through","floor":25,"key":"SMITH"},{"floor":28,"key":"REST"}],"circlet_count":0,"master_deck":["AscendersBane","Bash+1","Anger","Rampage+1","Armaments+1","Uppercut+1","Shrug It Off","Feel No Pain","Berserk","Uppercut","Dual Wield","Limit Break","Searing Blow","Offering","Power Through+1","Spot Weakness+1","Evolve+1","Shrug It Off","Second Wind"],"relics":["Burning Blood","Nunchaku","Mummified Hand","Orichalcum","PreservedInsect","Pandora\u0027s Box","Chemical X","Smiling Mask"],"acts_visited":["Exordium","TheCity"],"potions_floor_usage":[19,20,21,29],"damage_taken":[{"damage":12.0,"enemies":"2 Louse","floor":1.0,"turns":3.0},{"damage":2.0,"enemies":"Jaw Worm","floor":4.0,"turns":3.0},{"damage":8.0,"enemies":"Small Slimes","floor":6.0,"turns":3.0},{"damage":9.0,"enemies":"Gremlin Nob","floor":11.0,"turns":4.0},{"damage":5.0,"enemies":"3 Louse","floor":12.0,"turns":4.0},{"damage":8.0,"enemies":"Hexaghost","floor":16.0,"turns":8.0},{"damage":21.0,"enemies":"2 Thieves","floor":18.0,"turns":4.0},{"damage":9,"enemies":"Spheric Guardian","floor":19,"turns":3},{"damage":22,"enemies":"Snake Plant","floor":20,"turns":4},{"damage":19,"enemies":"Centurion and Healer","floor":21,"turns":6},{"damage":25,"enemies":"3 Cultists","floor":24,"turns":7},{"damage":24,"enemies":"Cultist and Chosen","floor":29,"turns":6},{"damage":31,"enemies":"Slavers","floor":30,"turns":2}],"seed_played":"-4941605550416896707","potions_obtained":[{"floor":6.0,"key":"Block Potion"},{"floor":11.0,"key":"Block Potion"},{"floor":12.0,"key":"SmokeBomb"},{"floor":18.0,"key":"SkillPotion"},{"floor":19,"key":"ColorlessPotion"},{"floor":20,"key":"BlessingOfTheForge"},{"floor":21,"key":"LiquidBronze"}],"is_trial":false,"path_per_floor":["M","?","$","M","?","M","?","R","T","R","E","M","R","?","R","B",null,"M","M","M","M","$","R","M","R","T","?","R","M","E"],"character_chosen":"IRONCLAD","items_purchased":["Rampage","Chemical X","Second Wind"],"campfire_rested":2,"item_purchase_floors":[3,22,22],"current_hp_per_floor":[62,62,62,66,66,64,57,57,57,57,54,55,55,55,55,53,70,55,52,36,23,23,45,26,26,26,26,48,30,0,0],"gold":149,"neow_bonus":"REMOVE_CARD","is_daily":false,"chose_seed":false,"campfire_upgraded":5,"win_rate":0.0,"timestamp":1614361422,"path_taken":["M","?","$","M","?","M","?","R","T","R","E","M","R","?","R","BOSS","M","?","M","M","$","R","M","R","T","?","R","M","E"],"items_purchased_type":["Card","Relic","Card"],"build_version":"2020-12-22","purchased_purges":1,"victory":false,"max_hp_per_floor":[75,75,75,75,75,75,75,75,75,75,75,75,75,75,75,75,75,75,75,75,75,75,75,75,75,75,75,75,75,75,75],"relic_stats":{"Nunchaku":[9],"counters":[13,57],"Mummified Hand":[16],"Pandora\u0027s Box":["Uppercut","Dual Wield","Limit Break","Searing Blow","Offering","Power Through"],"PreservedInsect":40,"Chemical X":[1],"Orichalcum":[30],"Smiling Mask":0,"obtain_stats":[{"Nunchaku":2,"Mummified Hand":9,"Pandora\u0027s Box":17,"PreservedInsect":14,"Chemical X":22,"Orichalcum":11,"Smiling Mask":26,"Burning Blood":0},{"Nunchaku":1,"Mummified Hand":3,"Pandora\u0027s Box":6,"PreservedInsect":5,"Chemical X":10,"Orichalcum":4,"Smiling Mask":11,"Burning Blood":0},{"Nunchaku":3,"Mummified Hand":9,"Pandora\u0027s Box":25,"PreservedInsect":17,"Chemical X":42,"Orichalcum":13,"Smiling Mask":49,"Burning Blood":0}],"Burning Blood":72},"card_choices":[{"not_picked":["Thunderclap","Havoc"],"picked":"Anger","floor":1.0},{"not_picked":["Iron Wave","Sever Soul"],"picked":"Armaments","floor":4.0},{"not_picked":["Wild Strike","Bloodletting","Thunderclap"],"picked":"SKIP","floor":6.0},{"not_picked":["Corruption","Iron Wave"],"picked":"Shrug It Off","floor":11.0},{"not_picked":["Whirlwind","Carnage"],"picked":"Feel No Pain","floor":12.0},{"not_picked":["Exhume","Impervious"],"picked":"Berserk","floor":16.0},{"not_picked":["Body Slam","True Grit"],"picked":"Spot Weakness+1","floor":18.0},{"not_picked":["Cleave","Searing Blow+1"],"picked":"Evolve+1","floor":19},{"not_picked":["Iron Wave+1","Carnage"],"picked":"Shrug It Off","floor":20},{"not_picked":["Cleave+1","Iron Wave","Pummel"],"picked":"SKIP","floor":21},{"not_picked":["Body Slam","Second Wind","Anger"],"picked":"SKIP","floor":24},{"not_picked":["Headbutt","Dual Wield","Wild Strike+1"],"picked":"SKIP","floor":29}],"player_experience":1138147,"relics_obtained":[{"floor":9.0,"key":"Mummified Hand"},{"floor":11.0,"key":"Orichalcum"},{"floor":14.0,"key":"PreservedInsect"},{"floor":26,"key":"Smiling Mask"}],"event_choices":[{"damage_healed":0.0,"max_hp_gain":0.0,"max_hp_loss":0.0,"gold_gain":0.0,"event_name":"Big Fish","player_choice":"Box","floor":2.0,"gold_loss":0.0,"damage_taken":0.0,"relics_obtained":["Nunchaku"],"cards_obtained":["Regret"]},{"damage_healed":0.0,"max_hp_gain":0.0,"max_hp_loss":0.0,"gold_gain":0.0,"cards_transformed":["Strike_R"],"event_name":"Living Wall","player_choice":"Change","floor":5.0,"gold_loss":0.0,"damage_taken":0.0,"cards_obtained":["Uppercut"]},{"cards_removed":["Strike_R"],"damage_healed":0.0,"max_hp_gain":0.0,"max_hp_loss":0.0,"gold_gain":0.0,"event_name":"Golden Wing","player_choice":"Card Removal","floor":7.0,"gold_loss":0.0,"damage_taken":7.0},{"damage_healed":0.0,"max_hp_gain":0.0,"max_hp_loss":0.0,"gold_gain":0.0,"event_name":"Wheel of Change","player_choice":"Relic","floor":14.0,"gold_loss":0.0,"damage_taken":0.0},{"damage_healed":0,"gold_gain":50,"player_choice":"Pray","damage_taken":0,"max_hp_gain":0,"max_hp_loss":0,"event_name":"Golden Shrine","floor":27,"gold_loss":0}],"is_beta":false,"boss_relics":[{"not_picked":["Runic Pyramid","Velvet Choker"],"picked":"Pandora\u0027s Box"}],"items_purged_floors":[3],"is_endless":false,"potions_floor_spawned":[6,11,12,18,19,20,21],"killed_by":"Slavers","ascension_level":15}}