{"host":"xkmvu47k9fdstweo","time":1614306249,"event":{"mods":["BaseMod","Colored Map","Conspire","Downfall","Hubris","Minty Spire (QoL Compilation)","Quick Restart","Shop Mod","StSLib","Waifu the Spire"],"gold_per_floor":[116,126,142,50,50,50,83,83,83,114,132,132,149,149,149,221,221,231,231,60,70,70,98,116,149,149,167,182,217,217,229,229,301,351,366,366,366,17,30,64,79,79,126,126,144,161,41,60,60,60],"floor_reached":51,"language":"ENG","playtime":2249,"items_purged":["Strike_B","downfall:Aged"],"score":1320,"play_id":"15a18cf8-6a57-4bad-8d84-6aa2cb5ff8c7","local_time":"20210225212409","is_ascension_mode":true,"campfire_choices":[{"data":"Chill","floor":6.0,"key":"SMITH"},{"data":"Zap","floor":8.0,"key":"SMITH"},{"floor":15.0,"key":"REST"},{"floor":32,"key":"REST"},{"floor":42,"key":"REST"},{"floor":44,"key":"REST"},{"floor":49,"key":"REST"}],"circlet_count":0,"master_deck":["AscendersBane","Strike_B","Strike_B","Strike_B","Defend_B","Defend_B","Defend_B","Defend_B","Zap+1","Dualcast","Chill+1","Ball Lightning","Hologram","conspire:Banana+1","Coolheaded","Ball Lightning","Leap","Steam","Machine Learning+1","Barrage+1","Apotheosis+1","Sweeping Beam+1","Biased Cognition","Cold Snap","Beam Cell","Skim","Barrage","Core Surge","Echo Form","Glacier","Biased Cognition","Barrage","Storm+1","Capacitor+1","Hologram+1","Conserve Battery+1","downfall:Icky","Electrodynamics","conspire:SharedLibrary","Barrage"],"relics":["Cracked Core","Smiling Mask","Shuriken","hubris:TenFootPole","hubris:Icosahedron","Fusion Hammer","downfall:ExtraCursedKey","Prayer Wheel","conspire:TopHat","conspire:DecoderRing","Tiny House","Anchor","Bag of Marbles","Art of War","Ancient Tea Set"],"acts_visited":["Exordium","TheCity","TheBeyond"],"potions_floor_usage":[33,40,50],"damage_taken":[{"damage":9.0,"enemies":"Cultist","floor":1.0,"turns":5.0},{"damage":0.0,"enemies":"conspire:RoseBush","floor":2.0,"turns":5.0},{"damage":0.0,"enemies":"Jaw Worm","floor":3.0,"turns":3.0},{"damage":18.0,"enemies":"Lagavulin","floor":7.0,"turns":5.0},{"damage":11.0,"enemies":"3 Sentries","floor":10.0,"turns":6.0},{"damage":12.0,"enemies":"Blue Slaver","floor":11.0,"turns":3.0},{"damage":9.0,"enemies":"Red Slaver","floor":13.0,"turns":3.0},{"damage":0.0,"enemies":"Gremlin Nob","floor":14.0,"turns":1.0},{"damage":9.0,"enemies":"The Guardian","floor":16.0,"turns":14.0},{"damage":7.0,"enemies":"Spheric Guardian","floor":18.0,"turns":5.0},{"damage":1.0,"enemies":"conspire:FuzzyDice","floor":21.0,"turns":5.0},{"damage":21.0,"enemies":"Gremlin Leader","floor":23.0,"turns":8.0},{"damage":4.0,"enemies":"Chosen and Byrds","floor":24.0,"turns":4.0},{"damage":1.0,"enemies":"conspire:Head Lice","floor":25.0,"turns":6.0},{"damage":20.0,"enemies":"Centurion and Healer","floor":27.0,"turns":4.0},{"damage":0.0,"enemies":"conspire:HollyBat","floor":28.0,"turns":7.0},{"damage":7.0,"enemies":"conspire:SneckoGhost","floor":29.0,"turns":5.0},{"damage":10,"enemies":"Cultist and Chosen","floor":31,"turns":4},{"damage":1,"enemies":"Automaton","floor":33,"turns":8},{"damage":1,"enemies":"Orb Walker","floor":35,"turns":4},{"damage":1,"enemies":"3 Darklings","floor":39,"turns":5},{"damage":37,"enemies":"Nemesis","floor":40,"turns":7},{"damage":26,"enemies":"Jaw Worm Horde","floor":41,"turns":4},{"damage":14,"enemies":"Spire Growth","floor":45,"turns":4},{"damage":0,"enemies":"4 Shapes","floor":46,"turns":2},{"damage":0,"enemies":"Sphere and 2 Shapes","floor":48,"turns":3},{"damage":17,"enemies":"Awakened One","floor":50,"turns":11}],"seed_played":"6730353832207641104","potions_obtained":[{"floor":0.0,"key":"SteroidPotion"},{"floor":0.0,"key":"Explosive Potion"},{"floor":1.0,"key":"PowerPotion"},{"floor":11.0,"key":"SmokeBomb"},{"floor":23.0,"key":"ColorlessPotion"},{"floor":24.0,"key":"EntropicBrew"},{"floor":33,"key":"ColorlessPotion"},{"floor":34,"key":"ColorlessPotion"},{"floor":35,"key":"GamblersBrew"},{"floor":41,"key":"Ancient Potion"},{"floor":48,"key":"Weak Potion"}],"is_trial":false,"path_per_floor":["M","M","M","$","?","R","E","R","T","E","M","?","M","E","R","B",null,"M","?","$","M","?","E","M","E","T","M","M","E","?","M","R","B",null,"M","?","?","$","M","E","M","R","T","R","M","M","$","M","R","B",null],"character_chosen":"DEFECT","items_purchased":["conspire:Banana","Apotheosis","Anchor","Bag of Marbles","conspire:SharedLibrary"],"campfire_rested":5,"item_purchase_floors":[4,20,38,38,47],"current_hp_per_floor":[59,59,59,59,59,59,43,43,43,34,24,24,17,17,41,34,72,67,67,67,68,68,49,47,48,48,30,32,27,27,19,49,50,96,97,97,97,97,98,63,39,72,72,105,95,95,95,95,116,101],"gold":60,"neow_bonus":"THREE_SMALL_POTIONS","is_daily":false,"chose_seed":false,"campfire_upgraded":2,"win_rate":0.0,"timestamp":1614306249,"path_taken":["M","M","M","$","?","R","E","R","T","E","M","?","M","E","R","BOSS","M","?","$","M","?","E","M","E","T","M","?","E","?","M","R","BOSS","M","?","?","?","M","E","M","R","T","R","M","M","$","?","R","BOSS"],"items_purchased_type":["Card","Card","Relic","Relic","Card"],"build_version":"2020-12-22","purchased_purges":2,"victory":true,"max_hp_per_floor":[75,75,75,75,75,75,77,77,77,79,81,81,83,83,83,85,85,87,87,87,89,89,91,93,95,95,97,99,101,101,103,103,105,110,112,112,106,106,108,110,112,112,112,112,116,116,116,116,116,118],"card_choices":[{"not_picked":["Melter","Redo"],"picked":"Chill","floor":1.0},{"not_picked":["Reinforced Body","Skim"],"picked":"Ball Lightning","floor":2.0},{"not_picked":["Leap","Hello World"],"picked":"Hologram","floor":3.0},{"not_picked":["Cold Snap","Reprogram"],"picked":"Coolheaded","floor":7.0},{"not_picked":["Streamline","Tempest"],"picked":"Ball Lightning","floor":10.0},{"not_picked":["Streamline","Rebound"],"picked":"Leap","floor":11.0},{"not_picked":["Heatsinks","Compile Driver"],"picked":"Steam","floor":13.0},{"not_picked":["Creative AI","Meteor Strike"],"picked":"Machine Learning","floor":16.0},{"not_picked":["Tempest","BootSequence"],"picked":"Barrage+1","floor":18.0},{"not_picked":["Steam","Ball Lightning"],"picked":"Sweeping Beam","floor":21.0},{"not_picked":["Capacitor","Redo+1"],"picked":"Biased Cognition","floor":23.0},{"not_picked":["Reinforced Body","Chill"],"picked":"Cold Snap","floor":24.0},{"not_picked":["Rip and Tear","Genetic Algorithm"],"picked":"Beam Cell","floor":24.0},{"not_picked":["Fusion","Static Discharge"],"picked":"Skim","floor":25.0},{"not_picked":["Gash","Compile Driver+1"],"picked":"Barrage","floor":27.0},{"not_picked":["Auto Shields","Gash"],"picked":"Core Surge","floor":27.0},{"not_picked":["Reinforced Body","Ball Lightning","Streamline"],"picked":"SKIP","floor":28.0},{"not_picked":["Sweeping Beam","Rip and Tear","Streamline"],"picked":"SKIP","floor":28.0},{"not_picked":["Stack","Glacier"],"picked":"Echo Form","floor":29.0},{"not_picked":["Chill","Auto Shields"],"picked":"Glacier","floor":31},{"not_picked":["Steam","White Noise","Redo"],"picked":"SKIP","floor":31},{"not_picked":["Creative AI","Amplify"],"picked":"Biased Cognition","floor":33},{"not_picked":["Go for the Eyes","Beam Cell"],"picked":"Barrage","floor":34},{"not_picked":["Compile Driver","Creative AI"],"picked":"Storm+1","floor":35},{"not_picked":["Redo","Sweeping Beam","Barrage"],"picked":"SKIP","floor":35},{"not_picked":["Leap","Defragment"],"picked":"Capacitor+1","floor":39},{"not_picked":["Hologram","Steam Power","conspire:Rain+1"],"picked":"SKIP","floor":39},{"not_picked":["Coolheaded","Steam","Redo+1"],"picked":"SKIP","floor":40},{"not_picked":["Beam Cell","Ball Lightning"],"picked":"Hologram+1","floor":41},{"not_picked":["Steam","Skim+1"],"picked":"Conserve Battery+1","floor":41},{"not_picked":["Heatsinks","Go for the Eyes+1"],"picked":"Electrodynamics","floor":45},{"not_picked":["Streamline+1","Beam Cell","Rebound"],"picked":"SKIP","floor":45},{"not_picked":["Stack","Compile Driver","Static Discharge+1"],"picked":"SKIP","floor":46},{"not_picked":["Sunder","Gash","Scrape"],"picked":"SKIP","floor":46},{"not_picked":["Stack","Hello World+1"],"picked":"Barrage","floor":48},{"not_picked":["Leap+1","Ball Lightning","Sweeping Beam"],"picked":"SKIP","floor":48}],"player_experience":345713,"relics_obtained":[{"floor":7.0,"key":"Smiling Mask"},{"floor":9.0,"key":"Shuriken"},{"floor":10.0,"key":"hubris:TenFootPole"},{"floor":23.0,"key":"Prayer Wheel"},{"floor":25.0,"key":"conspire:TopHat"},{"floor":29.0,"key":"conspire:DecoderRing"},{"floor":40,"key":"Art of War"},{"floor":43,"key":"Ancient Tea Set"}],"event_choices":[{"damage_healed":0.0,"max_hp_gain":0.0,"max_hp_loss":0.0,"gold_gain":0.0,"event_name":"Living Wall","player_choice":"Grow","floor":5.0,"gold_loss":0.0,"damage_taken":0.0,"cards_upgraded":["conspire:Banana"]},{"damage_healed":0.0,"max_hp_gain":0.0,"max_hp_loss":0.0,"gold_gain":0.0,"event_name":"Accursed Blacksmith","player_choice":"Forge","floor":22.0,"gold_loss":0.0,"damage_taken":0.0,"cards_upgraded":["Apotheosis"]},{"damage_healed":0,"gold_gain":0,"player_choice":"Max HP","damage_taken":0,"max_hp_gain":0,"max_hp_loss":6,"event_name":"Winding Halls","floor":37,"gold_loss":0}],"is_beta":false,"boss_relics":[{"not_picked":["SacredBark","hubris:BlackHole"],"picked":"Fusion Hammer"},{"not_picked":["Busted Crown","bronze:MakeshiftBattery"],"picked":"Tiny House"}],"items_purged_floors":[38,47],"is_endless":false,"potions_floor_spawned":[1,3,11,14,23,24,27,33,35,41,45,48],"ascension_level":13}}