{"host":"q4axc00jr2bozlh9","time":1614351948,"event":{"mods":["AchievementEnabler","BaseMod","Bestiary","Colored Map","Colored Powertips","Curses Come First","Minty Spire (QoL Compilation)","Relic Stats","StSLib","SuperFastMode","UnlockEverythingMod"],"gold_per_floor":[117,42,61,74,91,125,125,159,159,173,173,187,187,3,3,107,107,119,136,136,151,151,180,180,180,225,225,237,289,289,309,309,405,405,420,430,480,480,493,493,45,60,60,60,88,133,158,177,177,177,177,177,16,46,46,46],"floor_reached":55,"language":"ENG","playtime":2826,"items_purged":["Normality","Strike_R","Defend_R"],"score":782,"play_id":"9e5808fc-72c9-40b7-bdff-ea881eaaadac","local_time":"20210226160548","is_ascension_mode":false,"campfire_choices":[{"data":"Battle Trance","floor":7.0,"key":"SMITH"},{"data":"Armaments","floor":13.0,"key":"SMITH"},{"floor":15.0,"key":"REST"},{"floor":24.0,"key":"REST"},{"data":"Barricade","floor":27.0,"key":"SMITH"},{"floor":32.0,"key":"REST"},{"floor":40,"key":"RECALL"},{"data":"Panacea","floor":44,"key":"SMITH"},{"data":"Shockwave","floor":49,"key":"SMITH"},{"data":"Flame Barrier","floor":52,"key":"SMITH"}],"circlet_count":0,"master_deck":["Strike_R+1","Strike_R","Defend_R","Defend_R","Bash","Warcry","Shockwave","Inflame","Battle Trance+1","Armaments+1","Dropkick+1","Bandage Up","Barricade+1","Flame Barrier+1","Trip","Madness","Rage+1","Exhume","Shockwave+1","Entrench+1","Panacea+1","Sever Soul+1","Ghostly Armor+1","Body Slam"],"relics":["Burning Blood","StoneCalendar","Omamori","Kunai","Philosopher\u0027s Stone","Ice Cream","Pantograph","Tiny Chest","Coffee Dripper","Thread and Needle","Shuriken","The Courier","Toy Ornithopter","Whetstone","Eternal Feather","Strange Spoon","Bag of Preparation"],"acts_visited":["Exordium","TheCity","TheBeyond","TheEnding"],"potions_floor_usage":[33,39,45,50],"damage_taken":[{"damage":1.0,"enemies":"Cultist","floor":1.0,"turns":3.0},{"damage":0.0,"enemies":"Small Slimes","floor":3.0,"turns":4.0},{"damage":1.0,"enemies":"2 Louse","floor":4.0,"turns":4.0},{"damage":11.0,"enemies":"Blue Slaver","floor":5.0,"turns":4.0},{"damage":19.0,"enemies":"Gremlin Nob","floor":6.0,"turns":4.0},{"damage":21.0,"enemies":"Lagavulin","floor":8.0,"turns":7.0},{"damage":7.0,"enemies":"Looter","floor":10.0,"turns":4.0},{"damage":15.0,"enemies":"Large Slime","floor":12.0,"turns":7.0},{"damage":37.0,"enemies":"Hexaghost","floor":16.0,"turns":9.0},{"damage":33.0,"enemies":"3 Byrds","floor":18.0,"turns":7.0},{"damage":30.0,"enemies":"Spheric Guardian","floor":19.0,"turns":8.0},{"damage":27.0,"enemies":"Snecko","floor":21.0,"turns":7.0},{"damage":25.0,"enemies":"Book of Stabbing","floor":23.0,"turns":7.0},{"damage":16.0,"enemies":"Sentry and Sphere","floor":28.0,"turns":7.0},{"damage":13.0,"enemies":"Centurion and Healer","floor":31.0,"turns":6.0},{"damage":7,"enemies":"Automaton","floor":33,"turns":13},{"damage":9,"enemies":"3 Shapes","floor":35,"turns":7},{"damage":27,"enemies":"Orb Walker","floor":36,"turns":7},{"damage":0,"enemies":"Mind Bloom Boss Battle","floor":37,"turns":9},{"damage":2,"enemies":"3 Darklings","floor":39,"turns":7},{"damage":26,"enemies":"Spire Growth","floor":42,"turns":7},{"damage":34,"enemies":"Nemesis","floor":45,"turns":11},{"damage":0,"enemies":"Giant Head","floor":47,"turns":11},{"damage":15,"enemies":"Writhing Mass","floor":48,"turns":7},{"damage":31,"enemies":"Donu and Deca","floor":50,"turns":14},{"damage":86,"enemies":"Shield and Spear","floor":54,"turns":9},{"damage":58,"enemies":"The Heart","floor":55,"turns":2}],"seed_played":"-1176266934741910270","potions_obtained":[{"floor":3.0,"key":"LiquidBronze"},{"floor":6.0,"key":"Fruit Juice"},{"floor":10.0,"key":"DuplicationPotion"},{"floor":12.0,"key":"Fire Potion"},{"floor":18.0,"key":"EssenceOfSteel"},{"floor":23.0,"key":"EssenceOfSteel"},{"floor":28.0,"key":"SpeedPotion"},{"floor":36,"key":"PowerPotion"},{"floor":37,"key":"Swift Potion"},{"floor":47,"key":"GamblersBrew"},{"floor":48,"key":"Block Potion"},{"floor":54,"key":"PowerPotion"}],"is_trial":false,"path_per_floor":["M","$","M","M","M","E","R","E","T","M","?","M","R","$","R","B",null,"M","M","?","M","?","E","R","T","T","R","M","T","?","M","R","B",null,"M","M","?","?","M","R","$","M","T","R","E","T","E","M","R","B",null,"R","$","E","B"],"character_chosen":"IRONCLAD","items_purchased":["Bandage Up","Shuriken","Panacea","Body Slam","Strange Spoon"],"campfire_rested":3,"item_purchase_floors":[14,41,41,53,53],"current_hp_per_floor":[96,96,96,96,91,78,78,63,63,62,62,58,58,58,88,61,101,78,58,58,41,41,28,58,58,58,58,52,52,33,30,60,88,101,98,84,101,101,101,101,101,87,87,87,63,63,73,68,80,85,101,101,101,29,0,0],"gold":46,"neow_bonus":"TWENTY_PERCENT_HP_BONUS","is_daily":false,"chose_seed":false,"campfire_upgraded":6,"win_rate":0.0,"timestamp":1614351948,"path_taken":["M","$","M","?","M","E","R","E","T","M","?","?","R","$","R","BOSS","M","M","?","M","?","E","R","?","T","R","M","?","?","M","R","BOSS","M","M","?","?","M","R","$","M","T","R","E","?","E","?","R","BOSS","R","$","E","BOSS"],"items_purchased_type":["Card","Relic","Card","Card","Relic"],"build_version":"2020-12-22","purchased_purges":3,"victory":false,"max_hp_per_floor":[96,96,96,96,96,96,96,96,96,96,96,101,101,101,101,101,101,101,101,101,101,101,101,101,101,101,101,101,101,101,101,101,101,101,101,101,101,101,101,101,101,101,101,101,101,101,101,101,101,101,101,101,101,101,101,101],"relic_stats":{"counters":[27,192],"StoneCalendar":[573],"Eternal Feather":12,"Bag of Preparation":[2],"Whetstone":["Strike_R","Dropkick"],"Burning Blood":128,"Strange Spoon":[4],"Shuriken":[6],"Pantograph":88,"Tiny Chest":1,"Kunai":[20],"obtain_stats":[{"Ice Cream":23,"StoneCalendar":6,"Thread and Needle":37,"Eternal Feather":47,"The Courier":43,"Omamori":8,"Bag of Preparation":54,"Whetstone":46,"Burning Blood":0,"Strange Spoon":53,"Shuriken":41,"Pantograph":25,"Philosopher\u0027s Stone":17,"Tiny Chest":29,"Coffee Dripper":34,"Kunai":9,"Toy Ornithopter":45},{"Ice Cream":13,"StoneCalendar":5,"Thread and Needle":19,"Eternal Feather":23,"The Courier":21,"Omamori":6,"Bag of Preparation":26,"Whetstone":22,"Burning Blood":0,"Strange Spoon":25,"Shuriken":20,"Pantograph":13,"Philosopher\u0027s Stone":9,"Tiny Chest":14,"Coffee Dripper":16,"Kunai":6,"Toy Ornithopter":22},{"Ice Cream":75,"StoneCalendar":19,"Thread and Needle":124,"Eternal Feather":160,"The Courier":138,"Omamori":26,"Bag of Preparation":190,"Whetstone":149,"Burning Blood":0,"Strange Spoon":181,"Shuriken":131,"Pantograph":75,"Philosopher\u0027s Stone":46,"Tiny Chest":82,"Coffee Dripper":101,"Kunai":26,"Toy Ornithopter":149}],"Toy Ornithopter":5},"card_choices":[{"not_picked":["Evolve","Clash"],"picked":"Warcry","floor":1.0},{"not_picked":["Warcry","Cleave"],"picked":"Shockwave","floor":3.0},{"not_picked":["Reckless Charge","Heavy Blade","Twin Strike"],"picked":"SKIP","floor":4.0},{"not_picked":["Seeing Red","Sentinel"],"picked":"Inflame","floor":5.0},{"not_picked":["Berserk","Havoc"],"picked":"Battle Trance","floor":6.0},{"not_picked":["Body Slam","Thunderclap","Uppercut"],"picked":"SKIP","floor":8.0},{"not_picked":["Iron Wave","Dual Wield"],"picked":"Armaments","floor":10.0},{"not_picked":["Corruption","Perfected Strike"],"picked":"Dropkick","floor":12.0},{"not_picked":["Juggernaut","Berserk"],"picked":"Barricade","floor":16.0},{"not_picked":["Second Wind","Cleave"],"picked":"Flame Barrier","floor":18.0},{"not_picked":["Sword Boomerang+1","Cleave","Perfected Strike"],"picked":"SKIP","floor":19.0},{"not_picked":["Warcry","Reckless Charge","Anger+1"],"picked":"SKIP","floor":21.0},{"not_picked":["Armaments","Headbutt+1","Fire Breathing"],"picked":"SKIP","floor":23.0},{"not_picked":["Heavy Blade","Sword Boomerang","Feel No Pain+1"],"picked":"SKIP","floor":28.0},{"not_picked":["Thunderclap+1","Wild Strike"],"picked":"Rage+1","floor":31.0},{"not_picked":["Bludgeon","Immolate"],"picked":"Exhume","floor":33},{"not_picked":["Seeing Red+1","Reckless Charge+1"],"picked":"Shockwave","floor":35},{"not_picked":["Bloodletting","Headbutt","Hemokinesis+1"],"picked":"SKIP","floor":36},{"not_picked":["Reckless Charge+1","Body Slam"],"picked":"Entrench+1","floor":39},{"not_picked":["Headbutt+1","Clash+1","Anger+1"],"picked":"SKIP","floor":42},{"not_picked":["Rampage+1","Sentinel"],"picked":"Sever Soul+1","floor":45},{"not_picked":["Twin Strike","Thunderclap"],"picked":"Ghostly Armor+1","floor":47},{"not_picked":["Armaments+1","Cleave","Perfected Strike+1"],"picked":"SKIP","floor":48},{"not_picked":["Fire Breathing+1","Flame Barrier+1","Anger+1"],"picked":"SKIP","floor":54}],"player_experience":299612,"relics_obtained":[{"floor":6.0,"key":"StoneCalendar"},{"floor":8.0,"key":"Omamori"},{"floor":9.0,"key":"Kunai"},{"floor":23.0,"key":"Ice Cream"},{"floor":25.0,"key":"Pantograph"},{"floor":29.0,"key":"Tiny Chest"},{"floor":37,"key":"Thread and Needle"},{"floor":43,"key":"The Courier"},{"floor":45,"key":"Toy Ornithopter"},{"floor":46,"key":"Whetstone"},{"floor":47,"key":"Eternal Feather"},{"floor":54,"key":"Bag of Preparation"}],"event_choices":[{"cards_removed":["Strike_R"],"damage_healed":0.0,"max_hp_gain":0.0,"max_hp_loss":0.0,"gold_gain":0.0,"event_name":"Bonfire Elementals","player_choice":"Offered Basic","floor":11.0,"gold_loss":0.0,"damage_taken":0.0},{"cards_removed":["Defend_R"],"damage_healed":0.0,"max_hp_gain":0.0,"max_hp_loss":0.0,"gold_gain":0.0,"event_name":"Back to Basics","player_choice":"Elegance","floor":20.0,"gold_loss":0.0,"damage_taken":0.0},{"damage_healed":0.0,"max_hp_gain":0.0,"max_hp_loss":0.0,"gold_gain":0.0,"event_name":"Vampires","player_choice":"Ignored","floor":22.0,"gold_loss":0.0,"damage_taken":0.0},{"damage_healed":0.0,"max_hp_gain":0.0,"max_hp_loss":0.0,"gold_gain":0.0,"event_name":"Knowing Skull","player_choice":"CARD CARD ","floor":30.0,"potions_obtained":[],"gold_loss":0.0,"damage_taken":19.0,"cards_obtained":["Trip","Madness"]},{"damage_healed":0,"gold_gain":0,"player_choice":"Fight","damage_taken":0,"max_hp_gain":0,"max_hp_loss":0,"event_name":"MindBloom","floor":37,"gold_loss":0},{"cards_removed":["Strike_R"],"damage_healed":0,"gold_gain":0,"player_choice":"Removed Attack","damage_taken":0,"max_hp_gain":0,"max_hp_loss":0,"event_name":"Falling","floor":38,"gold_loss":0}],"is_beta":false,"boss_relics":[{"not_picked":["Mark of Pain","SacredBark"],"picked":"Philosopher\u0027s Stone"},{"not_picked":["Empty Cage","Black Star"],"picked":"Coffee Dripper"}],"items_purged_floors":[2,14,41],"is_endless":false,"potions_floor_spawned":[3,6,10,12,18,19,23,28,36,37,47,48,54],"killed_by":"The Heart","ascension_level":0}}