{"host":"1vxemzms76200xsp","time":1614357128,"event":{"mods":["AchievementEnabler","BaseMod","Better Synergies","Downfall","Friendly Minions","Highlight Path","Minty Spire (QoL Compilation)","StSLib","The Bug Knight","The Mystic"],"gold_per_floor":[118,68,68,16,29,61,61,73,119,119,136,150,165,178,178,279,279,291,306,306,46,46,46,46,58,58,75,87,87,87,100,100,100,100],"floor_reached":33,"language":"ENG","playtime":1660,"items_purged":[],"score":276,"play_id":"7a97f14e-9692-47a5-998c-d37d012da063","local_time":"20210226183208","is_ascension_mode":false,"campfire_choices":[{"data":"mysticmod:FiveFootStep","floor":7,"key":"SMITH"},{"data":"mysticmod:Riposte","floor":10,"key":"SMITH"},{"data":"mysticmod:VorpalThrust","floor":15,"key":"SMITH"},{"floor":23,"key":"REST"},{"floor":29,"key":"REST"},{"floor":32,"key":"REST"}],"circlet_count":0,"master_deck":["mysticmod:Strike_Mystic","mysticmod:Strike_Mystic","mysticmod:Strike_Mystic","mysticmod:Defend_Mystic","mysticmod:Defend_Mystic","mysticmod:Defend_Mystic","mysticmod:Defend_Mystic","mysticmod:ArcaneDodge","mysticmod:ShockingGrasp","mysticmod:Snowball+1","mysticmod:Disengage","mysticmod:PunishingArmor","mysticmod:FiveFootStep+1","mysticmod:Riposte+1","mysticmod:Riposte","mysticmod:MirrorStrike","mysticmod:Fireball","mysticmod:VorpalThrust+1","mysticmod:Discipline","mysticmod:Shield","mysticmod:Snowball","downfall:Bewildered","mysticmod:SummonFamiliar+1","mysticmod:Feint","mysticmod:SummonFamiliar","mysticmod:Stoneskin"],"relics":["mysticmod:SpellBook","Regal Pillow","Bronze Scales","Philosopher\u0027s Stone","sneckomod:BabySnecko","Question Card","Enchiridion","Nloth\u0027s Gift","Eternal Feather"],"acts_visited":["Exordium","TheCity"],"potions_floor_usage":[6],"damage_taken":[{"damage":0,"enemies":"Cultist","floor":1,"turns":1},{"damage":0,"enemies":"Jaw Worm","floor":5,"turns":1},{"damage":0,"enemies":"3 Sentries","floor":6,"turns":1},{"damage":0,"enemies":"2 Louse","floor":8,"turns":3},{"damage":5,"enemies":"Large Slime","floor":11,"turns":6},{"damage":0,"enemies":"2 Fungi Beasts","floor":12,"turns":3},{"damage":0,"enemies":"Lots of Slimes","floor":13,"turns":4},{"damage":6,"enemies":"3 Louse","floor":14,"turns":3},{"damage":64,"enemies":"The Guardian","floor":16,"turns":13},{"damage":8,"enemies":"Spheric Guardian","floor":18,"turns":3},{"damage":31,"enemies":"3 Byrds","floor":19,"turns":4},{"damage":4,"enemies":"Snake Plant","floor":25,"turns":3},{"damage":31,"enemies":"Shelled Parasite and Fungi","floor":27,"turns":4},{"damage":19,"enemies":"Snecko","floor":28,"turns":5},{"damage":15,"enemies":"Centurion and Healer","floor":31,"turns":7},{"damage":84,"enemies":"Collector","floor":33,"turns":9}],"seed_played":"-5257254815527631439","potions_obtained":[{"floor":1,"key":"Energy Potion"},{"floor":6,"key":"Fruit Juice"},{"floor":11,"key":"PowerPotion"},{"floor":13,"key":"LiquidMemories"}],"is_trial":false,"path_per_floor":["M","?","?","$","M","E","R","M","T","R","M","M","M","M","R","B",null,"M","M","?","$","?","R","?","M","T","M","M","R","?","M","R","B"],"character_chosen":"MYSTIC_CLASS","items_purchased":["mysticmod:Disengage","Question Card"],"campfire_rested":3,"item_purchase_floors":[4,21],"current_hp_per_floor":[77,77,77,77,77,82,82,82,82,82,77,77,77,71,71,7,82,74,43,43,43,27,66,66,62,62,31,12,66,66,51,82,0,0],"gold":100,"neow_bonus":"THREE_ENEMY_KILL","is_daily":false,"chose_seed":false,"campfire_upgraded":3,"win_rate":0.0,"timestamp":1614357128,"path_taken":["M","?","?","$","M","E","R","M","T","R","?","M","M","M","R","BOSS","M","M","?","$","?","R","?","?","T","M","M","R","?","?","R","BOSS"],"items_purchased_type":["Card","Relic"],"build_version":"2020-12-22","purchased_purges":0,"victory":false,"max_hp_per_floor":[77,77,77,77,77,82,82,82,82,82,82,82,82,82,82,82,82,82,82,82,82,82,82,82,82,82,82,82,82,82,82,82,82,82],"card_choices":[{"not_picked":["mysticmod:StyleChange","mysticmod:SummonFamiliar"],"picked":"mysticmod:Snowball","floor":1},{"not_picked":["mysticmod:FloatingDisk","mysticmod:Sideswipe"],"picked":"mysticmod:PunishingArmor","floor":5},{"not_picked":["mysticmod:EnchantedMoulinet","mysticmod:Shield"],"picked":"mysticmod:FiveFootStep","floor":6},{"not_picked":["mysticmod:BladedDash","mysticmod:PureInstinct"],"picked":"mysticmod:Riposte","floor":8},{"not_picked":["mysticmod:Disengage","mysticmod:PowerAttack"],"picked":"mysticmod:Riposte","floor":11},{"not_picked":["mysticmod:Disengage","mysticmod:Riposte"],"picked":"mysticmod:MirrorStrike","floor":12},{"not_picked":["mysticmod:HeavyStrike","mysticmod:KeenEdge"],"picked":"mysticmod:Fireball","floor":13},{"not_picked":["mysticmod:Daze","mysticmod:Shield"],"picked":"mysticmod:VorpalThrust","floor":14},{"not_picked":["mysticmod:MirrorEntity","mysticmod:Spellstrike"],"picked":"mysticmod:Discipline","floor":16},{"not_picked":["mysticmod:PureInstinct","mysticmod:SuddenClarity"],"picked":"mysticmod:Shield","floor":18},{"not_picked":["mysticmod:PureInstinct","mysticmod:MirrorStrike+1"],"picked":"mysticmod:Snowball","floor":19},{"not_picked":["mysticmod:CorrosiveTouch","mysticmod:Snowball","mysticmod:Probe"],"picked":"mysticmod:SummonFamiliar+1","floor":25},{"not_picked":["mysticmod:TomeOfSpells+1","mysticmod:BulkUp","mysticmod:HunkerDown+1"],"picked":"mysticmod:Feint","floor":27},{"not_picked":["mysticmod:BladeMaster","mysticmod:CorrosiveTouch","mysticmod:KeenEdge"],"picked":"mysticmod:SummonFamiliar","floor":28},{"not_picked":["mysticmod:ComponentsPouch","mysticmod:MysticalShield","mysticmod:PureInstinct"],"picked":"mysticmod:Stoneskin","floor":31}],"player_experience":32623,"relics_obtained":[{"floor":6,"key":"Regal Pillow"},{"floor":9,"key":"Bronze Scales"},{"floor":22,"key":"Enchiridion"},{"floor":26,"key":"Eternal Feather"}],"event_choices":[{"cards_removed":["mysticmod:Strike_Mystic"],"damage_healed":0,"gold_gain":0,"player_choice":"Card Removal","damage_taken":0,"max_hp_gain":0,"max_hp_loss":0,"event_name":"The Cleric","floor":2,"gold_loss":50},{"damage_healed":0,"gold_gain":0,"player_choice":"Upgraded","damage_taken":0,"max_hp_gain":0,"max_hp_loss":0,"event_name":"Upgrade Shrine","floor":3,"gold_loss":0,"cards_upgraded":["mysticmod:Snowball"]},{"damage_healed":0,"gold_gain":0,"player_choice":"Obtained Book","damage_taken":16,"max_hp_gain":0,"max_hp_loss":0,"event_name":"Cursed Tome","floor":22,"gold_loss":0},{"damage_healed":0,"gold_gain":0,"player_choice":"Traded Relic","damage_taken":0,"relics_obtained":["Nloth\u0027s Gift"],"max_hp_gain":0,"max_hp_loss":0,"event_name":"N\u0027loth","floor":24,"relics_lost":["NeowsBlessing"],"gold_loss":0},{"damage_healed":0,"gold_gain":0,"player_choice":"Ignored","damage_taken":0,"max_hp_gain":0,"max_hp_loss":0,"event_name":"NoteForYourself","floor":30,"gold_loss":0}],"is_beta":false,"boss_relics":[{"not_picked":["Snecko Eye","Velvet Choker"],"picked":"Philosopher\u0027s Stone"}],"items_purged_floors":[],"is_endless":false,"potions_floor_spawned":[1,6,11,13,14,19],"killed_by":"Collector","ascension_level":0}}