{"host":"2fgwwnzqc97k7iys","time":1614301366,"event":{"mods":["BaseMod","Colored Map","Minty Spire (QoL Compilation)","Quick Restart","Relic Stats"],"gold_per_floor":[361,47,65,80,80,80,111,111,136,136,148,160,194,209,209,308,308,321,341,361,117,133,133,133,148,175,206,206,234,131,147,147,244,244,259,277,297,317,367,367,392,392,392,402,434,0,30,0,0,0,0,0,0,26,26,26],"floor_reached":55,"language":"ENG","playtime":5614,"items_purged":["Defend_R","Strike_R","Strike_R+1","Writhe"],"score":1434,"play_id":"672b5cc0-c3de-4ede-97a3-94d51ad931f2","local_time":"20210225190246","is_ascension_mode":true,"campfire_choices":[{"floor":6.0,"key":"REST"},{"data":"Bash","floor":10.0,"key":"SMITH"},{"data":"Rupture","floor":15.0,"key":"SMITH"},{"data":"Heavy Blade","floor":23.0,"key":"SMITH"},{"data":"Offering","floor":28.0,"key":"SMITH"},{"data":"Heavy Blade","floor":32.0,"key":"SMITH"},{"data":"Pommel Strike","floor":40.0,"key":"SMITH"},{"data":"Bloodletting","floor":42.0,"key":"SMITH"},{"floor":49.0,"key":"RECALL"},{"data":"Limit Break","floor":52.0,"key":"SMITH"}],"circlet_count":0,"master_deck":["AscendersBane","Strike_R+1","Strike_R+1","Defend_R+1","Defend_R+1","Defend_R+1","Bash+1","Ghostly Armor","Combust+1","Pommel Strike+1","Headbutt","Rupture+1","Offering+1","Shrug It Off","Reaper","Burning Pact+1","True Grit","Heavy Blade+1","Bloodletting+1","Heavy Blade+1","Flame Barrier","Offering","Flame Barrier+1","Limit Break+1","Offering","Brutality"],"relics":["Burning Blood","HornCleat","Strawberry","Boot","Eternal Feather","Coffee Dripper","Bag of Preparation","Smiling Mask","Shuriken","Juzu Bracelet","Cursed Key","FossilizedHelix","Pantograph","Kunai","Vajra","Gremlin Horn","Red Mask"],"acts_visited":["Exordium","TheCity","TheBeyond","TheEnding"],"potions_floor_usage":[55,55],"damage_taken":[{"damage":23.0,"enemies":"Small Slimes","floor":1.0,"turns":6.0},{"damage":1.0,"enemies":"2 Louse","floor":3.0,"turns":4.0},{"damage":4.0,"enemies":"Jaw Worm","floor":4.0,"turns":3.0},{"damage":4.0,"enemies":"3 Sentries","floor":7.0,"turns":5.0},{"damage":4.0,"enemies":"Blue Slaver","floor":11.0,"turns":3.0},{"damage":1.0,"enemies":"2 Fungi Beasts","floor":12.0,"turns":4.0},{"damage":20.0,"enemies":"Gremlin Nob","floor":13.0,"turns":4.0},{"damage":7.0,"enemies":"Looter","floor":14.0,"turns":3.0},{"damage":10.0,"enemies":"Slime Boss","floor":16.0,"turns":6.0},{"damage":10.0,"enemies":"Shell Parasite","floor":18.0,"turns":3.0},{"damage":6.0,"enemies":"Chosen","floor":19.0,"turns":4.0},{"damage":41.0,"enemies":"Snecko","floor":20.0,"turns":5.0},{"damage":11.0,"enemies":"Centurion and Healer","floor":22.0,"turns":6.0},{"damage":9.0,"enemies":"3 Cultists","floor":25.0,"turns":4.0},{"damage":20.0,"enemies":"Book of Stabbing","floor":27.0,"turns":4.0},{"damage":12.0,"enemies":"Gremlin Leader","floor":29.0,"turns":4.0},{"damage":9.0,"enemies":"Snecko","floor":31.0,"turns":2.0},{"damage":47.0,"enemies":"Champ","floor":33.0,"turns":8.0},{"damage":9.0,"enemies":"Orb Walker","floor":35.0,"turns":1.0},{"damage":22.0,"enemies":"3 Darklings","floor":36.0,"turns":4.0},{"damage":19.0,"enemies":"Maw","floor":37.0,"turns":6.0},{"damage":20.0,"enemies":"Jaw Worm Horde","floor":38.0,"turns":3.0},{"damage":23.0,"enemies":"Mind Bloom Boss Battle","floor":39.0,"turns":4.0},{"damage":37.0,"enemies":"Reptomancer","floor":41.0,"turns":4.0},{"damage":19.0,"enemies":"Transient","floor":44.0,"turns":5.0},{"damage":37.0,"enemies":"Nemesis","floor":45.0,"turns":4.0},{"damage":21.0,"enemies":"Giant Head","floor":47.0,"turns":4.0},{"damage":39.0,"enemies":"Time Eater","floor":50.0,"turns":4.0},{"damage":56.0,"enemies":"Shield and Spear","floor":54.0,"turns":7.0},{"damage":121,"enemies":"The Heart","floor":55,"turns":3}],"seed_played":"3913186657971440015","potions_obtained":[{"floor":11.0,"key":"SteroidPotion"},{"floor":12.0,"key":"SpeedPotion"},{"floor":16.0,"key":"GamblersBrew"},{"floor":19.0,"key":"BloodPotion"},{"floor":22.0,"key":"Swift Potion"},{"floor":31.0,"key":"DistilledChaos"},{"floor":41.0,"key":"PowerPotion"}],"is_trial":false,"path_per_floor":["M","$","M","M","?","R","E","?","T","R","M","M","E","M","R","B",null,"M","M","M","$","M","R","?","M","T","E","R","E","$","M","R","B",null,"M","M","M","M","?","R","E","R","T","M","E","$","E","?","R","B",null,"R","$","E","B"],"character_chosen":"IRONCLAD","items_purchased":["HornCleat","Bag of Preparation","Heavy Blade","Offering","Brutality","Vajra"],"campfire_rested":1,"item_purchase_floors":[2,21,30,46,46,46],"current_hp_per_floor":[34,34,39,41,25,49,58,58,58,58,60,65,51,50,59,55,79,83,83,56,56,61,70,70,87,87,79,87,87,87,84,87,46,77,74,71,82,87,70,82,68,80,80,82,67,67,87,87,87,87,87,87,87,37,0,0],"gold":26,"neow_bonus":"TWO_FIFTY_GOLD","is_daily":false,"chose_seed":false,"campfire_upgraded":8,"win_rate":0.0,"timestamp":1614301366,"path_taken":["M","$","M","M","?","R","E","?","T","R","M","M","E","M","R","BOSS","M","M","M","$","M","R","?","M","T","E","R","E","$","M","R","BOSS","M","M","M","M","?","R","E","R","T","M","E","$","E","?","R","BOSS","R","$","E","BOSS"],"items_purchased_type":["Relic","Relic","Card","Card","Card","Relic"],"build_version":"2020-12-22","purchased_purges":4,"victory":false,"max_hp_per_floor":[80,80,80,80,80,80,87,87,87,87,87,87,87,87,87,87,87,87,87,87,87,87,87,87,87,87,87,87,87,87,87,87,87,87,87,87,87,87,87,87,87,87,87,87,87,87,87,87,87,87,87,87,87,87,87,87],"relic_stats":{"Gremlin Horn":[1,1],"counters":[30,127],"Eternal Feather":53,"Bag of Preparation":[36],"Juzu Bracelet":0,"Boot":[27],"Smiling Mask":175,"Cursed Key":1,"Burning Blood":156,"Shuriken":[24],"Pantograph":25,"Kunai":[4],"obtain_stats":[{"Gremlin Horn":47,"Vajra":46,"Eternal Feather":13,"Bag of Preparation":21,"Juzu Bracelet":29,"Boot":9,"Smiling Mask":26,"Cursed Key":34,"Burning Blood":0,"HornCleat":2,"Shuriken":27,"Strawberry":7,"Pantograph":41,"Coffee Dripper":17,"Red Mask":48,"Kunai":45,"FossilizedHelix":39},{"Gremlin Horn":27,"Vajra":26,"Eternal Feather":7,"Bag of Preparation":12,"Juzu Bracelet":16,"Boot":4,"Smiling Mask":14,"Cursed Key":18,"Burning Blood":0,"HornCleat":1,"Shuriken":15,"Strawberry":4,"Pantograph":24,"Coffee Dripper":9,"Red Mask":27,"Kunai":26,"FossilizedHelix":23},{"Gremlin Horn":113,"Vajra":109,"Eternal Feather":29,"Bag of Preparation":50,"Juzu Bracelet":68,"Boot":18,"Smiling Mask":60,"Cursed Key":78,"Burning Blood":0,"HornCleat":6,"Shuriken":64,"Strawberry":18,"Pantograph":100,"Coffee Dripper":38,"Red Mask":113,"Kunai":109,"FossilizedHelix":96}]},"card_choices":[{"not_picked":["Shrug It Off","Thunderclap"],"picked":"Ghostly Armor","floor":1.0},{"not_picked":["Perfected Strike","Inflame"],"picked":"Combust","floor":3.0},{"not_picked":["Anger","Clash"],"picked":"Pommel Strike","floor":4.0},{"not_picked":["Combust","Bloodletting","Entrench"],"picked":"SKIP","floor":7.0},{"not_picked":["Shockwave","Headbutt","Sever Soul"],"picked":"SKIP","floor":11.0},{"not_picked":["Evolve","Intimidate"],"picked":"Rupture","floor":12.0},{"not_picked":["Cleave","Rampage"],"picked":"Offering","floor":13.0},{"not_picked":["Anger","Dropkick"],"picked":"Shrug It Off","floor":14.0},{"not_picked":["Exhume","Bludgeon"],"picked":"Reaper","floor":16.0},{"not_picked":["Second Wind","Sword Boomerang","Headbutt+1"],"picked":"SKIP","floor":18.0},{"not_picked":["Body Slam","Twin Strike"],"picked":"Burning Pact+1","floor":19.0},{"not_picked":["Spot Weakness+1","Wild Strike+1"],"picked":"True Grit","floor":20.0},{"not_picked":["Perfected Strike","Flame Barrier"],"picked":"Heavy Blade","floor":22.0},{"not_picked":["Clash+1","True Grit"],"picked":"Bloodletting","floor":25.0},{"not_picked":["Clash","Impervious","Sentinel"],"picked":"SKIP","floor":27.0},{"not_picked":["Inflame","True Grit","Disarm"],"picked":"SKIP","floor":29.0},{"not_picked":["Sever Soul","Perfected Strike"],"picked":"Flame Barrier","floor":31.0},{"not_picked":["Double Tap","Juggernaut"],"picked":"Offering","floor":33.0},{"not_picked":["Dual Wield","Anger"],"picked":"Flame Barrier+1","floor":35.0},{"not_picked":["Disarm+1","Perfected Strike","Feel No Pain+1"],"picked":"SKIP","floor":36.0},{"not_picked":["Shrug It Off","Thunderclap+1","Sword Boomerang+1"],"picked":"SKIP","floor":37.0},{"not_picked":["Pommel Strike+1","Reckless Charge","Carnage"],"picked":"SKIP","floor":38.0},{"not_picked":["Dark Embrace+1","Wild Strike+1","Rampage+1"],"picked":"SKIP","floor":41.0},{"not_picked":["Cleave","Burning Pact+1"],"picked":"Limit Break","floor":44.0},{"not_picked":["Sword Boomerang+1","Entrench","Flex"],"picked":"SKIP","floor":45.0},{"not_picked":["Armaments","Dark Embrace","Body Slam"],"picked":"SKIP","floor":47.0},{"not_picked":["Seeing Red","Clash+1","True Grit+1"],"picked":"SKIP","floor":54}],"player_experience":665909,"relics_obtained":[{"floor":7.0,"key":"Strawberry"},{"floor":9.0,"key":"Boot"},{"floor":13.0,"key":"Eternal Feather"},{"floor":26.0,"key":"Smiling Mask"},{"floor":27.0,"key":"Shuriken"},{"floor":29.0,"key":"Juzu Bracelet"},{"floor":39.0,"key":"FossilizedHelix"},{"floor":41.0,"key":"Pantograph"},{"floor":45.0,"key":"Kunai"},{"floor":47.0,"key":"Gremlin Horn"}],"event_choices":[{"damage_healed":0.0,"max_hp_gain":0.0,"max_hp_loss":0.0,"gold_gain":0.0,"event_name":"Shining Light","player_choice":"Entered Light","floor":5.0,"gold_loss":0.0,"damage_taken":16.0,"cards_upgraded":["Strike_R","Combust"]},{"damage_healed":0.0,"max_hp_gain":0.0,"max_hp_loss":0.0,"gold_gain":0.0,"cards_transformed":["Strike_R"],"event_name":"Living Wall","player_choice":"Change","floor":8.0,"gold_loss":0.0,"damage_taken":0.0,"cards_obtained":["Headbutt"]},{"damage_healed":0.0,"max_hp_gain":0.0,"max_hp_loss":0.0,"gold_gain":0.0,"event_name":"Back to Basics","player_choice":"Simplicity","floor":24.0,"gold_loss":0.0,"damage_taken":0.0,"cards_upgraded":["Strike_R","Strike_R","Defend_R","Defend_R","Defend_R"]},{"damage_healed":0.0,"max_hp_gain":0.0,"max_hp_loss":0.0,"gold_gain":0.0,"event_name":"MindBloom","player_choice":"Fight","floor":39.0,"gold_loss":0.0,"damage_taken":0.0},{"damage_healed":0.0,"max_hp_gain":0.0,"max_hp_loss":0.0,"gold_gain":0.0,"event_name":"Tomb of Lord Red Mask","player_choice":"Paid","floor":48.0,"gold_loss":30.0,"damage_taken":0.0,"relics_obtained":["Red Mask"]}],"is_beta":false,"boss_relics":[{"not_picked":["Ectoplasm","Tiny House"],"picked":"Coffee Dripper"},{"not_picked":["Pandora\u0027s Box","Calling Bell"],"picked":"Cursed Key"}],"items_purged_floors":[2,21,30,46],"is_endless":false,"potions_floor_spawned":[11,12,16,19,22,25,27,31,36,39,41,47],"killed_by":"The Heart","ascension_level":11}}