{"host":"p4yrwepmrl4g8pul","time":1614310440,"event":{"mods":["Act Like it!","BaseMod","BetterRewards","Colored Map","Custom Start","Downfall","Gensokyo","Marisa£®ÏF”Í°°ƒß¿Ì…≥£©","Minty Spire (QoL Compilation)","Rare Cards Sparkle","Reimu£®≤©¿ˆ¡È√Œ£©","Remilia£®¿Ÿ√◊¿Ú—«£©","Remove Card Discount Mod","Shop Mod","StSLib","Thieving Mod"],"gold_per_floor":[112,112,129,70,83,83,93,118,118,136,168,168,200,214,214,287,287,302,302,41,41,54,54,84,84,84,84,110,123,156,168,168,246,246,266,266,206,223,238,273,307,307,307,307,319,352,378,407,407,407,407,407,407,27,59,59],"floor_reached":57,"language":"ZHS","playtime":3356,"items_purged":["Strike_Lin:ReiMu","Strike_Lin:ReiMu","Strike_Lin:ReiMu","Strike_Lin:ReiMu","NB:ReiMu","Defend_Lin:ReiMu","Stagnation:ReiMu","Defend_Lin:ReiMu","Defend_Lin:ReiMu","Enchanting:ReiMu"],"score":4056,"play_id":"e2ac1ff2-43b9-40c0-8aa6-1afc11afe35d","local_time":"20210226113400","is_ascension_mode":true,"campfire_choices":[{"data":"Apotheosis","floor":6.0,"key":"SMITH"},{"data":"MikOfLucky:ReiMu","floor":12.0,"key":"SMITH"},{"data":"RainPray2:ReiMu","floor":15.0,"key":"SMITH"},{"data":"RainPray2:ReiMu","floor":23.0,"key":"SMITH"},{"floor":25.0,"key":"DIG"},{"floor":32.0,"key":"DIG"},{"floor":42.0,"key":"RECALL"},{"floor":49.0,"key":"DIG"},{"data":"RainPray2:ReiMu","floor":53,"key":"SMITH"}],"circlet_count":0,"master_deck":["AscendersBane","Finesse","SubAcupoint:ReiMu","Apotheosis+1","SpreadBorder2:ReiMu","OctopathBindingBorder2:ReiMu","SpiritualOutbreak2:ReiMu","SpreadBorder2:ReiMu+1","RainPray2:ReiMu+1","MikOfLucky:ReiMu+1","RainPray2:ReiMu+1","SubcavityFantasy:ReiMu+1","Shading:ReiMu+1","OrbThrow:ReiMu+1","Blind+1","RainPray2:ReiMu+1","PrayRite:ReiMu","KamiRite:ReiMu","Gensokyo:CustomPotion","DependentForm:ReiMu","Master of Strategy"],"relics":["FlyPower:ReiMu","Mastiff:ReiMu","Mummified Hand","TentaclePot:ReiMu","Bag of Marbles","Singing Bowl","TheAbacus","Akabeko","Philosopher\u0027s Stone","Bow_fan:ReiMu","Blood Vial","Mercury Hourglass","White Beast Statue","Bird Faced Urn","Regal Pillow","Lantern","Medical Kit","MerchantsRug","War Paint","Turnip"],"acts_visited":["Exordium","TheCity","Gensokyo:Gensokyoest","TheEnding"],"potions_floor_usage":[56,56,56,56],"damage_taken":[{"damage":0.0,"enemies":"Jaw Worm","floor":1.0,"turns":3.0},{"damage":0.0,"enemies":"Cultist","floor":3.0,"turns":3.0},{"damage":1.0,"enemies":"2 Louse","floor":5.0,"turns":2.0},{"damage":0.0,"enemies":"Large Slime","floor":7.0,"turns":3.0},{"damage":0.0,"enemies":"Lagavulin","floor":8.0,"turns":4.0},{"damage":3.0,"enemies":"3 Louse","floor":10.0,"turns":2.0},{"damage":4.0,"enemies":"Gremlin Nob","floor":11.0,"turns":3.0},{"damage":6.0,"enemies":"3 Sentries","floor":13.0,"turns":4.0},{"damage":12.0,"enemies":"Gremlin Gang","floor":14.0,"turns":3.0},{"damage":0.0,"enemies":"Slime Boss","floor":16.0,"turns":5.0},{"damage":12.0,"enemies":"Shell Parasite","floor":18.0,"turns":4.0},{"damage":0.0,"enemies":"Spheric Guardian","floor":22.0,"turns":4.0},{"damage":4.0,"enemies":"Slavers","floor":24.0,"turns":3.0},{"damage":0.0,"enemies":"Book of Stabbing","floor":28.0,"turns":6.0},{"damage":2.0,"enemies":"Shelled Parasite and Fungi","floor":29.0,"turns":4.0},{"damage":0.0,"enemies":"Gremlin Leader","floor":30.0,"turns":5.0},{"damage":0.0,"enemies":"Chosen and Byrds","floor":31.0,"turns":4.0},{"damage":0.0,"enemies":"Champ","floor":33.0,"turns":10.0},{"damage":0.0,"enemies":"Gensokyo:3_Boulders","floor":35.0,"turns":3.0},{"damage":0.0,"enemies":"Gensokyo:3_Bats","floor":38.0,"turns":1.0},{"damage":2.0,"enemies":"Gensokyo:Sharpion","floor":39.0,"turns":6.0},{"damage":0.0,"enemies":"Gensokyo:Marisa","floor":40.0,"turns":4.0},{"damage":2.0,"enemies":"Gensokyo:Kasen","floor":41.0,"turns":6.0},{"damage":0.0,"enemies":"Gensokyo:Rafflesia","floor":45.0,"turns":5.0},{"damage":0.0,"enemies":"Gensokyo:Doremy","floor":46.0,"turns":6.0},{"damage":6.0,"enemies":"Gensokyo:Kasen","floor":47.0,"turns":6.0},{"damage":7.0,"enemies":"Gensokyo:Doremy","floor":48.0,"turns":6.0},{"damage":36.0,"enemies":"Gensokyo:Shinki","floor":50.0,"turns":11.0},{"damage":0.0,"enemies":"Gensokyo:Scarlet_Devils","floor":51.0,"turns":9.0},{"damage":9,"enemies":"Shield and Spear","floor":55,"turns":6},{"damage":28,"enemies":"The Heart","floor":56,"turns":11}],"seed_played":"1919218467724370014","potions_obtained":[{"floor":5.0,"key":"Strength Potion"},{"floor":10.0,"key":"bronze:BurnAndBuffPotion"},{"floor":16.0,"key":"PowerPotion"},{"floor":24.0,"key":"Swift Potion"},{"floor":28.0,"key":"PinkPotion:ReiMu"},{"floor":30.0,"key":"AttackPotion"},{"floor":31.0,"key":"Fire Potion"},{"floor":41.0,"key":"FearPotion"},{"floor":46.0,"key":"ZuzhouPotion:ReiMu"},{"floor":47.0,"key":"Fire Potion"},{"floor":48.0,"key":"Ancient Potion"},{"floor":55,"key":"PowerPotion"}],"is_trial":false,"path_per_floor":["M","?","M","$","M","R","M","E","T","M","E","R","E","M","R","B",null,"M","?","$","?","M","R","E","R","T","?","E","M","E","M","R","B",null,"M","?","?","M","M","E","E","R","T","?","M","E","E","E","R","B","B",null,"R","$","E","B",null],"character_chosen":"REIMU","items_purchased":["Finesse","CareerPray:ReiMu","Enchanting:ReiMu","Strawberry","Lee\u0027s Waffle","SubAcupoint:ReiMu","Apotheosis","Mastiff:ReiMu","Mummified Hand","OrbThrow:ReiMu","Enchanting:ReiMu","SpreadBorder2:ReiMu","TentaclePot:ReiMu","SpreadBorder2:ReiMu","Blind","TheAbacus","Medical Kit","MerchantsRug","War Paint","Master of Strategy","Ancient Potion"],"campfire_rested":0,"item_purchase_floors":[0,0,0,0,0,0,0,0,0,0,0,0,0,4,20,20,54,54,54,54,54],"current_hp_per_floor":[74,74,74,74,73,73,73,73,73,70,66,66,62,52,52,54,74,64,64,64,64,64,64,62,62,62,62,64,62,64,66,66,66,84,86,86,86,88,88,90,90,90,90,90,94,98,96,95,95,67,79,99,99,99,99,85],"gold":59,"neow_bonus":"","is_daily":false,"chose_seed":false,"campfire_upgraded":5,"win_rate":0.0,"timestamp":1614310440,"path_taken":["M","?","M","$","M","R","M","E","T","M","E","R","E","?","R","BOSS","M","?","$","?","M","R","E","R","T","?","E","M","E","M","R","BOSS","M","?","?","M","M","E","E","R","T","?","M","E","E","E","R","BOSS","BOSS","R","$","E","BOSS"],"items_purchased_type":["Card","Card","Card","Relic","Relic","Card","Card","Relic","Relic","Card","Card","Card","Relic","Card","Card","Relic","Relic","Relic","Relic","Card","Potion"],"build_version":"2020-12-22","purchased_purges":10,"victory":true,"max_hp_per_floor":[74,74,74,74,74,74,74,74,74,74,74,74,76,78,78,80,80,82,82,82,82,82,82,84,84,84,84,86,86,88,90,90,90,90,92,92,92,94,96,98,100,100,100,100,102,104,106,106,106,106,106,106,106,106,108,108],"card_choices":[{"not_picked":["SpringWay:ReiMu","Enchanting:ReiMu"],"picked":"OctopathBindingBorder2:ReiMu","floor":1.0},{"not_picked":["SubcavityInstant:ReiMu","Amulet:ReiMu"],"picked":"SpiritualOutbreak2:ReiMu","floor":3.0},{"not_picked":["SubAcupoint:ReiMu","ManaGlint:ReiMu"],"picked":"RainPray2:ReiMu","floor":5.0},{"not_picked":["LearningPray:ReiMu","OrbThrow:ReiMu"],"picked":"MikOfLucky:ReiMu","floor":7.0},{"not_picked":["FoulBorder2:ReiMu","PhosphorusFlame:ReiMu"],"picked":"RainPray2:ReiMu","floor":8.0},{"not_picked":["Meditation:ReiMu","AirManeuver:ReiMu","SpringWay:ReiMu"],"picked":"SKIP","floor":10.0},{"not_picked":["CareerPray:ReiMu","MountainWay:ReiMu","AirStrike:ReiMu+1"],"picked":"SKIP","floor":11.0},{"not_picked":["Conquer:ReiMu+1","RunawayExorcism:ReiMu","FantasyBorder:ReiMu"],"picked":"Singing Bowl","floor":13.0},{"not_picked":["YinYangSange:ReiMu","Intuition:ReiMu","Dreaming2:ReiMu+1"],"picked":"Singing Bowl","floor":14.0},{"not_picked":["Free:ReiMu","BlastKick2:ReiMu+1","Dreaming:ReiMu+1"],"picked":"Singing Bowl","floor":16.0},{"not_picked":["OrbThrow:ReiMu+1","TightArray:ReiMu+1","BarrageOfMoneybags:ReiMu+1"],"picked":"Singing Bowl","floor":18.0},{"not_picked":["Revelation:ReiMu","EmergencyTakeOff:ReiMu"],"picked":"RainPray2:ReiMu","floor":22.0},{"not_picked":["BarrageOfMoneybags:ReiMu+1","AlertArray:ReiMu","PayForSelf:ReiMu+1"],"picked":"Singing Bowl","floor":24.0},{"not_picked":["SpiritualOutbreak2:ReiMu+1","Conquer:ReiMu+1","Intuition:ReiMu"],"picked":"Singing Bowl","floor":28.0},{"not_picked":["Enchanting:ReiMu","OrbThrow:ReiMu+1"],"picked":"PrayRite:ReiMu","floor":29.0},{"not_picked":["OrbThrow:ReiMu+1","SpringWay:ReiMu","Mountainwind:ReiMu"],"picked":"Singing Bowl","floor":30.0},{"not_picked":["TightArray:ReiMu+1","Intuition:ReiMu","WonderfulDomain:ReiMu"],"picked":"Singing Bowl","floor":31.0},{"not_picked":["PrayRite:ReiMu","Free:ReiMu"],"picked":"KamiRite:ReiMu","floor":33.0},{"not_picked":["Conquer:ReiMu+1","Dreaming2:ReiMu+1","UpKicking:ReiMu+1"],"picked":"Singing Bowl","floor":35.0},{"not_picked":["Meditation:ReiMu+1","WonderfulDomain:ReiMu","ForcedLanding:ReiMu+1"],"picked":"Singing Bowl","floor":38.0},{"not_picked":["TightArray:ReiMu+1","SpringWay:ReiMu","UniversalSpiritual:ReiMu"],"picked":"Singing Bowl","floor":39.0},{"not_picked":["WonderfulDomain:ReiMu","Conquer:ReiMu+1","Meditation:ReiMu"],"picked":"Singing Bowl","floor":40.0},{"not_picked":["SubAcupoint:ReiMu+1","Enchanting:ReiMu+1","SpiritualOutbreak2:ReiMu+1"],"picked":"Singing Bowl","floor":41.0},{"not_picked":["SubAcupoint:ReiMu+1","TightArray:ReiMu+1","ShadowOfCrow2:ReiMu+1"],"picked":"Singing Bowl","floor":45.0},{"not_picked":["SubAcupoint:ReiMu+1","AirStrike:ReiMu+1","BarrageOfMoneybags:ReiMu+1"],"picked":"Singing Bowl","floor":46.0},{"not_picked":["Meditation:ReiMu","SpreadBorder2:ReiMu","Dreaming2:ReiMu+1"],"picked":"Singing Bowl","floor":47.0},{"not_picked":["SafetyPray:ReiMu+1","OctopathBindingBorder2:ReiMu"],"picked":"DependentForm:ReiMu","floor":48.0},{"not_picked":["PayForSelf:ReiMu+1","OctopathBindingBorder2:ReiMu","SubAcupoint:ReiMu+1"],"picked":"Singing Bowl","floor":55}],"player_experience":842037,"relics_obtained":[{"floor":8.0,"key":"Molten Egg 2"},{"floor":11.0,"key":"Bag of Marbles"},{"floor":13.0,"key":"Singing Bowl"},{"floor":24.0,"key":"Shovel"},{"floor":25.0,"key":"Akabeko"},{"floor":26.0,"key":"Tea:ReiMu"},{"floor":28.0,"key":"Potion Belt"},{"floor":30.0,"key":"Dream Catcher"},{"floor":32.0,"key":"WingedGreaves"},{"floor":40.0,"key":"Bow_fan:ReiMu"},{"floor":41.0,"key":"Blood Vial"},{"floor":43.0,"key":"Mercury Hourglass"},{"floor":46.0,"key":"White Beast Statue"},{"floor":47.0,"key":"Bird Faced Urn"},{"floor":48.0,"key":"Regal Pillow"},{"floor":49.0,"key":"Lantern"},{"floor":55,"key":"Turnip"}],"event_choices":[{"cards_removed":["Defend_Lin:ReiMu"],"damage_healed":0.0,"max_hp_gain":0.0,"max_hp_loss":0.0,"gold_gain":0.0,"event_name":"Purifier","player_choice":"Purged","floor":2.0,"gold_loss":0.0,"damage_taken":0.0},{"damage_healed":0.0,"max_hp_gain":0.0,"max_hp_loss":0.0,"gold_gain":0.0,"event_name":"Back to Basics","player_choice":"Simplicity","floor":19.0,"gold_loss":0.0,"damage_taken":0.0,"cards_upgraded":[]},{"damage_healed":0.0,"max_hp_gain":0.0,"max_hp_loss":0.0,"gold_gain":0.0,"event_name":"Ghosts","player_choice":"Ignored","floor":21.0,"gold_loss":0.0,"damage_taken":0.0},{"damage_healed":0.0,"max_hp_gain":0.0,"max_hp_loss":0.0,"gold_gain":0.0,"event_name":"The Mausoleum","player_choice":"Ignored","floor":27.0,"gold_loss":0.0,"damage_taken":0.0}],"is_beta":false,"boss_relics":[{"not_picked":["Coffee Dripper","Velvet Choker"],"picked":"Astrolabe"},{"not_picked":["Cursed Key","Snecko Eye"],"picked":"Philosopher\u0027s Stone"}],"items_purged_floors":[0,0,0,0,0,0,0,0,0,0],"is_endless":false,"potions_floor_spawned":[5,10,11,14,16,24,28,30,31,41,46,47,48,55],"ascension_level":20}}