{"host":"xc18ixkpjvqrt8st","time":1614354706,"event":{"mods":["Act Like it!","BaseMod","Better Match","Better Third Choice","Conspire","Hallownest","Hermit","Hubris","Jorbs\u0027s Wanderer Trilogy","Minty Spire (QoL Compilation)","Reliquary","Robot Space Explorer","Shade Mod","Shop Mod","Spicy Shops","Spire Arcade","StSLib","The Animator","The Jungle","The Sage"],"gold_per_floor":[214,58,0,0,0,0,58,58,58,88,88,109,0,16,16,126,126,153,171,171,193,153,171,171,171,171],"floor_reached":25,"language":"ENG","playtime":1305,"items_purged":[],"score":230,"play_id":"e66d5b72-c5b5-4ba7-9166-b73531570d9d","local_time":"20210226095146","is_ascension_mode":true,"campfire_choices":[{"floor":6,"key":"REST"},{"floor":8,"key":"REST"},{"floor":11,"key":"RECALL"},{"floor":15,"key":"REST"},{"floor":24,"key":"REST"}],"circlet_count":0,"master_deck":["animator:Strike_HitsugiNoChaika","animator:Strike+1","animator:Strike","animator:Strike","animator:Defend+1","animator:Defend","animator:Defend","animator:AcuraAkari","animator:Gillette","animator:Chris","Enlightenment","Core Surge+1","animator:Viivi","animator:YachiyoNanami","animator:YunYun","animator:HigakiRinne","animator:Hitei+1","animator:HigakiRinne+1","animator:HououinKyouma+1","animator:Geryuganshoop+1","animator:Tatsumaki+1","animator:Konayuki","animator:Priestess"],"relics":["animator:LivingPicture","animator:TheMissingPiece","Toy Ornithopter","Oddly Smooth Stone","reliquary:SilkGlove","reliquary:QuartzCube","reliquary:SharkskinSheath","Astrolabe","FaceOfCleric"],"acts_visited":["Exordium","TheCity"],"potions_floor_usage":[7,16,23,23],"damage_taken":[{"damage":3,"enemies":"conspire:RoseBush","floor":1,"turns":3},{"damage":26,"enemies":"Lagavulin","floor":7,"turns":9},{"damage":15,"enemies":"3 Sentries","floor":10,"turns":6},{"damage":1,"enemies":"Jaw Worm","floor":12,"turns":3},{"damage":14,"enemies":"2 Louse","floor":14,"turns":2},{"damage":6,"enemies":"The Guardian","floor":16,"turns":11},{"damage":6,"enemies":"Chosen","floor":18,"turns":4},{"damage":0,"enemies":"3 Byrds","floor":19,"turns":5},{"damage":6,"enemies":"Cultist and Chosen","floor":21,"turns":4},{"damage":38,"enemies":"Shelled Parasite and Fungi","floor":23,"turns":4},{"damage":60,"enemies":"Gremlin Leader","floor":25,"turns":8}],"seed_played":"25574345690024237","potions_obtained":[{"floor":1,"key":"Block Potion"},{"floor":12,"key":"SneckoOil"},{"floor":16,"key":"AttackPotion"},{"floor":21,"key":"FearPotion"}],"is_trial":false,"path_per_floor":["M","$","?","?","?","R","E","R","T","E","R","M","$","M","R","B",null,"M","M","?","M","?","M","R","E"],"character_chosen":"THE_ANIMATOR","items_purchased":["Toy Ornithopter","animator:YunYun"],"campfire_rested":4,"item_purchase_floors":[2,13],"current_hp_per_floor":[63,63,69,53,53,72,51,72,72,57,57,57,57,43,64,63,73,67,68,68,64,64,37,60,0,0],"gold":171,"neow_bonus":"HUNDRED_GOLD","is_daily":false,"chose_seed":false,"campfire_upgraded":0,"win_rate":0.0,"timestamp":1614354706,"path_taken":["M","$","?","?","?","R","E","R","T","E","R","?","$","M","R","BOSS","M","?","?","?","?","M","R","E"],"items_purchased_type":["Relic","Card"],"build_version":"2020-12-22","purchased_purges":0,"victory":false,"max_hp_per_floor":[66,66,72,72,72,72,72,72,72,72,72,73,73,73,73,73,73,73,74,74,76,76,77,77,77,77],"card_choices":[{"not_picked":["animator:HighElfArcher","animator:Yuuichirou"],"picked":"animator:Chris","floor":1},{"not_picked":["animator:Mitsurugi","animator:Nanami"],"picked":"animator:Viivi","floor":7},{"not_picked":["animator:Nanami","animator:Hitei"],"picked":"animator:YachiyoNanami","floor":10},{"not_picked":["animator:Viivi","animator:Gillette"],"picked":"animator:Layla","floor":12},{"not_picked":["animator:Viivi","animator:SuzuneAmano"],"picked":"animator:YunYun","floor":14},{"not_picked":["animator:GoblinSlayer","animator:HomuraAkemi"],"picked":"animator:HigakiRinne","floor":16},{"not_picked":["animator:SuzuneAmano","animator:Spearman"],"picked":"animator:Geryuganshoop+1","floor":18},{"not_picked":["animator:Guy+1","animator:KyokoSakura"],"picked":"animator:Tatsumaki+1","floor":19},{"not_picked":["animator:Shichika","animator:Togame"],"picked":"animator:Konayuki","floor":21},{"not_picked":["animator:Yuuichirou+1","animator:Azekura+1"],"picked":"animator:Priestess","floor":23}],"player_experience":685068,"relics_obtained":[{"floor":7,"key":"reliquary:SilkGlove"},{"floor":9,"key":"reliquary:QuartzCube"},{"floor":10,"key":"reliquary:SharkskinSheath"}],"event_choices":[{"damage_healed":0,"gold_gain":0,"player_choice":"RENOUNCE","damage_taken":58,"max_hp_gain":0,"max_hp_loss":0,"event_name":"betterThird:BetterSerpent","floor":3,"gold_loss":58,"cards_obtained":["Enlightenment"]},{"damage_healed":0,"gold_gain":0,"player_choice":"Grow","damage_taken":0,"max_hp_gain":0,"max_hp_loss":0,"event_name":"Living Wall","floor":5,"gold_loss":0,"cards_upgraded":["Core Surge"]},{"damage_healed":0,"gold_gain":0,"player_choice":"Trade","damage_taken":0,"relics_obtained":["FaceOfCleric"],"max_hp_gain":0,"max_hp_loss":0,"event_name":"FaceTrader","floor":20,"gold_loss":0},{"damage_healed":0,"gold_gain":0,"player_choice":"Upgraded Two","damage_taken":0,"max_hp_gain":0,"max_hp_loss":0,"event_name":"Designer","floor":22,"gold_loss":40,"cards_upgraded":["animator:Strike","animator:Defend"]}],"is_beta":false,"boss_relics":[{"not_picked":["Sozu","Velvet Choker"],"picked":"Astrolabe"}],"items_purged_floors":[],"is_endless":false,"potions_floor_spawned":[1,12,16,21],"killed_by":"Gremlin Leader","ascension_level":2}}