{"host":"7us2bf2z4ha64ug4","time":1614329401,"event":{"mods":["Act Like it!","BaseMod","Colored Map","Colored Powertips","Downfall","Highlight Path","Marisa????????","Minty Spire (QoL Compilation)","StSLib","The Cursed","The Hierophant","The Jungle"],"gold_per_floor":[99,114,169,128,140,40,40,40,59,59,59,77,77,96,115,220,220,120,138,159,159,159,159,159,180,201,41,41,41,41],"floor_reached":28,"language":"ENG","playtime":1993,"items_purged":["Shame"],"score":262,"play_id":"34dbf44e-de84-4f5b-936f-731632489b4e","local_time":"20210226095001","is_ascension_mode":false,"campfire_choices":[{"floor":1,"key":"RECALL"},{"data":"hexamod:NecessarySacrifice","floor":6,"key":"SMITH"},{"floor":8,"key":"REST"},{"data":"hexamod:ExtraCrispy","floor":10,"key":"SMITH"},{"data":"hexamod:RadiantFlame","floor":13,"key":"SMITH"},{"data":"hexamod:RetreatToShadows","floor":18,"key":"SMITH"}],"circlet_count":0,"master_deck":["hexamod:Sear+1","hexamod:Float+1","hexamod:RetreatToShadows+1","hexamod:RadiantFlame+1","hexamod:InspiringFlames","hexamod:BacktrackSmack","hexamod:NecessarySacrifice+1","hexamod:ExtraCrispy+1","hexamod:CatchUp","hexamod:FastForward","hexamod:FastForward","hexamod:TurnItUp","hexamod:TurnItUp","hexamod:HauntingEcho","hexamod:SecondSeal","hexamod:Haunt","hexamod:ShieldOfDarkness","hexamod:HauntingEcho","hexamod:SpectralAdrenaline","hexamod:NightmareStrike","hexamod:SpectersWail","hexamod:FourthSeal","hexamod:Hexaguard","hexamod:Incineration","hexamod:GhostShield","hexamod:HeatCrush"],"relics":["hexamod:SpiritBrand","hexamod:MatchstickCase","War Paint","downfall:HeartBlessingRed","WarpedTongs","Pandora\u0027s Box","downfall:HeartBlessingBlue","theJungle:SneckoAutograph","Gambling Chip","Lantern"],"acts_visited":["Exordium","theJungle:Jungle"],"potions_floor_usage":[16,23],"damage_taken":[{"damage":0,"enemies":"2 Louse","floor":2,"turns":3},{"damage":34,"enemies":"Lagavulin Event","floor":3,"turns":7},{"damage":0,"enemies":"downfall:FleeingMerchant","floor":4,"turns":4},{"damage":0,"enemies":"Jaw Worm","floor":5,"turns":3},{"damage":0,"enemies":"Cultist","floor":9,"turns":3},{"damage":14,"enemies":"downfall:LooterAlt","floor":12,"turns":3},{"damage":10,"enemies":"Exordium Wildlife","floor":14,"turns":3},{"damage":6,"enemies":"Large Slime","floor":15,"turns":5},{"damage":9,"enemies":"IC_STATUS_ARCHETYPE","floor":16,"turns":6},{"damage":21,"enemies":"theJungle:Flameango_and_Byrd","floor":19,"turns":4},{"damage":3,"enemies":"theJungle:MUSHROOMGANG","floor":20,"turns":4},{"damage":0,"enemies":"theJungle:JungleHuntersEncounter","floor":23,"turns":1},{"damage":36,"enemies":"theJungle:2_Flameangoes","floor":25,"turns":5},{"damage":11,"enemies":"theJungle:SlimyTreeVines","floor":26,"turns":8},{"damage":3,"enemies":"downfall:FleeingMerchant","floor":27,"turns":4},{"damage":15,"enemies":"theJungle:Lyon","floor":28,"turns":2}],"seed_played":"-1683471069503570176","potions_obtained":[{"floor":3,"key":"hexamod:EctoCoolerPotion"},{"floor":14,"key":"Strength Potion"},{"floor":15,"key":"SkillPotion"},{"floor":16,"key":"SmokeBomb"},{"floor":25,"key":"hexamod:DoubleChargePotion"}],"is_trial":false,"path_per_floor":["R","M","?","$","M","R","T","R","M","R","?","M","R","M","M","B",null,"R","M","M","?","?","M","T","M","M","$","M"],"character_chosen":"THE_SPIRIT","items_purchased":["hexamod:BacktrackSmack","hexamod:HeatCrush"],"campfire_rested":1,"item_purchase_floors":[4,27],"current_hp_per_floor":[70,70,36,36,36,36,36,57,57,57,57,43,43,33,27,18,70,80,59,56,46,46,46,46,10,5,2,0,0,0],"gold":41,"neow_bonus":"RANDOM_COMMON_RELIC","is_daily":false,"chose_seed":false,"campfire_upgraded":4,"win_rate":0.0,"timestamp":1614329401,"path_taken":["R","M","?","$","M","R","T","R","M","R","?","?","R","M","M","BOSS","R","M","M","?","?","M","T","?","M","$","M"],"items_purchased_type":["Card","Card"],"build_version":"2020-12-22","purchased_purges":1,"victory":false,"max_hp_per_floor":[70,70,70,70,70,70,70,70,70,70,70,70,70,70,70,70,70,80,80,80,80,80,80,80,80,80,80,80,80,80],"card_choices":[{"not_picked":["hexamod:InspiringFlames","hexamod:NightmareGuise"],"picked":"hexamod:RetreatToShadows","floor":2},{"not_picked":["hexamod:SwordOfDarkness","hexamod:InspiringFlames"],"picked":"hexamod:RadiantFlame","floor":3},{"not_picked":["hexamod:SwordOfDarkness","hexamod:GhostflameBarrier"],"picked":"hexamod:InspiringFlames","floor":4},{"not_picked":["hexamod:ShieldOfDarkness","hexamod:ThermalTransfer"],"picked":"hexamod:NecessarySacrifice","floor":5},{"not_picked":["hexamod:TimeOfNeed","hexamod:InspiringFlames"],"picked":"hexamod:ExtraCrispy","floor":9},{"not_picked":["hexamod:SwordOfDarkness","hexamod:ExtraCrispy"],"picked":"hexamod:CatchUp","floor":12},{"not_picked":["hexamod:RadiantFlame","hexamod:ShieldOfDarkness"],"picked":"hexamod:FastForward","floor":14},{"not_picked":["hexamod:Firestarter","hexamod:BacktrackSmack"],"picked":"hexamod:FastForward","floor":15},{"not_picked":["hexamod:TimeOfNeed","hexamod:SixthSeal"],"picked":"hexamod:TurnItUp","floor":16},{"not_picked":["hexamod:SpectralAdrenaline","hexamod:HeatMetal"],"picked":"hexamod:SpectersWail","floor":19},{"not_picked":["hexamod:SwordOfDarkness","hexamod:SpectersWail"],"picked":"hexamod:FourthSeal","floor":20},{"not_picked":["hexamod:AdvancingGuard","hexamod:NightmareStrike"],"picked":"hexamod:Hexaguard","floor":25},{"not_picked":["hexamod:NightmareStrike","hexamod:BacktrackSmack"],"picked":"hexamod:Incineration","floor":26},{"not_picked":["hexamod:EtherealExpedition","hexamod:SecondSeal"],"picked":"hexamod:GhostShield","floor":27}],"player_experience":54775,"relics_obtained":[{"floor":3,"key":"War Paint"},{"floor":24,"key":"Gambling Chip"}],"event_choices":[{"damage_healed":0,"gold_gain":0,"player_choice":"Rummage","damage_taken":0,"relics_obtained":["WarpedTongs"],"max_hp_gain":0,"max_hp_loss":0,"event_name":"Accursed Blacksmith","floor":11,"gold_loss":0,"cards_obtained":["Pain"]}],"is_beta":false,"boss_relics":[{"not_picked":["Runic Dome","SacredBark"],"picked":"Pandora\u0027s Box"}],"items_purged_floors":[27],"is_endless":false,"potions_floor_spawned":[3,14,15,16,19,26],"killed_by":"theJungle:Lyon","ascension_level":0}}