{"host":"c35j6tsoy7cxzn43","time":1614379581,"event":{"mods":["BaseMod","Better Third Choice","BetterRewards","Colored Map","Colored Powertips","Conspire","Highlight Path","Hubris","Infinite Spire","Minty Spire (QoL Compilation)","Quick Restart","Replay The Spire","Shop Mod","StSLib"],"gold_per_floor":[110,129,202,18,18,53,53,86,110,110,126,126,146,96,96,198,198,215,235,435,452,464,490,490,505,505,523,523,549,549,549,549,650,750,765,765,779,793,807,807,841,841,841,858,910,923,923,940,940,940,940,940,628,656,656,656],"floor_reached":55,"language":"ENG","playtime":3034,"items_purged":["Strike_B","Defend_B","hubris:Despair","Strike_B"],"score":824,"play_id":"0afa8c5d-92d1-4371-87fd-43b757322578","local_time":"20210226234621","is_ascension_mode":false,"campfire_choices":[{"data":"Conserve Battery","floor":7,"key":"SMITH"},{"data":"Sunder","floor":10,"key":"SMITH"},{"data":"Conserve Battery","floor":12,"key":"SMITH"},{"data":"Zap","floor":15,"key":"SMITH"},{"data":"Electrodynamics","floor":24,"key":"SMITH"},{"data":"Rainbow","floor":28,"key":"SMITH"},{"data":"Darkness","floor":30,"key":"SMITH"},{"data":"Self Repair","floor":32,"key":"SMITH"},{"data":"Dualcast","floor":40,"key":"SMITH"},{"data":"Ball Lightning","floor":47,"key":"SMITH"},{"floor":49,"key":"RECALL"},{"data":"Strike_B","floor":52,"key":"SMITH"}],"circlet_count":0,"master_deck":["Strike_B","Strike_B+1","Defend_B","Defend_B","Defend_B","Zap+1","Dualcast+1","Sunder+1","Conserve Battery+1","Conserve Battery+1","Rainbow+1","Ball Lightning+1","Electrodynamics+1","Darkness+1","Self Repair+1","Conserve Battery+1","Fission+1","ReplayUltimateDefense+1","Rainbow+1","Capacitor+1"],"relics":["Cracked Core","Membership Card","Oddly Smooth Stone","infinitespire:Beetle Shell","infinitespire:Lucky Rock","Blood Vial","Runic Dome","Pear","Golden Egg","Replay:Wanted Poster","ReplayTheSpireMod:CursedCoin","Gremlin Food","Eternal Feather","conspire:SpecialSausage","Emotion Chip","Blue Doll","Pantograph","Raider\u0027s Mask","Orichalcum"],"acts_visited":["Exordium","TheCity","TheBeyond","TheEnding"],"potions_floor_usage":[6,29,33,33,50,55,55,55],"damage_taken":[{"damage":0,"enemies":"conspire:RoseBush","floor":1,"turns":2},{"damage":7,"enemies":"2 Louse","floor":2,"turns":2},{"damage":39,"enemies":"Lagavulin","floor":6,"turns":9},{"damage":0,"enemies":"Replay:BlueRogue","floor":8,"turns":8},{"damage":0,"enemies":"Jaw Worm","floor":11,"turns":3},{"damage":0,"enemies":"2 Fungi Beasts","floor":13,"turns":2},{"damage":11,"enemies":"Slime Boss","floor":16,"turns":7},{"damage":16,"enemies":"conspire:FuzzyDice","floor":18,"turns":6},{"damage":0,"enemies":"Shell Parasite","floor":19,"turns":5},{"damage":0,"enemies":"Centurion and Healer","floor":21,"turns":4},{"damage":12,"enemies":"Snake Plant","floor":22,"turns":4},{"damage":58,"enemies":"Gremlin Leader","floor":23,"turns":8},{"damage":3,"enemies":"conspire:HollyBat","floor":25,"turns":6},{"damage":0,"enemies":"3 Cultists","floor":27,"turns":4},{"damage":0,"enemies":"conspire:Head Lice","floor":29,"turns":6},{"damage":7,"enemies":"conspire:MysteriousRune","floor":33,"turns":10},{"damage":6,"enemies":"3 Darklings","floor":35,"turns":2},{"damage":8,"enemies":"3 Shapes","floor":37,"turns":3},{"damage":0,"enemies":"Sphere and 2 Shapes","floor":38,"turns":3},{"damage":0,"enemies":"4 Shapes","floor":39,"turns":3},{"damage":0,"enemies":"R_Hoarder","floor":41,"turns":10},{"damage":0,"enemies":"Transient","floor":44,"turns":5},{"damage":0,"enemies":"Writhing Mass","floor":46,"turns":5},{"damage":2,"enemies":"Spire Growth","floor":48,"turns":3},{"damage":52,"enemies":"Awakened One","floor":50,"turns":12},{"damage":24,"enemies":"Shield and Spear","floor":54,"turns":2},{"damage":106,"enemies":"The Heart","floor":55,"turns":8}],"seed_played":"884543746106392734","potions_obtained":[{"floor":2,"key":"PowerPotion"},{"floor":11,"key":"SkillPotion"},{"floor":16,"key":"Dexterity Potion"},{"floor":18,"key":"PowerPotion"},{"floor":19,"key":"LifebloodPotion"},{"floor":23,"key":"CultistPotion"},{"floor":29,"key":"SteroidPotion"},{"floor":35,"key":"Regen Potion"},{"floor":39,"key":"FocusPotion"},{"floor":41,"key":"AttackPotion"},{"floor":44,"key":"PowerPotion"},{"floor":54,"key":"Fire Potion"}],"is_trial":false,"path_per_floor":["M","M","?","$","?","E","R","E","T","R","M","R","M","$","R","B",null,"M","M","?","M","M","E","R","M","T","M","R","E","R","?","R","B",null,"M","$","M","M","M","R","E","AVR","T","M","T","M","R","M","R","B",null,"R","$","E","B"],"character_chosen":"DEFECT","items_purchased":["Membership Card","ReplayTheSpireMod:CursedCoin","ReplayUltimateDefense","Pantograph","Raider\u0027s Mask","Capacitor"],"campfire_rested":0,"item_purchase_floors":[4,36,36,53,53,53],"current_hp_per_floor":[80,73,73,73,55,16,16,16,16,16,18,18,20,20,20,11,80,64,66,66,68,58,12,12,11,11,13,13,22,22,22,22,27,90,90,90,90,90,90,90,90,90,90,90,90,90,90,90,90,48,90,90,90,76,0,0],"gold":656,"neow_bonus":"RANDOM_EVENT","is_daily":false,"chose_seed":false,"campfire_upgraded":11,"win_rate":0.0,"timestamp":1614379581,"path_taken":["M","M","?","$","?","E","R","E","T","R","M","R","M","?","R","BOSS","M","M","?","?","M","E","R","M","T","M","R","E","R","?","R","BOSS","M","?","M","M","M","R","E","AVR","T","M","?","M","R","M","R","BOSS","R","$","E","BOSS"],"items_purchased_type":["Relic","Relic","Card","Relic","Relic","Card"],"build_version":"2020-12-22","purchased_purges":4,"victory":false,"max_hp_per_floor":[80,80,80,80,80,80,80,80,80,80,80,80,80,80,80,80,80,80,80,80,80,80,90,90,90,90,90,90,90,90,90,90,90,90,90,90,90,90,90,90,90,90,90,90,90,90,90,90,90,90,90,90,90,90,90,90],"card_choices":[{"not_picked":["Steam","BasicCrystalCard"],"picked":"Sunder","floor":1},{"not_picked":["Loop","Crystallizer","BasicCrystalCard"],"picked":"SKIP","floor":2},{"not_picked":["FTL","Double Energy"],"picked":"Conserve Battery","floor":6},{"not_picked":["Reinforced Body","Glacier","Steam"],"picked":"SKIP","floor":8},{"not_picked":["Rip and Tear","Compile Driver"],"picked":"Conserve Battery","floor":11},{"not_picked":["Coolheaded","ReplayTheSpireMod:System Scan","ReplaySort"],"picked":"SKIP","floor":13},{"not_picked":["Amplify","ReplayTheSpireMod:Fabricate Wheel"],"picked":"Rainbow","floor":16},{"not_picked":["Stack","Steam","Recycle+1"],"picked":"SKIP","floor":18},{"not_picked":["Conserve Battery","Stack","Rip and Tear+1"],"picked":"SKIP","floor":19},{"not_picked":["Static Discharge","Crystallizer"],"picked":"Ball Lightning","floor":21},{"not_picked":["Cold Snap","hubris:Ukulele","Stack"],"picked":"SKIP","floor":22},{"not_picked":["Compile Driver+1","Steam"],"picked":"Electrodynamics","floor":23},{"not_picked":["Redo","Genetic Algorithm"],"picked":"Darkness","floor":25},{"not_picked":["Doom and Gloom","Gash"],"picked":"Self Repair","floor":27},{"not_picked":["Go for the Eyes","Ball Lightning"],"picked":"Conserve Battery+1","floor":29},{"not_picked":["ReplayTheSpireMod:Omega Cannon","Creative AI"],"picked":"Fission","floor":33},{"not_picked":["Steam","Turbo","Compile Driver"],"picked":"SKIP","floor":35},{"not_picked":["Self Repair","ReplayTheSpireMod:System Scan+1","Sweeping Beam"],"picked":"SKIP","floor":37},{"not_picked":["Gash","Skim+1","Panic Button+1"],"picked":"SKIP","floor":38},{"not_picked":["ReplaySort","Skim","Beam Cell+1"],"picked":"SKIP","floor":39},{"not_picked":["FTL","hubris:Ukulele","Chill+1"],"picked":"SKIP","floor":41},{"not_picked":["Steam+1","Beam Cell+1"],"picked":"Rainbow","floor":44},{"not_picked":["Rebound","Leap","Streamline"],"picked":"SKIP","floor":46},{"not_picked":["Rebound+1","Panic Button","Conserve Battery"],"picked":"SKIP","floor":48},{"not_picked":["Go for the Eyes","Streamline+1","Conserve Battery"],"picked":"SKIP","floor":54}],"player_experience":493349,"relics_obtained":[{"floor":6,"key":"infinitespire:Beetle Shell"},{"floor":8,"key":"infinitespire:Lucky Rock"},{"floor":9,"key":"Blood Vial"},{"floor":23,"key":"Pear"},{"floor":29,"key":"Golden Egg"},{"floor":41,"key":"Gremlin Food"},{"floor":43,"key":"Emotion Chip"},{"floor":45,"key":"Blue Doll"},{"floor":54,"key":"Orichalcum"}],"event_choices":[{"damage_healed":0,"gold_gain":0,"player_choice":"Donut","damage_taken":0,"max_hp_gain":5,"max_hp_loss":0,"event_name":"Big Fish","floor":0,"gold_loss":0},{"damage_healed":0,"gold_gain":73,"player_choice":"Gained Gold","damage_taken":0,"max_hp_gain":0,"max_hp_loss":0,"event_name":"Golden Wing","floor":3,"gold_loss":0},{"damage_healed":0,"gold_gain":0,"player_choice":"Relic ","damage_taken":18,"max_hp_gain":0,"max_hp_loss":0,"event_name":"betterThird:BetterScrap","floor":5,"gold_loss":0,"cards_obtained":["Draining Mist"]},{"damage_healed":0,"gold_gain":250,"player_choice":"Bet on Owner","damage_taken":0,"max_hp_gain":0,"max_hp_loss":0,"event_name":"The Joust","floor":20,"gold_loss":50},{"damage_healed":0,"gold_gain":0,"player_choice":"Ignored","damage_taken":0,"max_hp_gain":0,"max_hp_loss":0,"event_name":"Transmorgrifier","floor":31,"gold_loss":0}],"is_beta":false,"boss_relics":[{"not_picked":["hubris:BlackHole","hubris:GrandSneckoEye"],"picked":"Runic Dome"},{"not_picked":["Philosopher\u0027s Stone","ChewingGum"],"picked":"Replay:Wanted Poster"}],"items_purged_floors":[4,14,36,53],"is_endless":false,"potions_floor_spawned":[2,11,16,18,19,23,27,29,35,39,41,44,48,54],"killed_by":"The Heart","ascension_level":0}}