{"host":"qwyulmb1tab18dot","time":1614311491,"event":{"mods":["BaseMod","Colored Map","Highlight Path","Minty Spire (QoL Compilation)","StSLib"],"gold_per_floor":[111,127,138,63,78,111,111,127,153,153,165,200,217,234,234,329,329,349,349,349,376,29,29,29,29,52,152,152,164,180,191,191,293,293,310,324,324,324,336,38,38,38,38,68,115,129,129,143,143,143],"floor_reached":51,"language":"ENG","playtime":4423,"items_purged":["Strike_R","Combust"],"score":664,"play_id":"319f6aa8-3e15-4d7c-95f6-0b3565b0ca80","local_time":"20210225215131","is_ascension_mode":false,"campfire_choices":[{"data":"Armaments","floor":7,"key":"SMITH"},{"data":"Berserk","floor":10,"key":"SMITH"},{"floor":15,"key":"REST"},{"data":"Madness","floor":24,"key":"SMITH"},{"data":"Demon Form","floor":28,"key":"SMITH"},{"floor":32,"key":"REST"},{"data":"Panacea","floor":41,"key":"SMITH"},{"data":"Disarm","floor":47,"key":"SMITH"},{"floor":49,"key":"REST"}],"circlet_count":0,"master_deck":["Strike_R","Strike_R","Strike_R","Defend_R","Defend_R","Defend_R","Defend_R","Bash","Armaments+1","Flex","Berserk+1","True Grit","Uppercut","Clothesline","Disarm+1","Shockwave","Demon Form+1","RitualDagger","Battle Trance","Brutality","Madness+1","Shrug It Off","Bloodletting+1","Impervious","Panacea+1","Good Instincts","Good Instincts","Dual Wield+1","Flame Barrier"],"relics":["Black Blood","PreservedInsect","Blood Vial","Pen Nib","Runic Cube","Juzu Bracelet","Red Mask","Gremlin Horn","Oddly Smooth Stone","Self Forming Clay","Bronze Scales","Strawberry","Red Skull"],"acts_visited":["Exordium","TheCity","TheBeyond"],"potions_floor_usage":[5,6,6,11,14,18,31,39,39,39,39,44],"damage_taken":[{"damage":6,"enemies":"Cultist","floor":1,"turns":3},{"damage":2,"enemies":"2 Louse","floor":2,"turns":4},{"damage":8,"enemies":"Small Slimes","floor":3,"turns":5},{"damage":3,"enemies":"2 Fungi Beasts","floor":5,"turns":3},{"damage":24,"enemies":"Lagavulin","floor":6,"turns":7},{"damage":20,"enemies":"Large Slime","floor":8,"turns":5},{"damage":4,"enemies":"3 Louse","floor":11,"turns":3},{"damage":26,"enemies":"3 Sentries","floor":12,"turns":11},{"damage":29,"enemies":"Exordium Thugs","floor":13,"turns":6},{"damage":0,"enemies":"Blue Slaver","floor":14,"turns":1},{"damage":39,"enemies":"The Guardian","floor":16,"turns":12},{"damage":9,"enemies":"3 Byrds","floor":18,"turns":6},{"damage":62,"enemies":"Masked Bandits","floor":21,"turns":6},{"damage":29,"enemies":"Spheric Guardian","floor":29,"turns":7},{"damage":14,"enemies":"Snecko","floor":30,"turns":4},{"damage":12,"enemies":"Centurion and Healer","floor":31,"turns":6},{"damage":18,"enemies":"Champ","floor":33,"turns":10},{"damage":15,"enemies":"3 Shapes","floor":35,"turns":5},{"damage":28,"enemies":"3 Darklings","floor":36,"turns":6},{"damage":33,"enemies":"Transient","floor":39,"turns":5},{"damage":12,"enemies":"Giant Head","floor":44,"turns":8},{"damage":39,"enemies":"Writhing Mass","floor":46,"turns":11},{"damage":6,"enemies":"4 Shapes","floor":48,"turns":9},{"damage":64,"enemies":"Awakened One","floor":50,"turns":10}],"seed_played":"3914934232387512588","potions_obtained":[{"floor":1,"key":"SteroidPotion"},{"floor":3,"key":"Block Potion"},{"floor":5,"key":"Energy Potion"},{"floor":8,"key":"Fire Potion"},{"floor":13,"key":"LiquidMemories"},{"floor":16,"key":"Block Potion"},{"floor":30,"key":"Dexterity Potion"},{"floor":33,"key":"EntropicBrew"},{"floor":35,"key":"Weak Potion"}],"is_trial":false,"path_per_floor":["M","M","M","$","M","E","R","M","T","R","M","E","M","M","R","B",null,"M","?","?","?","$","?","R","T","T","?","R","M","M","M","R","B",null,"M","M","?","?","M","$","R","$","T","E","T","M","R","M","R","B",null],"character_chosen":"IRONCLAD","items_purchased":["Brutality","Madness","Flame Barrier","Self Forming Clay"],"campfire_rested":3,"item_purchase_floors":[22,22,40,40],"current_hp_per_floor":[80,80,78,78,80,62,62,48,48,48,52,34,13,21,45,14,80,77,77,71,17,17,43,43,43,43,43,43,22,16,12,36,26,80,77,63,63,53,50,50,50,50,50,59,59,34,34,42,68,18],"gold":143,"neow_bonus":"","is_daily":false,"chose_seed":false,"campfire_upgraded":6,"win_rate":0.0,"timestamp":1614311491,"path_taken":["M","M","M","$","M","E","R","M","T","R","M","E","M","?","R","BOSS","M","?","?","?","$","?","R","?","T","?","R","M","M","M","R","BOSS","M","M","?","?","M","$","R","?","T","E","?","M","R","M","R","BOSS"],"items_purchased_type":["Card","Card","Card","Relic"],"build_version":"2020-12-22","purchased_purges":2,"victory":true,"max_hp_per_floor":[80,80,80,80,80,80,80,80,80,80,80,80,80,80,80,80,80,80,80,80,80,80,80,80,80,80,80,80,80,80,80,80,80,80,80,80,80,80,80,80,80,80,80,87,87,87,87,87,87,87],"card_choices":[{"not_picked":["Dark Embrace","Sword Boomerang"],"picked":"Combust","floor":1},{"not_picked":["Burning Pact","Blood for Blood","Fire Breathing"],"picked":"SKIP","floor":2},{"not_picked":["Dual Wield","Shockwave"],"picked":"Armaments","floor":3},{"not_picked":["Anger","Iron Wave"],"picked":"Flex","floor":5},{"not_picked":["Clothesline","Pommel Strike"],"picked":"Berserk","floor":6},{"not_picked":["Body Slam","Shrug It Off"],"picked":"True Grit","floor":8},{"not_picked":["Metallicize","Armaments"],"picked":"Uppercut","floor":11},{"not_picked":["Clash","Searing Blow"],"picked":"Clothesline","floor":12},{"not_picked":["Entrench","Clash"],"picked":"Disarm","floor":13},{"not_picked":["Seeing Red","Flex"],"picked":"Shockwave","floor":14},{"not_picked":["Fiend Fire","Reaper"],"picked":"Demon Form","floor":16},{"not_picked":["True Grit","Iron Wave+1","Clothesline"],"picked":"SKIP","floor":18},{"not_picked":["Whirlwind","Armaments"],"picked":"Battle Trance","floor":21},{"not_picked":["Sword Boomerang+1","Pommel Strike+1","Uppercut+1"],"picked":"SKIP","floor":29},{"not_picked":["Clash+1","Warcry"],"picked":"Shrug It Off","floor":30},{"not_picked":["Rampage","Offering"],"picked":"Bloodletting+1","floor":31},{"not_picked":["Offering","Berserk"],"picked":"Impervious","floor":33},{"not_picked":["Reckless Charge","Sword Boomerang","Body Slam"],"picked":"SKIP","floor":35},{"not_picked":["Perfected Strike","Bloodletting","Flex"],"picked":"SKIP","floor":36},{"not_picked":["Enlightenment","Finesse"],"picked":"Panacea","floor":38},{"not_picked":["Panache","PanicButton"],"picked":"Good Instincts","floor":38},{"not_picked":["Discovery","Thinking Ahead"],"picked":"Good Instincts","floor":38},{"not_picked":["Searing Blow","Whirlwind+1"],"picked":"Dual Wield+1","floor":39},{"not_picked":["Armaments","Sword Boomerang","Double Tap"],"picked":"SKIP","floor":44},{"not_picked":["Armaments","Sever Soul","Anger+1"],"picked":"SKIP","floor":46},{"not_picked":["Blood for Blood+1","Fire Breathing+1","Cleave+1"],"picked":"SKIP","floor":48}],"player_experience":0,"relics_obtained":[{"floor":6,"key":"PreservedInsect"},{"floor":9,"key":"Blood Vial"},{"floor":12,"key":"Pen Nib"},{"floor":21,"key":"Red Mask"},{"floor":25,"key":"Gremlin Horn"},{"floor":26,"key":"Oddly Smooth Stone"},{"floor":43,"key":"Bronze Scales"},{"floor":44,"key":"Strawberry"},{"floor":45,"key":"Red Skull"}],"event_choices":[{"damage_healed":0,"gold_gain":0,"player_choice":"Opened","damage_taken":0,"relics_obtained":["Juzu Bracelet"],"max_hp_gain":0,"max_hp_loss":0,"event_name":"The Mausoleum","floor":19,"gold_loss":0},{"damage_healed":0,"gold_gain":0,"player_choice":"Joined the Cult","damage_taken":6,"max_hp_gain":0,"max_hp_loss":0,"event_name":"Nest","floor":20,"gold_loss":0,"cards_obtained":["RitualDagger"]},{"damage_healed":0,"gold_gain":0,"player_choice":"Fought Bandits","damage_taken":0,"max_hp_gain":0,"max_hp_loss":0,"event_name":"Masked Bandits","floor":21,"gold_loss":0},{"damage_healed":26,"gold_gain":0,"player_choice":"Heal","damage_taken":0,"max_hp_gain":0,"max_hp_loss":0,"event_name":"The Library","floor":23,"gold_loss":0},{"damage_healed":0,"gold_gain":100,"player_choice":"Pray","damage_taken":0,"max_hp_gain":0,"max_hp_loss":0,"event_name":"Golden Shrine","floor":27,"gold_loss":0},{"cards_removed":["Strike_R"],"damage_healed":0,"gold_gain":0,"player_choice":"Removed Attack","damage_taken":0,"max_hp_gain":0,"max_hp_loss":0,"event_name":"Falling","floor":37,"gold_loss":0},{"damage_healed":0,"gold_gain":0,"player_choice":"Memory 3","damage_taken":10,"max_hp_gain":0,"max_hp_loss":0,"event_name":"SensoryStone","floor":38,"gold_loss":0}],"is_beta":false,"boss_relics":[{"not_picked":["Astrolabe","Black Star"],"picked":"Runic Cube"},{"not_picked":["Velvet Choker","Empty Cage"],"picked":"Black Blood"}],"items_purged_floors":[4,22],"is_endless":false,"potions_floor_spawned":[1,3,5,8,13,16,30,33,35],"ascension_level":0}}