{"host":"d73an99q9oevilk5","time":1614310012,"event":{"mods":["2.2 Compatiblity","AchievementEnabler","Act Like it!","Aspiration","BaseMod","Beaked The Cultist","Better Third Choice","BetterRewards","Bossed Relics","Colored Map","Colored Powertips","Conspire","Downfall","GifTheSpireLib","GungeonMod","Halation","Hubris","Infinite Spire","Marisa????????","Mimic Mod","Minty Spire (QoL Compilation)","MostiFishMod","Quick Restart","Relic Sorter","Reliquary","Replay The Spire","Shop Mod","Spikes Relics","StSLib","Stuff the Spire","The Cursed","The Jungle","The Necromancer","The Saiyan","TheHero","Waifu the Spire","egg","slay the spire mod where everything is the same but ironclad has a cowboy hat"],"gold_per_floor":[114,389,399,415,429,455,152,152,152,186,203,203,168,184,184,283,283,295,312,332,342,358,393,393,421,421,421,421,451,451,468,468,481,481,581,581,592,592,592,610,302,302,336,336,336,336,349,381,381,414,414,414],"floor_reached":53,"language":"ENG","playtime":2007,"items_purged":[],"score":1067,"play_id":"c8ea1030-5ae7-4c0a-970f-ebfa7c882e92","local_time":"20210225202652","is_ascension_mode":false,"campfire_choices":[{"data":"beaked:Ceremony","floor":8,"key":"SMITH"},{"data":"Regret","floor":12,"key":"PURGE"},{"floor":15,"key":"DIG"},{"data":"beaked:Ceremony","floor":24,"key":"SMITH"},{"data":"MostiFishMod:NightSea","floor":30,"key":"SMITH"},{"data":"beaked:Hexing","floor":34,"key":"SMITH"},{"data":"beaked:Ceremony","floor":42,"key":"SMITH"},{"data":"beaked:Ceremony","floor":46,"key":"SMITH"},{"data":"beaked:KnowThyFoe","floor":49,"key":"SMITH"},{"data":"beaked:Brace","floor":51,"key":"SMITH"}],"circlet_count":0,"master_deck":["beaked:Strike_Y","beaked:Strike_Y","beaked:Strike_Y","beaked:Strike_Y","beaked:Strike_Y","beaked:Strike_Y","beaked:Defend_Y","beaked:Defend_Y","beaked:Defend_Y","beaked:Defend_Y","beaked:Ceremony+1","beaked:Ceremony+1","beaked:Ceremony+1","MostiFishMod:Neptune","MostiFishMod:TheEndOfMoonlight","MostiFishMod:SparklingWater","MostiFishMod:FantasySummer","MostiFishMod:NightSea+1","beaked:Hexing+1","beaked:HuntressSpirit","beaked:CursingBlood","beaked:MachineSpirit","beaked:MaddeningMurmurs","beaked:Sacrifice","beaked:Evade","beaked:Foresight","beaked:CrazyRituals+1","beaked:Brace+1","beaked:Foresight","beaked:CrazyRituals+1","beaked:KnowThyFoe+1","beaked:HuntressSpirit+1","beaked:Poke","beaked:Ceremony+1"],"relics":["beaked:MendingPlumage","DaveBox","MoonlightInvasionPlan","NeowsBlessing","SynthV:TestCard","infinitespire:BottledMercury","Anchor","ChiLing","Chi","Ling","DemoMod:PinkGuonStone","Peace Pipe","Lantern","CosmicIsotope","DemoMod:MemoryAlloy","reliquary:Spinner","reliquary:PorcupineQuills","Dream Catcher","JellyFishMachine","MiniBlackHole","aspiration:Lifesprig","conspire:TopHat","hubris:DisguiseKit","Counterbalance","DemoMod:Relodestone"],"acts_visited":["Exordium","TheCity","TheBeyond"],"potions_floor_usage":[6,25,29,48,52,52],"damage_taken":[{"damage":0,"enemies":"Cultist","floor":1,"turns":2},{"damage":0,"enemies":"Small Slimes","floor":3,"turns":2},{"damage":0,"enemies":"2 Louse","floor":4,"turns":2},{"damage":6,"enemies":"Large Slime","floor":5,"turns":2},{"damage":46,"enemies":"3 Sentries","floor":6,"turns":9},{"damage":22,"enemies":"Lagavulin","floor":10,"turns":3},{"damage":1,"enemies":"3 Louse","floor":11,"turns":3},{"damage":2,"enemies":"Gremlin Gang","floor":14,"turns":2},{"damage":3,"enemies":"The Guardian","floor":16,"turns":10},{"damage":2,"enemies":"Shell Parasite","floor":18,"turns":2},{"damage":2,"enemies":"2 Thieves","floor":19,"turns":4},{"damage":21,"enemies":"Sentry and Sphere","floor":20,"turns":6},{"damage":3,"enemies":"Shelled Parasite and Fungi","floor":21,"turns":2},{"damage":8,"enemies":"conspire:HollyBat","floor":22,"turns":8},{"damage":13,"enemies":"Replay:Snechameleon","floor":23,"turns":7},{"damage":3,"enemies":"Slavers","floor":25,"turns":5},{"damage":19,"enemies":"Gremlin Leader","floor":29,"turns":7},{"damage":9,"enemies":"Snake Plant","floor":31,"turns":6},{"damage":22,"enemies":"Centurion and Healer","floor":33,"turns":7},{"damage":33,"enemies":"hubris:MusketHawk","floor":35,"turns":9},{"damage":3,"enemies":"3 Shapes","floor":37,"turns":2},{"damage":1,"enemies":"Orb Walker","floor":40,"turns":2},{"damage":44,"enemies":"Nemesis","floor":43,"turns":5},{"damage":6,"enemies":"4 Shapes","floor":47,"turns":3},{"damage":10,"enemies":"beaked:SuperParasite","floor":48,"turns":7},{"damage":8,"enemies":"Reptomancer","floor":50,"turns":5},{"damage":10,"enemies":"Donu and Deca","floor":52,"turns":8}],"seed_played":"3866479613711920437","potions_obtained":[{"floor":3,"key":"Strength Potion"},{"floor":5,"key":"sneckomod:MuddlingPotion"},{"floor":10,"key":"Swift Potion"},{"floor":11,"key":"beaked:MendingBrew"},{"floor":19,"key":"Dexterity Potion"},{"floor":23,"key":"DistilledChaos"},{"floor":25,"key":"bronze:BurnAndBuffPotion"},{"floor":33,"key":"Weak Potion"},{"floor":43,"key":"SmokeBomb"},{"floor":50,"key":"bronze:BurnAndBuffPotion"}],"is_trial":false,"path_per_floor":["M","?","M","M","M","E","$","R","T","E","M","R","?","M","R_BF","B",null,"M","M","M","M","M","E","R","E","PTL","PTL","T","E","R","M","?","M","R","B",null,"M","?","?","M","$","R","E","?","T","R","M","E","R","E","R","B",null],"character_chosen":"BEAKED_THE_CULTIST","items_purchased":["Anchor","ChiLing","MiniBlackHole","aspiration:Lifesprig"],"campfire_rested":0,"item_purchase_floors":[7,7,41,41],"current_hp_per_floor":[50,50,50,50,45,27,27,27,34,15,20,20,34,34,34,57,57,57,56,51,54,60,60,60,63,63,63,63,63,63,63,52,68,68,68,68,67,67,67,68,68,68,68,68,68,68,67,74,74,74,74,74],"gold":414,"neow_bonus":"THREE_ENEMY_KILL","is_daily":false,"chose_seed":false,"campfire_upgraded":8,"win_rate":0.0,"timestamp":1614310012,"path_taken":["M","?","?","M","M","E","$","R","T","E","M","R","?","M","R_BF","BOSS","M","M","M","M","M","E","R","E","PTL","PTL","T","E","R","M","?","M","R","BOSS","M","?","?","M","$","R","E","?","T","R","?","E","R","E","R","BOSS"],"items_purchased_type":["Relic","Relic","Relic","Relic"],"build_version":"2020-12-22","purchased_purges":0,"victory":true,"max_hp_per_floor":[50,50,50,50,50,50,50,50,57,57,57,57,57,57,57,57,57,57,57,57,57,60,60,60,63,63,63,63,63,63,63,68,68,68,68,68,68,68,68,68,68,68,68,68,68,68,71,74,74,74,74,74],"card_choices":[{"not_picked":["beaked:Brace","beaked:SacrificialAttack"],"picked":"beaked:Hexing","floor":1},{"not_picked":["beaked:WindBringer","beaked:Tradeoff","beaked:MachineEssence","beaked:FeelMyPain"],"picked":"beaked:HuntressSpirit","floor":3},{"not_picked":["beaked:WarriorEssence","beaked:Flinch","beaked:Struggle","beaked:MimicMachine"],"picked":"beaked:CursingBlood","floor":4},{"not_picked":["beaked:Hexing","beaked:Tradeoff","beaked:SacrificialScars","beaked:Daydream"],"picked":"beaked:MachineSpirit","floor":5},{"not_picked":["beaked:BraceForImpact","beaked:DesperateSwing","ReplayTheSpireMod:Prepare the Ceremony","beaked:Pecker"],"picked":"beaked:MaddeningMurmurs","floor":6},{"not_picked":["beaked:Recite","beaked:Negation","beaked:Resilience","beaked:Tradeoff","beaked:SurvivalInstinct"],"picked":"SKIP","floor":10},{"not_picked":["beaked:Insight","beaked:VolatileMisfortune","beaked:FeelMyPain","beaked:Windmill","beaked:RitualOfBody"],"picked":"SKIP","floor":11},{"not_picked":["beaked:Overexert","beaked:BraceForImpact","ReplayTheSpireMod:Wings of Steel","beaked:StunningBlow","beaked:FeelMyPain"],"picked":"SKIP","floor":14},{"not_picked":["beaked:Brainwash","beaked:MachineEssence","beaked:SacrificialScars","beaked:LiftOff"],"picked":"beaked:Sacrifice","floor":16},{"not_picked":["beaked:RitualOfBody","beaked:Roost","beaked:BarbedWire","beaked:SurvivalInstinct","beaked:BraceForImpact+1"],"picked":"SKIP","floor":18},{"not_picked":["beaked:BraceForImpact","beaked:SacrificialDive+1","beaked:Daydream","beaked:CrazyRituals"],"picked":"beaked:Evade","floor":19},{"not_picked":["beaked:HuntressSpirit","beaked:Redirect","beaked:Flinch+1","beaked:CheekyTricks"],"picked":"beaked:Foresight","floor":20},{"not_picked":["beaked:CursingBlood+1","beaked:Windmill","beaked:Cower+1","beaked:StickSmack"],"picked":"beaked:CrazyRituals+1","floor":21},{"not_picked":["beaked:Windmill","beaked:Redirect","beaked:SacrificialAttack+1","beaked:Flinch","beaked:Mantra+1"],"picked":"SKIP","floor":22},{"not_picked":["beaked:Caw","beaked:TuckingFeathers","beaked:Daydream","beaked:Devastation"],"picked":"beaked:Brace","floor":23},{"not_picked":["beaked:Cower","beaked:BraceForImpact","beaked:Daydream","beaked:Resilience","beaked:TuckingFeathers"],"picked":"SKIP","floor":25},{"not_picked":["beaked:Daydream","beaked:Evade","beaked:BraceForImpact","beaked:Cower","beaked:TuckingFeathers+1"],"picked":"SKIP","floor":29},{"not_picked":["beaked:BloodRitual","beaked:MachineSpirit","beaked:Molting","beaked:Redirect"],"picked":"beaked:Foresight","floor":31},{"not_picked":["beaked:RitualOfBody","beaked:Molting","beaked:BarbedWire+1","beaked:Foresight"],"picked":"beaked:CrazyRituals+1","floor":33},{"not_picked":["beaked:DarkPact","beaked:Brainwash","beaked:ScreechingChant","beaked:CheekyTricks"],"picked":"beaked:KnowThyFoe","floor":35},{"not_picked":["beaked:Recite","beaked:Resilience+1","beaked:Foresight","beaked:DigDeeper+1","beaked:BraceForImpact"],"picked":"SKIP","floor":37},{"not_picked":["beaked:FeelMyPain","beaked:Tradeoff+1","beaked:SurvivalInstinct+1","beaked:Roost"],"picked":"beaked:HuntressSpirit+1","floor":40},{"not_picked":["beaked:Windmill+1","beaked:Flinch","beaked:Insight+1","beaked:Daydream+1","beaked:Brace"],"picked":"SKIP","floor":43},{"not_picked":["beaked:Evade","beaked:Poke","beaked:Tradeoff","beaked:Tweet+1","beaked:DigDeep+1","Entrench"],"picked":"SKIP","floor":47},{"not_picked":["beaked:RuinSticks+1","beaked:Molting","beaked:Roost","beaked:Daydream+1","beaked:Resilience+1","Battle Trance"],"picked":"SKIP","floor":48},{"not_picked":["beaked:Brace","beaked:Resilience+1","beaked:Foresight","beaked:Cower","beaked:VolatileMisfortune","ReplayTheSpireMod:Strike From Hell"],"picked":"SKIP","floor":50}],"player_experience":1997798,"relics_obtained":[{"floor":1,"key":"SynthV:TestCard"},{"floor":6,"key":"infinitespire:BottledMercury"},{"floor":9,"key":"DemoMod:PinkGuonStone"},{"floor":10,"key":"Peace Pipe"},{"floor":15,"key":"Lantern"},{"floor":23,"key":"DemoMod:MemoryAlloy"},{"floor":25,"key":"reliquary:Spinner"},{"floor":28,"key":"reliquary:PorcupineQuills"},{"floor":29,"key":"Dream Catcher"},{"floor":43,"key":"conspire:TopHat"},{"floor":45,"key":"hubris:DisguiseKit"},{"floor":48,"key":"Counterbalance"},{"floor":50,"key":"DemoMod:Relodestone"}],"event_choices":[{"damage_healed":0,"gold_gain":275,"player_choice":"Desecrate","damage_taken":0,"max_hp_gain":0,"max_hp_loss":0,"event_name":"Golden Shrine","floor":2,"gold_loss":0,"cards_obtained":["Regret"]},{"damage_healed":14,"gold_gain":0,"player_choice":"Healed","damage_taken":0,"max_hp_gain":0,"max_hp_loss":0,"event_name":"The Cleric","floor":13,"gold_loss":35},{"damage_healed":0,"gold_gain":0,"player_choice":"Shed Blood","damage_taken":16,"max_hp_gain":5,"max_hp_loss":0,"event_name":"Forgotten Altar","floor":32,"gold_loss":0},{"damage_healed":0,"gold_gain":0,"player_choice":"Leave","damage_taken":0,"max_hp_gain":0,"max_hp_loss":0,"event_name":"conspire:Investor","floor":38,"gold_loss":0},{"damage_healed":0,"gold_gain":0,"player_choice":"2 cards matched","damage_taken":0,"max_hp_gain":0,"max_hp_loss":0,"event_name":"Match and Keep!","floor":44,"gold_loss":0,"cards_obtained":["beaked:Poke","beaked:Ceremony"]}],"is_beta":false,"boss_relics":[{"not_picked":["conspire:SlowCooker","GreenFoldingFan"],"picked":"CosmicIsotope"},{"not_picked":["StuffTheSpire:Kangaroo","aspiration:FutureDiary"],"picked":"JellyFishMachine"}],"items_purged_floors":[],"is_endless":false,"potions_floor_spawned":[3,5,10,11,18,19,22,23,25,33,43,47,50],"ascension_level":0}}