{"host":"mvhzznpw3ffw85pv","time":1614330499,"event":{"mods":["AchievementEnabler","BaseMod","Bestiary","Block Reminder","Colored Map","Highlight Path","Minty Spire (QoL Compilation)","Relic Stats"],"gold_per_floor":[112,122,136,61,61,95,95,107,161,192,208,228,228,228,228,302,302,315,240,255,255,255,255],"floor_reached":22,"language":"ENG","playtime":1590,"items_purged":["Strike_P"],"score":376,"play_id":"243eeca2-7dcd-4853-a153-165e574d34b7","local_time":"20210226040819","is_ascension_mode":true,"campfire_choices":[{"floor":7,"key":"REST"},{"data":"DeceiveReality","floor":13,"key":"SMITH"},{"floor":15,"key":"REST"}],"circlet_count":0,"master_deck":["AscendersBane","Strike_P","Strike_P","Defend_P","Defend_P","Defend_P","Eruption","Vigilance","TalkToTheHand","EmptyFist","ThirdEye","BowlingBash","ConjureBlade","Evaluate","DeceiveReality+1","CutThroughFate","SignatureMove"],"relics":["PureWater","Sundial","Dream Catcher","Orichalcum","Bag of Preparation","Philosopher\u0027s Stone","MutagenicStrength"],"acts_visited":["Exordium","TheCity"],"potions_floor_usage":[10,22,22],"damage_taken":[{"damage":0,"enemies":"Cultist","floor":1,"turns":4},{"damage":8,"enemies":"2 Louse","floor":2,"turns":2},{"damage":0,"enemies":"Small Slimes","floor":3,"turns":4},{"damage":50,"enemies":"Gremlin Nob","floor":6,"turns":6},{"damage":0,"enemies":"2 Fungi Beasts","floor":8,"turns":4},{"damage":0,"enemies":"Lagavulin","floor":10,"turns":4},{"damage":2,"enemies":"Looter","floor":11,"turns":4},{"damage":12,"enemies":"Red Slaver","floor":12,"turns":5},{"damage":20,"enemies":"The Guardian","floor":16,"turns":12},{"damage":19,"enemies":"Chosen","floor":18,"turns":7},{"damage":6,"enemies":"2 Thieves","floor":20,"turns":4},{"damage":32,"enemies":"Masked Bandits","floor":22,"turns":3}],"seed_played":"-4696943365996407649","potions_obtained":[{"floor":1,"key":"LiquidMemories"},{"floor":3,"key":"Block Potion"},{"floor":16,"key":"Energy Potion"}],"is_trial":false,"path_per_floor":["M","M","M","$","?","E","R","M","T","E","M","M","R","T","R","B",null,"M","?","M","?","?"],"character_chosen":"WATCHER","items_purchased":[],"campfire_rested":2,"item_purchase_floors":[],"current_hp_per_floor":[61,53,53,53,68,18,38,38,38,38,36,24,24,24,44,24,57,38,38,32,32,0,0],"gold":255,"neow_bonus":"TRANSFORM_CARD","is_daily":false,"chose_seed":false,"campfire_upgraded":1,"win_rate":0.0,"timestamp":1614330499,"path_taken":["M","?","M","$","?","E","R","?","T","E","M","M","R","?","R","BOSS","M","?","M","?","?"],"items_purchased_type":[],"build_version":"2020-12-22","purchased_purges":1,"victory":false,"max_hp_per_floor":[68,68,68,68,68,68,68,68,68,68,68,68,68,68,68,68,68,68,68,68,68,68,68],"relic_stats":{"Dream Catcher":1,"counters":[12,59],"Sundial":[8],"Bag of Preparation":[8],"Orichalcum":[18],"obtain_stats":[{"Dream Catcher":9,"Sundial":6,"MutagenicStrength":21,"Philosopher\u0027s Stone":17,"Bag of Preparation":14,"PureWater":0,"Orichalcum":10},{"Dream Catcher":5,"Sundial":4,"MutagenicStrength":11,"Philosopher\u0027s Stone":9,"Bag of Preparation":8,"PureWater":0,"Orichalcum":6},{"Dream Catcher":20,"Sundial":16,"MutagenicStrength":56,"Philosopher\u0027s Stone":45,"Bag of Preparation":33,"PureWater":0,"Orichalcum":24}]},"card_choices":[{"not_picked":["Wireheading","ForeignInfluence"],"picked":"EmptyFist","floor":1},{"not_picked":["Worship","Crescendo"],"picked":"ThirdEye","floor":2},{"not_picked":["EmptyFist","Meditate"],"picked":"BowlingBash","floor":3},{"not_picked":["Adaptation","Sanctity"],"picked":"ConjureBlade","floor":6},{"not_picked":["Study","Consecrate"],"picked":"Evaluate","floor":8},{"not_picked":["ClearTheMind","Consecrate","Halt"],"picked":"SKIP","floor":10},{"not_picked":["JustLucky","WindmillStrike","Protect"],"picked":"SKIP","floor":11},{"not_picked":["FlyingSleeves","CrushJoints"],"picked":"DeceiveReality","floor":12},{"not_picked":["JustLucky","Prostrate"],"picked":"CutThroughFate","floor":15},{"not_picked":["CutThroughFate","FlurryOfBlows+1","BowlingBash"],"picked":"SKIP","floor":18},{"not_picked":["CutThroughFate","Fasting2"],"picked":"SignatureMove","floor":20}],"player_experience":674058,"relics_obtained":[{"floor":6,"key":"Sundial"},{"floor":9,"key":"Dream Catcher"},{"floor":10,"key":"Orichalcum"},{"floor":14,"key":"Bag of Preparation"}],"event_choices":[{"damage_healed":15,"gold_gain":0,"player_choice":"Full Heal","damage_taken":0,"max_hp_gain":0,"max_hp_loss":0,"event_name":"Wheel of Change","floor":5,"gold_loss":0},{"cards_removed":["Strike_P"],"damage_healed":0,"gold_gain":0,"player_choice":"Gave Gold","damage_taken":0,"max_hp_gain":0,"max_hp_loss":0,"event_name":"Beggar","floor":19,"gold_loss":75},{"damage_healed":0,"gold_gain":0,"player_choice":"Inject Mutagens","damage_taken":0,"relics_obtained":["MutagenicStrength"],"max_hp_gain":0,"max_hp_loss":0,"event_name":"Drug Dealer","floor":21,"gold_loss":0},{"damage_healed":0,"gold_gain":0,"player_choice":"Fought Bandits","damage_taken":0,"max_hp_gain":0,"max_hp_loss":0,"event_name":"Masked Bandits","floor":22,"gold_loss":0}],"is_beta":false,"boss_relics":[{"not_picked":["VioletLotus","Velvet Choker"],"picked":"Philosopher\u0027s Stone"}],"items_purged_floors":[4],"is_endless":false,"potions_floor_spawned":[1,3,8,16,20],"killed_by":"Masked Bandits","ascension_level":14}}