{"host":"miejrq8yypas90n2","time":1614315924,"event":{"mods":["100% Spire Juice","Act Like it!","Aya Shameimaru","BaseMod","Colored Powertips","Gensokyo","Marisa£®ÏF”Í°°ƒß¿Ì…≥£©","Minty Spire (QoL Compilation)","Relic Filter Mod","StSLib"],"gold_per_floor":[112,212,137,147,147,147,177,195,195,195,226,226],"floor_reached":11,"language":"ZHS","playtime":315,"items_purged":["shameimaru:Strike"],"score":106,"play_id":"c5599f98-2200-4855-a571-713c7d835bf3","local_time":"20210226130524","is_ascension_mode":false,"campfire_choices":[{"data":"shameimaru:ReporterInstinct","floor":6,"key":"SMITH"}],"circlet_count":0,"master_deck":["shameimaru:Strike","shameimaru:Strike","shameimaru:Strike","shameimaru:Defend","shameimaru:Defend","shameimaru:Defend+1","shameimaru:Defend+1","shameimaru:PlayfulTaunt","shameimaru:SnapshotStrike","shameimaru:AirCutter","shameimaru:ReporterInstinct+1","shameimaru:Tailwind","shameimaru:PeerlessWind","shameimaru:DashingDomination"],"relics":["shameimaru:blackbirdfeather","NeowsBlessing","Matryoshka","War Paint","Meat on the Bone","Pear","Regal Pillow"],"acts_visited":["Exordium"],"potions_floor_usage":[],"damage_taken":[{"damage":0,"enemies":"2 Louse","floor":1,"turns":1},{"damage":0,"enemies":"Cultist","floor":4,"turns":1},{"damage":0,"enemies":"Gremlin Nob","floor":7,"turns":2},{"damage":3,"enemies":"Jaw Worm","floor":8,"turns":4},{"damage":37,"enemies":"3 Sentries","floor":11,"turns":14}],"seed_played":"4852498074421917169","potions_obtained":[{"floor":4,"key":"DuplicationPotion"},{"floor":7,"key":"Ancient Potion"}],"is_trial":false,"path_per_floor":["M","?","$","M","?","R","E","M","T","?","E"],"character_chosen":"AYA","items_purchased":[],"campfire_rested":0,"item_purchase_floors":[],"current_hp_per_floor":[80,80,80,80,80,80,80,77,77,84,47,47],"gold":226,"neow_bonus":"THREE_ENEMY_KILL","is_daily":false,"chose_seed":false,"campfire_upgraded":1,"win_rate":0.0,"timestamp":1614315924,"path_taken":["M","?","$","?","?","R","E","M","T","?","E"],"items_purchased_type":[],"build_version":"2020-12-22","purchased_purges":1,"victory":false,"max_hp_per_floor":[80,80,80,80,80,80,80,80,80,90,90,90],"card_choices":[{"not_picked":["shameimaru:GustFan","shameimaru:BlindingSpeed"],"picked":"shameimaru:AirCutter","floor":1},{"not_picked":["shameimaru:AirCutter","shameimaru:GaleBullet"],"picked":"shameimaru:ReporterInstinct","floor":4},{"not_picked":["shameimaru:GroupPhoto","shameimaru:PeerlessWind"],"picked":"shameimaru:Tailwind","floor":7},{"not_picked":["shameimaru:HitAndRun","shameimaru:QuickReporting"],"picked":"shameimaru:PeerlessWind","floor":8},{"not_picked":["shameimaru:LoadedStatement","shameimaru:DashingGrace"],"picked":"shameimaru:DashingDomination","floor":11}],"player_experience":410518,"relics_obtained":[{"floor":7,"key":"Matryoshka"},{"floor":9,"key":"War Paint"},{"floor":9,"key":"Meat on the Bone"},{"floor":11,"key":"Regal Pillow"}],"event_choices":[{"damage_healed":0,"gold_gain":100,"player_choice":"Pray","damage_taken":0,"max_hp_gain":0,"max_hp_loss":0,"event_name":"Golden Shrine","floor":2,"gold_loss":0},{"damage_healed":0,"gold_gain":0,"player_choice":"Ignored","damage_taken":0,"max_hp_gain":0,"max_hp_loss":0,"event_name":"Liars Game","floor":5,"gold_loss":0},{"damage_healed":0,"gold_gain":0,"player_choice":"Success","damage_taken":3,"relics_obtained":["Pear"],"max_hp_gain":0,"max_hp_loss":0,"event_name":"Scrap Ooze","floor":10,"gold_loss":0}],"is_beta":false,"boss_relics":[],"items_purged_floors":[3],"is_endless":false,"potions_floor_spawned":[4,7],"killed_by":"3 Sentries","ascension_level":0}}