{"host":"yhhyog5h1q67ienp","time":1614367943,"event":{"mods":["AchievementEnabler","BaseMod","Block Reminder","Colored Map","Colored Powertips","Minty Spire (QoL Compilation)","Quick Restart","Relic Stats","StSLib","ojb\u0027s Better Paths Mod","ojb\u0027s Info Mod"],"gold_per_floor":[113,113,123,136,136,136,169,181,216,228,275,41,52,81,81,81,81],"floor_reached":16,"language":"ENG","playtime":543,"items_purged":["Strike_R"],"score":236,"play_id":"1c2f26ad-a48a-405f-912e-d00e9faf66c9","local_time":"20210226163223","is_ascension_mode":true,"campfire_choices":[{"data":"Fire Breathing","floor":6,"key":"SMITH"},{"data":"Feel No Pain","floor":8,"key":"SMITH"},{"floor":10,"key":"REST"},{"data":"Dark Embrace","floor":15,"key":"SMITH"}],"circlet_count":0,"master_deck":["AscendersBane","Strike_R","Strike_R","Strike_R","Strike_R","Defend_R","Defend_R","Defend_R","Defend_R","Bash","Feel No Pain+1","Pommel Strike","Fire Breathing+1","Feed","Wild Strike","Spot Weakness","Dark Embrace+1"],"relics":["Burning Blood","NeowsBlessing","Regal Pillow","MawBank","Bag of Preparation","Potion Belt","ClockworkSouvenir","Toy Ornithopter"],"acts_visited":["Exordium"],"potions_floor_usage":[7,11,16],"damage_taken":[{"damage":0,"enemies":"Small Slimes","floor":1,"turns":1},{"damage":0,"enemies":"Cultist","floor":3,"turns":1},{"damage":0,"enemies":"2 Louse","floor":4,"turns":1},{"damage":52,"enemies":"Gremlin Nob","floor":7,"turns":6},{"damage":13,"enemies":"3 Sentries","floor":11,"turns":4},{"damage":20,"enemies":"Looter","floor":13,"turns":4},{"damage":35,"enemies":"Lagavulin","floor":14,"turns":7},{"damage":25,"enemies":"Hexaghost","floor":16,"turns":7}],"seed_played":"4713502808123266314","potions_obtained":[{"floor":1,"key":"Block Potion"},{"floor":2,"key":"EssenceOfSteel"},{"floor":13,"key":"PowerPotion"}],"is_trial":false,"path_per_floor":["M","?","M","M","T","R","E","R","T","R","E","$","M","E","R","B"],"character_chosen":"IRONCLAD","items_purchased":["ClockworkSouvenir"],"campfire_rested":1,"item_purchase_floors":[12],"current_hp_per_floor":[74,74,75,75,75,75,29,29,29,66,59,59,45,19,19,0,0],"gold":81,"neow_bonus":"THREE_ENEMY_KILL","is_daily":false,"chose_seed":false,"campfire_upgraded":3,"win_rate":0.0,"timestamp":1614367943,"path_taken":["M","?","M","?","?","R","E","R","T","R","E","$","M","E","R","BOSS"],"items_purchased_type":["Relic"],"build_version":"2020-12-22","purchased_purges":1,"victory":false,"max_hp_per_floor":[75,75,75,75,75,75,75,75,75,75,75,75,75,78,78,78,78],"relic_stats":{"Regal Pillow":15,"counters":[8,31],"Bag of Preparation":[8],"MawBank":60,"obtain_stats":[{"Potion Belt":11,"Regal Pillow":5,"NeowsBlessing":0,"Bag of Preparation":9,"MawBank":7,"Burning Blood":0,"Toy Ornithopter":14,"ClockworkSouvenir":12},{"Potion Belt":5,"Regal Pillow":3,"NeowsBlessing":0,"Bag of Preparation":4,"MawBank":4,"Burning Blood":0,"Toy Ornithopter":7,"ClockworkSouvenir":5},{"Potion Belt":13,"Regal Pillow":3,"NeowsBlessing":0,"Bag of Preparation":9,"MawBank":9,"Burning Blood":0,"Toy Ornithopter":24,"ClockworkSouvenir":13}],"Burning Blood":31,"Toy Ornithopter":5},"card_choices":[{"not_picked":["Burning Pact","Havoc"],"picked":"Feel No Pain","floor":1},{"not_picked":["Seeing Red","Iron Wave"],"picked":"Pommel Strike","floor":3},{"not_picked":["Havoc","Searing Blow"],"picked":"Fire Breathing","floor":4},{"not_picked":["Corruption","Clash"],"picked":"Feed","floor":7},{"not_picked":["Rage","Infernal Blade"],"picked":"Wild Strike","floor":11},{"not_picked":["Body Slam","Headbutt"],"picked":"Spot Weakness","floor":13},{"not_picked":["Infernal Blade","Flex"],"picked":"Dark Embrace","floor":14}],"player_experience":1532686,"relics_obtained":[{"floor":5,"key":"Regal Pillow"},{"floor":7,"key":"MawBank"},{"floor":9,"key":"Bag of Preparation"},{"floor":11,"key":"Potion Belt"},{"floor":14,"key":"Toy Ornithopter"}],"event_choices":[{"damage_healed":0,"gold_gain":0,"player_choice":"Got Potions","damage_taken":0,"max_hp_gain":0,"max_hp_loss":0,"event_name":"Lab","floor":2,"gold_loss":0}],"is_beta":false,"boss_relics":[],"items_purged_floors":[12],"is_endless":false,"potions_floor_spawned":[1,4,13],"killed_by":"Hexaghost","ascension_level":20}}