{"host":"6ve8qn5s1am4lo6s","time":1614304475,"event":{"mods":["AchievementEnabler","Act Like it!","BaseMod","Better Altar","Better Match","Better Note","Better Vampires","BetterRewards","CapriCore","Displayed Cursed Tome","Evolution","Minty Spire (QoL Compilation)","Permanent Neow","Relic Stats","StSLib","The Animator"],"gold_per_floor":[114,130,205,224,224,224,149,149,201,201,201,218,232,243,243,339,339,356,38,54,66,66,66,66,76,76,107,118,143,155,155,155,255,255,272,272,21,34,46,46,46,46,46,56,56,88,88,138,138,138,138,138,13,43,43,43],"floor_reached":55,"language":"ENG","playtime":3708,"items_purged":["Strike_B","Strike_B","Defend_B"],"score":752,"play_id":"72918c81-797d-4dd3-b68d-39b293907e84","local_time":"20210225205435","is_ascension_mode":false,"campfire_choices":[{"data":"Zap","floor":6.0,"key":"SMITH"},{"data":"Dualcast","floor":8.0,"key":"SMITH"},{"data":"Tempest","floor":10.0,"key":"SMITH"},{"floor":15.0,"key":"RECALL"},{"data":"Defragment","floor":24.0,"key":"SMITH"},{"floor":32.0,"key":"REST"},{"data":"Apotheosis","floor":40.0,"key":"SMITH"},{"data":"Creative AI","floor":42.0,"key":"SMITH"},{"data":"Buffer","floor":45.0,"key":"SMITH"},{"data":"Buffer","floor":47.0,"key":"SMITH"},{"data":"White Noise","floor":49.0,"key":"SMITH"},{"data":"Madness","floor":52.0,"key":"SMITH"}],"circlet_count":0,"master_deck":["Ball Lightning","Defend_B","Defend_B","Zap+1","Dualcast+1","Tempest+1","Ball Lightning","Leap","Double Energy","Ball Lightning","Lockon","Multi-Cast","Steam+1","Defragment+1","Tempest","Reinforced Body","Leap+1","Capacitor","Heatsinks+1","Buffer+1","Creative AI+1","Electrodynamics","Apotheosis+1","Buffer+1","Loop+1","Madness","Madness+1","Static Discharge","White Noise+1","Capacitor"],"relics":["Cracked Core","EVO:Axolotl","FossilizedHelix","Gremlin Horn","SlaversCollar","Happy Flower","Symbiotic Virus","Shuriken","Tiny Chest","Philosopher\u0027s Stone","Eternal Feather","Prayer Wheel","Strawberry"],"acts_visited":["Exordium","TheCity","TheBeyond","TheEnding"],"potions_floor_usage":[54,55,55,55],"damage_taken":[{"damage":0.0,"enemies":"Cultist","floor":1.0,"turns":3.0},{"damage":0.0,"enemies":"2 Louse","floor":2.0,"turns":3.0},{"damage":0.0,"enemies":"Small Slimes","floor":4.0,"turns":2.0},{"damage":0.0,"enemies":"Exordium Wildlife","floor":12.0,"turns":2.0},{"damage":0.0,"enemies":"Large Slime","floor":13.0,"turns":2.0},{"damage":0.0,"enemies":"2 Fungi Beasts","floor":14.0,"turns":2.0},{"damage":5.0,"enemies":"Slime Boss","floor":16.0,"turns":6.0},{"damage":11.0,"enemies":"2 Thieves","floor":18.0,"turns":3.0},{"damage":0.0,"enemies":"Chosen","floor":20.0,"turns":3.0},{"damage":6.0,"enemies":"3 Cultists","floor":21.0,"turns":3.0},{"damage":0.0,"enemies":"Snecko","floor":25.0,"turns":3.0},{"damage":13.0,"enemies":"Book of Stabbing","floor":27.0,"turns":4.0},{"damage":0.0,"enemies":"Centurion and Healer","floor":28.0,"turns":4.0},{"damage":26.0,"enemies":"Slavers","floor":29.0,"turns":3.0},{"damage":0.0,"enemies":"Cultist and Chosen","floor":30.0,"turns":4.0},{"damage":16.0,"enemies":"Automaton","floor":33.0,"turns":10.0},{"damage":3.0,"enemies":"3 Darklings","floor":35.0,"turns":5.0},{"damage":0.0,"enemies":"3 Shapes","floor":38.0,"turns":2.0},{"damage":26.0,"enemies":"Spire Growth","floor":39.0,"turns":4.0},{"damage":0.0,"enemies":"Transient","floor":44.0,"turns":5.0},{"damage":0.0,"enemies":"Giant Head","floor":46.0,"turns":7.0},{"damage":0.0,"enemies":"Mind Bloom Boss Battle","floor":48.0,"turns":4.0},{"damage":0.0,"enemies":"Donu and Deca","floor":50.0,"turns":6.0},{"damage":56,"enemies":"Shield and Spear","floor":54,"turns":5},{"damage":26,"enemies":"The Heart","floor":55,"turns":5}],"seed_played":"7466106016464914698","potions_obtained":[{"floor":4.0,"key":"Strength Potion"},{"floor":12.0,"key":"Strength Potion"},{"floor":18.0,"key":"Swift Potion"},{"floor":30.0,"key":"SpeedPotion"},{"floor":33.0,"key":"DuplicationPotion"},{"floor":38.0,"key":"LiquidBronze"},{"floor":54,"key":"PowerPotion"}],"is_trial":false,"path_per_floor":["M","M","?","M","?","R","$","R","T","R","?","M","M","M","R","B",null,"M","$","M","M","?","?","R","M","T","E","M","E","M","$","R","B",null,"M","?","$","M","M","R","?","R","T","M","R","E","R","?","R","B",null,"R","$","E","B"],"character_chosen":"DEFECT","items_purchased":["Defragment","Happy Flower","Electrodynamics","Apotheosis"],"campfire_rested":1,"item_purchase_floors":[19,19,37,37],"current_hp_per_floor":[54,54,43,43,36,36,36,36,36,36,33,33,33,33,33,28,75,64,64,64,58,58,58,58,58,58,45,45,19,19,19,41,25,75,72,72,72,72,46,46,37,37,37,37,52,52,67,67,75,75,75,75,75,26,0,0],"gold":43,"neow_bonus":"ONE_RARE_RELIC","is_daily":false,"chose_seed":false,"campfire_upgraded":10,"win_rate":0.0,"timestamp":1614304475,"path_taken":["M","M","?","M","?","R","$","R","T","R","?","M","M","M","R","BOSS","M","$","M","M","?","?","R","M","T","E","M","E","M","$","R","BOSS","M","?","$","M","M","R","?","R","T","M","R","E","R","?","R","BOSS","R","$","E","BOSS"],"items_purchased_type":["Card","Relic","Card","Card"],"build_version":"2020-12-22","purchased_purges":3,"victory":false,"max_hp_per_floor":[75,75,75,75,75,75,75,75,75,75,75,75,75,75,75,75,75,75,75,75,75,75,75,75,75,75,75,75,75,75,75,75,75,75,75,75,75,75,75,75,75,75,75,75,75,75,75,75,75,75,75,75,75,82,82,82],"relic_stats":{"Gremlin Horn":[20,20],"Happy Flower":[25],"counters":[34,144],"Shuriken":[6],"Tiny Chest":0,"Eternal Feather":38,"Prayer Wheel":0,"obtain_stats":[{"Gremlin Horn":11,"Happy Flower":19,"Golden Idol":2,"Eternal Feather":43,"EVO:Axolotl":0,"SlaversCollar":17,"Shuriken":27,"Strawberry":12,"Tiny Chest":29,"Philosopher\u0027s Stone":34,"Prayer Wheel":48,"Fusion Hammer":0,"Bag of Marbles":7,"Cracked Core":0,"Symbiotic Virus":26,"FossilizedHelix":0},{"Gremlin Horn":12,"Happy Flower":17,"Golden Idol":2,"Eternal Feather":28,"EVO:Axolotl":0,"SlaversCollar":16,"Shuriken":21,"Strawberry":7,"Tiny Chest":23,"Philosopher\u0027s Stone":25,"Prayer Wheel":31,"Fusion Hammer":0,"Bag of Marbles":4,"Cracked Core":0,"Symbiotic Virus":20,"FossilizedHelix":9},{"Gremlin Horn":53,"Happy Flower":68,"Golden Idol":4,"Eternal Feather":113,"EVO:Axolotl":0,"SlaversCollar":65,"Shuriken":81,"Strawberry":24,"Tiny Chest":88,"Philosopher\u0027s Stone":102,"Prayer Wheel":128,"Fusion Hammer":0,"Bag of Marbles":9,"Cracked Core":0,"Symbiotic Virus":77,"FossilizedHelix":45}]},"card_choices":[{"not_picked":["Beam Cell","Self Repair"],"picked":"Tempest","floor":1.0},{"not_picked":["Force Field","Glacier"],"picked":"Ball Lightning","floor":2.0},{"not_picked":["Force Field","Steam"],"picked":"Leap","floor":4.0},{"not_picked":["Rip and Tear","Leap"],"picked":"Double Energy","floor":12.0},{"not_picked":["Melter","Rainbow"],"picked":"Ball Lightning","floor":13.0},{"not_picked":["Auto Shields","Conserve Battery"],"picked":"Lockon","floor":14.0},{"not_picked":["Buffer","Amplify"],"picked":"Multi-Cast","floor":16.0},{"not_picked":["Gash","Self Repair"],"picked":"Steam+1","floor":18.0},{"not_picked":["Beam Cell","Turbo"],"picked":"Tempest","floor":20.0},{"not_picked":["Steam Power+1","Sweeping Beam"],"picked":"Reinforced Body","floor":21.0},{"not_picked":["Steam","Compile Driver"],"picked":"Leap+1","floor":25.0},{"not_picked":["Rebound","Coolheaded"],"picked":"Capacitor","floor":27.0},{"not_picked":["Multi-Cast","Ball Lightning"],"picked":"Heatsinks+1","floor":28.0},{"not_picked":["Glacier","Aggregate"],"picked":"Buffer","floor":29.0},{"not_picked":["Sweeping Beam","Hologram","Ball Lightning"],"picked":"SKIP","floor":30.0},{"not_picked":["All For One","Buffer"],"picked":"Creative AI","floor":33.0},{"not_picked":["Darkness","Beam Cell+1","Barrage+1"],"picked":"SKIP","floor":35.0},{"not_picked":["Leap","Chill"],"picked":"Buffer","floor":38.0},{"not_picked":["Tempest","Static Discharge"],"picked":"Loop+1","floor":39.0},{"not_picked":["Turbo+1","Steam Power","Chaos+1"],"picked":"SKIP","floor":44.0},{"not_picked":["Genetic Algorithm+1","Scrape"],"picked":"Static Discharge","floor":46.0},{"not_picked":["Barrage+1","Coolheaded+1"],"picked":"White Noise","floor":48.0},{"not_picked":["Compile Driver+1","Reboot"],"picked":"Capacitor","floor":54}],"player_experience":467136,"relics_obtained":[{"floor":26.0,"key":"Symbiotic Virus"},{"floor":27.0,"key":"Shuriken"},{"floor":29.0,"key":"Tiny Chest"},{"floor":43.0,"key":"Eternal Feather"},{"floor":48.0,"key":"Prayer Wheel"},{"floor":54,"key":"Strawberry"}],"event_choices":[{"damage_healed":0.0,"max_hp_gain":0.0,"max_hp_loss":0.0,"gold_gain":75.0,"event_name":"World of Goop","player_choice":"Gather Gold","floor":3.0,"gold_loss":0.0,"damage_taken":11.0},{"cards_removed":["Strike_B"],"damage_healed":0.0,"max_hp_gain":0.0,"max_hp_loss":0.0,"gold_gain":0.0,"event_name":"Golden Wing","player_choice":"Card Removal","floor":5.0,"gold_loss":0.0,"damage_taken":7.0},{"damage_healed":0.0,"max_hp_gain":0.0,"max_hp_loss":0.0,"gold_gain":0.0,"event_name":"Scrap Ooze","player_choice":"Success","floor":11.0,"gold_loss":0.0,"damage_taken":3.0,"relics_obtained":["Gremlin Horn"]},{"cards_removed":["Defend_B"],"damage_healed":0.0,"max_hp_gain":0.0,"max_hp_loss":0.0,"gold_gain":0.0,"event_name":"betterNote:BetterNote","player_choice":"Give","floor":22.0,"gold_loss":0.0,"damage_taken":0.0,"cards_obtained":["Defend_G"]},{"damage_healed":0.0,"max_hp_gain":0.0,"max_hp_loss":0.0,"gold_gain":0.0,"event_name":"Ghosts","player_choice":"Ignored","floor":23.0,"gold_loss":0.0,"damage_taken":0.0},{"cards_removed":["Defend_B"],"damage_healed":0.0,"max_hp_gain":0.0,"max_hp_loss":0.0,"gold_gain":0.0,"event_name":"Falling","player_choice":"Removed Skill","floor":36.0,"gold_loss":0.0,"damage_taken":0.0},{"damage_healed":0.0,"max_hp_gain":0.0,"max_hp_loss":0.0,"gold_gain":0.0,"event_name":"Winding Halls","player_choice":"Embrace Madness","floor":41.0,"gold_loss":0.0,"damage_taken":9.0,"cards_obtained":["Madness","Madness"]},{"damage_healed":0.0,"max_hp_gain":0.0,"max_hp_loss":0.0,"gold_gain":0.0,"event_name":"MindBloom","player_choice":"Fight","floor":48.0,"gold_loss":0.0,"damage_taken":0.0}],"is_beta":false,"boss_relics":[{"not_picked":["Empty Cage","SacredBark"],"picked":"SlaversCollar"},{"not_picked":["Astrolabe","Velvet Choker"],"picked":"Philosopher\u0027s Stone"}],"items_purged_floors":[7,19,53],"is_endless":false,"potions_floor_spawned":[4,12,18,25,27,30,33,38,46,48,54],"killed_by":"The Heart","ascension_level":0}}