{"host":"9tlw6ssh7xz6j5yh","time":1614331264,"event":{"mods":["BaseMod","Colored Map","DNKmod","Downfall","Friendly Minions","Marisa£®ÏF”Í°°ƒß¿Ì…≥£©","Minty Spire (QoL Compilation)","READ ME - Guardian Mod","Red Circlet Mod","Relic Filter Mod","Remove Card Discount Mod","Shop Mod","StSLib","The Alterego","The Marked","UnlockEverythingMod","Waifu the Spire"],"gold_per_floor":[10014,10032,9383,9400,9417,9417,9450,9450,9450,9461,9471,9471,8734,8761,8761,8862,8862,8880,8880,8907,8927,8938,8973,8973,6600,6652,6696,6761,6978,6978,7101,7101,7211,7211,7233,7261,7281,3286,3356,3461,3495,3495,3518,3518,3546,3570,3609,3928,3928,3970,3970,3970,185,220,220],"floor_reached":56,"language":"ZHS","playtime":16486,"items_purged":["Strike_MRS","Defend_MRS","Strike_MRS","Strike_MRS","Strike_MRS","Defend_MRS","Defend_MRS","Defend_MRS+1"],"score":1740,"play_id":"89fe7cc5-c186-47c4-95fa-f13af414888c","local_time":"20210226172104","is_ascension_mode":false,"campfire_choices":[{"data":"DC","floor":6.0,"key":"SMITH"},{"data":"BinaryStars","floor":8.0,"key":"SMITH"},{"data":"Acceleration","floor":15.0,"key":"SMITH"},{"data":"PowerUp","floor":24.0,"key":"SMITH"},{"data":"FairyDestructionRay","floor":30.0,"key":"SMITH"},{"floor":32.0,"key":"RECALL"},{"data":"DragonMeteor","floor":42.0,"key":"SMITH"},{"data":"ShootingEcho","floor":44.0,"key":"SMITH"},{"data":"UpSweep","floor":49,"key":"SMITH"},{"data":"Defend_MRS","floor":52,"key":"SMITH"}],"circlet_count":1,"master_deck":["MasterSpark+1","UpSweep+1","DC+1","FairyDestructionRay+1","UpSweep+1","ShootingEcho+1","DragonMeteor+1","BinaryStars+1","Acceleration+1","PowerUp+1","SporeBomb+1","NonDirectionalLaser+1","Orbital+1","StarDustReverie+1","BlazingStar+1","CurseOfTheBell","MagicAbsorber+1","Shame","BlazeAway+1","JA+1","IllusionStar+1","Robbery+1","MeteoricShower+1","DoubleSpark+1","SatelliteIllusion+1","IllusionStar+1","UltimateShortwave+1","DoubleSpark+1","NonDirectionalLaser+1","IllusionStar+1","LuminesStrike+1","Mayhem+1","MagicChant+1","Singularity+1","PowerUp+1","LuminesStrike+1","IllusionStar+1","CasketOfStar+1","MeteoricShower+1","ChargeUpSpray+1","SuperPerseids+1"],"relics":["MiniHakkero","Pear","Bag of Marbles","Darkstone Periapt","Gremlin Horn","Centennial Puzzle","Nunchaku","War Paint","HandmadeGrimoire","Toy Ornithopter","NeowsBlessing","DollysMirror","Shuriken","AmplifyWand","Ice Cream","TungstenRod","Toxic Egg 2","Molten Egg 2","SimpleLauncher","BigShroomBag","Calling Bell","Strawberry","HornCleat","Bird Faced Urn","MealTicket","PreservedInsect","The Courier","sneckomod:BlankCard","White Beast Statue","FossilizedHelix","Vajra","Blood Vial","Du-Vu Doll","Lee\u0027s Waffle","Matryoshka","CeramicFish","Frozen Egg 2","Ancient Tea Set","Pantograph","Slimebound:StickyStick","Pen Nib","Oddly Smooth Stone","ExperimentalFamiliar","hexamod:CandleOfCauterizing","Guardian:PocketSentry","HandDrill","Mango","Mummified Hand","Ornamental Fan","Akabeko","bronze:BronzeIdol","Blue Candle","WingedGreaves","Whetstone","BreadOfAWashokuLover","Turnip","Happy Flower","Lantern","Guardian:GemstoneGun","Orichalcum","Sundial","Incense Burner","MagicBroom","Anchor","Boot","Potion Belt","bronze:DecasWashers","Juzu Bracelet","hexamod:BolsterEngine","Smiling Mask","ClockworkSouvenir","Letter Opener","Mercury Hourglass","Kunai","Ginger","Slimebound:PreparedRelic","champ:DuelingGlove","hexamod:Sixitude","Lizard Tail","Torii","CaptainsWheel","Gambling Chip","Thread and Needle","champ:DeflectingBracers","SproutingBranch","Calipers","Circlet"],"acts_visited":["Exordium","TheCity","TheBeyond","TheEnding"],"potions_floor_usage":[],"damage_taken":[{"damage":0.0,"enemies":"Cultist","floor":1.0,"turns":1.0},{"damage":0.0,"enemies":"Small Slimes","floor":2.0,"turns":1.0},{"damage":0.0,"enemies":"2 Louse","floor":4.0,"turns":1.0},{"damage":1.0,"enemies":"Exordium Wildlife","floor":5.0,"turns":2.0},{"damage":4.0,"enemies":"3 Sentries","floor":7.0,"turns":2.0},{"damage":0.0,"enemies":"Exordium Thugs","floor":10.0,"turns":2.0},{"damage":0.0,"enemies":"2 Fungi Beasts","floor":11.0,"turns":1.0},{"damage":0.0,"enemies":"The Mushroom Lair","floor":14.0,"turns":1.0},{"damage":17.0,"enemies":"Hexaghost","floor":16.0,"turns":3.0},{"damage":0.0,"enemies":"Spheric Guardian","floor":18.0,"turns":1.0},{"damage":0.0,"enemies":"2 Thieves","floor":21.0,"turns":1.0},{"damage":4.0,"enemies":"Chosen and Byrds","floor":22.0,"turns":2.0},{"damage":0.0,"enemies":"Gremlin Leader","floor":23.0,"turns":2.0},{"damage":0.0,"enemies":"Sentry and Sphere","floor":27.0,"turns":1.0},{"damage":0.0,"enemies":"3 Cultists","floor":28.0,"turns":1.0},{"damage":0.0,"enemies":"Cultist and Chosen","floor":29.0,"turns":1.0},{"damage":0.0,"enemies":"Chosen and Byrds","floor":31.0,"turns":1.0},{"damage":0.0,"enemies":"Champ","floor":33.0,"turns":3.0},{"damage":0.0,"enemies":"Orb Walker","floor":35.0,"turns":1.0},{"damage":0.0,"enemies":"3 Shapes","floor":36.0,"turns":1.0},{"damage":0.0,"enemies":"Spire Growth","floor":37.0,"turns":1.0},{"damage":0.0,"enemies":"Writhing Mass","floor":39.0,"turns":2.0},{"damage":0.0,"enemies":"Reptomancer","floor":40.0,"turns":1.0},{"damage":0.0,"enemies":"Giant Head","floor":41.0,"turns":1.0},{"damage":0.0,"enemies":"Maw","floor":45.0,"turns":2.0},{"damage":0.0,"enemies":"Spire Growth","floor":46.0,"turns":1.0},{"damage":0.0,"enemies":"Reptomancer","floor":47.0,"turns":1.0},{"damage":0,"enemies":"Transient","floor":48,"turns":3},{"damage":0,"enemies":"Time Eater","floor":50,"turns":3},{"damage":0,"enemies":"Shield and Spear","floor":54,"turns":1},{"damage":0,"enemies":"The Heart","floor":55,"turns":3}],"seed_played":"3496769254428391703","potions_obtained":[{"floor":1.0,"key":"SteroidPotion"},{"floor":5.0,"key":"FearPotion"},{"floor":10.0,"key":"Block Potion"},{"floor":11.0,"key":"AttackPotion"},{"floor":21.0,"key":"Explosive Potion"},{"floor":22.0,"key":"LiquidBronze"},{"floor":28.0,"key":"DistilledChaos"},{"floor":33.0,"key":"GamblersBrew"},{"floor":36.0,"key":"SkillPotion"},{"floor":40.0,"key":"SkillPotion"},{"floor":41.0,"key":"DuplicationPotion"}],"is_trial":false,"path_per_floor":["M","M","$","M","M","R","E","R","T","M","M","T","$","?","R","B",null,"M","?","T","M","M","E","R","$","T","M","M","M","R","M","R","B",null,"M","M","M","$","M","E","E","R","T","R","M","M","E","M","R","B",null,"R","$","E","B",null],"character_chosen":"MARISA","items_purchased":["DollysMirror","Shuriken","AmplifyWand","SporeBomb+1","Molten Egg 2","SimpleLauncher","NonDirectionalLaser+1","Orbital+1","sneckomod:BlankCard","White Beast Statue","FossilizedHelix","Vajra","Blood Vial","Du-Vu Doll","Lee\u0027s Waffle","Matryoshka","CeramicFish","Frozen Egg 2","Ancient Tea Set","Pantograph","Slimebound:StickyStick","Pen Nib","FairyPotion","IllusionStar+1","Robbery+1","LuminesStrike+1","hexamod:CandleOfCauterizing","Guardian:PocketSentry","HandDrill","Mango","Mummified Hand","Ornamental Fan","Akabeko","bronze:BronzeIdol","Blue Candle","WingedGreaves","Whetstone","BreadOfAWashokuLover","Turnip","Happy Flower","Lantern","Guardian:GemstoneGun","Orichalcum","Sundial","Incense Burner","MagicBroom","Anchor","Boot","Mayhem+1","MeteoricShower+1","ChargeUpSpray+1","SuperPerseids+1","ClockworkSouvenir","Letter Opener","Mercury Hourglass","Kunai","Ginger","Slimebound:PreparedRelic","champ:DuelingGlove","hexamod:Sixitude","Lizard Tail","Torii","CaptainsWheel","Gambling Chip","Thread and Needle","champ:DeflectingBracers","SproutingBranch","Calipers"],"campfire_rested":0,"item_purchase_floors":[3,3,3,13,13,13,13,13,25,25,25,25,25,25,25,25,25,25,25,25,25,25,25,25,25,38,38,38,38,38,38,38,38,38,38,38,38,38,38,38,38,38,38,38,38,38,38,38,38,53,53,53,53,53,53,53,53,53,53,53,53,53,53,53,53,53,53,53],"current_hp_per_floor":[100,100,100,100,99,99,95,95,95,95,95,95,95,95,95,78,113,113,119,119,119,115,115,115,126,126,126,126,126,126,126,126,126,126,126,126,126,140,140,140,140,140,140,140,140,140,140,140,140,140,140,140,140,140,153],"gold":220,"neow_bonus":"THREE_ENEMY_KILL","is_daily":false,"chose_seed":false,"campfire_upgraded":9,"win_rate":0.0,"timestamp":1614331264,"path_taken":["M","M","$","M","M","R","E","R","T","M","M","?","$","?","R","BOSS","M","?","?","M","M","E","R","$","T","?","M","M","R","M","R","BOSS","M","M","M","$","M","E","E","R","T","R","M","M","E","M","R","BOSS","R","$","E","BOSS"],"items_purchased_type":["Relic","Relic","Relic","Card","Relic","Relic","Card","Card","Relic","Relic","Relic","Relic","Relic","Relic","Relic","Relic","Relic","Relic","Relic","Relic","Relic","Relic","Potion","Card","Card","Card","Relic","Relic","Relic","Relic","Relic","Relic","Relic","Relic","Relic","Relic","Relic","Relic","Relic","Relic","Relic","Relic","Relic","Relic","Relic","Relic","Relic","Relic","Card","Card","Card","Card","Relic","Relic","Relic","Relic","Relic","Relic","Relic","Relic","Relic","Relic","Relic","Relic","Relic","Relic","Relic","Relic"],"build_version":"2020-12-22","purchased_purges":8,"victory":true,"max_hp_per_floor":[100,100,100,100,100,100,100,100,100,100,100,100,100,100,100,100,113,113,119,119,119,119,119,119,126,126,126,126,126,126,126,126,126,126,126,126,126,140,140,140,140,140,140,140,140,140,140,140,140,140,140,140,140,140,153],"card_choices":[{"not_picked":["NonDirectionalLaser","PowerUp"],"picked":"DC","floor":1.0},{"not_picked":["GravityBeat","EscapeVelocity"],"picked":"FairyDestructionRay","floor":2.0},{"not_picked":["RefractionSpark","OneTimeOff"],"picked":"ShootingEcho","floor":4.0},{"not_picked":["WitchOfGreed","6A"],"picked":"DragonMeteor","floor":5.0},{"not_picked":["ManaConvection","OpenUniverse"],"picked":"BinaryStars","floor":7.0},{"not_picked":["OpenUniverse","DoubleSpark"],"picked":"Acceleration","floor":10.0},{"not_picked":["GravityBeat","MysteriousBeam"],"picked":"PowerUp","floor":11.0},{"not_picked":["OrrerysSun","StarBarrage+1"],"picked":"StarDustReverie+1","floor":14.0},{"not_picked":["CasketOfStar","FinalSpark+1"],"picked":"BlazingStar+1","floor":16.0},{"not_picked":["DragonMeteor+1","GravityBeat+1"],"picked":"MagicAbsorber+1","floor":18.0},{"not_picked":["SuperPerseids+1","MilkyWay+1"],"picked":"BlazeAway+1","floor":21.0},{"not_picked":["UnstableBomb+1","Robbery+1","SporeBomb+1"],"picked":"SKIP","floor":22.0},{"not_picked":["ChargeUpSpray+1","AbsoluteMagnitude+1"],"picked":"JA+1","floor":23.0},{"not_picked":["PowerUp+1","MagicAbsorber+1"],"picked":"MeteoricShower+1","floor":27.0},{"not_picked":["WitchLeyline+1","AsteroidBelt+1"],"picked":"DoubleSpark+1","floor":28.0},{"not_picked":["PowerUp+1","DarkMatter+1"],"picked":"SatelliteIllusion+1","floor":29.0},{"not_picked":["RefractionSpark+1","Orbital+1"],"picked":"IllusionStar+1","floor":31.0},{"not_picked":["EscapeVelocity+1","BinaryStars+1"],"picked":"UltimateShortwave+1","floor":33.0},{"not_picked":["MilkyWay+1","AsteroidBelt+1"],"picked":"DoubleSpark+1","floor":35.0},{"not_picked":["SporeBomb+1","Acceleration+1"],"picked":"NonDirectionalLaser+1","floor":36.0},{"not_picked":["SuperNova+1","StarlightTyphoon+1"],"picked":"IllusionStar+1","floor":37.0},{"not_picked":["ShootTheMoon+1","6A+1"],"picked":"MagicChant+1","floor":39.0},{"not_picked":["DragonMeteor+1","SporeBomb+1"],"picked":"Singularity+1","floor":40.0},{"not_picked":["DoubleSpark+1","DarkMatter+1","DC+1"],"picked":"SKIP","floor":41.0},{"not_picked":["UnstableBomb+1","MysteriousBeam+1"],"picked":"PowerUp+1","floor":45.0},{"not_picked":["BigCrunch+1","Acceleration+1"],"picked":"LuminesStrike+1","floor":46.0},{"not_picked":["StarBarrage+1","DoubleSpark+1"],"picked":"IllusionStar+1","floor":47.0},{"not_picked":["DoubleSpark+1","WitchOfGreed+1"],"picked":"CasketOfStar+1","floor":48},{"not_picked":["OrrerysSun+1","StarBarrage+1","Occultation+1"],"picked":"SKIP","floor":54}],"player_experience":139253,"relics_obtained":[{"floor":7.0,"key":"Ice Cream"},{"floor":9.0,"key":"TungstenRod"},{"floor":12.0,"key":"Toxic Egg 2"},{"floor":14.0,"key":"BigShroomBag"},{"floor":17.0,"key":"Strawberry"},{"floor":17.0,"key":"HornCleat"},{"floor":17.0,"key":"Bird Faced Urn"},{"floor":20.0,"key":"PreservedInsect"},{"floor":23.0,"key":"The Courier"},{"floor":26.0,"key":"Oddly Smooth Stone"},{"floor":40.0,"key":"Potion Belt"},{"floor":41.0,"key":"bronze:DecasWashers"},{"floor":43.0,"key":"Juzu Bracelet"},{"floor":43.0,"key":"hexamod:BolsterEngine"},{"floor":47.0,"key":"Smiling Mask"},{"floor":54,"key":"Circlet"}],"event_choices":[{"damage_healed":0.0,"max_hp_gain":0.0,"max_hp_loss":0.0,"gold_gain":0.0,"event_name":"Mushrooms_MRS","player_choice":"Fought Mushrooms","floor":14.0,"gold_loss":0.0,"damage_taken":0.0},{"damage_healed":0.0,"max_hp_gain":0.0,"max_hp_loss":0.0,"gold_gain":0.0,"event_name":"Addict","player_choice":"Stole Relic","floor":19.0,"gold_loss":0.0,"damage_taken":0.0,"relics_obtained":["MealTicket"],"cards_obtained":["Shame"]}],"is_beta":false,"boss_relics":[{"not_picked":["Philosopher\u0027s Stone","Pandora\u0027s Box"],"picked":"Calling Bell"},{"not_picked":["Cursed Key","SlaversCollar"],"picked":"ExperimentalFamiliar"}],"items_purged_floors":[3,3,13,13,13,53,53,53],"is_endless":false,"potions_floor_spawned":[1,5,10,11,21,22,27,28,29,31,33,35,36,37,39,40,41,45,46,47,48,54],"ascension_level":0}}