{"host":"d2gh6suihlstufn7","time":1614338371,"event":{"mods":["AchievementEnabler","BaseMod","Colored Map","Colored Powertips","Minty Spire (QoL Compilation)","Permanent Neow","Quick Restart","StSLib","SuperFastMode"],"gold_per_floor":[112,187,207,207,60,87,87,100,127,144,162,162,162,179,179,279,279,299,317,317,335,434,434,434,434],"floor_reached":24,"language":"KOR","playtime":1247,"items_purged":[],"score":223,"play_id":"32924ec9-cfa9-491d-9637-afb8e47f8a7d","local_time":"20210226201931","is_ascension_mode":false,"campfire_choices":[{"data":"Chaos","floor":7,"key":"SMITH"},{"data":"Reinforced Body","floor":12,"key":"SMITH"},{"floor":15,"key":"REST"},{"floor":23,"key":"REST"}],"circlet_count":0,"master_deck":["Strike_B","Strike_B+1","Strike_B","Strike_B","Defend_B","Defend_B","Defend_B","Defend_B","Zap+1","Dualcast","Melter","Ball Lightning","Biased Cognition","Reinforced Body+1","Hologram","Meteor Strike+1","Chaos+1","Capacitor","Sunder","Machine Learning","Thunder Strike","Turbo+1","Meteor Strike"],"relics":["Cracked Core","NeowsBlessing","Orrery","DataDisk","Blood Vial","Nuclear Battery"],"acts_visited":["Exordium","TheCity"],"potions_floor_usage":[16,16,18,18,21,24,24,24,24],"damage_taken":[{"damage":0,"enemies":"2 Louse","floor":1,"turns":1},{"damage":0,"enemies":"Jaw Worm","floor":3,"turns":1},{"damage":0,"enemies":"Lagavulin","floor":6,"turns":1},{"damage":0,"enemies":"Cultist","floor":8,"turns":3},{"damage":19,"enemies":"Gremlin Gang","floor":10,"turns":3},{"damage":13,"enemies":"3 Louse","floor":11,"turns":3},{"damage":13,"enemies":"Red Slaver","floor":14,"turns":2},{"damage":17,"enemies":"Slime Boss","floor":16,"turns":6},{"damage":13,"enemies":"3 Byrds","floor":18,"turns":3},{"damage":27,"enemies":"Shell Parasite","floor":19,"turns":4},{"damage":10,"enemies":"Chosen and Byrds","floor":21,"turns":3},{"damage":44,"enemies":"Cultist and Chosen","floor":24,"turns":5}],"seed_played":"8809972587170151814","potions_obtained":[{"floor":6,"key":"SkillPotion"},{"floor":10,"key":"FocusPotion"},{"floor":14,"key":"DistilledChaos"},{"floor":16,"key":"Energy Potion"},{"floor":18,"key":"Strength Potion"},{"floor":19,"key":"Explosive Potion"},{"floor":21,"key":"EntropicBrew"}],"is_trial":false,"path_per_floor":["M","?","M","?","$","E","R","M","T","M","M","R","?","M","R","B",null,"M","M","?","M","?","R","M"],"character_chosen":"DEFECT","items_purchased":["Orrery"],"campfire_rested":2,"item_purchase_floors":[5],"current_hp_per_floor":[75,64,64,49,49,49,49,49,49,32,21,21,21,10,32,17,75,62,37,37,29,29,51,23,23],"gold":434,"neow_bonus":"THREE_ENEMY_KILL","is_daily":false,"chose_seed":false,"campfire_upgraded":2,"win_rate":0.0,"timestamp":1614338371,"path_taken":["M","?","M","?","?","E","R","M","T","M","M","R","?","?","R","BOSS","M","?","?","?","?","R","M"],"items_purchased_type":["Relic"],"build_version":"2020-12-22","purchased_purges":0,"victory":false,"max_hp_per_floor":[75,75,75,75,75,75,75,75,75,75,75,75,75,75,75,75,75,75,75,75,75,75,75,75,75],"card_choices":[{"not_picked":["Streamline","Glacier"],"picked":"Melter","floor":1},{"not_picked":["Aggregate","Storm"],"picked":"Ball Lightning","floor":3},{"not_picked":["Sweeping Beam","Darkness"],"picked":"Biased Cognition","floor":5},{"not_picked":["Force Field","Chaos"],"picked":"Reinforced Body","floor":5},{"not_picked":["Rebound","Creative AI"],"picked":"Hologram","floor":5},{"not_picked":["Gash","Conserve Battery"],"picked":"Meteor Strike","floor":5},{"not_picked":["Stack","Reprogram"],"picked":"Chaos","floor":6},{"not_picked":["Steam","Streamline","Compile Driver"],"picked":"SKIP","floor":8},{"not_picked":["Steam","Heatsinks"],"picked":"Capacitor","floor":10},{"not_picked":["Darkness","Compile Driver"],"picked":"Sunder","floor":11},{"not_picked":["Compile Driver","Beam Cell"],"picked":"Machine Learning","floor":14},{"not_picked":["Reboot","Creative AI"],"picked":"Thunder Strike","floor":16},{"not_picked":["Hello World","Sweeping Beam","Beam Cell"],"picked":"SKIP","floor":18},{"not_picked":["Beam Cell+1","Steam"],"picked":"Turbo+1","floor":19},{"not_picked":["Sweeping Beam","Self Repair"],"picked":"Meteor Strike","floor":21}],"player_experience":64949,"relics_obtained":[{"floor":6,"key":"DataDisk"},{"floor":9,"key":"Blood Vial"}],"event_choices":[{"damage_healed":0,"gold_gain":75,"player_choice":"Gather Gold","damage_taken":11,"max_hp_gain":0,"max_hp_loss":0,"event_name":"World of Goop","floor":2,"gold_loss":0},{"damage_healed":0,"gold_gain":0,"player_choice":"Entered Light","damage_taken":15,"max_hp_gain":0,"max_hp_loss":0,"event_name":"Shining Light","floor":4,"gold_loss":0,"cards_upgraded":["Strike_B","Zap"]},{"damage_healed":0,"gold_gain":0,"player_choice":"Ignored","damage_taken":0,"max_hp_gain":0,"max_hp_loss":0,"event_name":"NoteForYourself","floor":13,"gold_loss":0},{"damage_healed":0,"gold_gain":0,"player_choice":"Upgraded","damage_taken":0,"max_hp_gain":0,"max_hp_loss":0,"event_name":"Upgrade Shrine","floor":20,"gold_loss":0,"cards_upgraded":["Meteor Strike"]},{"damage_healed":0,"gold_gain":99,"player_choice":"Stole From Cult","damage_taken":0,"max_hp_gain":0,"max_hp_loss":0,"event_name":"Nest","floor":22,"gold_loss":0}],"is_beta":false,"boss_relics":[{"not_picked":["Empty Cage","Sozu"],"picked":"Nuclear Battery"}],"items_purged_floors":[],"is_endless":false,"potions_floor_spawned":[6,10,14,16,18,19,21],"killed_by":"Cultist and Chosen","ascension_level":0}}