{"host":"dztixnx9b0gu6w9i","time":1614300186,"event":{"mods":["BaseMod","Bestiary","Minty Spire (QoL Compilation)","Relic Stats","Slay the Relics Exporter","SpireBot","ojb\u0027s Better Paths Mod","ojb\u0027s Info Mod: The sequel"],"gold_per_floor":[40,40,79,102,154,0,25,44,44,44,44,44,79,139,139,238,238,250,320,320,320,370,370,380,436,436,451,451,376,376,376],"floor_reached":30,"language":"ENG","playtime":3394,"items_purged":[],"score":616,"play_id":"03f87922-ec14-4b9e-ad2f-4a110a8739f6","local_time":"20210225194306","is_ascension_mode":true,"campfire_choices":[{"data":"Armaments","floor":10.0,"key":"SMITH"},{"floor":12.0,"key":"REST"},{"data":"Fire Breathing","floor":15.0,"key":"SMITH"},{"data":"Fiend Fire","floor":23.0,"key":"SMITH"}],"circlet_count":0,"master_deck":["AscendersBane","Strike_R","Strike_R","Strike_R","Defend_R+1","Defend_R","Defend_R+1","Defend_R+1","Bash","HandOfGreed","Fire Breathing+1","Wild Strike","Armaments+1","Evolve","Iron Wave","Disarm+1","Hemokinesis","Fiend Fire+1","Clothesline","Fiend Fire"],"relics":["Burning Blood","Centennial Puzzle","Tiny Chest","White Beast Statue","Omamori","Philosopher\u0027s Stone","MealTicket","War Paint","Mercury Hourglass"],"acts_visited":["Exordium","TheCity"],"potions_floor_usage":[27,27],"damage_taken":[{"damage":8.0,"enemies":"Cultist","floor":1.0,"turns":5.0},{"damage":7.0,"enemies":"Jaw Worm","floor":3.0,"turns":2.0},{"damage":4.0,"enemies":"Small Slimes","floor":5.0,"turns":4.0},{"damage":32.0,"enemies":"Gremlin Nob","floor":7.0,"turns":4.0},{"damage":18.0,"enemies":"Red Slaver","floor":8.0,"turns":7.0},{"damage":22.0,"enemies":"3 Sentries","floor":13.0,"turns":4.0},{"damage":10.0,"enemies":"3 Louse","floor":14.0,"turns":7.0},{"damage":2.0,"enemies":"Hexaghost","floor":16.0,"turns":8.0},{"damage":3.0,"enemies":"Chosen","floor":18.0,"turns":4.0},{"damage":7.0,"enemies":"3 Byrds","floor":19.0,"turns":6.0},{"damage":21.0,"enemies":"Snake Plant","floor":24.0,"turns":2.0},{"damage":46.0,"enemies":"Slavers","floor":25.0,"turns":5.0},{"damage":11,"enemies":"Cultist and Chosen","floor":27,"turns":5}],"seed_played":"5063120356686892813","potions_obtained":[{"floor":5.0,"key":"BloodPotion"},{"floor":8.0,"key":"ElixirPotion"},{"floor":13.0,"key":"Dexterity Potion"},{"floor":16.0,"key":"DistilledChaos"},{"floor":18.0,"key":"CultistPotion"},{"floor":19.0,"key":"Regen Potion"},{"floor":24.0,"key":"Fire Potion"},{"floor":25.0,"key":"Explosive Potion"},{"floor":27,"key":"PowerPotion"}],"is_trial":false,"path_per_floor":["M","?","M","T","M","$","E","M","T","R","?","R","E","M","R","B",null,"M","M","T","?","?","R","M","E","T","M","T","?","$"],"character_chosen":"IRONCLAD","items_purchased":["Armaments","Evolve","Iron Wave"],"campfire_rested":1,"item_purchase_floors":[6,6,6],"current_hp_per_floor":[66,43,42,42,44,44,18,21,21,21,21,43,27,23,23,27,63,66,65,65,65,65,65,55,15,15,10,10,10,25,25],"gold":376,"neow_bonus":"RANDOM_COLORLESS_2","is_daily":false,"chose_seed":false,"campfire_upgraded":3,"win_rate":0.0,"timestamp":1614300186,"path_taken":["M","?","M","?","M","$","E","?","T","R","?","R","E","?","R","BOSS","M","M","?","?","?","R","?","E","T","M","?","?","$"],"items_purchased_type":["Card","Card","Card"],"build_version":"2020-12-22","purchased_purges":0,"victory":false,"max_hp_per_floor":[75,75,75,75,75,75,75,75,75,75,75,75,75,75,75,75,75,75,75,75,75,75,75,75,75,75,75,75,75,75,75],"relic_stats":{"Centennial Puzzle":[33],"counters":[13,63],"Tiny Chest":2,"MealTicket":15,"War Paint":["Disarm","Defend_R"],"obtain_stats":[{"Centennial Puzzle":4,"Tiny Chest":7,"Philosopher\u0027s Stone":17,"MealTicket":25,"Omamori":13,"War Paint":26,"Burning Blood":0,"White Beast Statue":9,"Mercury Hourglass":28},{"Centennial Puzzle":2,"Tiny Chest":4,"Philosopher\u0027s Stone":8,"MealTicket":12,"Omamori":6,"War Paint":12,"Burning Blood":0,"White Beast Statue":5,"Mercury Hourglass":13},{"Centennial Puzzle":7,"Tiny Chest":15,"Philosopher\u0027s Stone":41,"MealTicket":58,"Omamori":26,"War Paint":58,"Burning Blood":0,"White Beast Statue":22,"Mercury Hourglass":63}],"Burning Blood":78,"Mercury Hourglass":[0]},"card_choices":[{"not_picked":["Chrysalis","Mayhem"],"picked":"HandOfGreed","floor":0.0},{"not_picked":["Carnage","Shrug It Off"],"picked":"Fire Breathing","floor":1.0},{"not_picked":["Perfected Strike","Body Slam","Searing Blow"],"picked":"SKIP","floor":3.0},{"not_picked":["Flame Barrier","Twin Strike"],"picked":"Wild Strike","floor":5.0},{"not_picked":["Pommel Strike","Anger"],"picked":"Disarm","floor":7.0},{"not_picked":["Armaments","Havoc","Sever Soul"],"picked":"SKIP","floor":8.0},{"not_picked":["Armaments","Havoc","Sever Soul"],"picked":"SKIP","floor":8.0},{"not_picked":["Armaments","Havoc","Sever Soul"],"picked":"SKIP","floor":8.0},{"not_picked":["Juggernaut","Feel No Pain","Flex"],"picked":"SKIP","floor":13.0},{"not_picked":["Juggernaut","Feel No Pain","Flex"],"picked":"SKIP","floor":13.0},{"not_picked":["Entrench","Heavy Blade","Second Wind"],"picked":"SKIP","floor":14.0},{"not_picked":["Feed","Exhume"],"picked":"Fiend Fire","floor":16.0},{"not_picked":["Fire Breathing","Dual Wield","Pummel"],"picked":"SKIP","floor":18.0},{"not_picked":["Cleave","Sword Boomerang"],"picked":"Clothesline","floor":19.0},{"not_picked":["Clash","Iron Wave","Infernal Blade"],"picked":"SKIP","floor":24.0},{"not_picked":["Wild Strike","True Grit"],"picked":"Fiend Fire","floor":25.0},{"not_picked":["Headbutt+1","Dual Wield+1","Sword Boomerang"],"picked":"SKIP","floor":27}],"player_experience":8838568,"relics_obtained":[{"floor":4.0,"key":"Centennial Puzzle"},{"floor":7.0,"key":"Tiny Chest"},{"floor":9.0,"key":"White Beast Statue"},{"floor":13.0,"key":"Omamori"},{"floor":25.0,"key":"MealTicket"},{"floor":26.0,"key":"War Paint"},{"floor":28,"key":"Mercury Hourglass"}],"event_choices":[{"damage_healed":0.0,"max_hp_gain":0.0,"max_hp_loss":0.0,"gold_gain":0.0,"event_name":"Shining Light","player_choice":"Entered Light","floor":2.0,"gold_loss":0.0,"damage_taken":23.0,"cards_upgraded":["Defend_R","Defend_R"]},{"damage_healed":0.0,"max_hp_gain":0.0,"max_hp_loss":0.0,"gold_gain":0.0,"cards_transformed":["Strike_R"],"event_name":"Transmorgrifier","player_choice":"Transformed","floor":11.0,"gold_loss":0.0,"damage_taken":0.0,"cards_obtained":["Hemokinesis"]},{"damage_healed":0.0,"max_hp_gain":0.0,"max_hp_loss":0.0,"gold_gain":0.0,"event_name":"Vampires","player_choice":"Ignored","floor":21.0,"gold_loss":0.0,"damage_taken":0.0},{"damage_healed":0.0,"max_hp_gain":0.0,"max_hp_loss":0.0,"gold_gain":50.0,"event_name":"Nest","player_choice":"Stole From Cult","floor":22.0,"gold_loss":0.0,"damage_taken":0.0},{"cards_removed":["Strike_R"],"damage_healed":0,"gold_gain":0,"player_choice":"Gave Gold","damage_taken":0,"max_hp_gain":0,"max_hp_loss":0,"event_name":"Beggar","floor":29,"gold_loss":75}],"is_beta":false,"boss_relics":[{"not_picked":["Runic Dome","Black Blood"],"picked":"Philosopher\u0027s Stone"}],"items_purged_floors":[],"is_endless":false,"potions_floor_spawned":[5,8,13,14,16,18,19,24,25,27],"ascension_level":20}}