{"host":"b5mzvrq4aqyf54kp","time":1614371911,"event":{"mods":["BaseMod","Minty Spire (QoL Compilation)","Relic Stats"],"gold_per_floor":[10,25,25,38,38,38,38,76,76,76,91,115,65,109,109,233,233,248,268,83,83,83,123,138,138,438,511,564,587,602,468,480,615,627,713,746,758,843,901,946,319,319,319,360,188,188,38,101,101,161,161,161,8,41,41,41],"floor_reached":55,"language":"ENG","playtime":5013,"items_purged":["Strike_P","Defend_P"],"score":1035,"play_id":"79d66e22-c86b-4356-b26d-df9fe0cd2fcd","local_time":"20210226223831","is_ascension_mode":true,"campfire_choices":[{"data":"FlurryOfBlows","floor":6,"key":"SMITH"},{"data":"Omniscience","floor":15,"key":"SMITH"},{"data":"Wish","floor":25,"key":"SMITH"},{"floor":32,"key":"REST"},{"floor":42,"key":"REST"},{"floor":49,"key":"RECALL"},{"data":"TalkToTheHand","floor":52,"key":"SMITH"}],"circlet_count":0,"master_deck":["Strike_P","Defend_P+1","Defend_P","Defend_P+1","Eruption","Vigilance","Master of Strategy","CarveReality","FlurryOfBlows+1","Protect","EmptyFist","CrushJoints","Consecrate","Omniscience+1","Establishment+1","CurseOfTheBell","Crescendo+1","InnerPeace","Wish+1","Tantrum+1","Meditate+1","Protect","EmptyBody+1","ThirdEye","Scrawl","Wireheading+1","Scrawl","BattleHymn+1","SpiritShield","TalkToTheHand+1","Adaptation+1","Ragnarok","Protect+1"],"relics":["PureWater","Golden Idol","Pear","Frozen Egg 2","PreservedInsect","Calling Bell","Happy Flower","Blue Candle","StoneCalendar","Orrery","Vajra","Old Coin","Lizard Tail","Damaru","MawBank","Snecko Eye","War Paint","Pantograph","Sundial","White Beast Statue","Strange Spoon","Pocketwatch","Unceasing Top"],"acts_visited":["Exordium","TheCity","TheBeyond","TheEnding"],"potions_floor_usage":[8,16,29,33,44,44,50,50,50,54],"damage_taken":[{"damage":0,"enemies":"Jaw Worm","floor":1,"turns":2},{"damage":0,"enemies":"Small Slimes","floor":2,"turns":3},{"damage":4,"enemies":"2 Louse","floor":4,"turns":2},{"damage":12,"enemies":"3 Sentries","floor":8,"turns":6},{"damage":0,"enemies":"Blue Slaver","floor":11,"turns":2},{"damage":7,"enemies":"Large Slime","floor":12,"turns":5},{"damage":0,"enemies":"Lagavulin","floor":14,"turns":3},{"damage":28,"enemies":"Hexaghost","floor":16,"turns":9},{"damage":1,"enemies":"Spheric Guardian","floor":18,"turns":3},{"damage":17,"enemies":"2 Thieves","floor":19,"turns":3},{"damage":19,"enemies":"Book of Stabbing","floor":23,"turns":4},{"damage":0,"enemies":"Sentry and Sphere","floor":24,"turns":3},{"damage":11,"enemies":"Gremlin Leader","floor":27,"turns":3},{"damage":2,"enemies":"Snake Plant","floor":29,"turns":3},{"damage":7,"enemies":"Cultist and Chosen","floor":30,"turns":6},{"damage":24,"enemies":"Collector","floor":33,"turns":6},{"damage":48,"enemies":"Orb Walker","floor":35,"turns":5},{"damage":25,"enemies":"3 Darklings","floor":36,"turns":4},{"damage":1,"enemies":"Jaw Worm Horde","floor":38,"turns":3},{"damage":0,"enemies":"Sphere and 2 Shapes","floor":39,"turns":3},{"damage":16,"enemies":"Nemesis","floor":40,"turns":5},{"damage":15,"enemies":"Reptomancer","floor":44,"turns":5},{"damage":0,"enemies":"Mind Bloom Boss Battle","floor":48,"turns":2},{"damage":54,"enemies":"Donu and Deca","floor":50,"turns":8},{"damage":34,"enemies":"Shield and Spear","floor":54,"turns":3},{"damage":147,"enemies":"The Heart","floor":55,"turns":3}],"seed_played":"1302447295885662468","potions_obtained":[{"floor":2,"key":"Swift Potion"},{"floor":4,"key":"Explosive Potion"},{"floor":23,"key":"StancePotion"},{"floor":27,"key":"Swift Potion"},{"floor":39,"key":"LiquidMemories"},{"floor":40,"key":"PowerPotion"},{"floor":44,"key":"FearPotion"},{"floor":48,"key":"Energy Potion"},{"floor":54,"key":"Explosive Potion"}],"is_trial":false,"path_per_floor":["M","M","?","M","?","R","$","E","T","?","M","M","?","E","R","B",null,"M","M","$","?","?","E","M","R","T","E","T","M","M","?","R","B",null,"M","M","T","M","M","E","$","R","T","E","$","?","$","?","R","B",null,"R","$","E","B"],"character_chosen":"WATCHER","items_purchased":["InnerPeace","Orrery","SpiritShield","Pantograph","TalkToTheHand","Regen Potion","Regen Potion","Strange Spoon","Ragnarok","StancePotion"],"campfire_rested":2,"item_purchase_floors":[20,20,41,41,41,41,45,47,53,53],"current_hp_per_floor":[65,65,65,61,61,61,61,59,59,64,64,57,57,57,57,29,69,68,51,51,51,51,32,32,32,32,21,21,19,12,12,36,12,65,17,40,40,39,39,23,23,47,47,46,46,46,46,71,71,43,72,72,72,38,0,0],"gold":41,"neow_bonus":"RANDOM_COLORLESS_2","is_daily":false,"chose_seed":false,"campfire_upgraded":4,"win_rate":0.0,"timestamp":1614371911,"path_taken":["M","M","?","M","?","R","?","E","T","?","M","M","?","E","R","BOSS","M","M","$","?","?","E","M","R","T","E","?","M","?","?","R","BOSS","M","?","?","M","M","E","$","R","T","E","$","?","$","?","R","BOSS","R","$","E","BOSS"],"items_purchased_type":["Card","Relic","Card","Relic","Card","Potion","Potion","Relic","Card","Potion"],"build_version":"2020-12-22","purchased_purges":2,"victory":false,"max_hp_per_floor":[72,72,72,72,67,67,67,77,77,82,82,82,82,82,82,82,82,82,82,82,82,82,82,82,82,82,82,82,82,82,82,82,82,82,82,82,82,82,82,82,82,82,82,82,82,82,82,82,82,82,82,82,82,82,82,82],"relic_stats":{"Happy Flower":[24],"counters":[26,104],"Golden Idol":182,"Blue Candle":[9],"StoneCalendar":[52],"PreservedInsect":261,"War Paint":["Defend_P","Defend_P"],"MawBank":120,"Strange Spoon":[19],"Lizard Tail":41,"Sundial":[2],"Pantograph":61,"Snecko Eye":[90,90,76,91],"obtain_stats":[{"Pear":8,"Happy Flower":17,"Golden Idol":5,"Blue Candle":17,"Vajra":23,"Damaru":28,"StoneCalendar":17,"PreservedInsect":14,"Frozen Egg 2":9,"War Paint":40,"MawBank":31,"White Beast Statue":44,"Old Coin":26,"Calling Bell":17,"Strange Spoon":47,"Lizard Tail":27,"Sundial":43,"Pantograph":41,"Orrery":20,"Snecko Eye":34,"PureWater":0,"Unceasing Top":54,"Pocketwatch":48},{"Pear":4,"Happy Flower":8,"Golden Idol":3,"Blue Candle":8,"Vajra":11,"Damaru":13,"StoneCalendar":8,"PreservedInsect":7,"Frozen Egg 2":4,"War Paint":21,"MawBank":15,"White Beast Statue":22,"Old Coin":12,"Calling Bell":8,"Strange Spoon":22,"Lizard Tail":13,"Sundial":21,"Pantograph":21,"Orrery":10,"Snecko Eye":16,"PureWater":0,"Unceasing Top":25,"Pocketwatch":23},{"Pear":13,"Happy Flower":32,"Golden Idol":7,"Blue Candle":32,"Vajra":42,"Damaru":48,"StoneCalendar":32,"PreservedInsect":23,"Frozen Egg 2":13,"War Paint":83,"MawBank":57,"White Beast Statue":88,"Old Coin":45,"Calling Bell":32,"Strange Spoon":88,"Lizard Tail":48,"Sundial":83,"Pantograph":83,"Orrery":38,"Snecko Eye":63,"PureWater":0,"Unceasing Top":101,"Pocketwatch":90}],"Unceasing Top":[0],"Pocketwatch":[0]},"card_choices":[{"not_picked":["Magnetism","Secret Technique"],"picked":"Master of Strategy","floor":0},{"not_picked":["ThirdEye","FlurryOfBlows"],"picked":"CarveReality","floor":1},{"not_picked":["Prostrate","ThirdEye"],"picked":"FlurryOfBlows","floor":2},{"not_picked":["SignatureMove","Indignation"],"picked":"Protect","floor":4},{"not_picked":["BattleHymn","FlyingSleeves"],"picked":"EmptyFist","floor":8},{"not_picked":["Prostrate","Swivel"],"picked":"CrushJoints","floor":11},{"not_picked":["CrushJoints","Protect"],"picked":"Consecrate","floor":12},{"not_picked":["Consecrate","Worship"],"picked":"Omniscience","floor":14},{"not_picked":["ConjureBlade","Alpha"],"picked":"Establishment+1","floor":16},{"not_picked":["Collect","FlyingSleeves"],"picked":"BowlingBash","floor":18},{"not_picked":["ForeignInfluence","Establishment+1"],"picked":"Crescendo+1","floor":19},{"not_picked":["CrushJoints","PathToVictory+1"],"picked":"Wish","floor":20},{"not_picked":["Protect+1","SashWhip+1"],"picked":"Tantrum+1","floor":20},{"not_picked":["Protect","Wireheading+1"],"picked":"Meditate+1","floor":20},{"not_picked":["CarveReality","Consecrate"],"picked":"Protect","floor":20},{"not_picked":["Prostrate","Blasphemy"],"picked":"EmptyBody+1","floor":20},{"not_picked":["MasterReality+1","BattleHymn+1"],"picked":"ThirdEye","floor":23},{"not_picked":["Consecrate","Evaluate","CrushJoints"],"picked":"SKIP","floor":24},{"not_picked":["Judgement","Indignation+1"],"picked":"Scrawl","floor":27},{"not_picked":["ClearTheMind","BowlingBash"],"picked":"Wireheading+1","floor":29},{"not_picked":["Collect","Prostrate","BowlingBash"],"picked":"SKIP","floor":30},{"not_picked":["Judgement","Omniscience"],"picked":"Scrawl","floor":33},{"not_picked":["Weave","EmptyMind","JustLucky"],"picked":"SKIP","floor":35},{"not_picked":["CutThroughFate","FlyingSleeves","EmptyFist"],"picked":"SKIP","floor":36},{"not_picked":["CrushJoints","PathToVictory","FlurryOfBlows"],"picked":"SKIP","floor":38},{"not_picked":["Evaluate+1","Prostrate+1"],"picked":"BattleHymn+1","floor":39},{"not_picked":["ClearTheMind+1","FlurryOfBlows","Meditate+1"],"picked":"SKIP","floor":40},{"not_picked":["Wireheading+1","BowlingBash"],"picked":"Adaptation+1","floor":44},{"not_picked":["Adaptation+1","Nirvana+1"],"picked":"Protect+1","floor":54}],"player_experience":441590,"relics_obtained":[{"floor":8,"key":"Pear"},{"floor":9,"key":"Frozen Egg 2"},{"floor":14,"key":"PreservedInsect"},{"floor":17,"key":"Happy Flower"},{"floor":17,"key":"Blue Candle"},{"floor":17,"key":"StoneCalendar"},{"floor":23,"key":"Vajra"},{"floor":26,"key":"Old Coin"},{"floor":27,"key":"Lizard Tail"},{"floor":28,"key":"Damaru"},{"floor":40,"key":"War Paint"},{"floor":43,"key":"Sundial"},{"floor":44,"key":"White Beast Statue"},{"floor":48,"key":"Pocketwatch"},{"floor":54,"key":"Unceasing Top"}],"event_choices":[{"cards_removed":["Strike_P"],"damage_healed":0,"gold_gain":0,"player_choice":"Forget","damage_taken":0,"max_hp_gain":0,"max_hp_loss":0,"event_name":"Living Wall","floor":3,"gold_loss":0},{"damage_healed":0,"gold_gain":0,"player_choice":"Lose Max HP","damage_taken":0,"relics_obtained":["Golden Idol"],"max_hp_gain":0,"max_hp_loss":5,"event_name":"Golden Idol","floor":5,"gold_loss":0},{"damage_healed":0,"gold_gain":0,"player_choice":"Donut","damage_taken":0,"max_hp_gain":5,"max_hp_loss":0,"event_name":"Big Fish","floor":10,"gold_loss":0},{"cards_removed":["Strike_P"],"damage_healed":0,"gold_gain":0,"player_choice":"Card Removal","damage_taken":0,"max_hp_gain":0,"max_hp_loss":0,"event_name":"The Cleric","floor":13,"gold_loss":50},{"damage_healed":0,"gold_gain":0,"player_choice":"Ignored","damage_taken":0,"max_hp_gain":0,"max_hp_loss":0,"event_name":"Vampires","floor":22,"gold_loss":0},{"damage_healed":0,"gold_gain":0,"player_choice":"Paid Gold","damage_taken":0,"relics_obtained":["MawBank"],"max_hp_gain":0,"max_hp_loss":0,"event_name":"WeMeetAgain","floor":31,"gold_loss":134},{"cards_removed":["BowlingBash"],"damage_healed":0,"gold_gain":0,"player_choice":"Removed Attack","damage_taken":0,"max_hp_gain":0,"max_hp_loss":0,"event_name":"Falling","floor":46,"gold_loss":0},{"damage_healed":0,"gold_gain":0,"player_choice":"Fight","damage_taken":0,"max_hp_gain":0,"max_hp_loss":0,"event_name":"MindBloom","floor":48,"gold_loss":0}],"is_beta":false,"boss_relics":[{"not_picked":["VioletLotus","Empty Cage"],"picked":"Calling Bell"},{"not_picked":["Philosopher\u0027s Stone","Cursed Key"],"picked":"Snecko Eye"}],"items_purged_floors":[41,45],"is_endless":false,"potions_floor_spawned":[2,4,23,27,39,40,44,48,54],"killed_by":"The Heart","ascension_level":7}}