{"host":"zlryddw6xv0ljf8b","time":1614308931,"event":{"mods":["AchievementEnabler","BaseMod","Colored Map","Colored Powertips","Highlight Path","Minty Spire (QoL Compilation)","Permanent Neow","Quick Restart","StSLib"],"gold_per_floor":[112,124,74,74,99,138,138,171,171,194,194,224,224,244,244,375,375,389,404,404,424,68,111,136,136,163,188,213,227,227,227,227,364,364,386,406,422,253,287,326,326,350,350,350,368,368,415,415,415,415,415,415,10,48,48],"floor_reached":56,"language":"ENG","playtime":4037,"items_purged":["Bullet Time","Strike_G"],"score":1391,"play_id":"3aa530bd-e289-4d42-aa3c-8d9e7f62057e","local_time":"20210225210851","is_ascension_mode":false,"campfire_choices":[{"data":"After Image","floor":7.0,"key":"SMITH"},{"floor":11.0,"key":"REST"},{"data":"Footwork","floor":13.0,"key":"SMITH"},{"data":"Adrenaline","floor":15.0,"key":"SMITH"},{"data":"Accuracy","floor":25.0,"key":"SMITH"},{"data":"Well Laid Plans","floor":32.0,"key":"SMITH"},{"floor":41,"key":"RECALL"},{"floor":44,"key":"REST"},{"floor":49,"key":"REST"},{"floor":52,"key":"REST"}],"circlet_count":0,"master_deck":["Defend_G","Defend_G","Defend_G","Defend_G","Defend_G","Survivor","Neutralize+1","After Image+1","Blade Dance+1","Backflip","Cloak And Dagger","Masterful Stab+1","Footwork+1","Blade Dance","Adrenaline+1","Flechettes+1","Terror+1","Bullet Time+1","Infinite Blades+1","Acrobatics+1","Dagger Spray","Footwork","Accuracy+1","Finisher+1","Well Laid Plans+1","After Image","Leg Sweep+1","Footwork","Accuracy","Crippling Poison+1","After Image"],"relics":["Ring of the Snake","Golden Idol","Oddly Smooth Stone","Paper Crane","Mummified Hand","Astrolabe","Mercury Hourglass","Shuriken","Tiny Chest","Kunai","CeramicFish","Fusion Hammer","White Beast Statue","Toy Ornithopter","Whetstone","Blue Candle","Lantern"],"acts_visited":["Exordium","TheCity","TheBeyond","TheEnding"],"potions_floor_usage":[42,55],"damage_taken":[{"damage":0.0,"enemies":"Cultist","floor":1.0,"turns":4.0},{"damage":0.0,"enemies":"Small Slimes","floor":2.0,"turns":4.0},{"damage":0.0,"enemies":"2 Louse","floor":5.0,"turns":3.0},{"damage":5.0,"enemies":"3 Sentries","floor":6.0,"turns":11.0},{"damage":23.0,"enemies":"Lagavulin","floor":8.0,"turns":10.0},{"damage":0.0,"enemies":"Blue Slaver","floor":10.0,"turns":3.0},{"damage":0.0,"enemies":"Gremlin Gang","floor":14.0,"turns":4.0},{"damage":0.0,"enemies":"Slime Boss","floor":16.0,"turns":14.0},{"damage":0.0,"enemies":"Shell Parasite","floor":18.0,"turns":3.0},{"damage":6.0,"enemies":"2 Thieves","floor":19.0,"turns":4.0},{"damage":0.0,"enemies":"Chosen and Byrds","floor":21.0,"turns":3.0},{"damage":0.0,"enemies":"Book of Stabbing","floor":23.0,"turns":4.0},{"damage":0.0,"enemies":"Centurion and Healer","floor":24.0,"turns":3.0},{"damage":12.0,"enemies":"Snecko","floor":27.0,"turns":4.0},{"damage":0.0,"enemies":"Snake Plant","floor":28.0,"turns":3.0},{"damage":8.0,"enemies":"Centurion and Healer","floor":29.0,"turns":3.0},{"damage":7.0,"enemies":"Collector","floor":33.0,"turns":6.0},{"damage":0.0,"enemies":"3 Darklings","floor":35.0,"turns":3.0},{"damage":11.0,"enemies":"3 Shapes","floor":36.0,"turns":5.0},{"damage":0,"enemies":"Writhing Mass","floor":37,"turns":4},{"damage":0,"enemies":"Spire Growth","floor":39,"turns":2},{"damage":0,"enemies":"Giant Head","floor":40,"turns":4},{"damage":0,"enemies":"3 Darklings","floor":42,"turns":4},{"damage":0,"enemies":"Writhing Mass","floor":45,"turns":6},{"damage":0,"enemies":"Reptomancer","floor":47,"turns":3},{"damage":0,"enemies":"Awakened One","floor":50,"turns":8},{"damage":0,"enemies":"Shield and Spear","floor":54,"turns":6},{"damage":19,"enemies":"The Heart","floor":55,"turns":9}],"seed_played":"7311717428741674206","potions_obtained":[{"floor":5.0,"key":"AttackPotion"},{"floor":10.0,"key":"SkillPotion"},{"floor":14.0,"key":"Weak Potion"},{"floor":16.0,"key":"Weak Potion"},{"floor":21.0,"key":"Weak Potion"},{"floor":24.0,"key":"SpeedPotion"},{"floor":27.0,"key":"AttackPotion"},{"floor":35.0,"key":"EntropicBrew"},{"floor":40,"key":"Fruit Juice"},{"floor":42,"key":"GhostInAJar"},{"floor":47,"key":"Dexterity Potion"}],"is_trial":false,"path_per_floor":["M","M","?","?","M","E","R","E","T","M","R","?","R","M","R","B",null,"M","M","?","M","$","E","M","R","T","M","M","M","T","T","R","B",null,"M","M","M","$","M","E","R","M","T","R","M","?","E","?","R","B",null,"R","$","E","B",null],"character_chosen":"THE_SILENT","items_purchased":["Mercury Hourglass","Footwork","Footwork","Whetstone","Blue Candle"],"campfire_rested":4,"item_purchase_floors":[22,22,38,53,53],"current_hp_per_floor":[70,70,70,53,53,48,48,25,25,25,46,46,46,46,46,46,70,70,64,64,64,64,64,64,64,64,52,52,44,44,44,44,37,70,70,59,59,59,59,59,59,64,64,75,75,75,75,75,75,75,75,75,75,75,56],"gold":48,"neow_bonus":"ONE_RANDOM_RARE_CARD","is_daily":false,"chose_seed":false,"campfire_upgraded":5,"win_rate":0.0,"timestamp":1614308931,"path_taken":["M","M","?","?","M","E","R","E","T","M","R","?","R","M","R","BOSS","M","M","?","M","$","E","M","R","T","?","?","M","?","?","R","BOSS","M","M","M","$","M","E","R","M","T","R","M","?","E","?","R","BOSS","R","$","E","BOSS"],"items_purchased_type":["Relic","Card","Card","Relic","Relic"],"build_version":"2020-12-22","purchased_purges":2,"victory":true,"max_hp_per_floor":[70,70,70,70,70,70,70,70,70,70,70,70,70,70,70,70,70,70,70,70,70,70,70,70,70,70,70,70,70,70,70,70,70,70,70,70,70,70,70,70,70,75,75,75,75,75,75,75,75,75,75,75,75,75,75],"card_choices":[{"not_picked":["Outmaneuver","Acrobatics"],"picked":"Blade Dance","floor":1.0},{"not_picked":["Escape Plan","Endless Agony"],"picked":"Backflip","floor":2.0},{"not_picked":["Flying Knee","Riddle With Holes"],"picked":"Cloak And Dagger","floor":5.0},{"not_picked":["Heel Hook","Sucker Punch"],"picked":"Masterful Stab","floor":6.0},{"not_picked":["Dash","Distraction"],"picked":"Footwork","floor":8.0},{"not_picked":["Dagger Throw","Masterful Stab"],"picked":"Blade Dance","floor":10.0},{"not_picked":["Blade Dance","Sucker Punch"],"picked":"Adrenaline","floor":14.0},{"not_picked":["Malaise","Grand Finale"],"picked":"Bullet Time","floor":16.0},{"not_picked":["Dagger Throw","Sucker Punch"],"picked":"Infinite Blades+1","floor":18.0},{"not_picked":["Distraction","Calculated Gamble"],"picked":"Acrobatics+1","floor":19.0},{"not_picked":["Masterful Stab","Poisoned Stab+1"],"picked":"Dagger Spray","floor":21.0},{"not_picked":["Distraction+1","Prepared+1"],"picked":"Accuracy","floor":23.0},{"not_picked":["Slice+1","Deadly Poison+1","Underhanded Strike"],"picked":"SKIP","floor":24.0},{"not_picked":["Slice+1","Deadly Poison+1","Underhanded Strike"],"picked":"SKIP","floor":24.0},{"not_picked":["Dagger Spray","Heel Hook","Predator+1"],"picked":"SKIP","floor":27.0},{"not_picked":["Skewer","Endless Agony+1"],"picked":"Finisher+1","floor":28.0},{"not_picked":["PiercingWail+1","Prepared"],"picked":"Well Laid Plans","floor":29.0},{"not_picked":["Adrenaline","Die Die Die"],"picked":"After Image","floor":33.0},{"not_picked":["Poisoned Stab+1","Bane+1"],"picked":"Leg Sweep+1","floor":35.0},{"not_picked":["Bouncing Flask","Backflip","Terror+1"],"picked":"SKIP","floor":36.0},{"not_picked":["Leg Sweep","Flying Knee+1","Quick Slash+1"],"picked":"SKIP","floor":37},{"not_picked":["Underhanded Strike+1","Adrenaline"],"picked":"Accuracy","floor":39},{"not_picked":["Flying Knee+1","Reflex","Tactician"],"picked":"SKIP","floor":40},{"not_picked":["Flying Knee+1","Reflex","Tactician"],"picked":"SKIP","floor":40},{"not_picked":["Bane","Deflect+1"],"picked":"Crippling Poison+1","floor":42},{"not_picked":["Cloak And Dagger","Calculated Gamble","Slice+1"],"picked":"SKIP","floor":45},{"not_picked":["Dagger Throw","Noxious Fumes+1"],"picked":"After Image","floor":47},{"not_picked":["Expertise","Backflip+1","Poisoned Stab+1"],"picked":"SKIP","floor":54}],"player_experience":110129,"relics_obtained":[{"floor":6.0,"key":"Oddly Smooth Stone"},{"floor":8.0,"key":"Paper Crane"},{"floor":9.0,"key":"Mummified Hand"},{"floor":23.0,"key":"Shuriken"},{"floor":26.0,"key":"Tiny Chest"},{"floor":30.0,"key":"Kunai"},{"floor":31.0,"key":"CeramicFish"},{"floor":40,"key":"White Beast Statue"},{"floor":47,"key":"Toy Ornithopter"},{"floor":54,"key":"Lantern"}],"event_choices":[{"cards_removed":["Strike_G"],"damage_healed":0.0,"max_hp_gain":0.0,"max_hp_loss":0.0,"gold_gain":0.0,"event_name":"The Cleric","player_choice":"Card Removal","floor":3.0,"gold_loss":50.0,"damage_taken":0.0},{"damage_healed":0.0,"max_hp_gain":0.0,"max_hp_loss":0.0,"gold_gain":0.0,"event_name":"Golden Idol","player_choice":"Take Damage","floor":4.0,"gold_loss":0.0,"damage_taken":17.0,"relics_obtained":["Golden Idol"]},{"damage_healed":0.0,"max_hp_gain":0.0,"max_hp_loss":0.0,"gold_gain":30.0,"event_name":"Dead Adventurer","player_choice":"Searched \u00271\u0027 times","floor":12.0,"gold_loss":0.0,"damage_taken":0.0},{"damage_healed":0.0,"max_hp_gain":0.0,"max_hp_loss":0.0,"gold_gain":0.0,"event_name":"Accursed Blacksmith","player_choice":"Forge","floor":20.0,"gold_loss":0.0,"damage_taken":0.0,"cards_upgraded":["Blade Dance"]},{"damage_healed":0,"gold_gain":0,"player_choice":"Ignored","damage_taken":0,"max_hp_gain":0,"max_hp_loss":0,"event_name":"Tomb of Lord Red Mask","floor":46,"gold_loss":0},{"damage_healed":0,"gold_gain":0,"player_choice":"0 cards matched","damage_taken":0,"max_hp_gain":0,"max_hp_loss":0,"event_name":"Match and Keep!","floor":48,"gold_loss":0,"cards_obtained":[]}],"is_beta":false,"boss_relics":[{"not_picked":["Coffee Dripper","Runic Dome"],"picked":"Astrolabe"},{"not_picked":["Pandora\u0027s Box","Empty Cage"],"picked":"Fusion Hammer"}],"items_purged_floors":[22,38],"is_endless":false,"potions_floor_spawned":[5,10,14,16,21,24,27,33,35,40,42,45,47,54],"ascension_level":0}}