{"host":"dwqr8rfkubzfvfti","time":1614363958,"event":{"mods":["BaseMod","Colored Map","Colored Powertips","Minty Spire (QoL Compilation)","Rare Cards Sparkle","Relic Stats"],"gold_per_floor":[110,110,35,56,77,77,110,185,185,229,247,247,272,290,290,419,419,438,453,472,472,491,491,186,226,226,226,83,104,144,44,44,44,44],"floor_reached":33,"language":"ENG","playtime":1403,"items_purged":["Injury","Writhe"],"score":337,"play_id":"ebb1ab36-78a8-494b-b55c-d6857bb18d04","local_time":"20210226112558","is_ascension_mode":true,"campfire_choices":[{"data":"Eruption","floor":6,"key":"SMITH"},{"floor":12,"key":"REST"},{"data":"Vigilance","floor":15,"key":"SMITH"},{"floor":23,"key":"REST"},{"floor":32,"key":"REST"}],"circlet_count":0,"master_deck":["Eruption+1","Vigilance+1","ReachHeaven","FlurryOfBlows","Consecrate","Evaluate","CarveReality","Crescendo","FollowUp","FearNoEvil","Brilliance","CutThroughFate","SashWhip","WheelKick","SpiritShield","SandsOfTime","Alpha","InnerPeace","Evaluate","EmptyBody+1","ClearTheMind","RitualDagger","Prostrate","Swivel+1"],"relics":["PureWater","Golden Idol","Pear","Bag of Marbles","Vajra","Pandora\u0027s Box","PreservedInsect","Melange","Blood Vial","StoneCalendar","Gambling Chip","Lantern","Toy Ornithopter"],"acts_visited":["Exordium","TheCity"],"potions_floor_usage":[10,16,20,29,29,30,33],"damage_taken":[{"damage":7,"enemies":"Small Slimes","floor":1,"turns":5},{"damage":3,"enemies":"Jaw Worm","floor":4,"turns":3},{"damage":7,"enemies":"2 Louse","floor":5,"turns":3},{"damage":8,"enemies":"Gremlin Nob","floor":7,"turns":3},{"damage":30,"enemies":"3 Sentries","floor":10,"turns":5},{"damage":5,"enemies":"Lots of Slimes","floor":11,"turns":3},{"damage":1,"enemies":"Large Slime","floor":13,"turns":3},{"damage":0,"enemies":"2 Fungi Beasts","floor":14,"turns":2},{"damage":25,"enemies":"The Guardian","floor":16,"turns":5},{"damage":17,"enemies":"2 Thieves","floor":18,"turns":3},{"damage":6,"enemies":"Chosen","floor":19,"turns":3},{"damage":20,"enemies":"Shelled Parasite and Fungi","floor":20,"turns":3},{"damage":21,"enemies":"Snake Plant","floor":22,"turns":3},{"damage":15,"enemies":"Book of Stabbing","floor":25,"turns":4},{"damage":24,"enemies":"Chosen and Byrds","floor":29,"turns":5},{"damage":24,"enemies":"Gremlin Leader","floor":30,"turns":6},{"damage":73,"enemies":"Automaton","floor":33,"turns":6}],"seed_played":"6904277997380977162","potions_obtained":[{"floor":1,"key":"StancePotion"},{"floor":7,"key":"PowerPotion"},{"floor":10,"key":"Energy Potion"},{"floor":13,"key":"Explosive Potion"},{"floor":19,"key":"PowerPotion"},{"floor":22,"key":"Regen Potion"},{"floor":29,"key":"BottledMiracle"}],"is_trial":false,"path_per_floor":["M","?","$","M","M","R","E","?","T","E","M","R","M","M","R","B",null,"M","M","M","?","M","R","$","E","T","?","$","M","E","$","R","B"],"character_chosen":"WATCHER","items_purchased":["PreservedInsect","Melange","Lantern"],"campfire_rested":3,"item_purchase_floors":[24,24,28],"current_hp_per_floor":[72,72,72,69,62,62,64,53,53,23,18,44,43,43,43,18,89,72,66,46,40,19,45,45,30,30,30,30,23,1,1,27,0,0],"gold":44,"neow_bonus":"TEN_PERCENT_HP_BONUS","is_daily":false,"chose_seed":false,"campfire_upgraded":2,"win_rate":0.0,"timestamp":1614363958,"path_taken":["M","?","$","M","M","R","E","?","T","E","M","R","M","M","R","BOSS","M","M","M","?","M","R","$","E","T","?","?","M","E","$","R","BOSS"],"items_purchased_type":["Relic","Relic","Relic"],"build_version":"2020-12-22","purchased_purges":2,"victory":false,"max_hp_per_floor":[79,79,79,79,79,79,89,89,89,89,89,89,89,89,89,89,89,89,89,89,89,89,89,89,89,89,89,89,89,89,89,89,89,89],"relic_stats":{"Blood Vial":6,"counters":[17,65],"Golden Idol":98,"Gambling Chip":[5],"Melange":[9],"Pandora\u0027s Box":["CutThroughFate","SashWhip","WheelKick","SpiritShield","SandsOfTime","Alpha","InnerPeace","Evaluate"],"StoneCalendar":[0],"PreservedInsect":86,"obtain_stats":[{"Lantern":28,"Pear":7,"Golden Idol":2,"Vajra":10,"Melange":24,"StoneCalendar":26,"PreservedInsect":24,"Blood Vial":25,"Gambling Chip":27,"Pandora\u0027s Box":17,"Bag of Marbles":9,"PureWater":0,"Toy Ornithopter":30},{"Lantern":14,"Pear":4,"Golden Idol":1,"Vajra":5,"Melange":13,"StoneCalendar":14,"PreservedInsect":13,"Blood Vial":14,"Gambling Chip":14,"Pandora\u0027s Box":9,"Bag of Marbles":4,"PureWater":0,"Toy Ornithopter":16},{"Lantern":48,"Pear":14,"Golden Idol":5,"Vajra":19,"Melange":44,"StoneCalendar":48,"PreservedInsect":44,"Blood Vial":48,"Gambling Chip":48,"Pandora\u0027s Box":32,"Bag of Marbles":14,"PureWater":0,"Toy Ornithopter":59}],"Toy Ornithopter":5},"card_choices":[{"not_picked":["BowlingBash","Evaluate"],"picked":"ReachHeaven","floor":1},{"not_picked":["JustLucky","Fasting2"],"picked":"FlurryOfBlows","floor":4},{"not_picked":["Indignation","PathToVictory"],"picked":"Consecrate","floor":5},{"not_picked":["FlyingSleeves","CutThroughFate"],"picked":"Evaluate","floor":7},{"not_picked":["SandsOfTime","PathToVictory"],"picked":"CarveReality","floor":10},{"not_picked":["MentalFortress","Evaluate"],"picked":"Crescendo","floor":11},{"not_picked":["SandsOfTime","Evaluate"],"picked":"FollowUp","floor":13},{"not_picked":["SashWhip","WheelKick"],"picked":"FearNoEvil","floor":14},{"not_picked":["LessonLearned","ConjureBlade"],"picked":"Brilliance","floor":16},{"not_picked":["FollowUp","Consecrate"],"picked":"EmptyBody+1","floor":18},{"not_picked":["Evaluate","EmptyBody","SashWhip"],"picked":"SKIP","floor":19},{"not_picked":["EmptyBody","Halt"],"picked":"ClearTheMind","floor":20},{"not_picked":["ConjureBlade","FlyingSleeves"],"picked":"Prostrate","floor":22},{"not_picked":["Crescendo+1","FlyingSleeves","EmptyBody"],"picked":"SKIP","floor":25},{"not_picked":["Evaluate","JustLucky","Study"],"picked":"SKIP","floor":29},{"not_picked":["ClearTheMind","FearNoEvil"],"picked":"Swivel+1","floor":30}],"player_experience":524133,"relics_obtained":[{"floor":7,"key":"Pear"},{"floor":9,"key":"Bag of Marbles"},{"floor":10,"key":"Vajra"},{"floor":25,"key":"Blood Vial"},{"floor":26,"key":"StoneCalendar"},{"floor":30,"key":"Toy Ornithopter"}],"event_choices":[{"damage_healed":0,"gold_gain":0,"player_choice":"Take Wound","damage_taken":0,"relics_obtained":["Golden Idol"],"max_hp_gain":0,"max_hp_loss":0,"event_name":"Golden Idol","floor":2,"gold_loss":0,"cards_obtained":["Injury"]},{"damage_healed":0,"gold_gain":75,"player_choice":"Gather Gold","damage_taken":11,"max_hp_gain":0,"max_hp_loss":0,"event_name":"World of Goop","floor":8,"gold_loss":0},{"damage_healed":0,"gold_gain":0,"player_choice":"Joined the Cult","damage_taken":6,"max_hp_gain":0,"max_hp_loss":0,"event_name":"Nest","floor":21,"gold_loss":0,"cards_obtained":["RitualDagger"]},{"damage_healed":0,"gold_gain":0,"player_choice":"Opened","damage_taken":0,"relics_obtained":["Gambling Chip"],"max_hp_gain":0,"max_hp_loss":0,"event_name":"The Mausoleum","floor":27,"gold_loss":0,"cards_obtained":["Writhe"]}],"is_beta":false,"boss_relics":[{"not_picked":["SacredBark","VioletLotus"],"picked":"Pandora\u0027s Box"}],"items_purged_floors":[3,31],"is_endless":false,"potions_floor_spawned":[1,7,10,13,19,22,25,29],"killed_by":"Automaton","ascension_level":1}}