{"host":"qc8p2flj7wsy3zpg","time":1614359681,"event":{"mods":["BaseMod","Highlight Path","Minty Spire (QoL Compilation)","Monster List Patch","Relic Stats","StSLib"],"gold_per_floor":[110,126,126,20,35,64,64,98,98,98,22,42,42,59,59,59,59],"floor_reached":16,"language":"ENG","playtime":406,"items_purged":[],"score":220,"play_id":"c73ff29a-62ee-4229-a6f2-c4b7f71ef23a","local_time":"20210226111441","is_ascension_mode":true,"campfire_choices":[{"floor":7.0,"key":"REST"},{"floor":10,"key":"REST"},{"data":"Blade Dance","floor":15,"key":"SMITH"}],"circlet_count":0,"master_deck":["AscendersBane","Strike_G","Strike_G","Strike_G","Strike_G","Strike_G","Defend_G","Defend_G","Defend_G","Defend_G","Defend_G","Survivor","Neutralize","Eviscerate","Flying Knee","Blade Dance+1","Poisoned Stab","Blade Dance","Backflip","Finisher","Crippling Poison","Masterful Stab"],"relics":["Ring of the Snake","NeowsBlessing","FaceOfCleric","Mercury Hourglass","Letter Opener","Nunchaku"],"acts_visited":["Exordium"],"potions_floor_usage":[8],"damage_taken":[{"damage":0.0,"enemies":"Small Slimes","floor":1.0,"turns":1.0},{"damage":0.0,"enemies":"Cultist","floor":2.0,"turns":1.0},{"damage":0.0,"enemies":"Jaw Worm","floor":5.0,"turns":1.0},{"damage":58.0,"enemies":"Lagavulin","floor":6.0,"turns":7.0},{"damage":8,"enemies":"Gremlin Nob","floor":8,"turns":3},{"damage":0,"enemies":"Blue Slaver","floor":12,"turns":2},{"damage":0,"enemies":"Large Slime","floor":14,"turns":3},{"damage":45,"enemies":"The Guardian","floor":16,"turns":11}],"seed_played":"7597548527349474621","potions_obtained":[{"floor":6.0,"key":"AttackPotion"},{"floor":12,"key":"FairyPotion"}],"is_trial":false,"path_per_floor":["M","M","?","$","M","E","R","E","T","R","$","M","?","M","R","B"],"character_chosen":"THE_SILENT","items_purchased":["Blade Dance","Poisoned Stab","Crippling Poison"],"campfire_rested":2,"item_purchase_floors":[4,4,11],"current_hp_per_floor":[59,59,59,59,60,3,23,16,16,36,36,37,19,20,20,0,0],"gold":59,"neow_bonus":"THREE_ENEMY_KILL","is_daily":false,"chose_seed":false,"campfire_upgraded":1,"win_rate":0.0,"timestamp":1614359681,"path_taken":["M","M","?","$","M","E","R","E","T","R","?","M","?","M","R","BOSS"],"items_purchased_type":["Card","Card","Card"],"build_version":"2020-12-22","purchased_purges":0,"victory":false,"max_hp_per_floor":[66,66,66,66,67,68,68,69,69,69,69,70,70,71,71,71,71],"relic_stats":{"Nunchaku":[3],"FaceOfCleric":5,"counters":[8,29],"Letter Opener":[10],"obtain_stats":[{"Nunchaku":13,"NeowsBlessing":0,"FaceOfCleric":3,"Letter Opener":8,"Ring of the Snake":0,"Mercury Hourglass":6},{"Nunchaku":6,"NeowsBlessing":0,"FaceOfCleric":2,"Letter Opener":5,"Ring of the Snake":0,"Mercury Hourglass":4},{"Nunchaku":15,"NeowsBlessing":0,"FaceOfCleric":2,"Letter Opener":13,"Ring of the Snake":0,"Mercury Hourglass":10}],"Ring of the Snake":[16],"Mercury Hourglass":[54]},"card_choices":[{"not_picked":["PiercingWail","Backflip"],"picked":"Eviscerate","floor":1.0},{"not_picked":["Cloak And Dagger","Bane"],"picked":"Flying Knee","floor":2.0},{"not_picked":["Deflect","Envenom"],"picked":"Blade Dance","floor":5.0},{"not_picked":["Escape Plan","Expertise"],"picked":"Backflip","floor":6.0},{"not_picked":["Deflect","Flying Knee"],"picked":"Finisher","floor":8},{"not_picked":["Infinite Blades","Outmaneuver"],"picked":"Masterful Stab","floor":12}],"player_experience":2438098,"relics_obtained":[{"floor":6.0,"key":"Mercury Hourglass"},{"floor":8,"key":"Letter Opener"}],"event_choices":[{"damage_healed":0.0,"max_hp_gain":0.0,"max_hp_loss":0.0,"gold_gain":0.0,"event_name":"FaceTrader","player_choice":"Trade","floor":3.0,"gold_loss":0.0,"damage_taken":0.0,"relics_obtained":["FaceOfCleric"]},{"damage_healed":0,"gold_gain":0,"player_choice":"Success","damage_taken":18,"relics_obtained":["Nunchaku"],"max_hp_gain":0,"max_hp_loss":0,"event_name":"Scrap Ooze","floor":13,"gold_loss":0}],"is_beta":false,"boss_relics":[],"items_purged_floors":[],"is_endless":false,"potions_floor_spawned":[6,12],"killed_by":"The Guardian","ascension_level":20}}