{"host":"u7lm8z2rvb4dg2oo","time":1614321616,"event":{"mods":["AchievementEnabler","BaseMod","Bestiary","Block Reminder","Colored Map","Colored Powertips","Curses Come First","DeckTracker","Googly Eyes","Highlight Path","Minty Spire (QoL Compilation)","Quick Restart","StSLib"],"gold_per_floor":[15,25,25,45,65,90,90,105,183,183,183,210,226,261,261,333,333,293,14,14,30,30,30,62,62,111,124,139,166,195,242,254,266,266],"floor_reached":33,"language":"ENG","playtime":3128,"items_purged":[],"score":854,"play_id":"c221085d-61c7-4a9e-a8a6-4f9607f91f43","local_time":"20210226014016","is_ascension_mode":true,"campfire_choices":[{"data":"Terror","floor":7.0,"key":"SMITH"},{"floor":11.0,"key":"REST"},{"data":"Footwork","floor":15.0,"key":"SMITH"},{"data":"Apotheosis","floor":23.0,"key":"SMITH"},{"data":"Strike_G","floor":25.0,"key":"PURGE"},{"floor":32.0,"key":"REST"}],"circlet_count":0,"master_deck":["AscendersBane","Strike_G","Strike_G+1","Strike_G","Strike_G","Defend_G","Defend_G","Defend_G","Defend_G","Defend_G+1","Survivor","Neutralize","Dash","Footwork+1","PiercingWail","Blade Dance","Terror+1","Finisher","Backflip","Finisher","Footwork","Corpse Explosion","Blade Dance","Apotheosis+1","Well Laid Plans","Blade Dance","Cloak And Dagger+1","Leg Sweep","PiercingWail+1"],"relics":["Ring of the Snake","FossilizedHelix","Pen Nib","The Courier","Peace Pipe","Lantern","Black Star","Bag of Marbles","Toy Ornithopter","Gambling Chip","MawBank","Omamori","Centennial Puzzle"],"acts_visited":["Exordium","TheCity"],"potions_floor_usage":[33],"damage_taken":[{"damage":0.0,"enemies":"Small Slimes","floor":1.0,"turns":3.0},{"damage":0.0,"enemies":"Jaw Worm","floor":2.0,"turns":5.0},{"damage":0.0,"enemies":"Cultist","floor":4.0,"turns":4.0},{"damage":0.0,"enemies":"Exordium Wildlife","floor":5.0,"turns":6.0},{"damage":0.0,"enemies":"Lagavulin","floor":6.0,"turns":6.0},{"damage":0.0,"enemies":"Blue Slaver","floor":8.0,"turns":4.0},{"damage":10.0,"enemies":"3 Sentries","floor":12.0,"turns":9.0},{"damage":0.0,"enemies":"Red Slaver","floor":13.0,"turns":3.0},{"damage":0.0,"enemies":"Lagavulin","floor":14.0,"turns":2.0},{"damage":14.0,"enemies":"The Guardian","floor":16.0,"turns":11.0},{"damage":3.0,"enemies":"2 Thieves","floor":18.0,"turns":5.0},{"damage":0.0,"enemies":"3 Byrds","floor":21.0,"turns":4.0},{"damage":0.0,"enemies":"Book of Stabbing","floor":24.0,"turns":5.0},{"damage":10.0,"enemies":"Snecko","floor":27.0,"turns":5.0},{"damage":0.0,"enemies":"Centurion and Healer","floor":28.0,"turns":5.0},{"damage":0.0,"enemies":"Gremlin Leader","floor":29.0,"turns":4.0},{"damage":0.0,"enemies":"Cultist and Chosen","floor":30.0,"turns":4.0},{"damage":47.0,"enemies":"Book of Stabbing","floor":31.0,"turns":6.0},{"damage":45,"enemies":"Automaton","floor":33,"turns":6}],"seed_played":"-6913344798182833031","potions_obtained":[{"floor":1.0,"key":"Poison Potion"},{"floor":2.0,"key":"EntropicBrew"},{"floor":13.0,"key":"CunningPotion"},{"floor":18.0,"key":"LiquidMemories"},{"floor":28.0,"key":"Poison Potion"},{"floor":29.0,"key":"EssenceOfSteel"}],"is_trial":false,"path_per_floor":["M","M","$","M","M","E","R","M","T","?","R","E","M","E","R","B",null,"M","$","?","M","?","R","E","R","T","M","M","E","M","E","R","B"],"character_chosen":"THE_SILENT","items_purchased":["Apotheosis","Well Laid Plans","SpeedPotion"],"campfire_rested":2,"item_purchase_floors":[19,19,19],"current_hp_per_floor":[59,59,59,59,59,59,59,59,59,39,58,48,48,48,48,34,58,55,55,55,55,66,66,66,66,66,56,56,61,61,14,33,0,0],"gold":266,"neow_bonus":"ONE_RARE_RELIC","is_daily":false,"chose_seed":false,"campfire_upgraded":3,"win_rate":0.0,"timestamp":1614321616,"path_taken":["M","M","$","M","M","E","R","M","T","?","R","E","M","E","R","BOSS","M","$","?","M","?","R","E","R","T","M","M","E","?","E","R","BOSS"],"items_purchased_type":["Card","Card","Potion"],"build_version":"2020-12-22","purchased_purges":0,"victory":false,"max_hp_per_floor":[66,66,66,66,66,66,66,66,66,66,66,66,66,66,66,66,66,66,66,66,66,66,66,66,66,66,66,66,66,66,66,66,66,66],"card_choices":[{"not_picked":["Predator","Masterful Stab"],"picked":"Dash","floor":1.0},{"not_picked":["Deadly Poison","Eviscerate"],"picked":"Footwork","floor":2.0},{"not_picked":["Slice","Well Laid Plans"],"picked":"PiercingWail","floor":4.0},{"not_picked":["Deflect","Concentrate"],"picked":"Blade Dance","floor":5.0},{"not_picked":["Blade Dance","Backflip"],"picked":"Terror","floor":6.0},{"not_picked":["Prepared","Underhanded Strike"],"picked":"Finisher","floor":8.0},{"not_picked":["Dagger Throw","All Out Attack"],"picked":"Backflip","floor":12.0},{"not_picked":["Quick Slash","Prepared"],"picked":"Finisher","floor":13.0},{"not_picked":["Die Die Die","Heel Hook"],"picked":"Footwork","floor":14.0},{"not_picked":["Glass Knife","Tools of the Trade"],"picked":"Corpse Explosion","floor":16.0},{"not_picked":["Prepared","PiercingWail"],"picked":"Blade Dance","floor":18.0},{"not_picked":["Poisoned Stab","Skewer"],"picked":"Blade Dance","floor":21.0},{"not_picked":["Acrobatics","Riddle With Holes"],"picked":"Cloak And Dagger+1","floor":24.0},{"not_picked":["Bane","Riddle With Holes"],"picked":"Leg Sweep","floor":27.0},{"not_picked":["Dagger Throw","Backflip","Finisher"],"picked":"SKIP","floor":28.0},{"not_picked":["Riddle With Holes","Finisher","Acrobatics"],"picked":"SKIP","floor":29.0},{"not_picked":["Dash","Outmaneuver","Escape Plan"],"picked":"SKIP","floor":30.0},{"not_picked":["Dodge and Roll","Dash"],"picked":"PiercingWail+1","floor":31.0}],"player_experience":2088481,"relics_obtained":[{"floor":6.0,"key":"Pen Nib"},{"floor":9.0,"key":"The Courier"},{"floor":12.0,"key":"Peace Pipe"},{"floor":14.0,"key":"Lantern"},{"floor":24.0,"key":"Bag of Marbles"},{"floor":24.0,"key":"Toy Ornithopter"},{"floor":29.0,"key":"Gambling Chip"},{"floor":29.0,"key":"MawBank"},{"floor":31.0,"key":"Omamori"},{"floor":31.0,"key":"Centennial Puzzle"}],"event_choices":[{"damage_healed":0.0,"max_hp_gain":0.0,"max_hp_loss":0.0,"gold_gain":0.0,"event_name":"Shining Light","player_choice":"Entered Light","floor":10.0,"gold_loss":0.0,"damage_taken":20.0,"cards_upgraded":["Strike_G","Defend_G"]},{"damage_healed":0.0,"max_hp_gain":0.0,"max_hp_loss":0.0,"gold_gain":0.0,"event_name":"Vampires","player_choice":"Ignored","floor":20.0,"gold_loss":0.0,"damage_taken":0.0},{"damage_healed":11.0,"max_hp_gain":0.0,"max_hp_loss":0.0,"gold_gain":0.0,"event_name":"Wheel of Change","player_choice":"Full Heal","floor":22.0,"gold_loss":0.0,"damage_taken":0.0}],"is_beta":false,"boss_relics":[{"not_picked":["Coffee Dripper","Cursed Key"],"picked":"Black Star"}],"items_purged_floors":[],"is_endless":false,"potions_floor_spawned":[1,2,4,13,18,28,29],"killed_by":"Automaton","ascension_level":20}}