{"host":"wbn3xdfsa5pc2kse","time":1614342299,"event":{"mods":["AchievementEnabler","BaseMod","Bestiary","Colored Map","Colored Powertips","Curses Come First","Highlight Path","Minty Spire (QoL Compilation)","Permanent Neow","Rare Cards Sparkle","Relic Stats","StSLib"],"gold_per_floor":[111,121,121,121,121,121,152,152,152,180,180,194,194,229,229,328,328,372,415,63,98,98,98,98],"floor_reached":23,"language":"ZHT","playtime":682,"items_purged":["Strike_P"],"score":398,"play_id":"09abeea1-162e-4751-910e-b093a35e2902","local_time":"20210226202459","is_ascension_mode":true,"campfire_choices":[{"data":"BowlingBash","floor":6.0,"key":"SMITH"},{"data":"LikeWater","floor":8.0,"key":"SMITH"},{"data":"Vengeance","floor":15.0,"key":"SMITH"}],"circlet_count":0,"master_deck":["AscendersBane","Strike_P","Strike_P","Defend_P","Defend_P","Defend_P","Defend_P","Eruption+1","Vigilance","FearNoEvil","LikeWater+1","BowlingBash+1","LikeWater","CutThroughFate","SashWhip","Wish","Vengeance+1","Vault","CurseOfTheBell","Halt","LikeWater","Writhe"],"relics":["PureWater","Pantograph","StoneCalendar","Happy Flower","Calling Bell","Smiling Mask","Darkstone Periapt","Torii","Bag of Preparation","Pen Nib"],"acts_visited":["Exordium","TheCity"],"potions_floor_usage":[16,23],"damage_taken":[{"damage":0.0,"enemies":"Jaw Worm","floor":1.0,"turns":3.0},{"damage":0.0,"enemies":"2 Louse","floor":2.0,"turns":4.0},{"damage":28.0,"enemies":"Lagavulin","floor":7.0,"turns":8.0},{"damage":6.0,"enemies":"3 Sentries","floor":10.0,"turns":7.0},{"damage":0.0,"enemies":"Small Slimes","floor":12.0,"turns":3.0},{"damage":0.0,"enemies":"3 Louse","floor":14.0,"turns":4.0},{"damage":25,"enemies":"Hexaghost","floor":16,"turns":6},{"damage":28,"enemies":"2 Thieves","floor":18,"turns":5},{"damage":13,"enemies":"3 Byrds","floor":19,"turns":7},{"damage":0,"enemies":"Snecko","floor":21,"turns":7},{"damage":31,"enemies":"Slavers","floor":23,"turns":2}],"seed_played":"-8610315499694358271","potions_obtained":[{"floor":1.0,"key":"Explosive Potion"},{"floor":12.0,"key":"FearPotion"},{"floor":19,"key":"EssenceOfSteel"}],"is_trial":false,"path_per_floor":["M","M","?","?","?","R","E","R","T","E","?","M","?","M","R","B",null,"M","M","$","M","?","E"],"character_chosen":"WATCHER","items_purchased":["LikeWater","Bag of Preparation","Dexterity Potion"],"campfire_rested":0,"item_purchase_floors":[20,20,20],"current_hp_per_floor":[61,61,66,66,59,59,31,31,31,25,25,25,25,25,25,25,61,33,20,20,20,26,0,0],"gold":98,"neow_bonus":"THREE_CARDS","is_daily":false,"chose_seed":false,"campfire_upgraded":3,"win_rate":0.0,"timestamp":1614342299,"path_taken":["M","M","?","?","?","R","E","R","T","E","?","M","?","?","R","BOSS","M","M","$","M","?","E"],"items_purchased_type":["Card","Relic","Potion"],"build_version":"2020-12-22","purchased_purges":1,"victory":false,"max_hp_per_floor":[68,68,73,73,73,73,73,73,73,73,73,73,73,73,73,73,73,73,73,73,73,79,79,79],"relic_stats":{"Darkstone Periapt":6,"Happy Flower":[11],"Torii":0,"counters":[11,56],"Pantograph":25,"StoneCalendar":[65],"Pen Nib":[0],"Bag of Preparation":[4],"Smiling Mask":25,"obtain_stats":[{"Calling Bell":17,"Darkstone Periapt":17,"Happy Flower":10,"Torii":17,"Pantograph":7,"StoneCalendar":9,"Pen Nib":22,"Bag of Preparation":20,"PureWater":0,"Smiling Mask":17},{"Calling Bell":7,"Darkstone Periapt":7,"Happy Flower":4,"Torii":7,"Pantograph":3,"StoneCalendar":3,"Pen Nib":10,"Bag of Preparation":9,"PureWater":0,"Smiling Mask":7},{"Calling Bell":35,"Darkstone Periapt":35,"Happy Flower":22,"Torii":35,"Pantograph":15,"StoneCalendar":15,"Pen Nib":54,"Bag of Preparation":47,"PureWater":0,"Smiling Mask":35}]},"card_choices":[{"not_picked":["SignatureMove","EmptyFist"],"picked":"FearNoEvil","floor":0.0},{"not_picked":["CrushJoints","Halt"],"picked":"LikeWater","floor":1.0},{"not_picked":["Evaluate","Protect"],"picked":"BowlingBash","floor":2.0},{"not_picked":["Nirvana","EmptyFist"],"picked":"LikeWater","floor":7.0},{"not_picked":["PathToVictory","Protect"],"picked":"CutThroughFate","floor":10.0},{"not_picked":["Ragnarok","Prostrate"],"picked":"SashWhip","floor":12.0},{"not_picked":["SashWhip","FearNoEvil"],"picked":"Vengeance","floor":14.0},{"not_picked":["Devotion","DeusExMachina"],"picked":"Vault","floor":16},{"not_picked":["PathToVictory+1","Indignation","EmptyFist"],"picked":"SKIP","floor":18},{"not_picked":["SashWhip","EmptyBody"],"picked":"Halt","floor":19},{"not_picked":["SandsOfTime","Halt","Protect"],"picked":"SKIP","floor":21}],"player_experience":900752,"relics_obtained":[{"floor":7.0,"key":"Pantograph"},{"floor":9.0,"key":"StoneCalendar"},{"floor":10.0,"key":"Happy Flower"},{"floor":17,"key":"Smiling Mask"},{"floor":17,"key":"Darkstone Periapt"},{"floor":17,"key":"Torii"}],"event_choices":[{"damage_healed":0.0,"max_hp_gain":5.0,"max_hp_loss":0.0,"gold_gain":0.0,"event_name":"Big Fish","player_choice":"Donut","floor":3.0,"gold_loss":0.0,"damage_taken":0.0},{"damage_healed":0.0,"max_hp_gain":0.0,"max_hp_loss":0.0,"gold_gain":0.0,"event_name":"Living Wall","player_choice":"Grow","floor":4.0,"gold_loss":0.0,"damage_taken":0.0,"cards_upgraded":["Eruption"]},{"cards_removed":["Strike_P"],"damage_healed":0.0,"max_hp_gain":0.0,"max_hp_loss":0.0,"gold_gain":0.0,"event_name":"Golden Wing","player_choice":"Card Removal","floor":5.0,"gold_loss":0.0,"damage_taken":7.0},{"damage_healed":0.0,"max_hp_gain":0.0,"max_hp_loss":0.0,"gold_gain":0.0,"event_name":"Liars Game","player_choice":"Ignored","floor":11.0,"gold_loss":0.0,"damage_taken":0.0},{"damage_healed":0.0,"max_hp_gain":0.0,"max_hp_loss":0.0,"gold_gain":0.0,"event_name":"Match and Keep!","player_choice":"1 cards matched","floor":13.0,"gold_loss":0.0,"damage_taken":0.0,"cards_obtained":["Wish"]},{"damage_healed":0,"gold_gain":0,"player_choice":"Opened","damage_taken":0,"relics_obtained":["Pen Nib"],"max_hp_gain":0,"max_hp_loss":0,"event_name":"The Mausoleum","floor":22,"gold_loss":0,"cards_obtained":["Writhe"]}],"is_beta":false,"boss_relics":[{"not_picked":["Empty Cage","Fusion Hammer"],"picked":"Calling Bell"}],"items_purged_floors":[20],"is_endless":false,"potions_floor_spawned":[1,12,19],"killed_by":"Slavers","ascension_level":20}}