{"host":"z439itq93uucuvou","time":1614316522,"event":{"mods":["BaseMod","Colored Powertips","Downfall","Jorbs\u0027s Wanderer Trilogy","Minty Spire (QoL Compilation)","StSLib"],"gold_per_floor":[99,115,135,151,162,173,252,252,67,79,94,109,109,142,157,157,157,157],"floor_reached":16,"language":"ENG","playtime":820,"items_purged":["champ:Strike"],"score":113,"play_id":"59e37655-bdce-47ab-82de-5477e402ea5d","local_time":"20210225211522","is_ascension_mode":true,"campfire_choices":[{"data":"champ:Devastate","floor":1.0,"key":"SMITH"},{"floor":13.0,"key":"REST"}],"circlet_count":0,"master_deck":["champ:Strike","champ:Strike","champ:Strike","champ:Defend","champ:Defend","champ:Defend","champ:Defend","champ:Execute","champ:Taunt","champ:Devastate+1","champ:SkillfulDodge","champ:ShieldSigil","champ:ShieldSlam","champ:ShieldWall","champ:FalseCounter","Impatience","champ:DancingMaster","champ:IronFortress","champ:GutPunch","champ:BerserkerStyle","champ:BringItOn","champ:StanceDance","champ:DefensiveStyle"],"relics":["champ:ChampionCrown","Singing Bowl","FossilizedHelix"],"acts_visited":["Exordium"],"potions_floor_usage":[],"damage_taken":[{"damage":25.0,"enemies":"Small Slimes","floor":2.0,"turns":4.0},{"damage":25.0,"enemies":"Cultist","floor":3.0,"turns":4.0},{"damage":10.0,"enemies":"2 Louse","floor":4.0,"turns":3.0},{"damage":13.0,"enemies":"2 Fungi Beasts","floor":5.0,"turns":4.0},{"damage":48.0,"enemies":"Exordium Thugs","floor":6.0,"turns":6.0},{"damage":13.0,"enemies":"downfall:FleeingMerchant","floor":9.0,"turns":4.0},{"damage":55.0,"enemies":"3 Louse","floor":10.0,"turns":6.0},{"damage":16.0,"enemies":"Blue Slaver","floor":11.0,"turns":4.0},{"damage":14.0,"enemies":"2 Fungi Beasts","floor":12.0,"turns":3.0},{"damage":38.0,"enemies":"3 Sentries","floor":14.0,"turns":6.0},{"damage":3.0,"enemies":"downfall:LooterAlt","floor":15.0,"turns":4.0},{"damage":31,"enemies":"WA_ARCHETYPE_RETAIN","floor":16,"turns":4}],"seed_played":"-4008558744755047743","potions_obtained":[{"floor":5.0,"key":"Fire Potion"},{"floor":6.0,"key":"DuplicationPotion"},{"floor":10.0,"key":"DistilledChaos"},{"floor":14.0,"key":"Dexterity Potion"}],"is_trial":false,"path_per_floor":["R","M","M","M","M","M","T","?","$","M","M","M","R","E","M","B"],"character_chosen":"THE_CHAMP","items_purchased":["champ:IronFortress","champ:GutPunch"],"campfire_rested":1,"item_purchase_floors":[9,9],"current_hp_per_floor":[90,85,80,80,77,54,54,54,51,21,15,11,38,25,22,0,0,0],"gold":157,"neow_bonus":"ONE_RANDOM_RARE_CARD","is_daily":false,"chose_seed":false,"campfire_upgraded":1,"win_rate":0.0,"timestamp":1614316522,"path_taken":["R","M","M","M","M","M","T","?","$","M","M","M","R","E","M","BOSS"],"items_purchased_type":["Card","Card"],"build_version":"2020-12-22","purchased_purges":1,"victory":false,"max_hp_per_floor":[90,90,90,90,90,90,90,90,90,90,90,92,92,92,92,92,92,92],"card_choices":[{"not_picked":["champ:CrownThrow","champ:Haymaker"],"picked":"champ:SkillfulDodge","floor":2.0},{"not_picked":["champ:RapidStrikes","champ:GutPunch"],"picked":"champ:ShieldSigil","floor":3.0},{"not_picked":["champ:StanceDance","champ:RisingSlash"],"picked":"champ:ShieldSlam","floor":4.0},{"not_picked":["champ:FlashCut","champ:Endure"],"picked":"champ:ShieldWall","floor":5.0},{"not_picked":["champ:EnGarde","champ:StanceDance"],"picked":"champ:FalseCounter","floor":6.0},{"not_picked":["champ:GutPunch","champ:FocusedBerserking"],"picked":"champ:DancingMaster","floor":9.0},{"not_picked":["champ:BladeFlurry","champ:AdrenalArmor"],"picked":"champ:BerserkerStyle","floor":10.0},{"not_picked":["champ:PerfectedStrike","champ:RapidStrikes"],"picked":"champ:BringItOn","floor":11.0},{"not_picked":["champ:Circumvent","champ:PreemptiveStrike","champ:PerfectedStrike"],"picked":"Singing Bowl","floor":12.0},{"not_picked":["champ:FocusedDefense","champ:FanOfKnives"],"picked":"champ:StanceDance","floor":14.0},{"not_picked":["champ:PreciseThrust","champ:Haymaker"],"picked":"champ:DefensiveStyle","floor":15.0}],"player_experience":1765487,"relics_obtained":[{"floor":7.0,"key":"Singing Bowl"},{"floor":14.0,"key":"FossilizedHelix"}],"event_choices":[],"is_beta":false,"boss_relics":[],"items_purged_floors":[9],"is_endless":false,"potions_floor_spawned":[5,6,10,11,14],"killed_by":"WA_ARCHETYPE_RETAIN","ascension_level":1}}