{"host":"5vxoi0a3x57fg5l4","time":1614341069,"event":{"mods":["Act Like it!","BaseMod","Better Third Choice","Colored Map","Downfall","GifTheSpireLib","Hallownest","Highlight Path","Minty Spire (QoL Compilation)","Permanent Neow","Quick Restart","Relic Sorter","Relic Stats","StSLib","The Bug Knight","The Wild Card","UnlockEverythingMod"],"gold_per_floor":[419,435,435,331,385,385,396,396,396,423,442,103,103,115,115,217,217,233,233,233,252,104,138,156,156,180,180,180],"floor_reached":27,"language":"ENG","playtime":4152,"items_purged":[],"score":231,"play_id":"21ede690-5f9b-459d-8674-772c8cf99a57","local_time":"20210226090429","is_ascension_mode":false,"campfire_choices":[{"data":"HollowMod:NewJinnsSoul","floor":6.0,"key":"SMITH"},{"data":"HollowMod:FocusHealStart","floor":8.0,"key":"SMITH"},{"data":"HollowMod:TaintedHusks","floor":13.0,"key":"SMITH"},{"floor":15.0,"key":"REST"}],"circlet_count":0,"master_deck":["HollowMod:NailStrikeStart","HollowMod:NailStrikeStart","HollowMod:NailStrikeStart","HollowMod:NailStrikeStart","HollowMod:QuickDashStart+1","HollowMod:QuickDashStart","HollowMod:QuickDashStart","HollowMod:QuickDashStart","HollowMod:FocusHealStart+1","HollowMod:PogoStrike","HollowMod:SoulSplash","HollowMod:HowlingWraiths","HollowMod:NewJinnsSoul+1","HollowMod:ShapeofUnn","HollowMod:MonomonsArchive+1","HollowMod:LuriensSpire","HollowMod:SoulVessel","HollowMod:TaintedHusks+1","HollowMod:VengefulVoid","HollowMod:SlysStrikes","CurseOfTheBell","HollowMod:LuriensSpire","Hallownest:attackMasterCycloneSlash","HollowMod:PureNailStrike","HollowMod:SiblingsShadow","HollowMod:BlackTendrils","HollowMod:MonarchWings","HollowMod:QuirrelsAssistance","Decay"],"relics":["HollowMod:VesselMask","Old Coin","Hallownest:DreamNailRelic","War Paint","Pen Nib","Dead Branch","Calling Bell","Lantern","Darkstone Periapt","Torii","Boot","Kunai","Omamori"],"acts_visited":["Hallownest:Greenpath","Hallownest:CityofTears"],"potions_floor_usage":[],"damage_taken":[{"damage":2.0,"enemies":"Hallownest:monsterHuskGuard","floor":1.0,"turns":3.0},{"damage":3.0,"enemies":"Hallownest:2_MossCreeps","floor":2.0,"turns":4.0},{"damage":11.0,"enemies":"Hallownest:2_Tiktiks_and_1_Crawlid","floor":7.0,"turns":3.0},{"damage":15.0,"enemies":"Hallownest:eliteCrystalGuardian","floor":10.0,"turns":5.0},{"damage":0.0,"enemies":"Hallownest:monsterAspidMother","floor":11.0,"turns":4.0},{"damage":1.0,"enemies":"Hallownest:monsterMossCharger","floor":14.0,"turns":3.0},{"damage":63.0,"enemies":"Hallownest:BossBrokenVessel","floor":16.0,"turns":12.0},{"damage":18.0,"enemies":"Hallownest:3_Youths","floor":18.0,"turns":8.0},{"damage":10.0,"enemies":"Hallownest:Flukemon_and_Top","floor":21.0,"turns":6.0},{"damage":31.0,"enemies":"Hallownest:Nosk","floor":23.0,"turns":9.0},{"damage":24.0,"enemies":"Hallownest:Master_and_Novice","floor":24.0,"turns":3.0},{"damage":0,"enemies":"Hallownest:3_Mistakes","floor":27,"turns":1}],"seed_played":"8669095366777865926","potions_obtained":[{"floor":2.0,"key":"GamblersBrew"},{"floor":7.0,"key":"AttackPotion"},{"floor":10.0,"key":"SneckoOil"},{"floor":16.0,"key":"Ancient Potion"},{"floor":23.0,"key":"Strength Potion"}],"is_trial":false,"path_per_floor":["M","M","?","$","T","R","M","R","T","E","M","$","R","M","R","B",null,"M","?","?","M","$","E","M","?","T","M"],"character_chosen":"THE_BUGKNIGHT","items_purchased":["HollowMod:NewJinnsSoul","HollowMod:ShapeofUnn","Dead Branch","HollowMod:TaintedHusks","HollowMod:SiblingsShadow","HollowMod:BlackTendrils"],"campfire_rested":1,"item_purchase_floors":[4,4,12,12,22,22],"current_hp_per_floor":[66,63,63,63,63,63,52,52,52,43,43,43,43,42,62,11,68,50,50,50,46,46,29,11,17,17,17,17],"gold":180,"neow_bonus":"ONE_RARE_RELIC","is_daily":false,"chose_seed":false,"campfire_upgraded":3,"win_rate":0.0,"timestamp":1614341069,"path_taken":["M","M","?","$","?","R","M","R","T","E","?","$","R","M","R","BOSS","M","?","?","M","$","E","M","?","T","M"],"items_purchased_type":["Card","Card","Relic","Card","Card","Card"],"build_version":"2020-12-22","purchased_purges":0,"victory":false,"max_hp_per_floor":[68,68,68,68,68,68,68,68,68,68,68,68,68,68,68,68,68,68,68,68,68,68,68,68,74,74,74,74],"relic_stats":{"Darkstone Periapt":6,"Torii":78,"counters":[12,61],"Dead Branch":[18],"Pen Nib":[7],"Kunai":[0],"War Paint":["HollowMod:QuickDashStart","HollowMod:MonomonsArchive"],"Boot":[1],"obtain_stats":[{"Darkstone Periapt":17,"Lantern":17,"Torii":17,"Dead Branch":12,"HollowMod:VesselMask":0,"Pen Nib":10,"Hallownest:DreamNailRelic":3,"Omamori":26,"War Paint":9,"Boot":23,"Old Coin":0,"Calling Bell":17,"Kunai":25},{"Darkstone Periapt":7,"Lantern":7,"Torii":7,"Dead Branch":5,"HollowMod:VesselMask":0,"Pen Nib":4,"Hallownest:DreamNailRelic":2,"Omamori":11,"War Paint":3,"Boot":10,"Old Coin":0,"Calling Bell":7,"Kunai":11},{"Darkstone Periapt":34,"Lantern":34,"Torii":34,"Dead Branch":19,"HollowMod:VesselMask":0,"Pen Nib":15,"Hallownest:DreamNailRelic":7,"Omamori":60,"War Paint":10,"Boot":57,"Old Coin":0,"Calling Bell":34,"Kunai":60}]},"card_choices":[{"not_picked":["HollowMod:LifebloodCocoon","HollowMod:SiblingsSouls"],"picked":"HollowMod:SoulSplash","floor":1.0},{"not_picked":["HollowMod:SharpenedNail","HollowMod:WraithStrike"],"picked":"HollowMod:HowlingWraiths","floor":2.0},{"not_picked":["HollowMod:FastStrike","HollowMod:WraithStrike"],"picked":"HollowMod:MonomonsArchive","floor":7.0},{"not_picked":["HollowMod:SharpenedNail","HollowMod:SharpenedShadows"],"picked":"HollowMod:LuriensSpire","floor":10.0},{"not_picked":["HollowMod:FallenFury","HollowMod:CloakDash"],"picked":"HollowMod:SoulVessel","floor":11.0},{"not_picked":["HollowMod:LifebloodCore","HollowMod:SoulEater"],"picked":"HollowMod:VengefulVoid","floor":14.0},{"not_picked":["HollowMod:Weaversong","HollowMod:VoidDash"],"picked":"HollowMod:SlysStrikes","floor":16.0},{"not_picked":["HollowMod:ShadowDash","HollowMod:DashSlash"],"picked":"HollowMod:LuriensSpire","floor":18.0},{"not_picked":["HollowMod:ShadowDash","HollowMod:VengefulSpirit"],"picked":"HollowMod:PureNailStrike","floor":21.0},{"not_picked":["HollowMod:GreatSlash+1","HollowMod:ChannelNail"],"picked":"HollowMod:MonarchWings","floor":23.0},{"not_picked":["HollowMod:CycloneSlash","HollowMod:DoubleDash"],"picked":"HollowMod:QuirrelsAssistance","floor":24.0}],"player_experience":29699,"relics_obtained":[{"floor":9.0,"key":"War Paint"},{"floor":10.0,"key":"Pen Nib"},{"floor":17.0,"key":"Lantern"},{"floor":17.0,"key":"Darkstone Periapt"},{"floor":17.0,"key":"Torii"},{"floor":23.0,"key":"Boot"},{"floor":26.0,"key":"Omamori"}],"event_choices":[],"is_beta":false,"boss_relics":[{"not_picked":["SlaversCollar","Busted Crown"],"picked":"Calling Bell"}],"items_purged_floors":[],"is_endless":false,"potions_floor_spawned":[2,7,10,16,23],"killed_by":"Hallownest:3_Mistakes","ascension_level":0}}