{"host":"8o45mh5p3pp1o2mi","time":1614299587,"event":{"mods":["BaseMod","Bestiary","Better Match","Better Third Choice","BetterRewards","Dark Map","Fox Events","Library of Ruina","Minty Spire (QoL Compilation)","Rare Cards Sparkle","Relic Stats","Replay The Spire","Shop Mod","StSLib"],"gold_per_floor":[119,137,137,137,113,113,141,141,141,160,173,193,213,241,241,345,345,360,360,380,393,503,532,532,149,221,221,232,245,272,289,289,388,438,451,451,451,451,466,466,491,491,517,211,225,225,225,239,239,239],"floor_reached":51,"language":"ENG","playtime":3219,"items_purged":["LightAttack","LightDefense","LightDefense"],"score":877,"play_id":"b55a9289-42a6-41bb-a402-ec2d3fe16aae","local_time":"20210226003307","is_ascension_mode":false,"campfire_choices":[{"data":"UnforgettableMelody","floor":6,"key":"SMITH"},{"data":"RagingStormLove","floor":24,"key":"SMITH"},{"floor":27,"key":"REST"},{"floor":32,"key":"DIG"},{"data":"Eradication","floor":40,"key":"SMITH"},{"data":"Deep Breath","floor":42,"key":"SMITH"},{"floor":46,"key":"RECALL"},{"floor":49,"key":"REST"}],"circlet_count":0,"master_deck":["Dodge+1","LightDefense+1","LightAttack+1","LightAttack+1","LightDefense+1","ChargeAndCover+1","FocusedStrikes+1","FrontalAssault+1","UnforgettableMelody+1","Struggle+1","Outburst+1","Poisoned Strike+1","QuickAttack+1","SomberProcuration+1","YoureAHindrance+1","BackAttack+1","LawAndOrder+1","FieryDragonSlash+1","SteelKnuckles+1","RagingStormLove+1","ReplayTheSpireMod:Private Reserves+1","Zzzzzap+1","Reload+1","FrontalAssault+1","GrazeTheGrass+1","TheArtOfRapidSteps+1","GoinFirst+1","Slice_lor+1","Deep Breath+1","Eradication+1","Languid"],"relics":["PageOfLibrarian","Lizard Tail","BargainBundle","ReplayFunnel","PageOfScarecrow","Ginger","StoneCalendar","PageOfPunishingBird","Replay:Ringing Soul","Ancient Tea Set","Replay:Bronze Core","Matryoshka","InkBottle","PageOfNosferatu","PageOfGreed","PageOfTheQueenOfHatred","Bird Faced Urn","Tiny House","Mark of the Bloom","PageOfTheKnightOfDespair","PageOfWrath","PageOfWrath","ClockworkSouvenir","PageOfSnowWhitesApple","PageOfNihil","Ring of Panic"],"acts_visited":["Exordium","TheCity","TheBeyond"],"potions_floor_usage":[16,16],"damage_taken":[{"damage":0,"enemies":"Small Slimes","floor":1,"turns":3},{"damage":0,"enemies":"Cultist","floor":2,"turns":2},{"damage":0,"enemies":"Lagavulin","floor":7,"turns":2},{"damage":0,"enemies":"2 Louse","floor":10,"turns":2},{"damage":0,"enemies":"Red Slaver","floor":11,"turns":4},{"damage":0,"enemies":"3 Louse","floor":12,"turns":1},{"damage":0,"enemies":"Large Slime","floor":13,"turns":1},{"damage":18,"enemies":"3 Sentries","floor":14,"turns":3},{"damage":0,"enemies":"Slime Boss","floor":16,"turns":3},{"damage":0,"enemies":"Shell Parasite","floor":18,"turns":2},{"damage":0,"enemies":"2 Thieves","floor":20,"turns":1},{"damage":0,"enemies":"Chosen and Byrds","floor":21,"turns":1},{"damage":0,"enemies":"Slavers","floor":23,"turns":1},{"damage":0,"enemies":"Snake Plant","floor":28,"turns":2},{"damage":0,"enemies":"Centurion and Healer","floor":29,"turns":1},{"damage":0,"enemies":"Book of Stabbing","floor":30,"turns":3},{"damage":0,"enemies":"Chosen and Byrds","floor":31,"turns":1},{"damage":0,"enemies":"Champ","floor":33,"turns":5},{"damage":0,"enemies":"3 Darklings","floor":35,"turns":1},{"damage":0,"enemies":"Orb Walker","floor":39,"turns":1},{"damage":0,"enemies":"Reptomancer","floor":41,"turns":1},{"damage":16,"enemies":"3 Darklings","floor":45,"turns":3},{"damage":0,"enemies":"4 Shapes","floor":48,"turns":1},{"damage":0,"enemies":"Replay:Hell Engine","floor":50,"turns":2}],"seed_played":"-4547102912331769958","potions_obtained":[{"floor":1,"key":"LiquidMemories"},{"floor":10,"key":"Toxic Potion"},{"floor":23,"key":"Doom Potion"},{"floor":29,"key":"Energy Potion"},{"floor":31,"key":"DuplicationPotion"},{"floor":35,"key":"EntropicBrew"}],"is_trial":false,"path_per_floor":["M","M","$","?","$","R","E","?","T","M","M","M","M","E","R","B",null,"M","?","M","M","?","E","R","$","T","R","M","M","E","M","R","B",null,"M","?","?","?","M","R","E","R","T","$","M","R","?","M","R","B",null],"character_chosen":"Librarian","items_purchased":["FrontalAssault","BargainBundle","ReplayFunnel","PageOfScarecrow","UnforgettableMelody","Struggle","Outburst+1","Poisoned Strike","ColorlessPotion","PowerPotion","Weak Potion","QuickAttack","BackAttack","InkBottle","ClockworkSouvenir","PageOfSnowWhitesApple"],"campfire_rested":2,"item_purchase_floors":[0,0,0,0,0,0,0,0,0,0,0,0,5,25,44,44],"current_hp_per_floor":[60,60,60,60,60,60,60,60,60,63,63,66,66,51,75,78,86,86,77,80,83,86,86,86,86,17,66,69,69,69,76,76,95,180,183,183,183,183,183,183,183,183,183,183,167,167,167,167,167,167],"gold":239,"neow_bonus":"","is_daily":false,"chose_seed":false,"campfire_upgraded":4,"win_rate":0.0,"timestamp":1614299587,"path_taken":["M","M","$","?","?","R","E","?","T","M","M","M","?","E","R","BOSS","M","?","?","M","?","E","R","$","T","R","M","M","E","M","R","BOSS","M","?","?","?","?","R","E","R","T","$","M","R","?","M","R","BOSS"],"items_purchased_type":["Card","Relic","Relic","Relic","Card","Card","Card","Card","Potion","Potion","Potion","Card","Card","Relic","Relic","Relic"],"build_version":"2020-12-22","purchased_purges":3,"victory":true,"max_hp_per_floor":[71,71,71,71,71,71,68,68,68,71,77,80,80,83,83,86,86,86,89,92,95,98,98,98,98,166,166,169,169,169,172,172,175,180,183,183,186,186,189,189,189,189,189,189,189,189,192,192,192,192],"relic_stats":{"Lizard Tail":0,"Mark of the Bloom":103,"counters":[31,73],"Bird Faced Urn":[4],"StoneCalendar":[0],"Ginger":[4],"obtain_stats":[{"Ice Cream":10,"ReplayFunnel":0,"PageOfNosferatu":26,"PageOfTheQueenOfHatred":30,"Mark of the Bloom":36,"Tiny House":34,"Singing Bowl":7,"StoneCalendar":4,"Ginger":0,"Boot":4,"Ancient Tea Set":14,"ClockworkSouvenir":44,"PageOfScarecrow":0,"PageOfGreed":26,"PageOfWrath":43,"Replay:Ringing Soul":9,"Lizard Tail":0,"Matryoshka":23,"Replay:Bronze Core":17,"PageOfTheKnightOfDespair":41,"PageOfSnowWhitesApple":44,"Ring of Panic":47,"InkBottle":25,"Ring of the Snake":0,"BargainBundle":0,"PageOfNihil":45,"PageOfPunishingBird":7,"Bird Faced Urn":32},{"Ice Cream":4,"ReplayFunnel":6,"PageOfNosferatu":19,"PageOfTheQueenOfHatred":22,"Mark of the Bloom":25,"Tiny House":24,"Singing Bowl":2,"StoneCalendar":8,"Ginger":6,"Boot":1,"Ancient Tea Set":14,"ClockworkSouvenir":27,"PageOfScarecrow":6,"PageOfGreed":19,"PageOfWrath":27,"Replay:Ringing Soul":9,"Lizard Tail":6,"Matryoshka":19,"Replay:Bronze Core":15,"PageOfTheKnightOfDespair":27,"PageOfSnowWhitesApple":27,"Ring of Panic":29,"InkBottle":19,"Ring of the Snake":0,"BargainBundle":6,"PageOfNihil":29,"PageOfPunishingBird":9,"Bird Faced Urn":23},{"Ice Cream":19,"ReplayFunnel":26,"PageOfNosferatu":52,"PageOfTheQueenOfHatred":58,"Mark of the Bloom":65,"Tiny House":64,"Singing Bowl":8,"StoneCalendar":31,"Ginger":26,"Boot":5,"Ancient Tea Set":44,"ClockworkSouvenir":67,"PageOfScarecrow":26,"PageOfGreed":52,"PageOfWrath":67,"Replay:Ringing Soul":33,"Lizard Tail":26,"Matryoshka":52,"Replay:Bronze Core":47,"PageOfTheKnightOfDespair":67,"PageOfSnowWhitesApple":67,"Ring of Panic":70,"InkBottle":52,"Ring of the Snake":0,"BargainBundle":26,"PageOfNihil":70,"PageOfPunishingBird":33,"Bird Faced Urn":59}],"InkBottle":[16]},"card_choices":[{"not_picked":["HiddenBlade","EndlessBattle","RipSpace","GuardingStance","HighKick","PuppetBlockade","Thrust","Standoff"],"picked":"SomberProcuration","floor":1},{"not_picked":["MultiHit","PinpointShot","ChiWen","SerpentSwordTechnique","SinglePointStab","FrontalAssault","StrongStrike","BurningFlash"],"picked":"YoureAHindrance","floor":2},{"not_picked":["HiddenBlade","DarkCloud","SnakesPrey","NightInTheBackstreets","BattleCommand","CookingPrep","SnakeSlit","Transpierce","GutHarvesting"],"picked":"SKIP","floor":7},{"not_picked":["Quickness","EnergyCycle","Parry","SturdyDefense","YoureAHindrance","FlashingStrike","SnakesPrey","Feast"],"picked":"LawAndOrder","floor":10},{"not_picked":["TimeForALittleTest","SnakesPrey","StrikeDown","NightInTheBackstreets","SilentNight","Quickness","FierceOnslaught","StrongStrike","SpearedSweep"],"picked":"SKIP","floor":11},{"not_picked":["DesperateStruggle","SomberProcuration","LawAndOrder","Commandeering","DefenseOrder","FleetEdge","StrongStrike","TendonChords"],"picked":"FieryDragonSlash","floor":12},{"not_picked":["BulkyImpact","AutonomousRush","FierceCharge","DesperateStruggle","QuickSuppression","Transpierce","MultiHit","Diversion","RushDown"],"picked":"SKIP","floor":13},{"not_picked":["FocusFire","SharpSwipe","Multislash","Commandeering","Creak","NightInTheBackstreets","ScatteringSlash","BiteOff"],"picked":"SteelKnuckles","floor":14},{"not_picked":["SuanNi","Tttonst"],"picked":"RagingStormLove","floor":16},{"not_picked":["Pound","GuardingStance","VenomousFangs","StrongStrike","Retaliate","DarkCloud","Leap_lor","LeRegole","Thrust"],"picked":"SKIP","floor":18},{"not_picked":["SearingSword","SturdyDefense","UncannyStrike","InhaleSmoke","PreemptiveStrike","InkOver","NightInTheBackstreets+1","StrongStrike"],"picked":"Zzzzzap","floor":20},{"not_picked":["AsThePrescriptOrders+1","EnergyCycle","BiAn+1","Standoff","SpearedSweep","FierceCharge","Punishment","Wallop_lor+1"],"picked":"ShrineToMusic","floor":21},{"not_picked":["EnergyStrike","SunsetBlade","AsThePrescriptOrders","TendonChords","QuickAttack+1","VenomousFangs","Multislash","CoordinatedAssault"],"picked":"Reload","floor":22},{"not_picked":["SmokingPipe","GuardingStance+1","SomberProcuration","QuickSuppression","Eradication","TendonChords","NightInTheBackstreets+1","PinpointShot"],"picked":"FrontalAssault","floor":22},{"not_picked":["NightInTheBackstreets+1","AsThePrescriptOrders+1","SerpentineBarrier","PreemptiveStrike","InhaleSmoke","LeRegole","IllEndYou","Pound","EnergyShield"],"picked":"SKIP","floor":23},{"not_picked":["SuppressingShot","FleshFillet","SnakesPrey+1","TraceOfFumes","GreatSerpentsImpact","StrongStrike+1","ForTheFamily+1","TendonChords"],"picked":"GrazeTheGrass","floor":28},{"not_picked":["Leap_lor","EndlessBattle+1","SharpSwipe+1","Fence","Reload+1","HandlingWork","FrontalAssault","Punishment","BackstreetsDash"],"picked":"SKIP","floor":29},{"not_picked":["EnergyStrike","NightInTheBackstreets","EndlessBattle+1","BulkyImpact","Parry2","ShrineToMusic","StructuralAnalysis","YouOnlyLiveOnce+1","Commandeering"],"picked":"SKIP","floor":30},{"not_picked":["CombatPreparation","SinglePointStab","Thrust+1","PinpointShot","SunsetBlade","IngredientHunt","BackstreetsDash","BiAn+1"],"picked":"TheArtOfRapidSteps","floor":31},{"not_picked":["RepressedFlesh","GutHarvesting"],"picked":"GoinFirst","floor":33},{"not_picked":["YoureAHindrance+1","BizarreAttack","Parry2","Eradication","Brawl","StructuralAnalysis+1","PinpointShot+1","PuppetBlockade"],"picked":"Slice_lor+1","floor":35},{"not_picked":["Apotheosis","Replay:Sssssssssstrike","Jack Of All Trades","The Bomb","Secret Technique","Finesse","Replay:BasicMightCard","Blind"],"picked":"Deep Breath","floor":37},{"not_picked":["Wallop_lor","FleetFootsteps","VioletBlade","FieryWaltz","HighKick+1","Faith","SteelKnuckles","HiddenBlade"],"picked":"Eradication","floor":39},{"not_picked":["SunsetBlade+1","EnergyBeam","Outburst","LossOfSenses+1","DefenseOrder","Parry2+1","Gamble","HighSpeedStabbing","SuppressingShot"],"picked":"SKIP","floor":41},{"not_picked":["PreemptiveStrike+1","UnforgettableMelody","ClassAndRespect","HiddenBlade+1","CoordinatedAssault","Parry+1","SnakeSlit","DeepDrag+1","HighKick+1"],"picked":"SKIP","floor":45},{"not_picked":["HandlingWork","SerpentSwordTechnique","PreemptiveStrike","ProselytesBlade+1","CoordinatedAssault+1","Wallop_lor+1","GuidanceOfTheGears+1","SinglePointStab+1","Crush+1"],"picked":"SKIP","floor":48}],"player_experience":145875,"relics_obtained":[{"floor":7,"key":"PageOfPunishingBird"},{"floor":9,"key":"Replay:Ringing Soul"},{"floor":14,"key":"Ancient Tea Set"},{"floor":23,"key":"Matryoshka"},{"floor":26,"key":"PageOfNosferatu"},{"floor":26,"key":"PageOfGreed"},{"floor":30,"key":"PageOfTheQueenOfHatred"},{"floor":32,"key":"Bird Faced Urn"},{"floor":41,"key":"PageOfTheKnightOfDespair"},{"floor":43,"key":"PageOfWrath"},{"floor":43,"key":"PageOfWrath"},{"floor":45,"key":"PageOfNihil"},{"floor":47,"key":"Ring of Panic"}],"event_choices":[{"damage_healed":0,"gold_gain":0,"player_choice":"Gave Potion","damage_taken":0,"relics_obtained":["StoneCalendar"],"max_hp_gain":0,"max_hp_loss":0,"event_name":"WeMeetAgain","floor":4,"gold_loss":0},{"cards_removed":["Survivor"],"damage_healed":0,"gold_gain":0,"player_choice":"Took Card","damage_taken":0,"max_hp_gain":0,"max_hp_loss":0,"event_name":"NoteForYourself","floor":8,"gold_loss":0,"cards_obtained":["Survivor"]},{"damage_healed":0,"gold_gain":0,"player_choice":"CARD ","damage_taken":12,"max_hp_gain":0,"max_hp_loss":0,"event_name":"Knowing Skull","floor":19,"potions_obtained":[],"gold_loss":0,"cards_obtained":["ReplayTheSpireMod:Private Reserves"]},{"damage_healed":0,"gold_gain":0,"player_choice":"Upgrade","damage_taken":0,"relics_obtained":["Mark of the Bloom"],"max_hp_gain":0,"max_hp_loss":0,"event_name":"MindBloom","floor":36,"gold_loss":0,"cards_upgraded":["Dodge","LightDefense","LightAttack","LightAttack","LightDefense","ChargeAndCover","FocusedStrikes","FrontalAssault","Struggle","Poisoned Strike","QuickAttack","SomberProcuration","YoureAHindrance","BackAttack","LawAndOrder","FieryDragonSlash","Zzzzzap","ShrineToMusic","Reload","FrontalAssault","GrazeTheGrass","TheArtOfRapidSteps","GoinFirst"]},{"damage_healed":0,"gold_gain":0,"player_choice":"Memory 1","damage_taken":0,"max_hp_gain":0,"max_hp_loss":0,"event_name":"SensoryStone","floor":37,"gold_loss":0},{"cards_removed":["ShrineToMusic"],"damage_healed":0,"gold_gain":0,"player_choice":"Removed Power","damage_taken":0,"max_hp_gain":0,"max_hp_loss":0,"event_name":"Falling","floor":38,"gold_loss":0}],"is_beta":false,"boss_relics":[{"not_picked":["Ring of Chaos","Busted Crown"],"picked":"Replay:Bronze Core"},{"not_picked":["Replay:Wanted Poster","Replay:Drink Me"],"picked":"Tiny House"}],"items_purged_floors":[0,0,25],"is_endless":false,"potions_floor_spawned":[1,2,10,12,23,29,31,35,39,48],"ascension_level":0}}