{"host":"21t8ql0hig042hj0","time":1614360839,"event":{"mods":["AchievementEnabler","BaseMod","Colored Map","Colored Powertips","Minty Spire (QoL Compilation)"],"gold_per_floor":[109,35,51,1,14,14,44,44,44,59,34,34,53,80,80,182,182,201,219,318,318,393,423,423,439,439,143,154,66,99,0,0,0,0],"floor_reached":33,"language":"ENG","playtime":3893,"items_purged":["Strike_B"],"score":293,"play_id":"437f1dde-4122-497e-bf57-53376319b7f0","local_time":"20210226123359","is_ascension_mode":false,"campfire_choices":[{"data":"Hologram","floor":6.0,"key":"SMITH"},{"floor":12.0,"key":"REST"},{"floor":15,"key":"REST"},{"floor":24,"key":"REST"},{"floor":32,"key":"REST"}],"circlet_count":0,"master_deck":["Strike_B","Defend_B","Defend_B","Defend_B","Defend_B","Zap","Dualcast","Doom and Gloom","Capacitor","Hologram+1","Coolheaded","Skim","Defragment","Cold Snap","Cold Snap","Go for the Eyes","Creative AI","Steam+1","Go for the Eyes","Writhe","Redo+1","Go for the Eyes+1","Discovery+1","Lockon"],"relics":["SacredBark","WingedGreaves","Letter Opener","Happy Flower","Velvet Choker","Boot","Darkstone Periapt","Toxic Egg 2","Calipers","Centennial Puzzle","Bag of Marbles"],"acts_visited":["Exordium","TheCity"],"potions_floor_usage":[16,23,30,33],"damage_taken":[{"damage":6.0,"enemies":"Jaw Worm","floor":1.0,"turns":4.0},{"damage":8.0,"enemies":"2 Louse","floor":3.0,"turns":3.0},{"damage":1.0,"enemies":"Cultist","floor":5.0,"turns":4.0},{"damage":34.0,"enemies":"Gremlin Nob","floor":7.0,"turns":6.0},{"damage":9.0,"enemies":"Red Slaver","floor":10.0,"turns":3.0},{"damage":0.0,"enemies":"2 Fungi Beasts","floor":13.0,"turns":2.0},{"damage":13,"enemies":"3 Sentries","floor":14,"turns":8},{"damage":13,"enemies":"Slime Boss","floor":16,"turns":12},{"damage":9,"enemies":"Chosen","floor":18,"turns":9},{"damage":5,"enemies":"Spheric Guardian","floor":19,"turns":7},{"damage":41,"enemies":"Slavers","floor":23,"turns":6},{"damage":14,"enemies":"Centurion and Healer","floor":25,"turns":9},{"damage":9,"enemies":"Snake Plant","floor":28,"turns":4},{"damage":6,"enemies":"Book of Stabbing","floor":30,"turns":6},{"damage":38,"enemies":"Automaton","floor":33,"turns":6}],"seed_played":"-7875279793159969046","potions_obtained":[{"floor":1.0,"key":"Energy Potion"},{"floor":7.0,"key":"Energy Potion"},{"floor":13.0,"key":"Ancient Potion"},{"floor":16,"key":"FearPotion"},{"floor":19,"key":"AttackPotion"},{"floor":25,"key":"Ancient Potion"}],"is_trial":false,"path_per_floor":["M","$","M","?","M","R","E","?","T","M","$","R","M","E","R","B",null,"M","M","?","?","T","E","R","M","T","$","M","$","E","?","R","B"],"character_chosen":"DEFECT","items_purchased":["EssenceOfSteel","Cold Snap","DuplicationPotion","Centennial Puzzle","Discovery+1"],"campfire_rested":4,"item_purchase_floors":[2,11,27,27,29],"current_hp_per_floor":[69,69,61,61,60,60,26,26,26,17,17,39,39,26,48,35,75,66,61,61,61,61,20,42,28,28,28,19,19,13,13,35,0,0],"gold":0,"neow_bonus":"BOSS_RELIC","is_daily":false,"chose_seed":false,"campfire_upgraded":1,"win_rate":0.0,"timestamp":1614360839,"path_taken":["M","$","M","?","M","R","E","?","T","?","?","R","M","E","R","BOSS","M","M","?","?","?","E","R","M","T","$","M","?","E","?","R","BOSS"],"items_purchased_type":["Potion","Card","Potion","Relic","Card"],"build_version":"2020-12-22","purchased_purges":1,"victory":false,"max_hp_per_floor":[75,75,75,75,75,75,75,75,75,75,75,75,75,75,75,75,75,75,75,75,75,75,75,75,75,75,75,75,75,75,75,75,75,75],"card_choices":[{"not_picked":["Scrape","Steam Power"],"picked":"Doom and Gloom","floor":1.0},{"not_picked":["Redo","Barrage"],"picked":"Capacitor","floor":3.0},{"not_picked":["Auto Shields","Sweeping Beam"],"picked":"Hologram","floor":5.0},{"not_picked":["Stack","Hologram"],"picked":"Coolheaded","floor":7.0},{"not_picked":["Storm","Stack"],"picked":"Defragment","floor":10.0},{"not_picked":["Stack","Steam Power"],"picked":"Cold Snap","floor":13.0},{"not_picked":["Streamline","Rebound"],"picked":"Go for the Eyes","floor":14},{"not_picked":["All For One","Machine Learning"],"picked":"Creative AI","floor":16},{"not_picked":["Leap","Capacitor"],"picked":"Steam+1","floor":18},{"not_picked":["Redo","Static Discharge"],"picked":"Go for the Eyes","floor":19},{"not_picked":["Reprogram+1","Blizzard","Streamline"],"picked":"SKIP","floor":23},{"not_picked":["Coolheaded+1","Beam Cell"],"picked":"Redo+1","floor":25},{"not_picked":["Hello World+1","Cold Snap"],"picked":"Go for the Eyes+1","floor":28},{"not_picked":["Buffer","Barrage"],"picked":"Lockon","floor":30}],"player_experience":23977,"relics_obtained":[{"floor":7.0,"key":"WingedGreaves"},{"floor":9.0,"key":"Letter Opener"},{"floor":14,"key":"Happy Flower"},{"floor":22,"key":"Darkstone Periapt"},{"floor":23,"key":"Toxic Egg 2"},{"floor":26,"key":"Calipers"},{"floor":30,"key":"Bag of Marbles"}],"event_choices":[{"cards_removed":["Strike_B"],"damage_healed":0.0,"max_hp_gain":0.0,"max_hp_loss":0.0,"gold_gain":0.0,"event_name":"The Cleric","player_choice":"Card Removal","floor":4.0,"gold_loss":50.0,"damage_taken":0.0},{"damage_healed":0.0,"max_hp_gain":0.0,"max_hp_loss":0.0,"gold_gain":0.0,"cards_transformed":["Strike_B"],"event_name":"Transmorgrifier","player_choice":"Transformed","floor":8.0,"gold_loss":0.0,"damage_taken":0.0,"cards_obtained":["Skim"]},{"damage_healed":0,"gold_gain":99,"player_choice":"Stole From Cult","damage_taken":0,"max_hp_gain":0,"max_hp_loss":0,"event_name":"Nest","floor":20,"gold_loss":0},{"damage_healed":0,"gold_gain":0,"player_choice":"Opened","damage_taken":0,"relics_obtained":["Boot"],"max_hp_gain":0,"max_hp_loss":0,"event_name":"The Mausoleum","floor":21,"gold_loss":0,"cards_obtained":["Writhe"]},{"damage_healed":0,"gold_gain":0,"player_choice":"Paid Fearfully","damage_taken":0,"max_hp_gain":0,"max_hp_loss":0,"event_name":"Masked Bandits","floor":31,"gold_loss":99}],"is_beta":false,"boss_relics":[{"not_picked":["Calling Bell","Inserter"],"picked":"Velvet Choker"}],"items_purged_floors":[27],"is_endless":false,"potions_floor_spawned":[1,7,13,16,19,25,28],"killed_by":"Automaton","ascension_level":0}}