{"host":"l8lkgdumzpe3823a","time":1614361391,"event":{"mods":["Always Whale","Aspiration","BaseMod","Beaked The Cultist","Better Note","Clockwork Mod","Colored Powertips","Curses Come First","Custom Start","DeckTracker","Defuse TimeMaze Blight","Highlight Path","Hubris","Infinite Spire","Minty Spire (QoL Compilation)","Quick Restart","Replay The Spire","Shop Mod","StSLib","SuperFastMode","The Construct","The Cursed","The Dragon Tamer","The Necromancer","The Servant 0.9.4"],"gold_per_floor":[119,129,82,145,145,145,170,170,170,170,189,204,204,233,245,362,374,397,409,435,447,459,502,529,541,580,592,617,629,659,703,715,829,841,926,604,657,657,657,718,718,795,795,878,878,878,878,878],"floor_reached":47,"language":"ENG","playtime":2452,"items_purged":["Strike_W","Strike_W"],"score":1212,"play_id":"8fb5ba82-cad5-480e-995d-995d72bb93a2","local_time":"20210226114311","is_ascension_mode":true,"campfire_choices":[{"floor":6.0,"key":"REST"},{"data":"Negative_Energy_Shield","floor":8.0,"key":"SMITH"},{"data":"Toxic_Smoke_Screen","floor":10.0,"key":"SMITH"},{"data":"Shade_Step","floor":15.0,"key":"SMITH"},{"data":"Blood_Is_Power","floor":25.0,"key":"SMITH"},{"data":"Violent_Necrosis","floor":27.0,"key":"SMITH"},{"data":"Epidemic","floor":29.0,"key":"SMITH"},{"floor":32,"key":"REST"},{"floor":41,"key":"REST"},{"floor":45,"key":"REST"}],"circlet_count":0,"master_deck":["Strike_W","Strike_W","Defend_W","Defend_W","Defend_W","Defend_W","Negative_Energy_Arrows","Bone_Wall","Acid_Javelin","Negative_Energy_Mist+1","Toxic_Smoke_Screen+1","Blood_Is_Power+1","Negative_Energy_Shield+1","Violent_Necrosis+1","Negative_Energy_Sphere","Shade_Step+1","Negative_Energy_Sphere","Negative_Energy_Javelin","Epidemic+1","Blood_for_Blood+1","Negative_Energy_Burst+1","Consume_Illness","Reap_The_Weak","Blood_Is_Power","Pandemic+1","Negative_Energy_Shield+1","Violent_Necrosis","Necrotic_Claws","Detonate_Bones"],"relics":["Vampire_Amulet","Replay:Bottled Flurry","infinitespire:PuzzleCube","aspiration:VileToxins","Orichalcum","MawBank","construct:WeddingRing","Bottled Tornado","hubris:MysteriousPyramids","Lantern","Dream Catcher","Runic Pyramid","infinitespire:EvilPickle","ReplayTheSpireMod:Shallot","Simple Rune","Sundial","MealTicket"],"acts_visited":["Exordium","TheCity","TheBeyond"],"potions_floor_usage":[35,35,42,44,47],"damage_taken":[{"damage":6.0,"enemies":"Cultist","floor":1.0,"turns":3.0},{"damage":1.0,"enemies":"Jaw Worm","floor":2.0,"turns":4.0},{"damage":22.0,"enemies":"Lagavulin","floor":7.0,"turns":8.0},{"damage":0.0,"enemies":"2 Louse","floor":11.0,"turns":3.0},{"damage":0.0,"enemies":"Lots of Slimes","floor":12.0,"turns":1.0},{"damage":6.0,"enemies":"3 Sentries","floor":14.0,"turns":6.0},{"damage":2.0,"enemies":"The Guardian","floor":16.0,"turns":11.0},{"damage":2.0,"enemies":"Chosen","floor":18.0,"turns":4.0},{"damage":0.0,"enemies":"3 Byrds","floor":20.0,"turns":6.0},{"damage":9.0,"enemies":"Slavers","floor":23.0,"turns":5.0},{"damage":10.0,"enemies":"Snecko","floor":24.0,"turns":6.0},{"damage":7.0,"enemies":"Chosen and Byrds","floor":28.0,"turns":6.0},{"damage":3.0,"enemies":"Centurion and Healer","floor":30.0,"turns":6.0},{"damage":20,"enemies":"Gremlin Leader","floor":31,"turns":5},{"damage":6,"enemies":"Pondfish","floor":33,"turns":9},{"damage":24,"enemies":"3 Shapes","floor":35,"turns":6},{"damage":5,"enemies":"3 Darklings","floor":37,"turns":6},{"damage":29,"enemies":"Spire Growth","floor":40,"turns":7},{"damage":49,"enemies":"Reptomancer","floor":42,"turns":5},{"damage":8,"enemies":"beaked:SuperParasite","floor":44,"turns":9},{"damage":38,"enemies":"Transient","floor":47,"turns":5}],"seed_played":"-3150380199859858356","potions_obtained":[{"floor":2.0,"key":"Weak Potion"},{"floor":4.0,"key":"SneckoOil"},{"floor":11.0,"key":"Toxic Potion"},{"floor":12.0,"key":"ColorlessPotion"},{"floor":19.0,"key":"Energy Potion"},{"floor":19.0,"key":"DuplicationPotion"},{"floor":19.0,"key":"SmokeBomb"},{"floor":24.0,"key":"Swift Potion"},{"floor":28.0,"key":"DuplicationPotion"},{"floor":31,"key":"SkillPotion"},{"floor":37,"key":"Milkshake"},{"floor":40,"key":"Reflective Coating"}],"is_trial":false,"path_per_floor":["M","M","$","?","?","R","E","R","T","R","M","M","?","E","R","B",null,"M","?","M","AVR","?","E","M","R","T","R","M","R","M","E","R","B",null,"M","$","M","?","?","M","R","E","T","E","R","?","M"],"character_chosen":"NECROMANCER","items_purchased":["Toxic_Smoke_Screen","ReplayTheSpireMod:Shallot"],"campfire_rested":4,"item_purchase_floors":[3,36],"current_hp_per_floor":[64,65,65,35,35,57,37,37,37,37,41,51,44,44,44,44,67,67,67,73,73,73,70,62,62,62,62,59,59,60,46,68,69,74,56,56,53,53,53,29,50,11,11,5,26,26,0,0],"gold":878,"neow_bonus":"THREE_CARDS","is_daily":false,"chose_seed":false,"campfire_upgraded":6,"win_rate":0.0,"timestamp":1614361391,"path_taken":["M","M","$","?","?","R","E","R","T","R","M","?","?","E","R","BOSS","M","?","?","AVR","?","E","M","R","T","R","M","R","M","E","R","BOSS","M","$","M","?","?","M","R","E","T","E","R","?","M"],"items_purchased_type":["Card","Relic"],"build_version":"2020-12-22","purchased_purges":2,"victory":false,"max_hp_per_floor":[75,75,75,75,75,75,75,75,75,75,75,75,75,75,75,75,75,75,75,75,75,75,75,75,75,75,75,75,75,75,75,75,75,75,75,75,75,75,71,71,71,71,71,71,71,71,71,71],"card_choices":[{"not_picked":["Finger_Of_Death","Consume_Illness"],"picked":"Acid_Javelin","floor":0.0},{"not_picked":["Blood_Whip","Strike_from_Beyond"],"picked":"Plague_Bolt","floor":1.0},{"not_picked":["Flesh_Made_Foul","Bone_Spikes"],"picked":"Negative_Energy_Mist","floor":2.0},{"not_picked":["Bone_Spikes","Shackles_Of_Pain"],"picked":"Blood_Is_Power","floor":4.0},{"not_picked":["Summon_Undead","Necrotic_Claws"],"picked":"Negative_Energy_Shield","floor":7.0},{"not_picked":["Toxic_Smoke_Screen","Blood_Shield"],"picked":"Violent_Necrosis","floor":11.0},{"not_picked":["Blood_Whip","Shackles_Of_Pain"],"picked":"Negative_Energy_Sphere","floor":12.0},{"not_picked":["Bone_Bullets","Negative_Energy_Sphere"],"picked":"Shade_Step","floor":14.0},{"not_picked":["Death_March_Dance+1","Negative_Energy_Mist"],"picked":"Negative_Energy_Sphere","floor":18.0},{"not_picked":["Blood_Is_Power","Summon_Undead"],"picked":"Negative_Energy_Javelin","floor":20.0},{"not_picked":["Negative_Energy_Sphere","Negative_Energy_Mist"],"picked":"Epidemic","floor":23.0},{"not_picked":["Vampiric_Strike","Blood_Is_Power"],"picked":"Blood_for_Blood+1","floor":24.0},{"not_picked":["Bone_Bullets","Death_Coil","Bone_Shift+1"],"picked":"SKIP","floor":28.0},{"not_picked":["Bones_to_Steel","Spectral_Armor"],"picked":"Negative_Energy_Burst+1","floor":30.0},{"not_picked":["Bone_Bullets","Bones_to_Steel","Summon_Undead_Army"],"picked":"SKIP","floor":31},{"not_picked":["Bone_Bullets+1","Summon_Vampire_Lady"],"picked":"Consume_Illness","floor":32},{"not_picked":["Blood_Magic","Requiem"],"picked":"Reap_The_Weak","floor":33},{"not_picked":["Bone_Shift","Bone_Bullets+1","Flesh_Made_Foul+1"],"picked":"SKIP","floor":35},{"not_picked":["Bone_Bullets","Uncharnel"],"picked":"Blood_Is_Power","floor":37},{"not_picked":["Negative_Energy_Shield+1","Deaths_Shadow"],"picked":"Pandemic+1","floor":40},{"not_picked":["Blood_Whip","Death_March_Dance+1"],"picked":"Negative_Energy_Shield+1","floor":41},{"not_picked":["Negative_Energy_Burst","Pandemic","Finger_Of_Death"],"picked":"SKIP","floor":42},{"not_picked":["Summon_Vampire_Lady","Pandemic+1"],"picked":"Violent_Necrosis","floor":44},{"not_picked":["Violent_Necrosis","Negative_Energy_Mist+1"],"picked":"Necrotic_Claws","floor":45}],"player_experience":800991,"relics_obtained":[{"floor":4.0,"key":"Replay:Bottled Flurry"},{"floor":7.0,"key":"infinitespire:PuzzleCube"},{"floor":9.0,"key":"aspiration:VileToxins"},{"floor":14.0,"key":"MawBank"},{"floor":23.0,"key":"hubris:MysteriousPyramids"},{"floor":26.0,"key":"Lantern"},{"floor":31,"key":"Dream Catcher"},{"floor":42,"key":"Simple Rune"},{"floor":43,"key":"Sundial"},{"floor":44,"key":"MealTicket"}],"event_choices":[{"damage_healed":0.0,"max_hp_gain":0.0,"max_hp_loss":0.0,"gold_gain":0.0,"event_name":"Accursed Blacksmith","player_choice":"Forge","floor":5.0,"gold_loss":0.0,"damage_taken":0.0,"cards_upgraded":["Negative_Energy_Mist"]},{"damage_healed":0.0,"max_hp_gain":0.0,"max_hp_loss":0.0,"gold_gain":0.0,"event_name":"Scrap Ooze","player_choice":"Success","floor":13.0,"gold_loss":0.0,"damage_taken":7.0,"relics_obtained":["Orichalcum"]},{"damage_healed":0.0,"max_hp_gain":0.0,"max_hp_loss":0.0,"gold_gain":0.0,"event_name":"Lab","player_choice":"Got Potions","floor":19.0,"gold_loss":0.0,"damage_taken":0.0},{"damage_healed":0,"gold_gain":0,"player_choice":"Max HP","damage_taken":0,"max_hp_gain":0,"max_hp_loss":4,"event_name":"Winding Halls","floor":39,"gold_loss":0},{"damage_healed":0,"gold_gain":0,"cards_transformed":["Plague_Bolt"],"player_choice":"Transformed","damage_taken":0,"max_hp_gain":0,"max_hp_loss":0,"event_name":"Transmorgrifier","floor":46,"gold_loss":0,"cards_obtained":["Detonate_Bones"]}],"is_beta":false,"boss_relics":[{"not_picked":["Astrolabe","Tiny House"],"picked":"construct:WeddingRing"},{"not_picked":["ChewingGum","Painkiller Herb"],"picked":"Runic Pyramid"}],"items_purged_floors":[21,36],"is_endless":false,"potions_floor_spawned":[2,11,12,20,24,28,30,31,37,40],"killed_by":"Transient","ascension_level":7}}