{"host":"y4fuci1jk2rsxnep","time":1614378657,"event":{"mods":["AchievementEnabler","BaseMod","Colored Powertips","Custom Start","Defuse TimeMaze Blight","Dio Mod","Downfall","Hermit","Hero for Fun","Hubris","Hunter ??","Infinite Spire","Minty Spire (QoL Compilation)","Quick Restart","Reliquary","Remove Card Discount Mod","Replay The Spire","StSLib","The Blackbeard","The Bug Knight","The Mystic","The Runesmith"],"gold_per_floor":[115,130,305,305,329,364,379,379,379,403,274,299,299,324,324,452,452,475,334,349,363,388,388,388,388,388,388,388,388,512,637,637,768,768,792,805,805,787,805,805,821,821,847,847,871,889,912,912,912,912],"floor_reached":51,"language":"ENG","playtime":3239,"items_purged":["Injury","Doubt","Runesmith:Defend_RS","Runesmith:Defend_RS","Runesmith:Strike_RS","Runesmith:Strike_RS","Runesmith:Strike_RS","Runesmith:Strike_RS","Runesmith:Defend_RS","Runesmith:Defend_RS","Runesmith:MetallurgicalResearch","Runesmith:RuneHurl","Runesmith:CreatorForm","Runesmith:HammerAndChisel+1","Runesmith:ChiselStab"],"score":753,"play_id":"8d5196cd-9e55-443a-a3ae-8ee03b7c717b","local_time":"20210226233057","is_ascension_mode":false,"campfire_choices":[{"data":"Runesmith:HammerAndChisel","floor":8,"key":"SMITH"},{"data":"Runesmith:Firestorm","floor":13,"key":"SMITH"},{"data":"Runesmith:OneForEveryone","floor":15,"key":"SMITH"},{"floor":23,"key":"REST"},{"data":"Runesmith:Supernova","floor":25,"key":"SMITH"},{"floor":32,"key":"REST"},{"floor":40,"key":"REST"},{"floor":44,"key":"REST"},{"floor":49,"key":"DIG"}],"circlet_count":0,"master_deck":["Runesmith:CraftFirestone","Runesmith:Fortify","Runesmith:OneForEveryone+1","Runesmith:Firestorm+1","Runesmith:PerfectChisel","Runesmith:CraftProtectio+1","Runesmith:Supernova+1","Runesmith:LithiumIon","Runesmith:CraftMagma","Runesmith:EarthShield","hubris:InfiniteBlow+21","Runesmith:LithiumIon","Runesmith:CraftObretio+1"],"relics":["Runesmith:BrokenRuby","NeowsBlessing","Golden Idol","ReplayFunnel","reliquary:TuningFork","Black Star","Kunai","hubris:Icosahedron","StoneCalendar","reliquary:ThirdArm","reliquary:Boomerang","Happy Flower"],"acts_visited":["Exordium","TheCity","TheBeyond"],"potions_floor_usage":[6,16,16,46],"damage_taken":[{"damage":0,"enemies":"Cultist","floor":1,"turns":1},{"damage":0,"enemies":"Small Slimes","floor":2,"turns":1},{"damage":0,"enemies":"Jaw Worm","floor":5,"turns":1},{"damage":12,"enemies":"Gremlin Nob","floor":6,"turns":3},{"damage":13,"enemies":"Exordium Wildlife","floor":7,"turns":7},{"damage":10,"enemies":"Red Slaver","floor":10,"turns":4},{"damage":4,"enemies":"Blue Slaver","floor":12,"turns":3},{"damage":5,"enemies":"Looter","floor":14,"turns":3},{"damage":5,"enemies":"Slime Boss","floor":16,"turns":7},{"damage":3,"enemies":"Chosen","floor":18,"turns":5},{"damage":11,"enemies":"Sentry and Sphere","floor":20,"turns":6},{"damage":18,"enemies":"Snake Plant","floor":21,"turns":5},{"damage":22,"enemies":"Centurion and Healer","floor":22,"turns":7},{"damage":0,"enemies":"Snecko","floor":30,"turns":2},{"damage":20,"enemies":"Colosseum Slavers","floor":31,"turns":5},{"damage":0,"enemies":"Colosseum Nobs","floor":31,"turns":4},{"damage":0,"enemies":"Champ","floor":33,"turns":6},{"damage":0,"enemies":"Orb Walker","floor":35,"turns":2},{"damage":49,"enemies":"3 Darklings","floor":36,"turns":7},{"damage":4,"enemies":"Spire Growth","floor":39,"turns":2},{"damage":21,"enemies":"Transient","floor":41,"turns":5},{"damage":5,"enemies":"Sphere and 2 Shapes","floor":45,"turns":5},{"damage":25,"enemies":"4 Shapes","floor":46,"turns":5},{"damage":11,"enemies":"3 Darklings","floor":47,"turns":6},{"damage":21,"enemies":"Awakened One","floor":50,"turns":4}],"seed_played":"-812326610496895250","potions_obtained":[{"floor":5,"key":"Death Potion"},{"floor":10,"key":"DistilledChaos"},{"floor":12,"key":"Weak Potion"},{"floor":18,"key":"bronze:BurnAndBuffPotion"},{"floor":20,"key":"LiquidBronze"},{"floor":21,"key":"Strength Potion"},{"floor":36,"key":"GamblersBrew"},{"floor":46,"key":"Fruit Juice"},{"floor":47,"key":"GamblersBrew"}],"is_trial":false,"path_per_floor":["M","M","?","?","M","E","M","R","T","M","$","M","R","M","R","B",null,"M","$","M","M","M","R","AVR","R","T","?","?","$","M","?","R","B",null,"M","M","?","$","M","R","M","$","T","R","M","M","M","?","R","B",null],"character_chosen":"RUNESMITH_CLASS","items_purchased":["Runesmith:PerfectChisel","Runesmith:CraftProtectio","Runesmith:LithiumIon","Runesmith:CraftMagma","Runesmith:EarthShield"],"campfire_rested":4,"item_purchase_floors":[11,11,19,19,19],"current_hp_per_floor":[70,70,70,70,70,58,45,45,45,35,35,31,31,26,26,21,70,67,67,56,38,16,37,37,37,37,37,37,37,37,17,38,38,70,70,21,21,21,17,38,17,17,17,38,33,13,2,75,75,54],"gold":912,"neow_bonus":"THREE_ENEMY_KILL","is_daily":false,"chose_seed":false,"campfire_upgraded":4,"win_rate":0.0,"timestamp":1614378657,"path_taken":["M","?","?","?","M","E","M","R","T","M","?","?","R","M","R","BOSS","M","$","M","M","M","R","AVR","R","T","?","?","$","M","?","R","BOSS","M","M","?","$","M","R","?","?","T","R","M","M","?","?","R","BOSS"],"items_purchased_type":["Card","Card","Card","Card","Card"],"build_version":"2020-12-22","purchased_purges":15,"victory":true,"max_hp_per_floor":[70,70,70,70,70,70,70,70,70,70,70,70,70,70,70,70,70,70,70,70,70,70,70,70,70,70,70,70,70,70,70,70,70,70,70,70,70,70,70,70,70,70,70,70,70,75,75,75,75,75],"card_choices":[{"not_picked":["Runesmith:Discharge","Runesmith:PoweredAnvil"],"picked":"Runesmith:OneForEveryone","floor":1},{"not_picked":["Runesmith:DoubleUp","Runesmith:CraftMagma"],"picked":"Runesmith:Firestorm","floor":2},{"not_picked":["Runesmith:Overpower","Runesmith:Repurpose","Runesmith:CraftReservo"],"picked":"SKIP","floor":5},{"not_picked":["Runesmith:ChargedHammer","Runesmith:Discharge"],"picked":"Runesmith:ChiselStab","floor":6},{"not_picked":["Runesmith:StaticCage","Runesmith:Overpower"],"picked":"Runesmith:HammerAndChisel","floor":7},{"not_picked":["Runesmith:DoubleUp","Runesmith:HammerThrow"],"picked":"Runesmith:CreatorForm","floor":10},{"not_picked":["Runesmith:Repurpose","Runesmith:ChargedHammer","Runesmith:ShiftingStrike"],"picked":"SKIP","floor":12},{"not_picked":["Runesmith:Overpower","Runesmith:UnstableHammer"],"picked":"Runesmith:MetallurgicalResearch","floor":14},{"not_picked":["Runesmith:MetallurgicalResearch","Runesmith:ArcReactor"],"picked":"Runesmith:Supernova","floor":16},{"not_picked":["Runesmith:UnstableHammer","Runesmith:Empowerment+1","Runesmith:ChiselStab"],"picked":"SKIP","floor":18},{"not_picked":["Runesmith:ChiselStab+1","Runesmith:Refine","Runesmith:ChargedHammer"],"picked":"SKIP","floor":20},{"not_picked":["Runesmith:ChiselStab","Runesmith:StaticCage","Runesmith:NanitesCloud"],"picked":"SKIP","floor":21},{"not_picked":["Runesmith:GrandSlam","Runesmith:UnstableHammer"],"picked":"Runesmith:RuneHurl","floor":22},{"not_picked":["Runesmith:RuneHurl+1","Runesmith:HammerThrow"],"picked":"Runesmith:LithiumIon","floor":30},{"not_picked":["Runesmith:ChiselStab","Runesmith:CraftProtectio"],"picked":"Runesmith:RunicBlueprint+1","floor":35},{"not_picked":["Runesmith:EnergizedChisel+1","Runesmith:HeatExchange+1","Runesmith:Electrocute"],"picked":"SKIP","floor":36},{"not_picked":["Runesmith:CraftMedicinae","Runesmith:CraftMagma+1"],"picked":"Runesmith:CraftObretio+1","floor":39},{"not_picked":["Runesmith:MakeshiftArmor","Runesmith:CraftMagma","Runesmith:GoWithTheFlow+1"],"picked":"SKIP","floor":41},{"not_picked":["Runesmith:Discharge+1","Runesmith:BackupBattery","Runesmith:PerfectChisel"],"picked":"SKIP","floor":45},{"not_picked":["Runesmith:StaticCage","Runesmith:CraftReservo","Runesmith:RuneHurl"],"picked":"SKIP","floor":46},{"not_picked":["Runesmith:HammerThrow","Runesmith:Accelerate+1","Runesmith:CraftVitae"],"picked":"SKIP","floor":47}],"player_experience":730758,"relics_obtained":[{"floor":6,"key":"ReplayFunnel"},{"floor":9,"key":"reliquary:TuningFork"},{"floor":26,"key":"Kunai"},{"floor":31,"key":"StoneCalendar"},{"floor":43,"key":"reliquary:Boomerang"},{"floor":49,"key":"Happy Flower"}],"event_choices":[{"damage_healed":0,"gold_gain":175,"player_choice":"AGREE","damage_taken":0,"max_hp_gain":0,"max_hp_loss":0,"event_name":"Liars Game","floor":3,"gold_loss":0,"cards_obtained":["Doubt"]},{"damage_healed":0,"gold_gain":0,"player_choice":"Take Wound","damage_taken":0,"relics_obtained":["Golden Idol"],"max_hp_gain":0,"max_hp_loss":0,"event_name":"Golden Idol","floor":4,"gold_loss":0,"cards_obtained":["Injury"]},{"damage_healed":0,"gold_gain":0,"player_choice":"Fight","damage_taken":0,"max_hp_gain":0,"max_hp_loss":0,"event_name":"Colosseum","floor":31,"gold_loss":0},{"damage_healed":0,"gold_gain":0,"player_choice":"Fought Nobs","damage_taken":0,"max_hp_gain":0,"max_hp_loss":0,"event_name":"Colosseum","floor":31,"gold_loss":0},{"damage_healed":0,"gold_gain":0,"player_choice":"Forge","damage_taken":0,"max_hp_gain":0,"max_hp_loss":0,"event_name":"Accursed Blacksmith","floor":37,"gold_loss":0,"cards_upgraded":["Runesmith:CraftProtectio"]},{"cards_removed":["Runesmith:RunicBlueprint"],"damage_healed":73,"gold_gain":0,"player_choice":"Offered Uncommon","damage_taken":0,"max_hp_gain":0,"max_hp_loss":0,"event_name":"Bonfire Elementals","floor":48,"gold_loss":0}],"is_beta":false,"boss_relics":[{"not_picked":["Astrolabe","infinitespire:Cupcake"],"picked":"Black Star"},{"not_picked":["Snecko Eye","hubris:RunicObelisk"],"picked":"reliquary:ThirdArm"}],"items_purged_floors":[11,11,19,19,19,19,38,38,38,38,38,38,38,38,38],"is_endless":false,"potions_floor_spawned":[5,10,12,18,20,21,22,33,36,45,46,47],"ascension_level":0}}