{"host":"0hpcwmnjk6ebq46s","time":1614327398,"event":{"mods":["Act Like it!","AlwaysNeverKeys","Aspiration","Astrologer","Bard","BaseMod","Better Note","Better Third Choice","Colored Map","Colored Powertips","Conspire","Duelist Mod","Energized Spire","GifTheSpireLib","Glutton Mod","Googly Eyes","Halation","Hallownest","Hubris","Infinite Spire","Jedi Mod","Mad Scientist","Marisa????????","Mimic Mod","Minty Spire (QoL Compilation)","Permanent Neow","Relic Stats","Reliquary","Remilia??????","Replay The Spire","Ruina","Spicy Shops","Spire Arcade","StSLib","Stuff the Spire","SuperFastMode","The Administrix","The Animator","The Blue Laboratory","The Bug Knight","The Construct","The Cursed","The Disciple","The Hierophant","The Necromancer","The Runesmith","The Wild Card","TheFirefly","Transform Curses","UnlockEverythingMod"],"gold_per_floor":[131,146,158,177,177,177,210,226,264,291,13,13,13,28,28,133,133,150,425,425,11,23,37,37,50,82,82,82,82],"floor_reached":28,"language":"ENG","playtime":2921,"items_purged":["StuffTheSpire:ClusterCrunch","TheCursedMod:CursedMace"],"score":243,"play_id":"6a851b29-b878-4b4e-90c4-ce7526574a09","local_time":"20210226021638","daily_mods":["SealedDeck","Red Cards","Green Cards","Blue Cards","Purple Cards"],"is_ascension_mode":false,"campfire_choices":[{"data":"Septette","floor":6,"key":"SMITH"},{"data":"Flex","floor":12,"key":"SMITH"},{"data":"DaylightSavings","floor":12,"key":"SMITH"},{"data":"Septette","floor":15,"key":"SMITH"},{"data":"UnstableBomb","floor":15,"key":"SMITH"},{"data":"Regret","floor":24,"key":"SMITH"},{"data":"StuffTheSpire:Brawn","floor":24,"key":"SMITH"},{"data":"Parasite","floor":27,"key":"SMITH"},{"data":"Pommel Strike","floor":27,"key":"SMITH"}],"circlet_count":0,"master_deck":["Pommel Strike+1","DC","HollowMod:CornifersMapStart","UnstableBomb+1","Spectral_Walk","construct:Reinforce","DaylightSavings+6","Cold Snap","Septette+1","UnderTheZenith","Flex+1","MadScienceMod:FlexibleSpear","Septette+1","CurseOfVladTepes+1","VampireKiss","StuffTheSpire:Brawn+1","ReplayTheSpireMod:The Works","Flechettes","HollowMod:CloakDash+1","UnstableMagic","HollowMod:PerfectDash"],"relics":["HollowMod:VesselMask","Blue Doll","hubris:DisguiseKit","StuffTheSpire:Experiment12","Smiling Mask","HollowMod:KingsBrand","Replay:Arrowhead","StuffTheSpire:Saxophone","conspire:SpecialSausage","StuffTheSpire:BottledEssence","halation:PrussianBluePaint","hubris:CrystalStatue"],"acts_visited":["Exordium","TheCity"],"potions_floor_usage":[28],"damage_taken":[{"damage":0,"enemies":"Cultist","floor":1,"turns":6},{"damage":0,"enemies":"Cultist","floor":2,"turns":3},{"damage":0,"enemies":"2 Louse","floor":3,"turns":2},{"damage":13,"enemies":"Small Slimes","floor":4,"turns":4},{"damage":0,"enemies":"Lagavulin","floor":7,"turns":8},{"damage":2,"enemies":"Exordium Wildlife","floor":8,"turns":4},{"damage":5,"enemies":"Looter","floor":9,"turns":5},{"damage":2,"enemies":"Looter","floor":14,"turns":2},{"damage":20,"enemies":"The Guardian","floor":16,"turns":10},{"damage":5,"enemies":"HollowMod:HuskSentry","floor":18,"turns":5},{"damage":36,"enemies":"conspire:FuzzyDice","floor":22,"turns":4},{"damage":21,"enemies":"3 Cultists","floor":23,"turns":4},{"damage":9,"enemies":"Snake Plant","floor":25,"turns":2},{"damage":5,"enemies":"Chosen and Byrds","floor":26,"turns":4},{"damage":3,"enemies":"Chosen and Byrds","floor":28,"turns":1}],"seed_played":"3753073387349799634","potions_obtained":[{"floor":4,"key":"blueLaboratory:PhilterOfMotion"},{"floor":7,"key":"blueLaboratory:PyrophylliteBrew"},{"floor":8,"key":"blueLaboratory:PyrophylliteBrew"}],"is_trial":true,"path_per_floor":["MIM","M","M","M","?","R","E","M","MIM","T","$","R","?","M","R","B",null,"M","?","?","$","M","M","R","M","MIM","R","M"],"character_chosen":"THE_BUGKNIGHT","items_purchased":["Replay:Arrowhead","StuffTheSpire:Saxophone","TheCursedMod:CursedMace","StuffTheSpire:BottledEssence","halation:PrussianBluePaint","HollowMod:CloakDash"],"campfire_rested":0,"item_purchase_floors":[11,11,11,21,21,21],"current_hp_per_floor":[75,75,75,62,62,62,62,60,55,55,55,55,55,53,53,33,75,70,70,70,70,34,15,15,6,3,3,0,0],"gold":82,"neow_bonus":"","is_daily":false,"chose_seed":false,"campfire_upgraded":9,"win_rate":0.0,"timestamp":1614327398,"path_taken":["?","M","M","M","?","R","E","M","MIM","?","$","R","?","M","R","BOSS","M","?","?","$","M","M","R","M","MIM","R","?"],"items_purchased_type":["Relic","Relic","Card","Relic","Relic","Card"],"build_version":"2020-12-22","purchased_purges":2,"victory":false,"max_hp_per_floor":[75,75,75,75,75,75,75,75,75,75,75,75,75,75,75,75,75,75,75,75,75,75,75,75,75,75,72,72,72],"relic_stats":{"counters":[15,64],"Smiling Mask":75,"obtain_stats":[{"hubris:DisguiseKit":5,"StuffTheSpire:Experiment12":7,"hubris:CrystalStatue":26,"halation:PrussianBluePaint":21,"StuffTheSpire:Saxophone":11,"HollowMod:VesselMask":0,"Blue Doll":1,"conspire:SpecialSausage":17,"StuffTheSpire:BottledEssence":21,"Smiling Mask":9,"HollowMod:KingsBrand":10,"Replay:Arrowhead":11},{"hubris:DisguiseKit":4,"StuffTheSpire:Experiment12":5,"hubris:CrystalStatue":14,"halation:PrussianBluePaint":10,"StuffTheSpire:Saxophone":7,"HollowMod:VesselMask":0,"Blue Doll":1,"conspire:SpecialSausage":9,"StuffTheSpire:BottledEssence":10,"Smiling Mask":7,"HollowMod:KingsBrand":7,"Replay:Arrowhead":7},{"hubris:DisguiseKit":15,"StuffTheSpire:Experiment12":23,"hubris:CrystalStatue":63,"halation:PrussianBluePaint":49,"StuffTheSpire:Saxophone":32,"HollowMod:VesselMask":0,"Blue Doll":6,"conspire:SpecialSausage":44,"StuffTheSpire:BottledEssence":49,"Smiling Mask":32,"HollowMod:KingsBrand":32,"Replay:Arrowhead":32}]},"card_choices":[{"not_picked":["MadScienceMod:AntimatterBomb","AdministrixMod:FiendishCrimson"],"picked":"Septette","floor":2},{"not_picked":["MadScienceMod:Virus","6A"],"picked":"TheCursedMod:ReleasedStrength","floor":3},{"not_picked":["TheCursedMod:ManaBullet","hierophant:FlamingChariot"],"picked":"UnderTheZenith","floor":4},{"not_picked":["Echo Form","thefirefly:Preload","BloodHunter"],"picked":"Flex","floor":7},{"not_picked":["Calculated Gamble","FavorOfDestiny","StarOfDavid"],"picked":"MadScienceMod:FlexibleSpear","floor":8},{"not_picked":["Consume_Illness","hierophant:Sermon","Sever Soul"],"picked":"Septette","floor":14},{"not_picked":["AdministrixMod:FearOfDeath","ScarletCoffin","StuffTheSpire:LaunchingStrike"],"picked":"CurseOfVladTepes","floor":16},{"not_picked":["HollowMod:GrimmsGift","HollowMod:BaldurShell+1","HollowMod:ChannelNail"],"picked":"VampireKiss","floor":18},{"not_picked":["HollowMod:WraithStrike+1","HollowMod:SiblingsSouls","HollowMod:ShadowDash"],"picked":"UnstableMagic","floor":22},{"not_picked":["HollowMod:VengefulVoid","HollowMod:CoiledNail","ScarletSymphony"],"picked":"HollowMod:PerfectDash","floor":23},{"not_picked":["HollowMod:InfectedCysts","HollowMod:NewJinnsSoul","HollowMod:WraithStrike+1","BlasphemousPunishment"],"picked":"SKIP","floor":25}],"player_experience":108363,"relics_obtained":[{"floor":1,"key":"Blue Doll"},{"floor":7,"key":"StuffTheSpire:Experiment12"},{"floor":9,"key":"Smiling Mask"},{"floor":10,"key":"HollowMod:KingsBrand"},{"floor":26,"key":"hubris:CrystalStatue"}],"event_choices":[{"damage_healed":0,"gold_gain":0,"player_choice":"Agree","damage_taken":0,"max_hp_gain":0,"max_hp_loss":0,"event_name":"conspire:LoneGhost","floor":13,"gold_loss":0},{"damage_healed":0,"gold_gain":275,"player_choice":"Desecrate","damage_taken":0,"max_hp_gain":0,"max_hp_loss":0,"event_name":"Golden Shrine","floor":19,"gold_loss":0,"cards_obtained":["Regret"]}],"is_beta":false,"boss_relics":[{"not_picked":["Black Star","halation:PinkAlligatorPlush"],"picked":"conspire:SpecialSausage"}],"items_purged_floors":[21,21],"is_endless":false,"potions_floor_spawned":[4,7,8,18],"killed_by":"Chosen and Byrds","ascension_level":0}}