{"host":"5n1fl7z5i1vf7jan","time":1614309857,"event":{"mods":["BaseMod","Minty Spire (QoL Compilation)","Quick Restart","Relic Stats"],"gold_per_floor":[114,114,124,135,155,181,181,17,94,134,149,24,51,16,16,99,99,69,88,88,88,116,116,116,116],"floor_reached":24,"language":"ENG","playtime":784,"items_purged":["Strike_B"],"score":516,"play_id":"ab391c99-fee2-4470-895b-c57f368b65b9","local_time":"20210225192417","is_ascension_mode":true,"campfire_choices":[{"data":"Dualcast","floor":7.0,"key":"SMITH"},{"data":"Echo Form","floor":15.0,"key":"SMITH"},{"floor":23,"key":"REST"}],"circlet_count":0,"master_deck":["AscendersBane","Strike_B","Strike_B","Strike_B","Defend_B","Defend_B","Defend_B","Defend_B","Zap+1","Dualcast+1","Cold Snap","Ball Lightning","Echo Form+1","Ball Lightning","All For One","Glacier","Conserve Battery","Coolheaded","Seek","Sweeping Beam","Steam"],"relics":["Cracked Core","Boot","Incense Burner","OrangePellets","Sundial","CeramicFish","SlaversCollar","Enchiridion"],"acts_visited":["Exordium","TheCity"],"potions_floor_usage":[21,22,24],"damage_taken":[{"damage":1.0,"enemies":"2 Louse","floor":1.0,"turns":3.0},{"damage":1.0,"enemies":"Cultist","floor":3.0,"turns":3.0},{"damage":8.0,"enemies":"Small Slimes","floor":4.0,"turns":3.0},{"damage":2.0,"enemies":"Looter","floor":5.0,"turns":3.0},{"damage":23.0,"enemies":"3 Sentries","floor":6.0,"turns":6.0},{"damage":8.0,"enemies":"Lagavulin","floor":10.0,"turns":5.0},{"damage":1.0,"enemies":"Blue Slaver","floor":11.0,"turns":3.0},{"damage":0.0,"enemies":"Red Slaver","floor":13.0,"turns":4.0},{"damage":0.0,"enemies":"Slime Boss","floor":16.0,"turns":8.0},{"damage":33.0,"enemies":"2 Thieves","floor":18.0,"turns":5.0},{"damage":22,"enemies":"3 Byrds","floor":19,"turns":5},{"damage":13,"enemies":"Snake Plant","floor":22,"turns":4},{"damage":44,"enemies":"Cultist and Chosen","floor":24,"turns":5}],"seed_played":"3076885764420172032","potions_obtained":[{"floor":6.0,"key":"FairyPotion"},{"floor":10.0,"key":"FearPotion"},{"floor":11.0,"key":"EntropicBrew"},{"floor":22,"key":"DistilledChaos"}],"is_trial":false,"path_per_floor":["M","?","M","M","M","E","R","$","T","E","M","$","M","?","R","B",null,"M","M","?","?","M","R","M"],"character_chosen":"DEFECT","items_purchased":["OrangePellets","Conserve Battery"],"campfire_rested":1,"item_purchase_floors":[8,12],"current_hp_per_floor":[63,63,62,54,52,29,29,29,29,21,20,20,20,37,37,37,63,30,8,21,15,2,23,0,0],"gold":116,"neow_bonus":"RANDOM_COMMON_RELIC","is_daily":false,"chose_seed":false,"campfire_upgraded":2,"win_rate":0.0,"timestamp":1614309857,"path_taken":["M","?","M","M","?","E","R","$","T","E","M","$","M","?","R","BOSS","M","M","?","?","M","R","M"],"items_purchased_type":["Relic","Card"],"build_version":"2020-12-22","purchased_purges":1,"victory":false,"max_hp_per_floor":[71,71,71,71,71,71,71,71,71,71,71,71,71,71,71,71,71,71,71,71,71,71,71,71,71],"relic_stats":{"OrangePellets":[0],"counters":[13,57],"Sundial":[4],"CeramicFish":54,"Boot":[25],"obtain_stats":[{"OrangePellets":8,"SlaversCollar":17,"Sundial":9,"CeramicFish":10,"Enchiridion":20,"Incense Burner":6,"Cracked Core":0,"Boot":0},{"OrangePellets":5,"SlaversCollar":9,"Sundial":5,"CeramicFish":6,"Enchiridion":11,"Incense Burner":5,"Cracked Core":0,"Boot":0},{"OrangePellets":18,"SlaversCollar":38,"Sundial":18,"CeramicFish":23,"Enchiridion":48,"Incense Burner":18,"Cracked Core":0,"Boot":0}]},"card_choices":[{"not_picked":["Redo","Leap"],"picked":"Cold Snap","floor":1.0},{"not_picked":["Conserve Battery","Coolheaded"],"picked":"Ball Lightning","floor":3.0},{"not_picked":["Consume","Redo"],"picked":"Echo Form","floor":4.0},{"not_picked":["Go for the Eyes","Skim"],"picked":"Ball Lightning","floor":5.0},{"not_picked":["Reboot","Fusion"],"picked":"All For One","floor":6.0},{"not_picked":["Compile Driver","Skim"],"picked":"Glacier","floor":10.0},{"not_picked":["Gash","Go for the Eyes","Stack"],"picked":"SKIP","floor":11.0},{"not_picked":["Go for the Eyes","Recycle"],"picked":"Coolheaded","floor":13.0},{"not_picked":["Rainbow","Amplify"],"picked":"Seek","floor":16.0},{"not_picked":["Go for the Eyes","Ball Lightning","Streamline"],"picked":"SKIP","floor":18.0},{"not_picked":["Beam Cell","FTL"],"picked":"Sweeping Beam","floor":19},{"not_picked":["Recycle","Go for the Eyes"],"picked":"Steam","floor":22}],"player_experience":427846,"relics_obtained":[{"floor":6.0,"key":"Incense Burner"},{"floor":9.0,"key":"Sundial"},{"floor":10.0,"key":"CeramicFish"},{"floor":20,"key":"Enchiridion"}],"event_choices":[{"damage_healed":0.0,"max_hp_gain":0.0,"max_hp_loss":0.0,"gold_gain":0.0,"event_name":"Upgrade Shrine","player_choice":"Upgraded","floor":2.0,"gold_loss":0.0,"damage_taken":0.0,"cards_upgraded":["Zap"]},{"damage_healed":17.0,"max_hp_gain":0.0,"max_hp_loss":0.0,"gold_gain":0.0,"event_name":"The Cleric","player_choice":"Healed","floor":14.0,"gold_loss":35.0,"damage_taken":0.0},{"damage_healed":0,"gold_gain":0,"player_choice":"Obtained Book","damage_taken":21,"max_hp_gain":0,"max_hp_loss":0,"event_name":"Cursed Tome","floor":20,"gold_loss":0},{"damage_healed":0,"gold_gain":0,"player_choice":"","damage_taken":6,"max_hp_gain":0,"max_hp_loss":0,"event_name":"Knowing Skull","floor":21,"potions_obtained":[],"gold_loss":0,"cards_obtained":[]}],"is_beta":false,"boss_relics":[{"not_picked":["Busted Crown","Tiny House"],"picked":"SlaversCollar"}],"items_purged_floors":[12],"is_endless":false,"potions_floor_spawned":[6,10,11,22],"killed_by":"Cultist and Chosen","ascension_level":20}}