{"host":"3zmssa4s99zhxek5","time":1614322277,"event":{"mods":["AchievementEnabler","BaseMod","Minty Spire (QoL Compilation)","Permanent Neow","Relic Stats"],"gold_per_floor":[110,160,170,182,192,220,232,23,23,23,42,71,82,99,99,176,176,191,191,211,223,223,223,233,233,258,158,158,178,189,189,189],"floor_reached":31,"language":"KOR","playtime":1788,"items_purged":["Strike_R","Strike_R"],"score":531,"play_id":"3a6a4f9a-f875-4c9a-8c94-95c385930c15","local_time":"20210226155117","is_ascension_mode":true,"campfire_choices":[{"data":"True Grit","floor":10.0,"key":"SMITH"},{"data":"True Grit","floor":15.0,"key":"SMITH"},{"data":"True Grit","floor":23,"key":"SMITH"},{"data":"Rage","floor":28,"key":"SMITH"}],"circlet_count":0,"master_deck":["AscendersBane","Strike_R","Strike_R","Bash","Dropkick","Iron Wave","Blood for Blood","Spot Weakness","Thunderclap","Dropkick","True Grit+1","Rage+1","Ghostly Armor","Disarm","True Grit+1","True Grit+1","Twin Strike","True Grit+1","Dropkick"],"relics":["Burning Blood","Gremlin Horn","StrikeDummy","Bag of Marbles","SacredBark","Ancient Tea Set"],"acts_visited":["Exordium","TheCity"],"potions_floor_usage":[29,30,30],"damage_taken":[{"damage":8.0,"enemies":"2 Louse","floor":1.0,"turns":3.0},{"damage":1.0,"enemies":"Cultist","floor":3.0,"turns":3.0},{"damage":12.0,"enemies":"Small Slimes","floor":4.0,"turns":4.0},{"damage":2.0,"enemies":"2 Fungi Beasts","floor":5.0,"turns":4.0},{"damage":27.0,"enemies":"Gremlin Nob","floor":6.0,"turns":4.0},{"damage":25.0,"enemies":"Red Slaver","floor":7.0,"turns":4.0},{"damage":5.0,"enemies":"Large Slime","floor":11.0,"turns":4.0},{"damage":11.0,"enemies":"3 Sentries","floor":12.0,"turns":5.0},{"damage":0.0,"enemies":"Blue Slaver","floor":13.0,"turns":4.0},{"damage":6.0,"enemies":"3 Louse","floor":14.0,"turns":4.0},{"damage":8.0,"enemies":"The Guardian","floor":16.0,"turns":14.0},{"damage":20.0,"enemies":"2 Thieves","floor":18.0,"turns":4.0},{"damage":2,"enemies":"3 Byrds","floor":20,"turns":7},{"damage":16,"enemies":"3 Cultists","floor":21,"turns":5},{"damage":26,"enemies":"Snecko","floor":24,"turns":6},{"damage":18,"enemies":"Chosen and Byrds","floor":29,"turns":8},{"damage":2,"enemies":"3 Cultists","floor":30,"turns":4},{"damage":17,"enemies":"Snake Plant","floor":31,"turns":4}],"seed_played":"-4485082564015233576","potions_obtained":[{"floor":1.0,"key":"PowerPotion"},{"floor":4.0,"key":"LiquidMemories"},{"floor":6.0,"key":"BloodPotion"},{"floor":11.0,"key":"Swift Potion"},{"floor":13.0,"key":"AttackPotion"},{"floor":16.0,"key":"CultistPotion"},{"floor":29,"key":"FearPotion"}],"is_trial":false,"path_per_floor":["M","?","M","M","M","E","M","$","T","R","M","E","M","M","R","B",null,"M","?","M","M","?","R","M","?","T","$","R","M","M","M"],"character_chosen":"IRONCLAD","items_purchased":["Dropkick","True Grit"],"campfire_rested":0,"item_purchase_floors":[8,8],"current_hp_per_floor":[66,60,65,59,63,42,36,36,36,36,37,32,38,38,38,36,60,46,46,50,40,40,40,20,20,20,20,20,8,12,0,0],"gold":189,"neow_bonus":"REMOVE_TWO","is_daily":false,"chose_seed":false,"campfire_upgraded":4,"win_rate":0.0,"timestamp":1614322277,"path_taken":["M","?","M","M","?","E","?","$","T","R","M","E","M","M","R","BOSS","BOSS","M","?","M","M","?","R","M","?","T","$","R","?","M","M"],"items_purchased_type":["Card","Card"],"build_version":"2020-12-22","purchased_purges":2,"victory":false,"max_hp_per_floor":[68,68,68,68,68,68,68,68,68,68,68,68,68,68,68,68,68,68,68,68,68,68,68,68,68,68,68,68,68,68,68,68],"relic_stats":{"Gremlin Horn":[13,13],"counters":[18,91],"obtain_stats":[{"Gremlin Horn":6,"SacredBark":17,"Bag of Marbles":12,"StrikeDummy":9,"Ancient Tea Set":26,"Burning Blood":0},{"Gremlin Horn":5,"SacredBark":11,"Bag of Marbles":8,"StrikeDummy":6,"Ancient Tea Set":15,"Burning Blood":0},{"Gremlin Horn":18,"SacredBark":53,"Bag of Marbles":31,"StrikeDummy":22,"Ancient Tea Set":75,"Burning Blood":0}],"Burning Blood":102},"card_choices":[{"not_picked":["Iron Wave","Cleave"],"picked":"Dropkick","floor":1.0},{"not_picked":["Anger","Seeing Red"],"picked":"Iron Wave","floor":3.0},{"not_picked":["Dark Embrace","Warcry","Sentinel"],"picked":"SKIP","floor":4.0},{"not_picked":["Dark Embrace","Warcry","Sentinel"],"picked":"SKIP","floor":4.0},{"not_picked":["Armaments","Headbutt"],"picked":"Blood for Blood","floor":5.0},{"not_picked":["Second Wind","Pommel Strike"],"picked":"Spot Weakness","floor":6.0},{"not_picked":["Cleave","Sword Boomerang"],"picked":"Thunderclap","floor":7.0},{"not_picked":["Seeing Red","Juggernaut"],"picked":"Rage","floor":11.0},{"not_picked":["Twin Strike","Sword Boomerang","Ghostly Armor"],"picked":"SKIP","floor":12.0},{"not_picked":["Twin Strike","Sword Boomerang"],"picked":"Ghostly Armor","floor":12.0},{"not_picked":["Combust","Havoc"],"picked":"Disarm","floor":13.0},{"not_picked":["Uppercut","Iron Wave"],"picked":"True Grit","floor":14.0},{"not_picked":["Clothesline","Twin Strike","Headbutt"],"picked":"SKIP","floor":18.0},{"not_picked":["Headbutt","Perfected Strike","Twin Strike"],"picked":"SKIP","floor":20},{"not_picked":["Headbutt","Perfected Strike","Twin Strike"],"picked":"SKIP","floor":20},{"not_picked":["Warcry","Twin Strike"],"picked":"True Grit+1","floor":21},{"not_picked":["Thunderclap","Disarm","Seeing Red"],"picked":"SKIP","floor":24},{"not_picked":["Warcry","Flex+1","Pommel Strike"],"picked":"SKIP","floor":29},{"not_picked":["Body Slam","Perfected Strike","Searing Blow"],"picked":"SKIP","floor":30}],"player_experience":1692051,"relics_obtained":[{"floor":6.0,"key":"Gremlin Horn"},{"floor":9.0,"key":"StrikeDummy"},{"floor":12.0,"key":"Bag of Marbles"},{"floor":26,"key":"Ancient Tea Set"}],"event_choices":[{"damage_healed":0.0,"max_hp_gain":0.0,"max_hp_loss":0.0,"gold_gain":50.0,"event_name":"FaceTrader","player_choice":"Touch","floor":2.0,"gold_loss":0.0,"damage_taken":6.0},{"cards_removed":["Defend_R"],"damage_healed":0.0,"max_hp_gain":0.0,"max_hp_loss":0.0,"gold_gain":0.0,"event_name":"Back to Basics","player_choice":"Elegance","floor":19.0,"gold_loss":0.0,"damage_taken":0.0},{"damage_healed":0,"gold_gain":0,"cards_transformed":["Defend_R","Defend_R"],"player_choice":"Became Test Subject","damage_taken":0,"max_hp_gain":0,"max_hp_loss":0,"event_name":"Drug Dealer","floor":22,"gold_loss":0,"cards_obtained":["Twin Strike","True Grit"]},{"damage_healed":0,"gold_gain":0,"player_choice":"Copied","damage_taken":0,"max_hp_gain":0,"max_hp_loss":0,"event_name":"Duplicator","floor":25,"gold_loss":0,"cards_obtained":["Dropkick"]}],"is_beta":false,"boss_relics":[{"not_picked":["Mark of Pain","Black Star"],"picked":"SacredBark"}],"items_purged_floors":[8,27],"is_endless":false,"potions_floor_spawned":[1,4,6,11,13,16,21,29],"killed_by":"Snake Plant","ascension_level":20}}