{"host":"d2gh6suihlstufn7","time":1614376964,"event":{"mods":["AchievementEnabler","BaseMod","Colored Map","Colored Powertips","Minty Spire (QoL Compilation)","Permanent Neow","Quick Restart","StSLib","SuperFastMode"],"gold_per_floor":[109,34,34,50,50,50,50,50,50,50,50,62,77,94,94,192,192,203,103,113,128,145,145,178,93,93,93,107,107,107,117,117,213,213,230,105,119,119,119,119,135,146,220,220,220],"floor_reached":44,"language":"KOR","playtime":1244,"items_purged":["Defend_P","Vault","Consecrate"],"score":495,"play_id":"9b2a4f4f-e3f3-435e-b188-21bd37a4e753","local_time":"20210227070244","is_ascension_mode":false,"campfire_choices":[{"data":"Eruption","floor":6.0,"key":"SMITH"},{"data":"FearNoEvil","floor":8.0,"key":"SMITH"},{"floor":15.0,"key":"REST"},{"floor":23.0,"key":"REST"},{"data":"FlurryOfBlows","floor":32.0,"key":"SMITH"},{"floor":40,"key":"REST"}],"circlet_count":0,"master_deck":["Eruption+1","Vigilance+1","FearNoEvil+1","WaveOfTheHand","InnerPeace","FlurryOfBlows+1","LikeWater"],"relics":["VioletLotus","Mercury Hourglass","Pandora\u0027s Box","Letter Opener","Blood Vial","White Beast Statue","Black Star","Molten Egg 2"],"acts_visited":["Exordium","TheCity","TheBeyond"],"potions_floor_usage":[33,33,37,42,42],"damage_taken":[{"damage":2.0,"enemies":"Cultist","floor":1.0,"turns":3.0},{"damage":0.0,"enemies":"Small Slimes","floor":4.0,"turns":3.0},{"damage":0.0,"enemies":"2 Louse","floor":12.0,"turns":2.0},{"damage":24.0,"enemies":"Red Slaver","floor":13.0,"turns":3.0},{"damage":0.0,"enemies":"Gremlin Gang","floor":14.0,"turns":3.0},{"damage":0.0,"enemies":"Slime Boss","floor":16.0,"turns":7.0},{"damage":12.0,"enemies":"Shell Parasite","floor":18.0,"turns":3.0},{"damage":10.0,"enemies":"Chosen","floor":20.0,"turns":3.0},{"damage":0.0,"enemies":"Centurion and Healer","floor":21.0,"turns":3.0},{"damage":1.0,"enemies":"Chosen and Byrds","floor":22.0,"turns":6.0},{"damage":0.0,"enemies":"Book of Stabbing","floor":24.0,"turns":4.0},{"damage":24.0,"enemies":"Snake Plant","floor":28.0,"turns":4.0},{"damage":8.0,"enemies":"Centurion and Healer","floor":31.0,"turns":3.0},{"damage":41,"enemies":"Collector","floor":33,"turns":7},{"damage":9,"enemies":"3 Shapes","floor":35,"turns":3},{"damage":15,"enemies":"Orb Walker","floor":37,"turns":2},{"damage":13,"enemies":"Maw","floor":41,"turns":7},{"damage":0,"enemies":"Transient","floor":42,"turns":5},{"damage":0,"enemies":"Jaw Worm Horde","floor":44,"turns":1}],"seed_played":"-3251580195832296965","potions_obtained":[{"floor":1.0,"key":"Strength Potion"},{"floor":16.0,"key":"SkillPotion"},{"floor":18.0,"key":"EssenceOfSteel"},{"floor":21.0,"key":"FearPotion"},{"floor":22.0,"key":"Explosive Potion"},{"floor":28.0,"key":"Dexterity Potion"},{"floor":31.0,"key":"SpeedPotion"},{"floor":33,"key":"GamblersBrew"},{"floor":35,"key":"Regen Potion"},{"floor":37,"key":"Strength Potion"},{"floor":41,"key":"LiquidMemories"},{"floor":42,"key":"BlessingOfTheForge"}],"is_trial":false,"path_per_floor":["M","$","?","M","?","R","?","R","T","?","$","M","M","M","R","B",null,"M","$","M","M","M","R","E","?","T","?","M","?","?","M","R","B",null,"M","$","M","$","?","R","M","M","T","M"],"character_chosen":"WATCHER","items_purchased":[],"campfire_rested":3,"item_purchase_floors":[],"current_hp_per_floor":[70,70,70,70,63,63,68,68,68,53,53,53,29,29,52,52,77,65,65,55,55,54,77,77,77,77,77,53,77,77,69,69,30,77,68,68,60,60,60,77,64,66,66,68,68],"gold":220,"neow_bonus":"BOSS_RELIC","is_daily":false,"chose_seed":false,"campfire_upgraded":3,"win_rate":0.0,"timestamp":1614376964,"path_taken":["M","$","?","M","?","R","?","R","T","?","?","?","M","M","R","BOSS","M","$","M","?","M","R","E","?","T","?","M","?","?","M","R","BOSS","M","$","M","$","?","R","?","?","T","M"],"items_purchased_type":[],"build_version":"2020-12-22","purchased_purges":3,"victory":false,"max_hp_per_floor":[72,72,72,72,72,72,77,77,77,77,77,77,77,77,77,77,77,77,77,77,77,77,77,77,77,77,77,77,77,77,77,77,77,77,77,77,77,77,77,77,77,77,77,77,77],"card_choices":[{"not_picked":["Study","ClearTheMind"],"picked":"FearNoEvil","floor":1.0},{"not_picked":["PathToVictory","Evaluate","Collect"],"picked":"SKIP","floor":4.0},{"not_picked":["CrushJoints","CarveReality","WreathOfFlame"],"picked":"SKIP","floor":12.0},{"not_picked":["Perseverance","CrushJoints","Vengeance"],"picked":"SKIP","floor":13.0},{"not_picked":["SashWhip","Tantrum","Crescendo"],"picked":"SKIP","floor":14.0},{"not_picked":["DeceiveReality","SashWhip","TalkToTheHand"],"picked":"SKIP","floor":18.0},{"not_picked":["Swivel","CutThroughFate","Protect"],"picked":"SKIP","floor":20.0},{"not_picked":["Crescendo+1","ClearTheMind","JustLucky"],"picked":"SKIP","floor":21.0},{"not_picked":["EmptyBody","JustLucky","ThirdEye"],"picked":"SKIP","floor":22.0},{"not_picked":["ThirdEye","CrushJoints","Establishment"],"picked":"SKIP","floor":24.0},{"not_picked":["SandsOfTime","Prostrate","Evaluate"],"picked":"SKIP","floor":28.0},{"not_picked":["ClearTheMind+1","Evaluate","PathToVictory"],"picked":"SKIP","floor":31.0},{"not_picked":["SandsOfTime+1","BowlingBash","CrushJoints+1"],"picked":"SKIP","floor":35},{"not_picked":["CrushJoints","Prostrate","JustLucky+1"],"picked":"SKIP","floor":37},{"not_picked":["FearNoEvil+1","CutThroughFate","ThirdEye"],"picked":"SKIP","floor":41},{"not_picked":["ClearTheMind+1","EmptyFist+1","Wireheading"],"picked":"SKIP","floor":42}],"player_experience":78718,"relics_obtained":[{"floor":9.0,"key":"Mercury Hourglass"},{"floor":24.0,"key":"Letter Opener"},{"floor":26.0,"key":"White Beast Statue"},{"floor":43,"key":"Molten Egg 2"}],"event_choices":[{"damage_healed":0.0,"max_hp_gain":0.0,"max_hp_loss":0.0,"gold_gain":0.0,"event_name":"Liars Game","player_choice":"Ignored","floor":3.0,"gold_loss":0.0,"damage_taken":0.0},{"cards_removed":["Strike_P"],"damage_healed":0.0,"max_hp_gain":0.0,"max_hp_loss":0.0,"gold_gain":0.0,"event_name":"Golden Wing","player_choice":"Card Removal","floor":5.0,"gold_loss":0.0,"damage_taken":7.0},{"damage_healed":0.0,"max_hp_gain":5.0,"max_hp_loss":0.0,"gold_gain":0.0,"event_name":"Big Fish","player_choice":"Donut","floor":7.0,"gold_loss":0.0,"damage_taken":0.0},{"damage_healed":0.0,"max_hp_gain":0.0,"max_hp_loss":0.0,"gold_gain":0.0,"event_name":"Shining Light","player_choice":"Entered Light","floor":10.0,"gold_loss":0.0,"damage_taken":15.0,"cards_upgraded":["Strike_P","Vigilance"]},{"damage_healed":0.0,"max_hp_gain":0.0,"max_hp_loss":0.0,"gold_gain":0.0,"event_name":"Addict","player_choice":"Obtained Relic","floor":25.0,"gold_loss":85.0,"damage_taken":0.0,"relics_obtained":["Blood Vial"]},{"damage_healed":0.0,"max_hp_gain":0.0,"max_hp_loss":0.0,"gold_gain":0.0,"event_name":"Cursed Tome","player_choice":"Ignored","floor":27.0,"gold_loss":0.0,"damage_taken":0.0},{"damage_healed":25.0,"max_hp_gain":0.0,"max_hp_loss":0.0,"gold_gain":0.0,"event_name":"The Library","player_choice":"Heal","floor":29.0,"gold_loss":0.0,"damage_taken":0.0},{"damage_healed":0.0,"max_hp_gain":0.0,"max_hp_loss":0.0,"gold_gain":0.0,"event_name":"Ghosts","player_choice":"Ignored","floor":30.0,"gold_loss":0.0,"damage_taken":0.0},{"damage_healed":0,"gold_gain":0,"player_choice":"Bought 0 Potions","damage_taken":0,"max_hp_gain":0,"max_hp_loss":0,"event_name":"The Woman in Blue","floor":39,"gold_loss":0}],"is_beta":false,"boss_relics":[{"not_picked":["Ectoplasm","Calling Bell"],"picked":"Pandora\u0027s Box"},{"not_picked":["Cursed Key","Philosopher\u0027s Stone"],"picked":"Black Star"}],"items_purged_floors":[2,19,36],"is_endless":false,"potions_floor_spawned":[1,16,18,21,22,28,31,33,35,37,41,42],"killed_by":"Jaw Worm Horde","ascension_level":0}}