{"host":"mqhvlr3kpxebko0t","time":1614324002,"event":{"mods":["AchievementEnabler","BaseMod","Colored Map","Colored Powertips","KOR Keyword Fix","Keyboard Shortcuts","Minty Spire (QoL Compilation)","StSLib","SuperFastMode"],"gold_per_floor":[113,38,38,57,57,91,91,108,108,127,107,107,133,143,143,221,221,191,116,133,185,197,112,112,112,138,148,148,73,73,89,89,89,89],"floor_reached":33,"language":"KOR","playtime":605,"items_purged":["Bash"],"score":564,"play_id":"c6876996-afc1-4fe3-b9c6-2b52f543821a","local_time":"20210226162002","is_ascension_mode":true,"campfire_choices":[{"data":"Uppercut","floor":7.0,"key":"SMITH"},{"data":"Wild Strike","floor":12.0,"key":"SMITH"},{"data":"Evolve","floor":15,"key":"SMITH"},{"data":"Burning Pact","floor":25,"key":"SMITH"},{"data":"Battle Trance","floor":28,"key":"SMITH"},{"data":"Power Through","floor":30,"key":"SMITH"},{"data":"Sever Soul","floor":32,"key":"SMITH"}],"circlet_count":0,"master_deck":["AscendersBane","Defend_R","Defend_R","Defend_R","Defend_R","Uppercut+1","Evolve+1","Wild Strike+1","Power Through+1","Sever Soul+1","Sword Boomerang+1","Power Through+1","Body Slam+1","Battle Trance+1","Burning Pact+1"],"relics":["Burning Blood","NeowsBlessing","WingedGreaves","Self Forming Clay","TungstenRod","Art of War","Astrolabe","Strawberry","CeramicFish","Tiny Chest"],"acts_visited":["Exordium","TheCity"],"potions_floor_usage":[22,24,33,33],"damage_taken":[{"damage":0.0,"enemies":"Jaw Worm","floor":1.0,"turns":1.0},{"damage":0.0,"enemies":"Small Slimes","floor":4.0,"turns":1.0},{"damage":0.0,"enemies":"Gremlin Nob","floor":6.0,"turns":1.0},{"damage":0.0,"enemies":"Cultist","floor":8.0,"turns":4.0},{"damage":2.0,"enemies":"Blue Slaver","floor":10.0,"turns":4.0},{"damage":25.0,"enemies":"Lagavulin","floor":13.0,"turns":5.0},{"damage":21.0,"enemies":"Exordium Thugs","floor":14.0,"turns":5.0},{"damage":8,"enemies":"The Guardian","floor":16,"turns":12},{"damage":17,"enemies":"2 Thieves","floor":18,"turns":4},{"damage":0,"enemies":"Chosen","floor":20,"turns":4},{"damage":19,"enemies":"Centurion and Healer","floor":22,"turns":8},{"damage":0,"enemies":"3 Cultists","floor":24,"turns":1},{"damage":27,"enemies":"Snecko","floor":27,"turns":6},{"damage":22,"enemies":"Cultist and Chosen","floor":31,"turns":5},{"damage":3,"enemies":"Champ","floor":33,"turns":11}],"seed_played":"1756341975945275210","potions_obtained":[{"floor":8.0,"key":"Swift Potion"},{"floor":11.0,"key":"Explosive Potion"},{"floor":13.0,"key":"SmokeBomb"},{"floor":14,"key":"Fire Potion"},{"floor":16,"key":"BloodPotion"},{"floor":22,"key":"SmokeBomb"},{"floor":27,"key":"EntropicBrew"}],"is_trial":false,"path_per_floor":["M","?","$","M","?","E","R","M","T","M","?","R","E","M","R","B",null,"M","?","M","T","M","?","M","R","T","M","R","$","R","M","R","B"],"character_chosen":"IRONCLAD","items_purchased":[],"campfire_rested":0,"item_purchase_floors":[],"current_hp_per_floor":[74,74,74,75,57,63,63,69,69,73,73,73,54,39,39,37,66,55,55,61,68,71,71,77,77,77,56,56,56,56,40,40,37,37],"gold":89,"neow_bonus":"THREE_ENEMY_KILL","is_daily":false,"chose_seed":false,"campfire_upgraded":7,"win_rate":0.0,"timestamp":1614324002,"path_taken":["M","?","$","M","?","E","R","M","T","M","?","R","E","?","R","BOSS","M","?","M","?","M","?","M","R","T","M","R","?","R","M","R","BOSS"],"items_purchased_type":[],"build_version":"2020-12-22","purchased_purges":1,"victory":false,"max_hp_per_floor":[75,75,75,75,75,75,75,75,75,75,75,75,75,75,75,75,75,75,75,75,82,82,82,82,82,82,82,82,82,82,82,82,82,82],"card_choices":[{"not_picked":["Warcry","Perfected Strike"],"picked":"Uppercut","floor":1.0},{"not_picked":["Metallicize","Thunderclap"],"picked":"Evolve","floor":4.0},{"not_picked":["Inflame","Combust"],"picked":"Wild Strike","floor":6.0},{"not_picked":["Perfected Strike","Armaments","Entrench"],"picked":"SKIP","floor":8.0},{"not_picked":["Wild Strike","Armaments","Thunderclap"],"picked":"SKIP","floor":10.0},{"not_picked":["Combust","Limit Break"],"picked":"Power Through","floor":13.0},{"not_picked":["Flame Barrier","Clash"],"picked":"Sever Soul","floor":14},{"not_picked":["Intimidate","Havoc"],"picked":"Battle Trance","floor":18},{"not_picked":["Havoc","Bloodletting","Dual Wield"],"picked":"SKIP","floor":20},{"not_picked":["True Grit","Power Through"],"picked":"Burning Pact","floor":22},{"not_picked":["Cleave+1","Blood for Blood","Combust"],"picked":"SKIP","floor":27},{"not_picked":["Hemokinesis","Headbutt","Warcry"],"picked":"SKIP","floor":31}],"player_experience":721723,"relics_obtained":[{"floor":6.0,"key":"Self Forming Clay"},{"floor":9.0,"key":"TungstenRod"},{"floor":13.0,"key":"Art of War"},{"floor":21,"key":"Strawberry"},{"floor":26,"key":"Tiny Chest"}],"event_choices":[{"cards_removed":["Strike_R"],"damage_healed":0.0,"max_hp_gain":0.0,"max_hp_loss":0.0,"gold_gain":0.0,"event_name":"The Cleric","player_choice":"Card Removal","floor":2.0,"gold_loss":75.0,"damage_taken":0.0},{"damage_healed":0.0,"max_hp_gain":0.0,"max_hp_loss":0.0,"gold_gain":0.0,"event_name":"Scrap Ooze","player_choice":"Success","floor":5.0,"gold_loss":0.0,"damage_taken":18.0,"relics_obtained":["WingedGreaves"]},{"damage_healed":0.0,"max_hp_gain":0.0,"max_hp_loss":0.0,"gold_gain":0.0,"event_name":"The Woman in Blue","player_choice":"Bought 1 Potion","floor":11.0,"gold_loss":0.0,"damage_taken":0.0},{"cards_removed":["Strike_R"],"damage_healed":0,"gold_gain":0,"player_choice":"Gave Gold","damage_taken":0,"max_hp_gain":0,"max_hp_loss":0,"event_name":"Beggar","floor":19,"gold_loss":75},{"damage_healed":0,"gold_gain":0,"player_choice":"Obtained Relic","damage_taken":0,"relics_obtained":["CeramicFish"],"max_hp_gain":0,"max_hp_loss":0,"event_name":"Addict","floor":23,"gold_loss":85}],"is_beta":false,"boss_relics":[{"not_picked":["Ectoplasm","Philosopher\u0027s Stone"],"picked":"Astrolabe"}],"items_purged_floors":[29],"is_endless":false,"potions_floor_spawned":[8,13,14,16,22,24,27,31],"killed_by":"Champ","ascension_level":20}}