{"host":"dyzdf8svqmiivg97","time":1614333770,"event":{"mods":["AchievementEnabler","BaseMod","Colored Map","DeckTracker","Minty Spire (QoL Compilation)","Quick Restart","Rare Cards Sparkle","SuperFastMode"],"gold_per_floor":[110,110,125,142,156,156,172,198,248,248,259,259,278,278,278,353,353,366,206,219,18,35,35,69,69,69,69,69,69,87,87,87,161,161,171,171,196,214,225,255,255,78,154,154,29,29,29,43,43,43],"floor_reached":51,"language":"KOR","playtime":1297,"items_purged":["Strike_P","Strike_P+1","Defend_P+1"],"score":1481,"play_id":"9793b52a-e1a3-4783-95ef-c0dc6938bae7","local_time":"20210226190250","is_ascension_mode":true,"campfire_choices":[{"data":"ForeignInfluence","floor":6,"key":"SMITH"},{"floor":12,"key":"REST"},{"data":"WheelKick","floor":15,"key":"SMITH"},{"data":"Strike_P","floor":23,"key":"PURGE"},{"data":"Defend_P","floor":25,"key":"PURGE"},{"data":"Clumsy","floor":28,"key":"PURGE"},{"data":"Strike_P+1","floor":32,"key":"PURGE"},{"data":"Regret","floor":44,"key":"PURGE"},{"data":"Defend_P+1","floor":47,"key":"PURGE"},{"data":"Scrawl","floor":49,"key":"SMITH"}],"circlet_count":0,"master_deck":["AscendersBane","Eruption+1","Vigilance","ForeignInfluence+1","EmptyFist+1","WheelKick+1","InnerPeace+1","DeusExMachina","MentalFortress+1","TalkToTheHand+1","Indignation","MentalFortress+1","Meditate","Scrawl+1","Scrawl+1","Tantrum"],"relics":["PureWater","Peace Pipe","Orichalcum","InkBottle","Toy Ornithopter","Cursed Key","Orrery","Pear","Happy Flower","Sozu","Gambling Chip","TungstenRod","Darkstone Periapt"],"acts_visited":["Exordium","TheCity","TheBeyond"],"potions_floor_usage":[18,20,39],"damage_taken":[{"damage":2,"enemies":"Small Slimes","floor":1,"turns":3},{"damage":0,"enemies":"2 Louse","floor":3,"turns":2},{"damage":0,"enemies":"Cultist","floor":4,"turns":4},{"damage":0,"enemies":"Large Slime","floor":5,"turns":4},{"damage":0,"enemies":"3 Louse","floor":7,"turns":3},{"damage":20,"enemies":"Lagavulin","floor":8,"turns":3},{"damage":3,"enemies":"Blue Slaver","floor":11,"turns":3},{"damage":9,"enemies":"Looter","floor":13,"turns":3},{"damage":0,"enemies":"Slime Boss","floor":16,"turns":6},{"damage":7,"enemies":"Shell Parasite","floor":18,"turns":2},{"damage":0,"enemies":"2 Thieves","floor":20,"turns":2},{"damage":0,"enemies":"Centurion and Healer","floor":22,"turns":3},{"damage":0,"enemies":"Book of Stabbing","floor":24,"turns":3},{"damage":0,"enemies":"3 Cultists","floor":30,"turns":4},{"damage":25,"enemies":"Champ","floor":33,"turns":8},{"damage":0,"enemies":"3 Darklings","floor":35,"turns":2},{"damage":0,"enemies":"Mind Bloom Boss Battle","floor":37,"turns":1},{"damage":0,"enemies":"Orb Walker","floor":38,"turns":2},{"damage":0,"enemies":"Writhing Mass","floor":39,"turns":2},{"damage":0,"enemies":"Giant Head","floor":40,"turns":3},{"damage":0,"enemies":"Jaw Worm Horde","floor":48,"turns":1},{"damage":0,"enemies":"Donu and Deca","floor":50,"turns":7}],"seed_played":"4574163867925090723","potions_obtained":[{"floor":1,"key":"ColorlessPotion"},{"floor":7,"key":"EssenceOfSteel"},{"floor":11,"key":"Fire Potion"},{"floor":22,"key":"Ancient Potion"},{"floor":24,"key":"FairyPotion"},{"floor":33,"key":"LiquidMemories"}],"is_trial":false,"path_per_floor":["M","?","M","M","M","R","M","E","T","?","M","R","M","?","R","B",null,"M","$","M","$","M","R","E","R","T","?","R","?","M","$","R","B",null,"M","?","?","M","M","E","?","$","T","R","$","?","R","M","R","B",null],"character_chosen":"WATCHER","items_purchased":["MentalFortress","Indignation","Orrery","Tantrum"],"campfire_rested":1,"item_purchase_floors":[19,21,21,42],"current_hp_per_floor":[41,41,41,41,41,41,41,21,21,10,7,27,18,18,18,18,56,54,54,59,59,59,59,69,69,69,69,69,69,69,69,69,44,70,70,70,70,70,74,74,74,74,74,74,74,74,74,74,74,74],"gold":43,"neow_bonus":"THREE_RARE_CARDS","is_daily":false,"chose_seed":false,"campfire_upgraded":3,"win_rate":0.0,"timestamp":1614333770,"path_taken":["M","?","M","M","M","R","M","E","T","?","M","R","M","?","R","BOSS","M","$","M","$","M","R","E","R","T","?","R","?","M","$","R","BOSS","M","?","?","M","M","E","?","$","T","R","$","?","R","M","R","BOSS"],"items_purchased_type":["Card","Card","Relic","Card"],"build_version":"2020-12-22","purchased_purges":3,"victory":true,"max_hp_per_floor":[68,68,68,68,68,68,68,68,68,68,68,68,68,68,68,68,68,68,68,68,68,68,68,78,78,78,78,78,78,78,78,78,78,78,78,74,74,74,74,74,74,74,74,74,74,74,74,74,74,74],"card_choices":[{"not_picked":["MasterReality","Alpha"],"picked":"LessonLearned","floor":0},{"not_picked":["Sanctity","EmptyBody"],"picked":"ForeignInfluence","floor":1},{"not_picked":["JustLucky","Fasting2"],"picked":"EmptyFist","floor":3},{"not_picked":["ReachHeaven","WreathOfFlame","ClearTheMind"],"picked":"SKIP","floor":4},{"not_picked":["FlyingSleeves","DeceiveReality","WreathOfFlame"],"picked":"SKIP","floor":5},{"not_picked":["Ragnarok","CrushJoints"],"picked":"WheelKick","floor":7},{"not_picked":["Protect","Evaluate"],"picked":"InnerPeace","floor":8},{"not_picked":["Prostrate","SignatureMove","EmptyFist"],"picked":"SKIP","floor":11},{"not_picked":["FlurryOfBlows","Collect","LikeWater"],"picked":"SKIP","floor":13},{"not_picked":["Wish","Ragnarok"],"picked":"DeusExMachina","floor":16},{"not_picked":["Halt","Prostrate","CrushJoints"],"picked":"SKIP","floor":18},{"not_picked":["WaveOfTheHand","PathToVictory"],"picked":"TalkToTheHand","floor":20},{"not_picked":["FollowUp","EmptyMind"],"picked":"MentalFortress","floor":21},{"not_picked":["Wallop","BowlingBash+1"],"picked":"Meditate","floor":22},{"not_picked":["LikeWater+1","SpiritShield"],"picked":"Scrawl","floor":24},{"not_picked":["Wireheading","Nirvana","Sanctity+1"],"picked":"SKIP","floor":30},{"not_picked":["LessonLearned","Omniscience"],"picked":"Scrawl","floor":33},{"not_picked":["SashWhip","CarveReality","Study"],"picked":"SKIP","floor":35},{"not_picked":["WheelKick","LikeWater","Devotion"],"picked":"SKIP","floor":38},{"not_picked":["ClearTheMind","Worship","EmptyFist"],"picked":"SKIP","floor":39},{"not_picked":["LikeWater","Perseverance+1","Prostrate+1"],"picked":"SKIP","floor":40},{"not_picked":["JustLucky+1","Evaluate","PathToVictory"],"picked":"SKIP","floor":48}],"player_experience":612599,"relics_obtained":[{"floor":8,"key":"Peace Pipe"},{"floor":9,"key":"Orichalcum"},{"floor":14,"key":"Toy Ornithopter"},{"floor":24,"key":"Pear"},{"floor":26,"key":"Happy Flower"},{"floor":37,"key":"Gambling Chip"},{"floor":40,"key":"TungstenRod"},{"floor":43,"key":"Darkstone Periapt"}],"event_choices":[{"damage_healed":0,"gold_gain":0,"player_choice":"Ignored","damage_taken":0,"max_hp_gain":0,"max_hp_loss":0,"event_name":"Liars Game","floor":2,"gold_loss":0},{"damage_healed":0,"gold_gain":0,"player_choice":"Success","damage_taken":11,"relics_obtained":["InkBottle"],"max_hp_gain":0,"max_hp_loss":0,"event_name":"Scrap Ooze","floor":10,"gold_loss":0},{"damage_healed":0,"gold_gain":0,"player_choice":"Relic","damage_taken":0,"max_hp_gain":0,"max_hp_loss":0,"event_name":"Wheel of Change","floor":14,"gold_loss":0},{"damage_healed":0,"gold_gain":0,"player_choice":"Ignored","damage_taken":0,"max_hp_gain":0,"max_hp_loss":0,"event_name":"Vampires","floor":27,"gold_loss":0},{"cards_removed":["Defend_P"],"damage_healed":0,"gold_gain":0,"player_choice":"Elegance","damage_taken":0,"max_hp_gain":0,"max_hp_loss":0,"event_name":"Back to Basics","floor":29,"gold_loss":0},{"damage_healed":0,"gold_gain":0,"player_choice":"Max HP","damage_taken":0,"max_hp_gain":0,"max_hp_loss":4,"event_name":"Winding Halls","floor":36,"gold_loss":0},{"damage_healed":0,"gold_gain":0,"player_choice":"Fight","damage_taken":0,"max_hp_gain":0,"max_hp_loss":0,"event_name":"MindBloom","floor":37,"gold_loss":0},{"cards_removed":["LessonLearned"],"damage_healed":0,"gold_gain":0,"player_choice":"Removed Attack","damage_taken":0,"max_hp_gain":0,"max_hp_loss":0,"event_name":"Falling","floor":41,"gold_loss":0},{"damage_healed":0,"gold_gain":0,"player_choice":"Memory 1","damage_taken":0,"max_hp_gain":0,"max_hp_loss":0,"event_name":"SensoryStone","floor":46,"gold_loss":0}],"is_beta":false,"boss_relics":[{"not_picked":["SlaversCollar","Astrolabe"],"picked":"Cursed Key"},{"not_picked":["Tiny House","Philosopher\u0027s Stone"],"picked":"Sozu"}],"items_purged_floors":[19,42,45],"is_endless":false,"potions_floor_spawned":[1,7,11,13,16,22,24,33,35,38,39],"ascension_level":16}}