{"host":"zksvs3x2ysy9npnz","time":1614379686,"event":{"mods":["Aspiration","BaseMod","Beaked The Cultist","BetterRewards","Clockwork Mod","Colored Map","Conspire","Downfall","Halation","Highlight Path","Hubris","Infinite Spire","Jedi Mod","Magitek Elite","Minty Spire (QoL Compilation)","Permanent Neow","Quick Restart","Relic Stats","Shop Mod","StSLib","The Runesmith","The Witch"],"gold_per_floor":[117,127,137,237,237,265,265,284,354,354,388,399,399,399,399],"floor_reached":14,"language":"FRA","playtime":891,"items_purged":[],"score":275,"play_id":"49037474-3977-472b-b303-97fb4dd66a02","local_time":"20210226234806","is_ascension_mode":true,"campfire_choices":[{"data":"Fire2","floor":7,"key":"SMITH"},{"data":"Fire2","floor":10,"key":"SMITH"},{"data":"Cure","floor":13,"key":"SMITH"}],"circlet_count":0,"master_deck":["AscendersBane","Strike_L","Strike_L","Strike_L","Strike_L","Defend_L","Defend_L","Defend_L","Defend_L","Defend_L","Fire2+2","Cure","Bravery","Slow","Magnus_Hat","downfall:Haunted","downfall:Haunted","Writhe","Remember","Parasite","hubris:Envy","Break","Circlet","Blizzard_P","Falchion"],"relics":["Pendant","NeowsBlessing","Du-Vu Doll","halation:EternalFortune","jedi:crownofsimplicity","jedi:angrymask","Angel_Ring"],"acts_visited":["Exordium"],"potions_floor_usage":[6,11,12],"damage_taken":[{"damage":0,"enemies":"infinitespire:Voidling","floor":1,"turns":1},{"damage":1,"enemies":"2 Louse","floor":2,"turns":2},{"damage":0,"enemies":"Small Slimes","floor":3,"turns":2},{"damage":19,"enemies":"Lagavulin","floor":6,"turns":5},{"damage":20,"enemies":"conspire:2 RoseBushes","floor":8,"turns":7},{"damage":12,"enemies":"3 Sentries","floor":11,"turns":5},{"damage":10,"enemies":"Exordium Wildlife","floor":12,"turns":2},{"damage":51,"enemies":"Gremlin Nob","floor":14,"turns":4}],"seed_played":"2852394473837396292","potions_obtained":[{"floor":1,"key":"DistilledChaos"},{"floor":3,"key":"DuplicationPotion"},{"floor":11,"key":"FearPotion"},{"floor":12,"key":"DuplicationPotion"}],"is_trial":false,"path_per_floor":["M","M","M","?","?","E","R","M","T","R","E","M","R","E"],"character_chosen":"MAGITEKELITE","items_purchased":[],"campfire_rested":0,"item_purchase_floors":[],"current_hp_per_floor":[53,52,58,63,66,53,53,45,45,45,36,26,26,0,0],"gold":399,"neow_bonus":"THREE_ENEMY_KILL","is_daily":false,"chose_seed":false,"campfire_upgraded":3,"win_rate":0.0,"timestamp":1614379686,"path_taken":["M","?","?","?","?","E","R","?","T","R","E","M","R","E"],"items_purchased_type":[],"build_version":"2020-12-22","purchased_purges":0,"victory":false,"max_hp_per_floor":[59,59,59,64,67,67,67,67,67,67,70,70,70,70,70],"relic_stats":{"counters":[8,28],"obtain_stats":[{"Du-Vu Doll":4,"jedi:angrymask":9,"NeowsBlessing":0,"Pendant":0,"Angel_Ring":11,"halation:EternalFortune":5,"jedi:crownofsimplicity":6},{"Du-Vu Doll":3,"jedi:angrymask":5,"NeowsBlessing":0,"Pendant":0,"Angel_Ring":6,"halation:EternalFortune":3,"jedi:crownofsimplicity":4},{"Du-Vu Doll":5,"jedi:angrymask":17,"NeowsBlessing":0,"Pendant":0,"Angel_Ring":22,"halation:EternalFortune":5,"jedi:crownofsimplicity":10}]},"card_choices":[{"not_picked":["Flametongue","Holy"],"picked":"Bravery","floor":1},{"not_picked":["Transpose2","Cursed_Shield"],"picked":"Slow","floor":2},{"not_picked":["Tornado","Esuna"],"picked":"Magnus_Hat","floor":3},{"not_picked":["Slow","Focus"],"picked":"Break","floor":6},{"not_picked":["Vox","Water"],"picked":"Circlet","floor":8},{"not_picked":["Esuna","Might"],"picked":"Blizzard_P","floor":11},{"not_picked":["Flare","Slow"],"picked":"Falchion","floor":12}],"player_experience":1970717,"relics_obtained":[{"floor":6,"key":"jedi:crownofsimplicity"},{"floor":9,"key":"jedi:angrymask"},{"floor":11,"key":"halation:EternalFortune"},{"floor":11,"key":"Angel_Ring"}],"event_choices":[],"is_beta":false,"boss_relics":[],"items_purged_floors":[],"is_endless":false,"potions_floor_spawned":[1,3,11,12],"killed_by":"Gremlin Nob","ascension_level":15}}