{"host":"9t0e9bfthbevvzk3","time":1614350762,"event":{"mods":["BaseMod","Colored Map","Colored Powertips","Marisa????????","Minty Spire (QoL Compilation)","StSLib"],"gold_per_floor":[113,124,142,67,67,95,95,107,107,107,135,85,96,115,115,213,213,224,224,224,235,9,9,9,39,111,137,137,151,167,180,180,275,275,291,304,227,247,247,274,274,274,274,274,89,109,139,155,155,155,155,155,58,88,88,88],"floor_reached":55,"language":"ENG","playtime":3228,"items_purged":["Parasite","Defend_MRS"],"score":790,"play_id":"6230bd24-1deb-49c2-b451-cbc7146e7fe0","local_time":"20210226154602","is_ascension_mode":true,"campfire_choices":[{"data":"BinaryStars","floor":10.0,"key":"SMITH"},{"data":"BlazingStar","floor":15.0,"key":"SMITH"},{"data":"MaximisePower","floor":23.0,"key":"SMITH"},{"data":"UpSweep","floor":32.0,"key":"SMITH"},{"data":"StarDustReverie","floor":41.0,"key":"SMITH"},{"data":"SporeBomb","floor":44,"key":"SMITH"},{"floor":49,"key":"RECALL"},{"data":"ChargeUpSpray","floor":52,"key":"SMITH"}],"circlet_count":0,"master_deck":["Strike_MRS","Strike_MRS","Strike_MRS","Defend_MRS","Defend_MRS","MasterSpark","UpSweep+1","BinaryStars+1","StarBarrage+1","Acceleration","SporeBomb+1","EventHorizon","BlazingStar+1","EnergyFlow+1","MaximisePower+1","ShootTheMoon","Occultation+1","Singularity+1","OrrerysSun+1","EarthLightRay+1","StarDustReverie+1","OortCloud+1","ChargeUpSpray+1","PropBag"],"relics":["BewitchedHakkero","Sundial","Frozen Egg 2","Potion Belt","Anchor","Enchiridion","Membership Card","Meat on the Bone","Nunchaku","Orichalcum","SlaversCollar","Vajra","Lantern","HandmadeGrimoire","SimpleLauncher","Ancient Tea Set","Frozen Eye","Ice Cream","Mercury Hourglass"],"acts_visited":["Exordium","TheCity","TheBeyond","TheEnding"],"potions_floor_usage":[55,55,55],"damage_taken":[{"damage":1.0,"enemies":"2 Louse","floor":1.0,"turns":3.0},{"damage":1.0,"enemies":"Jaw Worm","floor":2.0,"turns":3.0},{"damage":0.0,"enemies":"Small Slimes","floor":3.0,"turns":3.0},{"damage":8.0,"enemies":"Lagavulin","floor":6.0,"turns":6.0},{"damage":2.0,"enemies":"Gremlin Gang","floor":8.0,"turns":4.0},{"damage":26.0,"enemies":"3 Sentries","floor":11.0,"turns":6.0},{"damage":0.0,"enemies":"Large Slime","floor":13.0,"turns":2.0},{"damage":6.0,"enemies":"3 Louse","floor":14.0,"turns":3.0},{"damage":2.0,"enemies":"Slime Boss","floor":16.0,"turns":4.0},{"damage":15.0,"enemies":"2 Thieves","floor":18.0,"turns":3.0},{"damage":0.0,"enemies":"Chosen","floor":21.0,"turns":2.0},{"damage":32.0,"enemies":"Gremlin Leader","floor":25.0,"turns":6.0},{"damage":17.0,"enemies":"Slavers","floor":27.0,"turns":3.0},{"damage":0.0,"enemies":"Snecko","floor":29.0,"turns":3.0},{"damage":0.0,"enemies":"Cultist and Chosen","floor":30.0,"turns":3.0},{"damage":14.0,"enemies":"Sentry and Sphere","floor":31.0,"turns":7.0},{"damage":45.0,"enemies":"Champ","floor":33.0,"turns":8.0},{"damage":11.0,"enemies":"3 Shapes","floor":35.0,"turns":5.0},{"damage":0.0,"enemies":"Orb Walker","floor":36.0,"turns":3.0},{"damage":18.0,"enemies":"3 Darklings","floor":38.0,"turns":8.0},{"damage":8.0,"enemies":"Reptomancer","floor":40.0,"turns":2.0},{"damage":1,"enemies":"Jaw Worm Horde","floor":46,"turns":5},{"damage":3,"enemies":"Giant Head","floor":47,"turns":5},{"damage":4,"enemies":"Maw","floor":48,"turns":5},{"damage":13,"enemies":"Time Eater","floor":50,"turns":5},{"damage":36,"enemies":"Shield and Spear","floor":54,"turns":3},{"damage":73,"enemies":"The Heart","floor":55,"turns":5}],"seed_played":"-5329633292628891551","potions_obtained":[{"floor":3.0,"key":"Energy Potion"},{"floor":13.0,"key":"SneckoOil"},{"floor":16.0,"key":"Energy Potion"},{"floor":18.0,"key":"StarNLove"},{"floor":27.0,"key":"Ancient Potion"},{"floor":31.0,"key":"Strength Potion"},{"floor":33.0,"key":"SkillPotion"},{"floor":35.0,"key":"CultistPotion"},{"floor":38.0,"key":"BottledSpark"},{"floor":46,"key":"SmokeBomb"}],"is_trial":false,"path_per_floor":["M","M","M","$","?","E","?","M","T","R","E","?","M","M","R","B",null,"M","?","?","M","$","R","T","E","T","E","?","M","M","M","R","B",null,"M","M","$","M","?","E","R","?","T","R","$","M","E","M","R","B",null,"R","$","E","B"],"character_chosen":"MARISA","items_purchased":["Membership Card","Singularity+1","Vajra","SimpleLauncher","ChargeUpSpray","Frozen Eye","PropBag"],"campfire_rested":0,"item_purchase_floors":[22,22,37,45,45,53,53],"current_hp_per_floor":[74,73,73,72,77,69,69,67,67,67,41,41,41,35,35,33,77,62,62,46,46,46,46,46,26,26,21,21,33,39,43,43,16,77,66,72,72,60,60,52,52,52,52,52,52,51,54,56,56,49,73,73,73,37,0,0],"gold":88,"neow_bonus":"THREE_RARE_CARDS","is_daily":false,"chose_seed":false,"campfire_upgraded":7,"win_rate":0.0,"timestamp":1614350762,"path_taken":["M","M","M","$","?","E","?","?","T","R","E","?","M","M","R","BOSS","M","?","?","M","$","R","?","E","T","E","?","M","M","M","R","BOSS","M","?","$","M","?","E","R","?","T","R","$","?","E","M","R","BOSS","R","$","E","BOSS"],"items_purchased_type":["Relic","Card","Relic","Relic","Card","Relic","Card"],"build_version":"2020-12-22","purchased_purges":2,"victory":false,"max_hp_per_floor":[75,75,75,72,77,77,77,77,77,77,77,77,77,77,77,77,77,77,77,77,77,77,77,77,77,77,77,77,77,77,77,77,77,77,77,77,77,77,73,73,73,73,73,73,73,73,73,73,73,73,73,73,73,73,73,73],"card_choices":[{"not_picked":["CollectingQuirk","FinalSpark"],"picked":"BinaryStars","floor":0.0},{"not_picked":["PowerUp","MysteriousBeam"],"picked":"StarBarrage","floor":1.0},{"not_picked":["StarBarrage","GrandCross","WitchLeyline"],"picked":"SKIP","floor":2.0},{"not_picked":["WitchOfGreed","AsteroidBelt"],"picked":"Acceleration","floor":3.0},{"not_picked":["LuminesStrike","WitchLeyline"],"picked":"SporeBomb","floor":6.0},{"not_picked":["DarkMatter","WitchOfGreed"],"picked":"EventHorizon","floor":8.0},{"not_picked":["NonDirectionalLaser","UnstableBomb"],"picked":"BlazingStar","floor":11.0},{"not_picked":["LuminesStrike","OneTimeOff","WitchLeyline"],"picked":"SKIP","floor":13.0},{"not_picked":["Robbery","OortCloud+1"],"picked":"EnergyFlow+1","floor":14.0},{"not_picked":["FinalSpark","SatelliteIllusion+1"],"picked":"MaximisePower","floor":16.0},{"not_picked":["SporeBomb","MagicAbsorber+1"],"picked":"ShootTheMoon","floor":18.0},{"not_picked":["DarkMatter","PowerUp"],"picked":"Occultation+1","floor":21.0},{"not_picked":["MilkyWay","GalacticHalo","UnstableBomb+1"],"picked":"SKIP","floor":25.0},{"not_picked":["SuperPerseids","6A+1"],"picked":"OrrerysSun+1","floor":27.0},{"not_picked":["FairyDestructionRay","WitchOfGreed+1"],"picked":"EarthLightRay+1","floor":29.0},{"not_picked":["EventHorizon+1","Acceleration","MilkyWay"],"picked":"SKIP","floor":30.0},{"not_picked":["WitchLeyline+1","NonDirectionalLaser","MachineGunSpark"],"picked":"SKIP","floor":31.0},{"not_picked":["FinalSpark","MaximisePower"],"picked":"StarDustReverie","floor":33.0},{"not_picked":["DoubleSpark+1","IllusionStar"],"picked":"OortCloud+1","floor":35.0},{"not_picked":["LuminesStrike","DarkSpark+1","AlicesGift"],"picked":"SKIP","floor":36.0},{"not_picked":["AlicesGift","6A+1","FairyDestructionRay+1"],"picked":"SKIP","floor":38.0},{"not_picked":["DarkSpark","EventHorizon+1","Occultation"],"picked":"SKIP","floor":40.0},{"not_picked":["MysteriousBeam+1","WitchLeyline","DeepEcoloBomb"],"picked":"SKIP","floor":46},{"not_picked":["Acceleration+1","Robbery","Occultation+1"],"picked":"SKIP","floor":47},{"not_picked":["LuminesStrike+1","MilkyWay+1","MachineGunSpark+1"],"picked":"SKIP","floor":48},{"not_picked":["OpenUniverse","Acceleration","GalacticHalo+1"],"picked":"SKIP","floor":54}],"player_experience":525501,"relics_obtained":[{"floor":6.0,"key":"Sundial"},{"floor":9.0,"key":"Frozen Egg 2"},{"floor":11.0,"key":"Potion Belt"},{"floor":20.0,"key":"Enchiridion"},{"floor":24.0,"key":"Meat on the Bone"},{"floor":25.0,"key":"Nunchaku"},{"floor":27.0,"key":"Orichalcum"},{"floor":40.0,"key":"Lantern"},{"floor":43,"key":"HandmadeGrimoire"},{"floor":47,"key":"Ancient Tea Set"},{"floor":54,"key":"Ice Cream"}],"event_choices":[{"damage_healed":0.0,"max_hp_gain":5.0,"max_hp_loss":0.0,"gold_gain":0.0,"event_name":"Big Fish","player_choice":"Donut","floor":5.0,"gold_loss":0.0,"damage_taken":0.0},{"cards_removed":["Defend_MRS"],"damage_healed":0.0,"max_hp_gain":0.0,"max_hp_loss":0.0,"gold_gain":0.0,"event_name":"Living Wall","player_choice":"Forget","floor":7.0,"gold_loss":0.0,"damage_taken":0.0},{"cards_removed":["Strike_MRS"],"damage_healed":0.0,"max_hp_gain":0.0,"max_hp_loss":0.0,"gold_gain":0.0,"event_name":"The Cleric","player_choice":"Card Removal","floor":12.0,"gold_loss":50.0,"damage_taken":0.0},{"damage_healed":0.0,"max_hp_gain":0.0,"max_hp_loss":0.0,"gold_gain":0.0,"event_name":"The Mausoleum","player_choice":"Opened","floor":19.0,"gold_loss":0.0,"damage_taken":0.0,"relics_obtained":["Anchor"]},{"damage_healed":0.0,"max_hp_gain":0.0,"max_hp_loss":0.0,"gold_gain":0.0,"event_name":"Cursed Tome","player_choice":"Obtained Book","floor":20.0,"gold_loss":0.0,"damage_taken":16.0},{"damage_healed":0.0,"max_hp_gain":0.0,"max_hp_loss":0.0,"gold_gain":0.0,"event_name":"Upgrade Shrine","player_choice":"Upgraded","floor":28.0,"gold_loss":0.0,"damage_taken":0.0,"cards_upgraded":["StarBarrage"]},{"damage_healed":0.0,"max_hp_gain":0.0,"max_hp_loss":4.0,"gold_gain":0.0,"event_name":"Winding Halls","player_choice":"Max HP","floor":39.0,"gold_loss":0.0,"damage_taken":0.0},{"damage_healed":0,"gold_gain":0,"player_choice":"Ignored","damage_taken":0,"max_hp_gain":0,"max_hp_loss":0,"event_name":"SecretPortal","floor":42,"gold_loss":0}],"is_beta":false,"boss_relics":[{"not_picked":["Calling Bell","Empty Cage"],"picked":"BewitchedHakkero"},{"not_picked":["RampagingMagicTools","Tiny House"],"picked":"SlaversCollar"}],"items_purged_floors":[4,22],"is_endless":false,"potions_floor_spawned":[3,13,16,18,27,31,33,35,38,46],"killed_by":"The Heart","ascension_level":1}}