{"host":"mydft8i2zzydgggw","time":1614352937,"event":{"mods":["AchievementEnabler","BaseMod","Colored Map","Colored Powertips","DeckTracker","Keyboard Shortcuts","Minty Spire (QoL Compilation)","Rare Cards Sparkle","Relic Stats","StSLib","SuperFastMode","Together in Spire","everything is the same but u backflip on backflip"],"gold_per_floor":[115,132,148,162,162,162,176,176,176,44,55,67,81,81,81,158,158,169,169,69,89,89,104,104,119,144,144,159,212,212,212],"floor_reached":30,"language":"KOR","playtime":577,"items_purged":["Strike_B","Strike_B"],"score":454,"play_id":"7e30bf78-ee74-45bf-9dc7-952ddf2d4364","local_time":"20210227002217","is_ascension_mode":true,"campfire_choices":[{"data":"Recycle","floor":6,"key":"SMITH"},{"data":"Hologram","floor":15,"key":"SMITH"},{"floor":24,"key":"REST"},{"data":"Coolheaded","floor":27,"key":"SMITH"}],"circlet_count":0,"master_deck":["AscendersBane","Defend_B","Defend_B","Defend_B","Defend_B","Zap","Dualcast","Gash","Cold Snap","Gash","Recycle+1","Hologram+1","Gash","Gash","Scrape","Scrape","Genetic Algorithm","Coolheaded+1"],"relics":["Cracked Core","HornCleat","Sozu","Bag of Preparation","Lantern"],"acts_visited":["Exordium","TheCity"],"potions_floor_usage":[16,16],"damage_taken":[{"damage":2,"enemies":"Cultist","floor":1,"turns":4},{"damage":5,"enemies":"Small Slimes","floor":2,"turns":3},{"damage":2,"enemies":"Jaw Worm","floor":3,"turns":4},{"damage":21,"enemies":"Exordium Wildlife","floor":4,"turns":5},{"damage":6,"enemies":"Lots of Slimes","floor":7,"turns":5},{"damage":0,"enemies":"Large Slime","floor":11,"turns":4},{"damage":8,"enemies":"Blue Slaver","floor":12,"turns":3},{"damage":0,"enemies":"Lots of Slimes","floor":13,"turns":2},{"damage":15,"enemies":"The Guardian","floor":16,"turns":9},{"damage":14,"enemies":"Shell Parasite","floor":18,"turns":3},{"damage":0,"enemies":"Spheric Guardian","floor":21,"turns":3},{"damage":24,"enemies":"Cultist and Chosen","floor":23,"turns":5},{"damage":14,"enemies":"Snake Plant","floor":25,"turns":4},{"damage":13,"enemies":"Sentry and Sphere","floor":28,"turns":4},{"damage":17,"enemies":"Masked Bandits","floor":30,"turns":2}],"seed_played":"-3254178423919049653","potions_obtained":[{"floor":4,"key":"Dexterity Potion"},{"floor":7,"key":"Dexterity Potion"}],"is_trial":false,"path_per_floor":["M","M","M","M","?","R","M","?","T","$","M","M","M","$","R","B",null,"M","?","$","M","?","M","R","M","T","R","M","T","?"],"character_chosen":"DEFECT","items_purchased":["Gash"],"campfire_rested":1,"item_purchase_floors":[10],"current_hp_per_floor":[62,57,55,34,34,34,28,28,28,28,28,20,20,20,20,5,55,41,41,41,41,41,17,38,24,24,24,11,11,0,0],"gold":212,"neow_bonus":"THREE_CARDS","is_daily":false,"chose_seed":false,"campfire_upgraded":3,"win_rate":0.0,"timestamp":1614352937,"path_taken":["M","M","?","M","?","R","M","?","T","$","?","M","M","?","R","BOSS","M","?","$","M","?","?","R","M","T","R","M","?","?"],"items_purchased_type":["Card"],"build_version":"2020-12-22","purchased_purges":2,"victory":false,"max_hp_per_floor":[71,71,71,71,71,71,71,71,71,71,71,71,71,71,71,71,71,71,71,71,71,71,71,71,71,71,71,71,71,71,71],"relic_stats":{"Sozu":2,"counters":[15,60],"Bag of Preparation":[4],"obtain_stats":[{"Sozu":17,"Lantern":29,"HornCleat":9,"Bag of Preparation":26,"Cracked Core":0},{"Sozu":9,"Lantern":14,"HornCleat":5,"Bag of Preparation":13,"Cracked Core":0},{"Sozu":39,"Lantern":58,"HornCleat":21,"Bag of Preparation":54,"Cracked Core":0}]},"card_choices":[{"not_picked":["Turbo","FTL"],"picked":"Gash","floor":0},{"not_picked":["Stack","Lockon"],"picked":"Cold Snap","floor":1},{"not_picked":["Melter","Hello World"],"picked":"Gash","floor":2},{"not_picked":["Go for the Eyes","Storm"],"picked":"Recycle","floor":3},{"not_picked":["Sweeping Beam","Genetic Algorithm"],"picked":"Hologram","floor":4},{"not_picked":["Ball Lightning","Cold Snap"],"picked":"Gash","floor":7},{"not_picked":["Ball Lightning","Tempest"],"picked":"Scrape","floor":11},{"not_picked":["Scrape","Streamline","Sunder"],"picked":"SKIP","floor":12},{"not_picked":["Streamline","Sunder"],"picked":"Scrape","floor":12},{"not_picked":["Sweeping Beam","Compile Driver","Fission"],"picked":"SKIP","floor":13},{"not_picked":["Leap","Rebound","Go for the Eyes+1"],"picked":"SKIP","floor":18},{"not_picked":["Go for the Eyes","Storm"],"picked":"Genetic Algorithm","floor":21},{"not_picked":["Blizzard","Leap+1"],"picked":"Coolheaded","floor":23},{"not_picked":["Cold Snap","Doom and Gloom","Core Surge"],"picked":"SKIP","floor":25},{"not_picked":["Leap","Compile Driver","Blizzard"],"picked":"SKIP","floor":28}],"player_experience":307681,"relics_obtained":[{"floor":9,"key":"HornCleat"},{"floor":26,"key":"Bag of Preparation"},{"floor":29,"key":"Lantern"}],"event_choices":[{"cards_removed":["Strike_B"],"damage_healed":0,"gold_gain":0,"player_choice":"Forget","damage_taken":0,"max_hp_gain":0,"max_hp_loss":0,"event_name":"Living Wall","floor":5,"gold_loss":0},{"damage_healed":0,"gold_gain":0,"player_choice":"Searched \u00271\u0027 times","damage_taken":0,"max_hp_gain":0,"max_hp_loss":0,"event_name":"Dead Adventurer","floor":8,"gold_loss":0},{"damage_healed":0,"gold_gain":0,"player_choice":"Ignored","damage_taken":0,"max_hp_gain":0,"max_hp_loss":0,"event_name":"Vampires","floor":19,"gold_loss":0},{"cards_removed":["Strike_B"],"damage_healed":0,"gold_gain":0,"player_choice":"Offered Basic","damage_taken":0,"max_hp_gain":0,"max_hp_loss":0,"event_name":"Bonfire Elementals","floor":22,"gold_loss":0},{"damage_healed":0,"gold_gain":0,"player_choice":"Fought Bandits","damage_taken":0,"max_hp_gain":0,"max_hp_loss":0,"event_name":"Masked Bandits","floor":30,"gold_loss":0}],"is_beta":false,"boss_relics":[{"not_picked":["Philosopher\u0027s Stone","Coffee Dripper"],"picked":"Sozu"}],"items_purged_floors":[10,20],"is_endless":false,"potions_floor_spawned":[4,7,11,18,21],"killed_by":"Masked Bandits","ascension_level":18}}