{"host":"q75fusloz6zmuoth","time":1614333268,"event":{"mods":["BaseMod","Clawfect","Filter the Spire","Minty Spire (QoL Compilation)","Relic Stats","StSLib"],"gold_per_floor":[117,132,152,165,165,165,191,191,239,251,288,318,348,378,390,503,515,545,557,6,18,28,57,67,67,91,58,88,104,116,133,133,234,234,253,253,273,273,289,317,330,344,344,377,331,34,53,81,81,81],"floor_reached":51,"language":"ENG","playtime":3346,"items_purged":[],"score":970,"play_id":"cb8f63cb-89c4-4dc1-b823-df559df4ec8e","local_time":"20210226105428","is_ascension_mode":false,"campfire_choices":[{"data":"Clawfect:ClawSnap","floor":6,"key":"SMITH"},{"data":"Gash","floor":8,"key":"SMITH"},{"data":"Gash","floor":10,"key":"SMITH"},{"data":"Hologram","floor":15,"key":"SMITH"},{"data":"Biased Cognition","floor":25,"key":"SMITH"},{"data":"Skim","floor":32,"key":"SMITH"},{"floor":49,"key":"REST"}],"circlet_count":0,"master_deck":["Gash+1","Gash","Gash","Gash","Gash+1","Defend_B","Defend_B","Defend_B","Defend_B","Glacier","Clawfect:ScrapingClaw+1","Biased Cognition+1","Hologram+1","Core Surge","White Noise+1","Capacitor","Clawfect:Clawline","Gash","Skim+1","Clawfect:Clawrage","Hologram","Skim","Turbo+1","BootSequence","Seek","Clawfect:ClawForOne","Dark Shackles","Panacea","Seek","Coolheaded"],"relics":["Nuclear Battery","Gremlin Horn","MawBank","PreservedInsect","Nloth\u0027s Gift","Toolbox","Gambling Chip","Omamori","Boot","Bottled Lightning","Calling Bell","Blood Vial","Singing Bowl","Thread and Needle","Frozen Egg 2","Pocketwatch","Girya","Pen Nib","TheAbacus","Incense Burner"],"acts_visited":["Exordium","TheCity","TheBeyond"],"potions_floor_usage":[23,28,37,50,50],"damage_taken":[{"damage":1,"enemies":"Jaw Worm","floor":1,"turns":4},{"damage":0,"enemies":"Cultist","floor":2,"turns":4},{"damage":0,"enemies":"2 Louse","floor":3,"turns":4},{"damage":6,"enemies":"Red Slaver","floor":4,"turns":4},{"damage":23,"enemies":"Gremlin Nob","floor":7,"turns":4},{"damage":0,"enemies":"Lagavulin","floor":11,"turns":5},{"damage":7,"enemies":"Large Slime","floor":12,"turns":5},{"damage":0,"enemies":"2 Fungi Beasts","floor":13,"turns":3},{"damage":6,"enemies":"Exordium Wildlife","floor":14,"turns":4},{"damage":0,"enemies":"Hexaghost","floor":16,"turns":7},{"damage":2,"enemies":"Shell Parasite","floor":18,"turns":4},{"damage":0,"enemies":"Spheric Guardian","floor":21,"turns":4},{"damage":0,"enemies":"Shelled Parasite and Fungi","floor":22,"turns":5},{"damage":36,"enemies":"Slavers","floor":23,"turns":5},{"damage":0,"enemies":"Snecko","floor":24,"turns":5},{"damage":5,"enemies":"Gremlin Leader","floor":28,"turns":4},{"damage":0,"enemies":"Cultist and Chosen","floor":29,"turns":4},{"damage":0,"enemies":"Centurion and Healer","floor":30,"turns":3},{"damage":0,"enemies":"Chosen and Byrds","floor":31,"turns":4},{"damage":6,"enemies":"Automaton","floor":33,"turns":6},{"damage":0,"enemies":"3 Darklings","floor":35,"turns":4},{"damage":4,"enemies":"Orb Walker","floor":37,"turns":4},{"damage":0,"enemies":"Transient","floor":39,"turns":5},{"damage":25,"enemies":"Nemesis","floor":40,"turns":4},{"damage":31,"enemies":"Sphere and 2 Shapes","floor":41,"turns":6},{"damage":0,"enemies":"Maw","floor":42,"turns":5},{"damage":0,"enemies":"Giant Head","floor":44,"turns":5},{"damage":0,"enemies":"Writhing Mass","floor":47,"turns":6},{"damage":0,"enemies":"Reptomancer","floor":48,"turns":3},{"damage":17,"enemies":"Donu and Deca","floor":50,"turns":3}],"seed_played":"-4133106729289450893","potions_obtained":[{"floor":1,"key":"LiquidBronze"},{"floor":7,"key":"Strength Potion"},{"floor":12,"key":"ColorlessPotion"},{"floor":23,"key":"DistilledChaos"},{"floor":28,"key":"GamblersBrew"},{"floor":40,"key":"Energy Potion"}],"is_trial":false,"path_per_floor":["M","M","M","M","?","R","E","R","T","R","E","M","M","M","R","B",null,"M","?","$","M","M","E","M","R","T","$","E","M","M","M","R","B",null,"M","?","M","?","M","E","M","M","T","E","$","$","M","E","R","B",null],"character_chosen":"DEFECT","items_purchased":["Toolbox","Gambling Chip","Capacitor","Clawfect:Clawline","Skim","Coolheaded","Pen Nib","TheAbacus"],"campfire_rested":1,"item_purchase_floors":[20,20,20,20,27,45,46,46],"current_hp_per_floor":[74,74,74,68,68,68,45,45,45,45,45,38,38,32,32,32,75,73,73,73,73,73,37,37,37,37,37,32,32,32,32,32,26,75,75,75,73,65,69,48,21,25,25,27,27,27,31,35,62,47],"gold":81,"neow_bonus":"BOSS_RELIC","is_daily":false,"chose_seed":false,"campfire_upgraded":6,"win_rate":0.0,"timestamp":1614333268,"path_taken":["M","M","M","M","?","R","E","R","T","R","E","M","?","M","R","BOSS","M","?","$","M","M","E","M","R","T","$","E","M","?","M","R","BOSS","M","?","M","?","M","E","M","M","T","E","?","$","M","E","R","BOSS"],"items_purchased_type":["Relic","Relic","Card","Card","Card","Card","Relic","Relic"],"build_version":"2020-12-22","purchased_purges":0,"victory":true,"max_hp_per_floor":[75,75,75,75,75,75,75,75,75,75,75,75,75,75,75,75,75,75,75,75,75,75,75,75,75,75,75,75,75,75,75,75,75,75,75,75,77,79,81,83,85,87,87,87,87,87,89,91,91,91],"relic_stats":{"Gremlin Horn":[24,24],"Singing Bowl":16,"counters":[30,133],"PreservedInsect":321,"Pen Nib":[5],"MawBank":132,"Boot":[158],"Blood Vial":16,"TheAbacus":[12],"Gambling Chip":[42],"Nloth\u0027s Gift":7,"obtain_stats":[{"Girya":44,"Gremlin Horn":7,"Singing Bowl":34,"Thread and Needle":34,"PreservedInsect":11,"Pen Nib":46,"Omamori":23,"Incense Burner":48,"Frozen Egg 2":40,"MawBank":9,"Empty Cage":17,"Boot":26,"Nuclear Battery":0,"Calling Bell":34,"Blood Vial":34,"TheAbacus":46,"Gambling Chip":20,"Toolbox":20,"Nloth\u0027s Gift":19,"Bottled Lightning":28,"Clawfect:DRClaw":0,"Pocketwatch":43},{"Girya":27,"Gremlin Horn":5,"Singing Bowl":20,"Thread and Needle":20,"PreservedInsect":6,"Pen Nib":27,"Omamori":14,"Incense Burner":29,"Frozen Egg 2":24,"MawBank":5,"Empty Cage":10,"Boot":15,"Nuclear Battery":0,"Calling Bell":20,"Blood Vial":20,"TheAbacus":27,"Gambling Chip":11,"Toolbox":11,"Nloth\u0027s Gift":11,"Bottled Lightning":16,"Clawfect:DRClaw":0,"Pocketwatch":26},{"Girya":121,"Gremlin Horn":20,"Singing Bowl":88,"Thread and Needle":88,"PreservedInsect":25,"Pen Nib":121,"Omamori":62,"Incense Burner":130,"Frozen Egg 2":105,"MawBank":20,"Empty Cage":44,"Boot":67,"Nuclear Battery":0,"Calling Bell":88,"Blood Vial":88,"TheAbacus":121,"Gambling Chip":48,"Toolbox":48,"Nloth\u0027s Gift":48,"Bottled Lightning":71,"Clawfect:DRClaw":0,"Pocketwatch":116}],"Pocketwatch":[6]},"card_choices":[{"not_picked":["Clawfect:ClawingBeam","Leap"],"picked":"Glacier","floor":1},{"not_picked":["Redo","Leap"],"picked":"Clawfect:ScrapingClaw","floor":2},{"not_picked":["Clawfect:ClawingBeam","Force Field"],"picked":"Clawfect:ClawSnap","floor":3},{"not_picked":["Clawfect:ClawForTheEyes","Clawfect:ClawpileDriver","Rebound"],"picked":"SKIP","floor":4},{"not_picked":["Stack","Leap","Auto Shields"],"picked":"SKIP","floor":7},{"not_picked":["Auto Shields","Steam Power"],"picked":"Biased Cognition","floor":11},{"not_picked":["Clawfect:ClawForTheEyes","Storm","Chaos"],"picked":"SKIP","floor":12},{"not_picked":["Static Discharge","Clawfect:Clawter","Redo"],"picked":"SKIP","floor":13},{"not_picked":["Leap","Clawfect:ScrapingClaw"],"picked":"Hologram","floor":14},{"not_picked":["Electrodynamics","Buffer"],"picked":"Core Surge","floor":16},{"not_picked":["Chill","Clawfect:ClawSnap"],"picked":"White Noise+1","floor":18},{"not_picked":["Amplify","Chaos"],"picked":"Gash","floor":21},{"not_picked":["Clawfect:ClawForTheEyes","Fusion"],"picked":"Skim","floor":22},{"not_picked":["Hyperbeam","FTL"],"picked":"Clawfect:Clawrage","floor":23},{"not_picked":["Clawfect:ClawingBeam+1","Gash"],"picked":"Hologram","floor":24},{"not_picked":["Rainbow","Reinforced Body","Steam+1"],"picked":"SKIP","floor":28},{"not_picked":["Clawfect:ClawingBeam+1","Storm","Clawfect:ClawAndGloom"],"picked":"SKIP","floor":29},{"not_picked":["Clawfect:ClawingBeam","Redo"],"picked":"Turbo+1","floor":30},{"not_picked":["Turbo+1","Coolheaded"],"picked":"BootSequence","floor":31},{"not_picked":["Rainbow","Fission"],"picked":"Seek","floor":33},{"not_picked":["Stack+1","Capacitor"],"picked":"Clawfect:ClawForOne","floor":35},{"not_picked":["Clawfect:ClawingBeam","FTL","Gash+1"],"picked":"Singing Bowl","floor":37},{"not_picked":["Blind","Mind Blast"],"picked":"Dark Shackles","floor":38},{"not_picked":["Metamorphosis","The Bomb"],"picked":"Panacea","floor":38},{"not_picked":["Jack Of All Trades","Violence","Secret Weapon"],"picked":"Singing Bowl","floor":38},{"not_picked":["Blizzard","Reprogram+1","White Noise"],"picked":"Singing Bowl","floor":39},{"not_picked":["Force Field+1","Turbo","Steam+1"],"picked":"Singing Bowl","floor":40},{"not_picked":["Clawfect:ClawAndTear","Hologram","Clawfect:ClawpileDriver"],"picked":"Singing Bowl","floor":41},{"not_picked":["Redo+1","Clawfect:ScrapingClaw","FTL"],"picked":"Singing Bowl","floor":42},{"not_picked":["Echo Form+1","Clawfect:Clawter+1"],"picked":"Seek","floor":44},{"not_picked":["Reboot","BootSequence+1","Double Energy+1"],"picked":"Singing Bowl","floor":47},{"not_picked":["Rebound","Electrodynamics+1","Hyperbeam"],"picked":"Singing Bowl","floor":48}],"player_experience":683945,"relics_obtained":[{"floor":7,"key":"Gremlin Horn"},{"floor":9,"key":"MawBank"},{"floor":11,"key":"PreservedInsect"},{"floor":23,"key":"Omamori"},{"floor":26,"key":"Boot"},{"floor":28,"key":"Bottled Lightning"},{"floor":34,"key":"Blood Vial"},{"floor":34,"key":"Singing Bowl"},{"floor":34,"key":"Thread and Needle"},{"floor":40,"key":"Frozen Egg 2"},{"floor":43,"key":"Pocketwatch"},{"floor":44,"key":"Girya"},{"floor":48,"key":"Incense Burner"}],"event_choices":[{"damage_healed":0,"gold_gain":0,"player_choice":"Upgraded","damage_taken":0,"max_hp_gain":0,"max_hp_loss":0,"event_name":"Upgrade Shrine","floor":5,"gold_loss":0,"cards_upgraded":["Clawfect:ScrapingClaw"]},{"damage_healed":0,"gold_gain":0,"player_choice":"Traded Relic","damage_taken":0,"relics_obtained":["Nloth\u0027s Gift"],"max_hp_gain":0,"max_hp_loss":0,"event_name":"N\u0027loth","floor":19,"relics_lost":["Empty Cage"],"gold_loss":0},{"damage_healed":0,"gold_gain":0,"player_choice":"Ignored","damage_taken":0,"max_hp_gain":0,"max_hp_loss":0,"event_name":"Tomb of Lord Red Mask","floor":36,"gold_loss":0},{"damage_healed":0,"gold_gain":0,"player_choice":"Memory 3","damage_taken":10,"max_hp_gain":0,"max_hp_loss":0,"event_name":"SensoryStone","floor":38,"gold_loss":0}],"is_beta":false,"boss_relics":[{"not_picked":["Philosopher\u0027s Stone","Cursed Key"],"picked":"Empty Cage"},{"not_picked":["Busted Crown","Velvet Choker"],"picked":"Calling Bell"}],"items_purged_floors":[],"is_endless":false,"potions_floor_spawned":[1,7,12,14,18,22,23,28,29,40,42,44],"ascension_level":0}}