{"host":"qfmqsclrfy207o1q","time":1614314998,"event":{"mods":["2.2 Compatiblity","AchievementEnabler","BaseMod","BetterRewards","Colored Map","Colored Powertips","Curses Come First","Dark Map","Downfall","Infinite Spire","Minty Spire (QoL Compilation)","Quick Restart","Rare Cards Sparkle","Relic Stats","Shop Mod","StSLib"],"gold_per_floor":[111,111,122,133,152,187,207,16,41,61,61,74,74,74,74,179,179,189,33,33,50,50,50,50],"floor_reached":23,"language":"ENG","playtime":1112,"items_purged":[],"score":293,"play_id":"c438f883-bc4e-44bc-b1bb-82e23b8d15c8","local_time":"20210225214958","is_ascension_mode":false,"campfire_choices":[{"floor":11,"key":"REST"},{"floor":13,"key":"RECALL"},{"data":"Apotheosis","floor":15,"key":"SMITH"}],"circlet_count":0,"master_deck":["Strike_B","Strike_B","Strike_B","Strike_B","Defend_B","Defend_B","Defend_B","Defend_B","Zap","Dualcast","Undo","Hello World","Defragment","Auto Shields","Melter","Cold Snap","Coolheaded","Rip and Tear","Gash","Leap","All For One","Apotheosis+1","Loop","Defragment","Buffer","Capacitor+1","Aggregate"],"relics":["Cracked Core","Bird Faced Urn","Orrery","Smiling Mask","infinitespire:Beetle Shell","Pantograph","bronze:MakeshiftBattery","Happy Flower"],"acts_visited":["Exordium","TheCity"],"potions_floor_usage":[6,12,16,16],"damage_taken":[{"damage":0,"enemies":"Jaw Worm","floor":1,"turns":4},{"damage":1,"enemies":"Cultist","floor":3,"turns":4},{"damage":0,"enemies":"2 Louse","floor":4,"turns":4},{"damage":5,"enemies":"Gremlin Gang","floor":5,"turns":5},{"damage":12,"enemies":"Lagavulin","floor":6,"turns":7},{"damage":1,"enemies":"Blue Slaver","floor":7,"turns":5},{"damage":14,"enemies":"3 Louse","floor":10,"turns":3},{"damage":4,"enemies":"Exordium Wildlife","floor":12,"turns":5},{"damage":28,"enemies":"Hexaghost","floor":16,"turns":7},{"damage":14,"enemies":"Shell Parasite","floor":18,"turns":6},{"damage":0,"enemies":"Chosen","floor":21,"turns":6},{"damage":84,"enemies":"Gremlin Leader","floor":23,"turns":12}],"seed_played":"-2826694570316574025","potions_obtained":[{"floor":5,"key":"Strength Potion"},{"floor":7,"key":"SkillPotion"},{"floor":10,"key":"Regen Potion"},{"floor":12,"key":"Explosive Potion"},{"floor":16,"key":"BlessingOfTheForge"}],"is_trial":false,"path_per_floor":["M","?","M","M","M","E","M","$","T","M","R","M","R","T","R","B",null,"M","$","?","M","?","E"],"character_chosen":"DEFECT","items_purchased":["Orrery","Apotheosis","Happy Flower"],"campfire_rested":1,"item_purchase_floors":[0,8,19],"current_hp_per_floor":[75,75,75,75,70,62,65,65,65,53,75,75,75,75,75,51,75,69,69,69,75,75,0,0],"gold":50,"neow_bonus":"","is_daily":false,"chose_seed":false,"campfire_upgraded":1,"win_rate":0.0,"timestamp":1614314998,"path_taken":["M","?","?","M","M","E","M","$","T","M","R","?","R","?","R","BOSS","M","$","?","?","?","E"],"items_purchased_type":["Relic","Card","Relic"],"build_version":"2020-12-22","purchased_purges":0,"victory":false,"max_hp_per_floor":[75,75,75,75,75,75,75,75,75,75,75,75,75,75,75,75,75,75,75,75,75,75,75,75],"relic_stats":{"Happy Flower":[6],"counters":[24,110],"Bird Faced Urn":[37],"Pantograph":0,"Smiling Mask":0,"obtain_stats":[{"NeowsBlessing":0,"Happy Flower":19,"GremlinMask":21,"infinitespire:Beetle Shell":6,"War Paint":9,"Smiling Mask":6,"Nuclear Battery":17,"Bronze Scales":4,"Strawberry":20,"Bird Faced Urn":0,"Pantograph":14,"Orrery":0,"Cracked Core":0,"bronze:MakeshiftBattery":17},{"NeowsBlessing":0,"Happy Flower":22,"GremlinMask":10,"infinitespire:Beetle Shell":17,"War Paint":4,"Smiling Mask":3,"Nuclear Battery":8,"Bronze Scales":1,"Strawberry":10,"Bird Faced Urn":12,"Pantograph":20,"Orrery":12,"Cracked Core":0,"bronze:MakeshiftBattery":21},{"NeowsBlessing":0,"Happy Flower":92,"GremlinMask":28,"infinitespire:Beetle Shell":66,"War Paint":5,"Smiling Mask":3,"Nuclear Battery":23,"Bronze Scales":1,"Strawberry":28,"Bird Faced Urn":42,"Pantograph":79,"Orrery":42,"Cracked Core":0,"bronze:MakeshiftBattery":86}]},"card_choices":[{"not_picked":["Compile Driver","Blizzard"],"picked":"Undo","floor":0},{"not_picked":["Lockon","Blizzard"],"picked":"Hello World","floor":0},{"not_picked":["Rip and Tear","Force Field"],"picked":"Defragment","floor":0},{"not_picked":["Consume","Blizzard"],"picked":"Auto Shields","floor":0},{"not_picked":["Compile Driver","Reinforced Body"],"picked":"Melter","floor":0},{"not_picked":["Consume","Undo"],"picked":"Cold Snap","floor":1},{"not_picked":["Scrape","Beam Cell"],"picked":"Coolheaded","floor":3},{"not_picked":["Undo","Reinforced Body"],"picked":"Rip and Tear","floor":4},{"not_picked":["Fusion","Barrage"],"picked":"Gash","floor":5},{"not_picked":["Reinforced Body","Streamline"],"picked":"Leap","floor":6},{"not_picked":["Redo","Turbo"],"picked":"All For One","floor":7},{"not_picked":["Reprogram","Self Repair"],"picked":"Loop","floor":10},{"not_picked":["Steam","Coolheaded"],"picked":"Defragment","floor":12},{"not_picked":["Multi-Cast","Creative AI"],"picked":"Buffer","floor":16},{"not_picked":["Ball Lightning","Redo+1"],"picked":"Capacitor+1","floor":18},{"not_picked":["Steam","Coolheaded"],"picked":"Aggregate","floor":21}],"player_experience":36655,"relics_obtained":[{"floor":2,"key":"Smiling Mask"},{"floor":6,"key":"infinitespire:Beetle Shell"},{"floor":14,"key":"Pantograph"}],"event_choices":[{"damage_healed":0,"gold_gain":0,"player_choice":"Relic","damage_taken":0,"max_hp_gain":0,"max_hp_loss":0,"event_name":"Wheel of Change","floor":2,"gold_loss":0},{"damage_healed":0,"gold_gain":0,"player_choice":"Ignored","damage_taken":0,"max_hp_gain":0,"max_hp_loss":0,"event_name":"N\u0027loth","floor":20,"gold_loss":0}],"is_beta":false,"boss_relics":[{"not_picked":["Runic Dome","Snecko Eye"],"picked":"bronze:MakeshiftBattery"}],"items_purged_floors":[],"is_endless":false,"potions_floor_spawned":[5,7,10,12,16],"killed_by":"Gremlin Leader","ascension_level":0}}