{"host":"prxrhpgaxnj4om9r","time":1614302003,"event":{"mods":["AchievementEnabler","BaseMod","Colored Map","DeckTracker","Keyboard Shortcuts","Minty Spire (QoL Compilation)"],"gold_per_floor":[114,114,114,127,127,127,143,143,170,170,214,214,239,283,283,283,283],"floor_reached":16,"language":"KOR","playtime":326,"items_purged":[],"score":108,"play_id":"2180fcf8-1cb4-42ff-b48b-9da236946081","local_time":"20210226101323","is_ascension_mode":false,"campfire_choices":[{"data":"Eruption","floor":6,"key":"SMITH"},{"floor":8,"key":"RECALL"},{"data":"EmptyFist","floor":10,"key":"SMITH"},{"floor":15,"key":"REST"}],"circlet_count":0,"master_deck":["Strike_P","Strike_P","Strike_P","Strike_P+1","Defend_P","Defend_P","Defend_P","Defend_P","Eruption+1","Vigilance","InnerPeace","PathToVictory","EmptyFist+1","Wallop+1","Consecrate","FearNoEvil"],"relics":["PureWater","NeowsBlessing","Golden Idol","Potion Belt","WingedGreaves","Strawberry"],"acts_visited":["Exordium"],"potions_floor_usage":[11,16],"damage_taken":[{"damage":0,"enemies":"Small Slimes","floor":1,"turns":1},{"damage":0,"enemies":"Jaw Worm","floor":4,"turns":1},{"damage":0,"enemies":"Cultist","floor":7,"turns":1},{"damage":16,"enemies":"Gremlin Nob","floor":11,"turns":3},{"damage":0,"enemies":"3 Louse","floor":13,"turns":2},{"damage":23,"enemies":"Lagavulin","floor":14,"turns":5},{"damage":42,"enemies":"Hexaghost","floor":16,"turns":8}],"seed_played":"7286095410900048333","potions_obtained":[{"floor":7,"key":"GamblersBrew"},{"floor":14,"key":"BottledMiracle"}],"is_trial":false,"path_per_floor":["M","?","?","M","$","R","M","R","T","R","E","?","M","E","R","B"],"character_chosen":"WATCHER","items_purchased":[],"campfire_rested":1,"item_purchase_floors":[],"current_hp_per_floor":[72,54,59,59,59,59,59,59,59,59,43,28,28,12,37,0,0],"gold":283,"neow_bonus":"THREE_ENEMY_KILL","is_daily":false,"chose_seed":false,"campfire_upgraded":2,"win_rate":0.0,"timestamp":1614302003,"path_taken":["M","?","?","M","?","R","?","R","T","R","E","?","M","E","R","BOSS"],"items_purchased_type":[],"build_version":"2020-12-22","purchased_purges":0,"victory":false,"max_hp_per_floor":[72,72,77,77,77,77,77,77,77,77,77,77,77,84,84,84,84],"card_choices":[{"not_picked":["JustLucky","CrushJoints"],"picked":"InnerPeace","floor":1},{"not_picked":["FollowUp","BattleHymn"],"picked":"PathToVictory","floor":4},{"not_picked":["Swivel","FlurryOfBlows"],"picked":"EmptyFist","floor":7},{"not_picked":["Swivel","Perseverance"],"picked":"Wallop","floor":11},{"not_picked":["BattleHymn","Tantrum"],"picked":"Consecrate","floor":13},{"not_picked":["Fasting2","EmptyFist"],"picked":"FearNoEvil","floor":14}],"player_experience":663230,"relics_obtained":[{"floor":9,"key":"Potion Belt"},{"floor":11,"key":"WingedGreaves"},{"floor":14,"key":"Strawberry"}],"event_choices":[{"damage_healed":0,"gold_gain":0,"player_choice":"Take Damage","damage_taken":18,"relics_obtained":["Golden Idol"],"max_hp_gain":0,"max_hp_loss":0,"event_name":"Golden Idol","floor":2,"gold_loss":0},{"damage_healed":0,"gold_gain":0,"player_choice":"Donut","damage_taken":0,"max_hp_gain":5,"max_hp_loss":0,"event_name":"Big Fish","floor":3,"gold_loss":0},{"damage_healed":0,"gold_gain":0,"player_choice":"Entered Light","damage_taken":15,"max_hp_gain":0,"max_hp_loss":0,"event_name":"Shining Light","floor":12,"gold_loss":0,"cards_upgraded":["Strike_P","Wallop"]}],"is_beta":false,"boss_relics":[],"items_purged_floors":[],"is_endless":false,"potions_floor_spawned":[7,14],"killed_by":"Hexaghost","ascension_level":0}}