{"host":"y4fuci1jk2rsxnep","time":1614357628,"event":{"mods":["AchievementEnabler","BaseMod","Colored Powertips","Custom Start","Defuse TimeMaze Blight","Dio Mod","Downfall","Hermit","Hero for Fun","Hubris","Hunter ??","Infinite Spire","Minty Spire (QoL Compilation)","Quick Restart","Reliquary","Remove Card Discount Mod","Replay The Spire","StSLib","The Blackbeard","The Bug Knight","The Mystic","The Runesmith"],"gold_per_floor":[369,369,138,155,166,166,176,176,203,203,222,292,305,319,319,422,422,439,439,439,474,487,487,507,583,608,624,624,624],"floor_reached":28,"language":"ENG","playtime":1775,"items_purged":["hermit:Strike_Hermit","hermit:Strike_Hermit","Hallucinations"],"score":254,"play_id":"cbf42d28-df5c-4ebe-a726-fed118f21bcc","local_time":"20210226174028","is_ascension_mode":true,"campfire_choices":[{"data":"hermit:EternalForm","floor":6,"key":"SMITH"},{"data":"hermit:Brawl","floor":8,"key":"SMITH"},{"floor":10,"key":"REST"},{"data":"hermit:WideOpen","floor":15,"key":"SMITH"},{"floor":23,"key":"REST"}],"circlet_count":0,"master_deck":["hermit:Strike_Hermit","hermit:Strike_Hermit","hermit:Defend_Hermit","hermit:Defend_Hermit","hermit:Defend_Hermit","hermit:Defend_Hermit","hermit:Snapshot+1","hermit:Covet","hermit:WideOpen+1","hermit:EternalForm+1","hermit:HighCaliber","hermit:Brawl+1","hermit:Shortfuse","hermit:Virtue+1","hermit:RoundhouseKick","hermit:Shortfuse","hermit:FlashPowder","hermit:GhostlyPresence","hermit:HighNoon","hermit:Determination+1","Pummel Giant","hermit:WideOpen","ReplayTheSpireMod:Splinters","hermit:Manifest+1","hermit:HoleUp"],"relics":["hermit:Momento","Bronze Scales","Gremlin Food","ReplayTheSpireMod:CursedCoin","hubris:HollowSoul","Red Mask","Oddly Smooth Stone","reliquary:FerryPass"],"acts_visited":["Exordium","TheCity"],"potions_floor_usage":[18,24,27],"damage_taken":[{"damage":3,"enemies":"2 Louse","floor":1,"turns":3},{"damage":0,"enemies":"Cultist","floor":4,"turns":3},{"damage":0,"enemies":"Small Slimes","floor":5,"turns":3},{"damage":3,"enemies":"2 Fungi Beasts","floor":7,"turns":3},{"damage":2,"enemies":"3 Louse","floor":11,"turns":2},{"damage":0,"enemies":"Blue Slaver","floor":13,"turns":2},{"damage":6,"enemies":"Looter","floor":14,"turns":2},{"damage":10,"enemies":"The Guardian","floor":16,"turns":9},{"damage":4,"enemies":"Shell Parasite","floor":18,"turns":4},{"damage":59,"enemies":"Masked Bandits","floor":21,"turns":5},{"damage":3,"enemies":"Chosen","floor":22,"turns":3},{"damage":26,"enemies":"Snecko","floor":24,"turns":5},{"damage":0,"enemies":"Shelled Parasite and Fungi","floor":27,"turns":5},{"damage":22,"enemies":"Snake Plant","floor":28,"turns":3}],"seed_played":"-9219651084792310657","potions_obtained":[{"floor":1,"key":"BlessingOfTheForge"},{"floor":4,"key":"Fire Potion"},{"floor":13,"key":"BlessingOfTheForge"},{"floor":14,"key":"Block Potion"},{"floor":18,"key":"SteroidPotion"},{"floor":21,"key":"LiquidMemories"}],"is_trial":false,"path_per_floor":["M","?","$","M","M","R","M","R","T","R","M","$","M","M","R","B",null,"M","?","?","?","M","R","M","?","T","M","M"],"character_chosen":"HERMIT","items_purchased":["hermit:Brawl","Bronze Scales","ReplayTheSpireMod:CursedCoin","hermit:FlashPowder"],"campfire_rested":2,"item_purchase_floors":[3,3,12,12],"current_hp_per_floor":[51,51,51,51,51,51,48,48,48,70,68,68,68,62,62,52,75,71,71,71,12,9,31,5,5,5,5,0,0],"gold":624,"neow_bonus":"TWO_FIFTY_GOLD","is_daily":false,"chose_seed":false,"campfire_upgraded":3,"win_rate":0.0,"timestamp":1614357628,"path_taken":["M","?","$","M","M","R","M","R","T","R","M","$","?","M","R","BOSS","M","?","?","?","M","R","M","?","T","M","M"],"items_purchased_type":["Card","Relic","Relic","Card"],"build_version":"2020-12-22","purchased_purges":3,"victory":false,"max_hp_per_floor":[75,75,75,75,75,75,75,75,75,75,75,75,75,75,75,75,75,75,75,75,75,75,75,75,75,75,75,75,75],"card_choices":[{"not_picked":["hermit:HighCaliber","hermit:Misfire"],"picked":"hermit:WideOpen","floor":1},{"not_picked":["hermit:Snipe","hermit:CalledShot"],"picked":"hermit:Shortfuse","floor":4},{"not_picked":["hermit:Cheat","hermit:ShadowCloak"],"picked":"hermit:Virtue","floor":5},{"not_picked":["hermit:SprayPray","hermit:Quickdraw"],"picked":"hermit:RoundhouseKick","floor":7},{"not_picked":["hermit:ShadowCloak","hermit:SprayPray"],"picked":"hermit:Shortfuse","floor":11},{"not_picked":["hermit:Dive","hermit:Cheat","hermit:Combo"],"picked":"SKIP","floor":13},{"not_picked":["hermit:ItchyTrigger","hermit:Manifest"],"picked":"hermit:GhostlyPresence","floor":14},{"not_picked":["hermit:Purgatory","hermit:BlackWind"],"picked":"hermit:HighNoon","floor":16},{"not_picked":["hermit:Manifest","hermit:Virtue"],"picked":"hermit:Determination+1","floor":18},{"not_picked":["hermit:Manifest+1","hermit:Coalescence"],"picked":"hermit:WideOpen","floor":22},{"not_picked":["hermit:Misfire+1","hermit:Cheat","hermit:TakeCover"],"picked":"SKIP","floor":24},{"not_picked":["hermit:HighCaliber","hermit:Glare"],"picked":"hermit:Manifest+1","floor":25},{"not_picked":["hermit:Adapt","hermit:TrackingShot"],"picked":"hermit:HoleUp","floor":25},{"not_picked":["hermit:GoldenBullet","hermit:Deadeye+1","hermit:CalledShot"],"picked":"SKIP","floor":27}],"player_experience":724559,"relics_obtained":[{"floor":9,"key":"Gremlin Food"},{"floor":21,"key":"Red Mask"},{"floor":25,"key":"Oddly Smooth Stone"},{"floor":26,"key":"reliquary:FerryPass"}],"event_choices":[{"damage_healed":0,"gold_gain":0,"player_choice":"2 cards matched","damage_taken":0,"max_hp_gain":0,"max_hp_loss":0,"event_name":"Match and Keep!","floor":2,"gold_loss":0,"cards_obtained":["hermit:EternalForm","hermit:HighCaliber"]},{"damage_healed":0,"gold_gain":0,"player_choice":"Ignored","damage_taken":0,"max_hp_gain":0,"max_hp_loss":0,"event_name":"Beggar","floor":19,"gold_loss":0},{"damage_healed":0,"gold_gain":0,"player_choice":"Read","damage_taken":0,"max_hp_gain":0,"max_hp_loss":0,"event_name":"The Library","floor":20,"gold_loss":0,"cards_obtained":["Pummel Giant"]},{"damage_healed":0,"gold_gain":0,"player_choice":"Fought Bandits","damage_taken":0,"max_hp_gain":0,"max_hp_loss":0,"event_name":"Masked Bandits","floor":21,"gold_loss":0}],"is_beta":false,"boss_relics":[{"not_picked":["Replay:Wanted Poster","hubris:RunicObelisk"],"picked":"hubris:HollowSoul"}],"items_purged_floors":[3,3,12],"is_endless":false,"potions_floor_spawned":[1,4,13,14,16,18,21],"killed_by":"Snake Plant","ascension_level":4}}