{"host":"dvz52zoduqbx9zr0","time":1614326237,"event":{"mods":["AchievementEnabler","Always Whale","Aspiration","BaseMod","BetterRewards","Colored Map","Conspire","Custom Start","Downfall","Halation","Hubris","Jedi Mod","Minty Spire (QoL Compilation)","Relic Sorter","Replay The Spire","Shop Mod","StSLib","SuperFastMode"],"gold_per_floor":[99,295,470,545,373,388,388,406,406,437,463,363,378,208,222,326,326,326,337,352,352,368,368,368,403,553,91,101,119,130,130,145,242,242,142,175,194,194,194,194,217,117,128,128,139,153,173,183,193,193,193,218,93,93,93,93,93,93],"floor_reached":56,"language":"ENG","playtime":4035,"items_purged":["Doubt","downfall:Bewildered","Slimebound:Teamwork"],"score":721,"play_id":"16c65bed-4c2c-417c-9e5d-cd35e5d24d1a","local_time":"20210226175717","is_ascension_mode":false,"campfire_choices":[{"data":"Slimebound:Split","floor":1,"key":"SMITH"},{"data":"Slimebound:Prepare","floor":9,"key":"SMITH"},{"data":"Slimebound:SlimeBarrage","floor":12,"key":"SMITH"},{"data":"expansioncontent:InvincibleStrength","floor":18,"key":"SMITH"},{"data":"Slimebound:LevelUp","floor":23,"key":"SMITH"},{"data":"Slimebound:CheckThePlaybook","floor":35,"key":"SMITH"},{"floor":40,"key":"RECALL"},{"data":"Slimebound:SplitAcid","floor":42,"key":"SMITH"},{"data":"Slimebound:Overexert","floor":44,"key":"SMITH"},{"data":"Slimebound:BestDefense","floor":54,"key":"SMITH"}],"circlet_count":0,"master_deck":["Slimebound:Strike_Slimebound","Slimebound:Strike_Slimebound","Slimebound:Strike_Slimebound","Slimebound:Tackle","Slimebound:Defend_Slimebound+1","Slimebound:Defend_Slimebound+1","Slimebound:Defend_Slimebound+1","Slimebound:Defend_Slimebound+1","Slimebound:Split+1","Slimebound:CorrosiveSpit","Slimebound:MegaLick","Slimebound:SlimeBarrage+1","Slimebound:SplitAcid","Slimebound:RejuvenatingLick","Slimebound:Prepare+1","Slimebound:LeechLife","Slimebound:SplitLeeching+1","Slimebound:SplitAcid","Slimebound:SplitBruiser","expansioncontent:InvincibleStrength+1","Slimebound:Schlurp","Slimebound:RallyTheTroops","Slimebound:SlimeSpikes+1","Slimebound:LevelUp+1","Slimebound:SplitAcid+1","Slimebound:SamplingLick","Slimebound:ComboTackle","Slimebound:FinishingTackle","Slimebound:Schlurp","Slimebound:Equalize+1","Slimebound:CheckThePlaybook+1","Slimebound:LeechLife","Slimebound:GoopSpray+1","Slimebound:Overexert+1","Slimebound:AcidTongue+1","Slimebound:Prepare+1","Slimebound:SamplingLick+1","Slimebound:HauntingLick","Slimebound:TongueLash+1","Slimebound:BestDefense+1","Slimebound:Recollect+1"],"relics":["Slimebound:AbsorbEndCombat","Replay:Bottled Eggs","ReplayTheSpireMod:TigerMarble","Odd Mushroom","downfall:HeartBlessingGreen","conspire:BottledYoYo","Ginger","Nloth\u0027s Gift","War Paint","Slimebound:SelfDamagePreventRelic","Happy Flower","halation:ForbiddenBikini","downfall:HeartBlessingBlue","Gremlin Food","hubris:Towel","jedi:crownofsimplicity","downfall:HeartBlessingRed","Anchor"],"acts_visited":["Exordium","TheCity","TheBeyond","TheEnding"],"potions_floor_usage":[25,28,36,55,56,56],"damage_taken":[{"damage":5,"enemies":"downfall:FleeingMerchant","floor":5,"turns":4},{"damage":6,"enemies":"Jaw Worm","floor":6,"turns":3},{"damage":0,"enemies":"Small Slimes","floor":8,"turns":2},{"damage":4,"enemies":"3 Sentries","floor":10,"turns":5},{"damage":16,"enemies":"The Mushroom Lair","floor":11,"turns":4},{"damage":0,"enemies":"2 Louse","floor":13,"turns":1},{"damage":3,"enemies":"downfall:FleeingMerchant","floor":14,"turns":4},{"damage":5,"enemies":"2 Fungi Beasts","floor":15,"turns":3},{"damage":16,"enemies":"WA_ARCHETYPE_RETAIN","floor":16,"turns":6},{"damage":4,"enemies":"downfall:LooterAlt2","floor":19,"turns":4},{"damage":0,"enemies":"Spheric Guardian","floor":20,"turns":3},{"damage":17,"enemies":"Chosen and Byrds","floor":22,"turns":6},{"damage":33,"enemies":"Slavers","floor":25,"turns":5},{"damage":0,"enemies":"downfall:FleeingMerchant","floor":27,"turns":4},{"damage":10,"enemies":"Centurion and Healer","floor":28,"turns":5},{"damage":17,"enemies":"3 Cultists","floor":29,"turns":4},{"damage":4,"enemies":"Shelled Parasite and Fungi","floor":30,"turns":4},{"damage":3,"enemies":"Cultist and Chosen","floor":32,"turns":5},{"damage":31,"enemies":"IC_MUSHROOM_ARCHETYPE","floor":33,"turns":6},{"damage":17,"enemies":"conspire:MimicChest","floor":36,"turns":4},{"damage":16,"enemies":"3 Darklings","floor":37,"turns":6},{"damage":0,"enemies":"3 Shapes","floor":43,"turns":4},{"damage":0,"enemies":"3 Darklings","floor":45,"turns":2},{"damage":8,"enemies":"Writhing Mass","floor":46,"turns":4},{"damage":5,"enemies":"Sphere and 2 Shapes","floor":47,"turns":3},{"damage":4,"enemies":"Maw","floor":48,"turns":6},{"damage":0,"enemies":"Jaw Worm Horde","floor":49,"turns":3},{"damage":14,"enemies":"SI_POISON_ARCHETYPE","floor":50,"turns":8},{"damage":10,"enemies":"downfall:CharBossMerchant","floor":52,"turns":6},{"damage":72,"enemies":"downfall:NeowBoss","floor":55,"turns":14},{"damage":70,"enemies":"downfall:NeowBossFinal","floor":56,"turns":5}],"seed_played":"-8900601648328388606","potions_obtained":[{"floor":6,"key":"hexamod:SoulburnPotion"},{"floor":11,"key":"Adrenaline Potion"},{"floor":15,"key":"hexamod:SoulburnPotion"},{"floor":22,"key":"Fire Potion"},{"floor":28,"key":"PowerPotion"},{"floor":29,"key":"Swift Potion"},{"floor":45,"key":"Ancient Potion"}],"is_trial":false,"path_per_floor":["R","?","?","?","$","M","T","M","R","E","?","R","M","$","M","B",null,"R","M","M","?","M","R","T","E","?","$","M","M","M","?","M","B",null,"R","?","M","?","?","R","T","R","M","R","M","M","M","M","M","B",null,"E","$","R","B","B"],"character_chosen":"SLIMEBOUND","items_purchased":["Slimebound:SlimeBarrage","Slimebound:SplitAcid","expansioncontent:InvincibleStrength","Slimebound:Repurpose","Slimebound:SelfDamagePreventRelic","Slimebound:ComboTackle","Happy Flower"],"campfire_rested":0,"item_purchase_floors":[5,5,14,14,27,27,27],"current_hp_per_floor":[65,49,49,49,48,44,44,46,46,50,44,44,52,59,60,65,65,65,65,65,65,59,59,59,28,28,34,40,37,37,58,63,50,65,75,60,50,50,50,50,50,50,75,75,75,75,70,75,75,69,75,65,65,65,57,0,0,0],"gold":93,"neow_bonus":"ONE_RANDOM_RARE_CARD","is_daily":false,"chose_seed":false,"campfire_upgraded":9,"win_rate":0.0,"timestamp":1614326237,"path_taken":["R","?","?","?","$","M","T","M","R","E","?","R","?","$","M","BOSS","R","M","?","?","?","R","T","E","?","$","?","M","M","?","M","BOSS","R","?","M","?","?","R","T","R","M","R","?","M","M","M","M","BOSS","E","$","R","BOSS","BOSS"],"items_purchased_type":["Card","Card","Card","Card","Relic","Card","Relic"],"build_version":"2020-12-22","purchased_purges":3,"victory":false,"max_hp_per_floor":[65,65,65,65,65,65,65,65,65,65,65,65,65,65,65,65,65,65,65,65,65,65,65,65,65,65,65,65,65,65,65,65,65,65,75,75,75,75,75,75,75,75,75,75,75,75,75,75,75,75,75,75,75,75,75,75,75,75],"card_choices":[{"not_picked":["Slimebound:ServeAndProtect","Slimebound:RollThrough"],"picked":"Slimebound:MegaLick","floor":5},{"not_picked":["Slimebound:ComboTackle","Slimebound:RollThrough"],"picked":"Slimebound:RejuvenatingLick","floor":6},{"not_picked":["Slimebound:MegaLick","Slimebound:Schlurp"],"picked":"Slimebound:Prepare","floor":8},{"not_picked":["Slimebound:Replication","Slimebound:LivingWall"],"picked":"Slimebound:LeechLife","floor":10},{"not_picked":["Slimebound:SamplingLick","Slimebound:GoopTackle"],"picked":"Slimebound:SplitLeeching","floor":11},{"not_picked":["Slimebound:LeechEnergy","Slimebound:PressTheAttack"],"picked":"Slimebound:SplitAcid","floor":13},{"not_picked":["Slimebound:LivingWall","Slimebound:SplitMire"],"picked":"Slimebound:SplitBruiser","floor":14},{"not_picked":["Slimebound:DouseInSlime","Slimebound:GoopTackle"],"picked":"Slimebound:Schlurp","floor":15},{"not_picked":["Slimebound:OozeBath","Slimebound:MassRepurpose"],"picked":"Slimebound:RallyTheTroops","floor":16},{"not_picked":["Parasite","Delirium"],"picked":"Normality","floor":17},{"not_picked":["Replay:Hysterical Blindness","ReplayTheSpireMod:Splinters"],"picked":"Parasite","floor":17},{"not_picked":["jedi:frostbite","Spreading Infection"],"picked":"downfall:Bewildered","floor":17},{"not_picked":["Slimebound:ItLooksTasty","Slimebound:Recollect"],"picked":"Slimebound:SlimeSpikes","floor":19},{"not_picked":["Slimebound:MassFeed","Slimebound:SplitLeeching"],"picked":"Slimebound:LevelUp","floor":20},{"not_picked":["Slimebound:Recollect","Slimebound:LivingWall"],"picked":"Slimebound:SplitAcid","floor":22},{"not_picked":["Slimebound:GoopTackle","Slimebound:SlimeSlap","Slimebound:FlameTackle"],"picked":"SKIP","floor":25},{"not_picked":["Slimebound:Chomp","Slimebound:SplitMire"],"picked":"Slimebound:SamplingLick","floor":27},{"not_picked":["Slimebound:ItLooksTasty+1","Slimebound:ComboTackle"],"picked":"Slimebound:FinishingTackle","floor":28},{"not_picked":["Slimebound:ComboTackle","Slimebound:SplitBruiser"],"picked":"Slimebound:Schlurp","floor":29},{"not_picked":["Slimebound:GoopTackle+1","Slimebound:ComboTackle+1"],"picked":"Slimebound:Equalize+1","floor":30},{"not_picked":["Slimebound:ServeAndProtect","Slimebound:DivideAndConquer"],"picked":"Slimebound:CheckThePlaybook","floor":32},{"not_picked":["Slimebound:OneTwoCombo","Slimebound:WasteNot"],"picked":"Slimebound:LeechLife","floor":33},{"not_picked":["Slimebound:HauntingLick+1","Slimebound:ItLooksTasty+1"],"picked":"Slimebound:GoopSpray+1","floor":36},{"not_picked":["Slimebound:RainOfGoop","Slimebound:Replication"],"picked":"Slimebound:Overexert","floor":37},{"not_picked":["Slimebound:SplitBruiser","Slimebound:Schlurp"],"picked":"Slimebound:AcidTongue+1","floor":43},{"not_picked":["Slimebound:Schlurp","Slimebound:WasteNot"],"picked":"Slimebound:Prepare+1","floor":45},{"not_picked":["Slimebound:ItLooksTasty","Slimebound:SplitAcid+1"],"picked":"Slimebound:SamplingLick+1","floor":46},{"not_picked":["Slimebound:RollThrough+1","Slimebound:FinishingTackle+1"],"picked":"Slimebound:HauntingLick","floor":47},{"not_picked":["Slimebound:Chomp","Slimebound:Grow"],"picked":"Slimebound:TongueLash+1","floor":48},{"not_picked":["Slimebound:SplitAcid","Slimebound:SlimeTap"],"picked":"Slimebound:BestDefense","floor":49},{"not_picked":["Slimebound:SlimeSlap","Slimebound:LeechingTouch"],"picked":"Slimebound:Recollect+1","floor":52}],"player_experience":240301,"relics_obtained":[{"floor":7,"key":"Replay:Bottled Eggs"},{"floor":10,"key":"ReplayTheSpireMod:TigerMarble"},{"floor":11,"key":"Odd Mushroom"},{"floor":25,"key":"War Paint"},{"floor":36,"key":"Gremlin Food"},{"floor":41,"key":"jedi:crownofsimplicity"},{"floor":52,"key":"Anchor"}],"event_choices":[{"damage_healed":0,"gold_gain":0,"player_choice":"Fought Mushrooms","damage_taken":0,"max_hp_gain":0,"max_hp_loss":0,"event_name":"Mushrooms","floor":11,"gold_loss":0},{"damage_healed":21,"gold_gain":0,"player_choice":"Heal","damage_taken":0,"max_hp_gain":0,"max_hp_loss":0,"event_name":"The Library","floor":31,"gold_loss":0},{"cards_removed":["Slimebound:Repurpose"],"damage_healed":0,"gold_gain":0,"player_choice":"Removed Skill","damage_taken":0,"max_hp_gain":0,"max_hp_loss":0,"event_name":"Falling","floor":39,"gold_loss":0}],"is_beta":false,"boss_relics":[{"not_picked":["SacredBark","Painkiller Herb"],"picked":"Replay:Ancient Bell"},{"not_picked":["Pet Ghost","CeramicFish"],"picked":"Omamori"},{"not_picked":["aspiration:SeaSaltIceCream","Singing Bowl"],"picked":"conspire:BottledYoYo"},{"not_picked":["jedi:gremlinknob","Shovel"],"picked":"Ginger"},{"not_picked":["Runic Dome","Ring of Chaos"],"picked":"halation:ForbiddenBikini"}],"items_purged_floors":[5,27,53],"is_endless":false,"potions_floor_spawned":[6,11,15,16,22,28,29,30,45,47],"killed_by":"downfall:NeowBossFinal","ascension_level":0}}