{"host":"kkrscngvy5grivrr","time":1614311433,"event":{"mods":["BaseMod","Better Sensory Stone","BetterRewards","Minty Spire (QoL Compilation)","Rare Cards Sparkle","Remove Card Discount Mod","StSLib"],"gold_per_floor":[118,132,148,148,148,148,9164,9190,9239,9280,9315,9350,8614,7912,7912,8023,8023,8048,7337,7362,7376,6977,7013,7047,7047,7073,7113,7113,7147,7147,7172,7172,7286,7336,7360,6844,6854,6863,6863,6863,6863,6898,6898,6933,6960,6960,6960,4903,4903,4903],"floor_reached":51,"language":"ZHS","playtime":3277,"items_purged":["Strike_B","Strike_B","Strike_B","Strike_B","Defend_B","Defend_B+1","Defend_B+1","Defend_B","Auto Shields","Barrage","Zap+1","Deep Breath","Doom and Gloom","Echo Form","Compile Driver","Dualcast+1"],"score":1078,"play_id":"14a10280-7ed4-4040-a38e-9ac5938bb77f","local_time":"20210225225033","daily_mods":["Heirloom","Flight","Elite Swarm"],"is_ascension_mode":false,"campfire_choices":[{"data":"Zap","floor":6.0,"key":"SMITH"},{"data":"Fission","floor":15.0,"key":"SMITH"},{"data":"Seek","floor":25,"key":"SMITH"},{"data":"Double Energy","floor":28,"key":"SMITH"},{"data":"Consume","floor":32,"key":"SMITH"},{"data":"Loop","floor":40,"key":"SMITH"},{"data":"Electrodynamics","floor":41,"key":"SMITH"},{"data":"Fission","floor":46,"key":"SMITH"},{"data":"Mayhem","floor":47,"key":"SMITH"},{"data":"Genetic Algorithm","floor":49,"key":"SMITH"}],"circlet_count":0,"master_deck":["Double Energy+1","Reboot","Fission+1","Electrodynamics","All For One","Consume+1","Genetic Algorithm+1","Violence+1","Mayhem+1","Electrodynamics","Chaos","Machine Learning","Redo","Storm","Tempest+1","Echo Form","Seek+1","Meteor Strike","Meteor Strike","Electrodynamics+1","Capacitor+1","Loop+1","Thunder Strike","Fission+1","Enlightenment","Secret Technique"],"relics":["Cracked Core","Emotion Chip","Symbiotic Virus","CeramicFish","Art of War","Ginger","Girya","InkBottle","Runic Capacitor","Boot","Letter Opener","Philosopher\u0027s Stone","DataDisk","Ice Cream","Chemical X","Happy Flower","Bottled Tornado","Lantern","Prayer Wheel","Centennial Puzzle","Anchor","Potion Belt","Nilry\u0027s Codex","War Paint","Tiny House","Dream Catcher","Ancient Tea Set","Toolbox","MealTicket","The Courier","Nunchaku","Juzu Bracelet","Bag of Marbles","Vajra","Frozen Eye","Blood Vial","Oddly Smooth Stone","Frozen Egg 2","Orichalcum","Toy Ornithopter","Bag of Preparation","Pantograph","FossilizedHelix"],"acts_visited":["Exordium","TheCity","TheBeyond"],"potions_floor_usage":[],"damage_taken":[{"damage":1.0,"enemies":"Cultist","floor":1.0,"turns":3.0},{"damage":3.0,"enemies":"Small Slimes","floor":2.0,"turns":3.0},{"damage":1.0,"enemies":"Jaw Worm","floor":3.0,"turns":3.0},{"damage":5.0,"enemies":"Looter","floor":7.0,"turns":4.0},{"damage":25.0,"enemies":"Gremlin Nob","floor":8.0,"turns":4.0},{"damage":10.0,"enemies":"3 Sentries","floor":10.0,"turns":5.0},{"damage":5.0,"enemies":"Gremlin Nob","floor":11.0,"turns":4.0},{"damage":18.0,"enemies":"3 Sentries","floor":12.0,"turns":4.0},{"damage":41,"enemies":"Hexaghost","floor":16,"turns":5},{"damage":10,"enemies":"3 Byrds","floor":18,"turns":2},{"damage":0,"enemies":"Spheric Guardian","floor":20,"turns":2},{"damage":25,"enemies":"Centurion and Healer","floor":21,"turns":3},{"damage":24,"enemies":"Slavers","floor":23,"turns":2},{"damage":11,"enemies":"Book of Stabbing","floor":24,"turns":2},{"damage":30,"enemies":"Slavers","floor":27,"turns":2},{"damage":12,"enemies":"Book of Stabbing","floor":29,"turns":3},{"damage":5,"enemies":"Gremlin Leader","floor":31,"turns":2},{"damage":0,"enemies":"Collector","floor":33,"turns":3},{"damage":0,"enemies":"3 Darklings","floor":35,"turns":2},{"damage":11,"enemies":"3 Shapes","floor":37,"turns":2},{"damage":38,"enemies":"Reptomancer","floor":42,"turns":3},{"damage":21,"enemies":"Nemesis","floor":44,"turns":3},{"damage":18,"enemies":"Giant Head","floor":45,"turns":4},{"damage":0,"enemies":"Donu and Deca","floor":50,"turns":2}],"seed_played":"3448405420326510982","potions_obtained":[{"floor":1.0,"key":"SpeedPotion"},{"floor":7.0,"key":"LiquidMemories"},{"floor":8.0,"key":"Explosive Potion"},{"floor":12.0,"key":"Explosive Potion"},{"floor":29,"key":"SpeedPotion"},{"floor":34,"key":"EssenceOfSteel"}],"is_trial":true,"path_per_floor":["M","M","M","?","?","R","M","E","T","E","E","E","$","$","R","B",null,"M","$","M","M","$","E","E","R","T","E","R","E","?","E","R","B",null,"M","$","M","?","?","R","R","E","T","E","E","R","R","$","R","B",null],"character_chosen":"DEFECT","items_purchased":["InkBottle","Runic Capacitor","Consume","Genetic Algorithm","Violence","Mayhem","Electrodynamics","Chaos","Boot","Letter Opener","DataDisk","Ice Cream","Chemical X","Redo","Storm","Happy Flower","Bottled Tornado","Dream Catcher","Ancient Tea Set","Toolbox","Loop","Enlightenment","Secret Technique","Deep Breath","Doom and Gloom","Juzu Bracelet","Bag of Marbles","Vajra","Frozen Eye","Blood Vial","Oddly Smooth Stone","Frozen Egg 2","Orichalcum","Toy Ornithopter","Bag of Preparation","Pantograph","FossilizedHelix"],"campfire_rested":0,"item_purchase_floors":[13,13,13,13,13,14,14,14,14,14,19,19,19,19,19,22,22,36,36,36,36,48,48,48,48,48,48,48,48,48,48,48,48,48,48,48,48],"current_hp_per_floor":[74,71,70,55,55,55,50,50,50,75,70,52,52,52,75,34,75,65,65,65,75,75,51,75,75,75,45,45,75,59,54,75,75,500,500,500,489,389,389,389,389,351,351,330,312,312,312,327,327,354],"gold":4903,"neow_bonus":"","is_daily":false,"chose_seed":false,"campfire_upgraded":10,"win_rate":0.0,"timestamp":1614311433,"path_taken":["M","M","?","?","?","R","M","E","T","E","E","E","$","$","R","BOSS","M","$","M","M","?","E","E","R","T","E","R","E","?","E","R","BOSS","M","$","M","?","?","R","R","E","T","E","E","R","R","$","R","BOSS"],"items_purchased_type":["Relic","Relic","Card","Card","Card","Card","Card","Card","Relic","Relic","Relic","Relic","Relic","Card","Card","Relic","Relic","Relic","Relic","Relic","Card","Card","Card","Card","Card","Relic","Relic","Relic","Relic","Relic","Relic","Relic","Relic","Relic","Relic","Relic","Relic"],"build_version":"2020-12-22","purchased_purges":16,"victory":true,"max_hp_per_floor":[75,75,75,75,75,75,75,75,75,75,75,75,75,75,75,75,75,75,75,75,75,75,75,75,75,75,75,75,75,75,75,75,75,500,500,500,500,500,500,500,500,500,500,500,500,500,500,500,500,500],"card_choices":[{"not_picked":["Stack","Cold Snap"],"picked":"Double Energy","floor":1.0},{"not_picked":["BootSequence","Undo"],"picked":"Auto Shields","floor":2.0},{"not_picked":["Go for the Eyes","Leap"],"picked":"Barrage","floor":3.0},{"not_picked":["Conserve Battery","Undo"],"picked":"Compile Driver","floor":7.0},{"not_picked":["Seek","Amplify"],"picked":"Reboot","floor":8.0},{"not_picked":["Hyperbeam","Seek"],"picked":"Fission","floor":10.0},{"not_picked":["Machine Learning","Meteor Strike"],"picked":"Electrodynamics","floor":11.0},{"not_picked":["Buffer","Core Surge"],"picked":"All For One","floor":12.0},{"not_picked":["Thunder Strike","Rainbow"],"picked":"Machine Learning","floor":16},{"not_picked":["Ball Lightning+1","Chaos"],"picked":"Coolheaded","floor":18},{"not_picked":["Hologram+1","Coolheaded"],"picked":"Tempest","floor":20},{"not_picked":["Heatsinks","Rebound","Barrage+1"],"picked":"SKIP","floor":21},{"not_picked":["Seek","Hyperbeam"],"picked":"Echo Form","floor":23},{"not_picked":["Buffer","Amplify"],"picked":"Seek","floor":24},{"not_picked":["Buffer","Amplify"],"picked":"Meteor Strike","floor":27},{"not_picked":["Amplify","Reboot"],"picked":"Meteor Strike","floor":29},{"not_picked":["Buffer","Meteor Strike","Hyperbeam"],"picked":"SKIP","floor":31},{"not_picked":["Machine Learning","All For One"],"picked":"Electrodynamics","floor":33},{"not_picked":["White Noise","Sweeping Beam+1"],"picked":"Capacitor+1","floor":35},{"not_picked":["Turbo+1","Hologram","Streamline"],"picked":"SKIP","floor":35},{"not_picked":["Hologram+1","Streamline","Conserve Battery"],"picked":"SKIP","floor":37},{"not_picked":["Genetic Algorithm+1","Chaos","Machine Learning"],"picked":"SKIP","floor":37},{"not_picked":["All For One","Seek"],"picked":"Thunder Strike","floor":42},{"not_picked":["Echo Form","Seek"],"picked":"Fission","floor":44},{"not_picked":["Echo Form","Amplify","Creative AI"],"picked":"SKIP","floor":45}],"player_experience":65614,"relics_obtained":[{"floor":8.0,"key":"Symbiotic Virus"},{"floor":9.0,"key":"CeramicFish"},{"floor":10.0,"key":"Art of War"},{"floor":11.0,"key":"Ginger"},{"floor":12.0,"key":"Girya"},{"floor":23,"key":"Lantern"},{"floor":24,"key":"Prayer Wheel"},{"floor":26,"key":"Centennial Puzzle"},{"floor":27,"key":"Anchor"},{"floor":29,"key":"Potion Belt"},{"floor":30,"key":"Nilry\u0027s Codex"},{"floor":31,"key":"War Paint"},{"floor":42,"key":"MealTicket"},{"floor":43,"key":"The Courier"},{"floor":45,"key":"Nunchaku"}],"event_choices":[{"damage_healed":0.0,"max_hp_gain":0.0,"max_hp_loss":0.0,"gold_gain":0.0,"event_name":"Shining Light","player_choice":"Entered Light","floor":4.0,"gold_loss":0.0,"damage_taken":15.0,"cards_upgraded":["Defend_B","Defend_B"]},{"damage_healed":0.0,"max_hp_gain":0.0,"max_hp_loss":0.0,"gold_gain":0.0,"event_name":"Match and Keep!","player_choice":"0 cards matched","floor":5.0,"gold_loss":0.0,"damage_taken":0.0,"cards_obtained":[]},{"damage_healed":0,"gold_gain":0,"player_choice":"Obtained Book","damage_taken":16,"max_hp_gain":0,"max_hp_loss":0,"event_name":"Cursed Tome","floor":30,"gold_loss":0},{"damage_healed":0,"gold_gain":3,"player_choice":"2","damage_taken":0,"max_hp_gain":0,"max_hp_loss":100,"event_name":"betterStone:BetterStone","floor":38,"gold_loss":0},{"cards_removed":["Coolheaded"],"damage_healed":0,"gold_gain":0,"player_choice":"Removed Skill","damage_taken":0,"max_hp_gain":0,"max_hp_loss":0,"event_name":"Falling","floor":39,"gold_loss":0}],"is_beta":false,"boss_relics":[{"not_picked":["Empty Cage","Black Star"],"picked":"Philosopher\u0027s Stone"},{"not_picked":["Calling Bell","Runic Dome"],"picked":"Tiny House"}],"items_purged_floors":[13,13,13,13,13,13,13,13,36,36,36,48,48,48,48,48],"is_endless":false,"potions_floor_spawned":[1,7,8,12,16,20,21,24,29,31,35,42,44],"ascension_level":0}}