{"host":"prxrhpgaxnj4om9r","time":1614302676,"event":{"mods":["AchievementEnabler","BaseMod","Colored Map","DeckTracker","Keyboard Shortcuts","Minty Spire (QoL Compilation)"],"gold_per_floor":[114,125,136,136,156,156,175,189,215,226,226,245,259,259,259],"floor_reached":14,"language":"KOR","playtime":443,"items_purged":[],"score":88,"play_id":"cc0a0a85-9637-463a-a9dc-f7730d0dc284","local_time":"20210226102436","is_ascension_mode":false,"campfire_choices":[{"data":"Ball Lightning","floor":6,"key":"SMITH"}],"circlet_count":0,"master_deck":["Strike_B","Strike_B","Strike_B","Strike_B","Defend_B","Defend_B","Defend_B","Zap","Dualcast","Go for the Eyes","Aggregate","Stack","Ball Lightning+1","Static Discharge","Double Energy","Genetic Algorithm","Electrodynamics","Sunder"],"relics":["Cracked Core","Darkstone Periapt"],"acts_visited":["Exordium"],"potions_floor_usage":[10,12,13],"damage_taken":[{"damage":8,"enemies":"Small Slimes","floor":1,"turns":3},{"damage":1,"enemies":"Cultist","floor":2,"turns":3},{"damage":11,"enemies":"Jaw Worm","floor":3,"turns":3},{"damage":2,"enemies":"Looter","floor":5,"turns":3},{"damage":9,"enemies":"2 Fungi Beasts","floor":7,"turns":3},{"damage":10,"enemies":"Red Slaver","floor":8,"turns":3},{"damage":5,"enemies":"Blue Slaver","floor":10,"turns":3},{"damage":8,"enemies":"Large Slime","floor":12,"turns":4},{"damage":0,"enemies":"Looter","floor":13,"turns":2},{"damage":34,"enemies":"Gremlin Nob","floor":14,"turns":4}],"seed_played":"-5296545131747514163","potions_obtained":[{"floor":1,"key":"Dexterity Potion"},{"floor":3,"key":"Ancient Potion"},{"floor":8,"key":"Dexterity Potion"},{"floor":10,"key":"Regen Potion"}],"is_trial":false,"path_per_floor":["M","M","M","?","M","R","M","M","T","M","?","M","M","E"],"character_chosen":"DEFECT","items_purchased":[],"campfire_rested":0,"item_purchase_floors":[],"current_hp_per_floor":[74,73,62,62,60,60,51,41,41,36,24,28,28,0,0],"gold":259,"neow_bonus":"TEN_PERCENT_HP_BONUS","is_daily":false,"chose_seed":false,"campfire_upgraded":1,"win_rate":0.0,"timestamp":1614302676,"path_taken":["M","M","M","?","M","R","?","M","T","M","?","M","M","E"],"items_purchased_type":[],"build_version":"2020-12-22","purchased_purges":0,"victory":false,"max_hp_per_floor":[82,82,82,82,82,82,82,82,82,82,82,82,82,82,82],"card_choices":[{"not_picked":["Conserve Battery","Beam Cell"],"picked":"Go for the Eyes","floor":1},{"not_picked":["Beam Cell","Redo"],"picked":"Aggregate","floor":2},{"not_picked":["Recycle","Beam Cell"],"picked":"Stack","floor":3},{"not_picked":["Go for the Eyes","Glacier"],"picked":"Ball Lightning","floor":5},{"not_picked":["Storm","Tempest"],"picked":"Static Discharge","floor":7},{"not_picked":["Beam Cell","Consume"],"picked":"Double Energy","floor":8},{"not_picked":["Ball Lightning","Consume"],"picked":"Genetic Algorithm","floor":10},{"not_picked":["Gash","White Noise"],"picked":"Electrodynamics","floor":12},{"not_picked":["Rip and Tear","Rebound"],"picked":"Sunder","floor":13}],"player_experience":663764,"relics_obtained":[],"event_choices":[{"cards_removed":["Defend_B"],"damage_healed":0,"gold_gain":0,"player_choice":"Purged","damage_taken":0,"max_hp_gain":0,"max_hp_loss":0,"event_name":"Purifier","floor":4,"gold_loss":0},{"damage_healed":0,"gold_gain":0,"player_choice":"Success","damage_taken":12,"relics_obtained":["Darkstone Periapt"],"max_hp_gain":0,"max_hp_loss":0,"event_name":"Scrap Ooze","floor":11,"gold_loss":0}],"is_beta":false,"boss_relics":[],"items_purged_floors":[],"is_endless":false,"potions_floor_spawned":[1,3,8,10],"killed_by":"Gremlin Nob","ascension_level":0}}