{"host":"8vqkh0x3c7vpgzzm","time":1614371101,"event":{"mods":["AchievementEnabler","BaseMod","Colored Map","Colored Powertips","Curses Come First","DeckTracker","Highlight Path","Minty Spire (QoL Compilation)","Permanent Neow","Quick Restart","Random Character Mod","Rare Cards Sparkle","Relic Sorter","Relic Stats","StSLib","SuperFastMode","Unceasing Turn Reminder","egg","everything is the same but u backflip on backflip"],"gold_per_floor":[118,137,151,151,163,163,195,206,206,233,253,253,253,272,272,346,346,359,359,359,359,99,99,111,140,140,140,153,164,164,182,182,182,182],"floor_reached":33,"language":"ENG","playtime":1148,"items_purged":[],"score":583,"play_id":"cc316e78-73a3-4f6e-aa5b-2a1b500d6fcb","local_time":"20210226212501","is_ascension_mode":true,"campfire_choices":[{"data":"Envenom","floor":6,"key":"SMITH"},{"floor":13,"key":"REST"},{"data":"Neutralize","floor":15,"key":"SMITH"},{"data":"Adrenaline","floor":23,"key":"SMITH"},{"data":"Cloak And Dagger","floor":27,"key":"SMITH"},{"data":"Accuracy","floor":30,"key":"SMITH"},{"data":"Well Laid Plans","floor":32,"key":"SMITH"}],"circlet_count":0,"master_deck":["AscendersBane","Defend_G+1","Defend_G+1","Defend_G+1","Defend_G+1","Survivor","Neutralize+1","Envenom+1","Bouncing Flask","Endless Agony","Poisoned Stab","Finisher","Choke","Die Die Die","Dash","Blade Dance","Prepared","Adrenaline+1","Cloak And Dagger+1","Bite","Bite","Bite","Bite","Bite","Panache","Accuracy+1","Blade Dance","Concentrate+1","Backstab","Blade Dance","Well Laid Plans+1"],"relics":["Ring of the Snake","StoneCalendar","Gremlin Horn","Bag of Marbles","WristBlade","Question Card","Oddly Smooth Stone"],"acts_visited":["Exordium","TheCity"],"potions_floor_usage":[5,10,25,33,33],"damage_taken":[{"damage":2,"enemies":"Small Slimes","floor":1,"turns":6},{"damage":1,"enemies":"2 Louse","floor":2,"turns":3},{"damage":7,"enemies":"Jaw Worm","floor":3,"turns":4},{"damage":9,"enemies":"3 Louse","floor":5,"turns":2},{"damage":8,"enemies":"Gremlin Nob","floor":7,"turns":3},{"damage":12,"enemies":"Exordium Thugs","floor":8,"turns":4},{"damage":17,"enemies":"Lagavulin","floor":10,"turns":6},{"damage":0,"enemies":"2 Fungi Beasts","floor":11,"turns":1},{"damage":9,"enemies":"Blue Slaver","floor":14,"turns":3},{"damage":7,"enemies":"Hexaghost","floor":16,"turns":7},{"damage":5,"enemies":"Shell Parasite","floor":18,"turns":3},{"damage":1,"enemies":"2 Thieves","floor":24,"turns":3},{"damage":12,"enemies":"Book of Stabbing","floor":25,"turns":3},{"damage":3,"enemies":"Chosen and Byrds","floor":28,"turns":3},{"damage":0,"enemies":"Snecko","floor":29,"turns":1},{"damage":0,"enemies":"Centurion and Healer","floor":31,"turns":5},{"damage":85,"enemies":"Collector","floor":33,"turns":6}],"seed_played":"4550432857215053575","potions_obtained":[{"floor":2,"key":"AttackPotion"},{"floor":3,"key":"LiquidMemories"},{"floor":8,"key":"ColorlessPotion"},{"floor":16,"key":"Fire Potion"},{"floor":25,"key":"BlessingOfTheForge"}],"is_trial":false,"path_per_floor":["M","M","M","?","M","R","E","M","T","E","M","?","R","M","R","B",null,"M","?","?","?","$","R","M","E","T","R","M","M","R","M","R","B"],"character_chosen":"THE_SILENT","items_purchased":["Panache","Accuracy"],"campfire_rested":1,"item_purchase_floors":[22,22],"current_hp_per_floor":[57,56,49,49,40,40,32,20,20,3,3,3,22,13,13,6,51,46,46,46,46,46,46,46,34,34,34,35,35,35,45,45,0,0],"gold":182,"neow_bonus":"TRANSFORM_CARD","is_daily":false,"chose_seed":false,"campfire_upgraded":6,"win_rate":0.0,"timestamp":1614371101,"path_taken":["M","M","M","?","M","R","E","M","T","E","M","?","R","M","R","BOSS","M","?","?","?","$","R","M","E","T","R","M","?","R","M","R","BOSS"],"items_purchased_type":["Card","Card"],"build_version":"2020-12-22","purchased_purges":0,"victory":false,"max_hp_per_floor":[66,66,66,66,66,66,66,66,66,66,66,66,66,66,66,66,66,66,46,46,46,46,46,46,46,46,46,46,46,46,46,46,46,46],"relic_stats":{"Gremlin Horn":[6,6],"counters":[17,63],"StoneCalendar":[52],"Question Card":3,"obtain_stats":[{"Gremlin Horn":9,"WristBlade":17,"Oddly Smooth Stone":26,"StoneCalendar":7,"Bag of Marbles":10,"Question Card":25,"Ring of the Snake":0},{"Gremlin Horn":6,"WristBlade":10,"Oddly Smooth Stone":13,"StoneCalendar":5,"Bag of Marbles":7,"Question Card":13,"Ring of the Snake":0},{"Gremlin Horn":22,"WristBlade":39,"Oddly Smooth Stone":48,"StoneCalendar":18,"Bag of Marbles":28,"Question Card":48,"Ring of the Snake":0}],"Ring of the Snake":[34]},"card_choices":[{"not_picked":["Backflip","Bane"],"picked":"Bouncing Flask","floor":1},{"not_picked":["Backflip","Deflect"],"picked":"Endless Agony","floor":2},{"not_picked":["Dagger Throw","Deadly Poison"],"picked":"Poisoned Stab","floor":3},{"not_picked":["Eviscerate","Dagger Throw"],"picked":"Finisher","floor":5},{"not_picked":["Quick Slash","Eviscerate"],"picked":"Choke","floor":7},{"not_picked":["Sucker Punch","Outmaneuver"],"picked":"Die Die Die","floor":8},{"not_picked":["Well Laid Plans","Reflex"],"picked":"Dash","floor":10},{"not_picked":["Slice","Escape Plan"],"picked":"Blade Dance","floor":11},{"not_picked":["Underhanded Strike","Dagger Throw"],"picked":"Prepared","floor":14},{"not_picked":["Tools of the Trade","Grand Finale"],"picked":"Adrenaline","floor":16},{"not_picked":["Prepared","Quick Slash"],"picked":"Cloak And Dagger","floor":18},{"not_picked":["Acrobatics","Poisoned Stab"],"picked":"Blade Dance","floor":24},{"not_picked":["Bouncing Flask","Sucker Punch"],"picked":"Concentrate+1","floor":25},{"not_picked":["Backflip","Flechettes","PiercingWail"],"picked":"Backstab","floor":28},{"not_picked":["Outmaneuver","Accuracy","Storm of Steel"],"picked":"Blade Dance","floor":29},{"not_picked":["Outmaneuver","Catalyst+1","Finisher"],"picked":"Well Laid Plans","floor":31}],"player_experience":664729,"relics_obtained":[{"floor":7,"key":"StoneCalendar"},{"floor":9,"key":"Gremlin Horn"},{"floor":10,"key":"Bag of Marbles"},{"floor":25,"key":"Question Card"},{"floor":26,"key":"Oddly Smooth Stone"}],"event_choices":[{"damage_healed":0,"gold_gain":0,"player_choice":"Ignored","damage_taken":0,"max_hp_gain":0,"max_hp_loss":0,"event_name":"Liars Game","floor":4,"gold_loss":0},{"damage_healed":0,"gold_gain":0,"player_choice":"Fled","damage_taken":0,"max_hp_gain":0,"max_hp_loss":0,"event_name":"Scrap Ooze","floor":12,"gold_loss":0},{"damage_healed":0,"gold_gain":0,"player_choice":"Became a vampire","damage_taken":0,"max_hp_gain":0,"max_hp_loss":20,"event_name":"Vampires","floor":19,"gold_loss":0,"cards_obtained":["Bite","Bite","Bite","Bite","Bite"]},{"damage_healed":0,"gold_gain":0,"player_choice":"Simplicity","damage_taken":0,"max_hp_gain":0,"max_hp_loss":0,"event_name":"Back to Basics","floor":20,"gold_loss":0,"cards_upgraded":["Defend_G","Defend_G","Defend_G","Defend_G"]},{"damage_healed":0,"gold_gain":0,"player_choice":"Ignored","damage_taken":0,"max_hp_gain":0,"max_hp_loss":0,"event_name":"Beggar","floor":21,"gold_loss":0}],"is_beta":false,"boss_relics":[{"not_picked":["Busted Crown","Black Star"],"picked":"WristBlade"}],"items_purged_floors":[],"is_endless":false,"potions_floor_spawned":[2,3,8,16,18,25,31],"killed_by":"Collector","ascension_level":20}}