{"host":"3j24k6gtmfx6ynrk","time":1614367895,"event":{"mods":["AchievementEnabler","BaseMod","Block Reminder","Colored Powertips","Highlight Path","Minty Spire (QoL Compilation)","Quick Restart","Rare Cards Sparkle","StSLib"],"gold_per_floor":[112,122,122,140,150,150,170,170,170,170,187,197,197,232,232,330,330,341,356,212,225,236,236,254,1,1,101,101,67,137,156,156,259,259,273,298,298,312,70,70,87,97,97,131,31,49,49,84,84,84,84,84,46,75,75],"floor_reached":56,"language":"DEU","playtime":5443,"items_purged":["Strike_B","Strike_B"],"score":1186,"play_id":"453d58d5-94f2-484a-90b0-9598dbb9c4c6","local_time":"20210226203135","is_ascension_mode":false,"campfire_choices":[{"floor":6.0,"key":"REST"},{"data":"Genetic Algorithm","floor":8.0,"key":"SMITH"},{"data":"Glacier","floor":10.0,"key":"SMITH"},{"data":"Machine Learning","floor":13.0,"key":"SMITH"},{"data":"Auto Shields","floor":15.0,"key":"SMITH"},{"data":"Coolheaded","floor":23.0,"key":"SMITH"},{"data":"Loop","floor":28.0,"key":"SMITH"},{"floor":32.0,"key":"REST"},{"floor":40.0,"key":"RECALL"},{"floor":47,"key":"REST"},{"data":"Defragment","floor":49,"key":"SMITH"},{"data":"Loop","floor":52,"key":"SMITH"}],"circlet_count":0,"master_deck":["Strike_B","Strike_B","Defend_B","Defend_B","Defend_B","Zap+1","Dualcast","Core Surge","Auto Shields+1","Chill","FTL","Glacier+1","Genetic Algorithm+1","Machine Learning+1","Heatsinks","Go for the Eyes","Biased Cognition","Conserve Battery","Capacitor","Coolheaded+1","Conserve Battery+1","Loop+1","Capacitor","Doom and Gloom","Defragment+1","Hologram+1","Echo Form","CurseOfTheBell","Loop+1","Ball Lightning+1","Hologram","Force Field+1","Compile Driver+1","Consume","Static Discharge+1"],"relics":["Cracked Core","Mercury Hourglass","Oddly Smooth Stone","Philosopher\u0027s Stone","ClockworkSouvenir","Cables","Calling Bell","Bronze Scales","Shuriken","CaptainsWheel","MealTicket","Pear","White Beast Statue","FossilizedHelix","Toy Ornithopter","Mummified Hand"],"acts_visited":["Exordium","TheCity","TheBeyond","TheEnding"],"potions_floor_usage":[44,44,44,44,54,55,55,55],"damage_taken":[{"damage":6.0,"enemies":"Cultist","floor":1.0,"turns":3.0},{"damage":0.0,"enemies":"Small Slimes","floor":2.0,"turns":2.0},{"damage":0.0,"enemies":"2 Louse","floor":4.0,"turns":3.0},{"damage":0.0,"enemies":"Red Slaver","floor":5.0,"turns":3.0},{"damage":0.0,"enemies":"Exordium Wildlife","floor":7.0,"turns":3.0},{"damage":0.0,"enemies":"2 Fungi Beasts","floor":11.0,"turns":2.0},{"damage":0.0,"enemies":"Looter","floor":12.0,"turns":2.0},{"damage":6.0,"enemies":"Lagavulin","floor":14.0,"turns":7.0},{"damage":22.0,"enemies":"Hexaghost","floor":16.0,"turns":13.0},{"damage":6.0,"enemies":"Spheric Guardian","floor":18.0,"turns":4.0},{"damage":9.0,"enemies":"Shell Parasite","floor":19.0,"turns":6.0},{"damage":1.0,"enemies":"Centurion and Healer","floor":21.0,"turns":8.0},{"damage":14.0,"enemies":"Chosen and Byrds","floor":22.0,"turns":7.0},{"damage":0.0,"enemies":"Snecko","floor":24.0,"turns":7.0},{"damage":16.0,"enemies":"Snake Plant","floor":31.0,"turns":3.0},{"damage":11.0,"enemies":"Collector","floor":33.0,"turns":10.0},{"damage":9.0,"enemies":"3 Darklings","floor":35.0,"turns":5.0},{"damage":2.0,"enemies":"3 Shapes","floor":38.0,"turns":6.0},{"damage":0.0,"enemies":"Spire Growth","floor":41.0,"turns":6.0},{"damage":33,"enemies":"3 Darklings","floor":42,"turns":5},{"damage":23,"enemies":"Reptomancer","floor":44,"turns":8},{"damage":17,"enemies":"Jaw Worm Horde","floor":46,"turns":5},{"damage":0,"enemies":"Nemesis","floor":48,"turns":9},{"damage":3,"enemies":"Time Eater","floor":50,"turns":12},{"damage":44,"enemies":"Shield and Spear","floor":54,"turns":8},{"damage":53,"enemies":"The Heart","floor":55,"turns":10}],"seed_played":"-4606916550313022569","potions_obtained":[{"floor":1.0,"key":"FearPotion"},{"floor":4.0,"key":"PotionOfCapacity"},{"floor":5.0,"key":"AttackPotion"},{"floor":7.0,"key":"LiquidMemories"},{"floor":21.0,"key":"PowerPotion"},{"floor":24.0,"key":"BlessingOfTheForge"},{"floor":42,"key":"EntropicBrew"},{"floor":44,"key":"Weak Potion"},{"floor":46,"key":"PotionOfCapacity"},{"floor":54,"key":"Explosive Potion"}],"is_trial":false,"path_per_floor":["M","M","?","M","M","R","M","R","T","R","M","M","R","E","R","B",null,"M","M","$","M","M","R","M","$","T","?","R","$","T","M","R","B",null,"M","T","?","M","$","R","M","M","T","E","$","M","R","E","R","B",null,"R","$","E","B",null],"character_chosen":"DEFECT","items_purchased":["Capacitor","Capacitor","ClockworkSouvenir","Doom and Gloom","Defragment","Pear","Consume"],"campfire_rested":3,"item_purchase_floors":[20,25,25,25,29,39,53],"current_hp_per_floor":[48,48,48,48,48,70,70,70,70,70,70,70,70,64,64,42,75,69,60,60,59,45,45,45,45,45,45,45,45,45,29,51,40,75,66,66,66,64,85,85,85,52,52,29,44,27,52,52,52,49,85,85,85,41,3],"gold":75,"neow_bonus":"THREE_RARE_CARDS","is_daily":false,"chose_seed":false,"campfire_upgraded":8,"win_rate":0.0,"timestamp":1614367895,"path_taken":["M","?","?","M","M","R","M","R","T","R","?","M","R","E","R","BOSS","M","M","?","M","M","R","?","$","T","?","R","$","?","M","R","BOSS","M","?","?","?","$","R","M","M","T","E","?","M","R","E","R","BOSS","R","$","E","BOSS"],"items_purchased_type":["Card","Card","Relic","Card","Card","Relic","Card"],"build_version":"2020-12-22","purchased_purges":2,"victory":true,"max_hp_per_floor":[75,75,75,75,75,75,75,75,75,75,75,75,75,75,75,75,75,75,75,75,75,75,75,75,75,75,75,75,75,75,75,75,75,75,75,75,75,75,85,85,85,85,85,85,85,85,85,85,85,85,85,85,85,85,85],"card_choices":[{"not_picked":["Electrodynamics","Rainbow"],"picked":"Core Surge","floor":0.0},{"not_picked":["Sweeping Beam","Hologram"],"picked":"Auto Shields","floor":1.0},{"not_picked":["Chaos","Auto Shields"],"picked":"Chill","floor":2.0},{"not_picked":["Chill","Reprogram"],"picked":"FTL","floor":4.0},{"not_picked":["Cold Snap","Steam"],"picked":"Glacier","floor":5.0},{"not_picked":["Ball Lightning","Rebound"],"picked":"Genetic Algorithm","floor":7.0},{"not_picked":["Reprogram","Streamline"],"picked":"Machine Learning","floor":11.0},{"not_picked":["Steam","Lockon"],"picked":"Heatsinks","floor":12.0},{"not_picked":["Hologram","Cold Snap"],"picked":"Go for the Eyes","floor":14.0},{"not_picked":["Creative AI","Fission"],"picked":"Biased Cognition","floor":16.0},{"not_picked":["Storm","Gash"],"picked":"Conserve Battery","floor":18.0},{"not_picked":["Steam","Rebound","Ball Lightning"],"picked":"SKIP","floor":19.0},{"not_picked":["Static Discharge","Doom and Gloom"],"picked":"Coolheaded","floor":21.0},{"not_picked":["Ball Lightning","Go for the Eyes"],"picked":"Conserve Battery+1","floor":22.0},{"not_picked":["Glacier","Streamline"],"picked":"Loop","floor":24.0},{"not_picked":["Beam Cell","Ball Lightning"],"picked":"Hologram+1","floor":31.0},{"not_picked":["All For One","Hyperbeam"],"picked":"Echo Form","floor":33.0},{"not_picked":["Force Field","Melter+1"],"picked":"Loop","floor":35.0},{"not_picked":["Conserve Battery","FTL"],"picked":"Ball Lightning+1","floor":38.0},{"not_picked":["Stack+1","Steam","Compile Driver"],"picked":"SKIP","floor":41},{"not_picked":["Stack+1","Steam","Compile Driver"],"picked":"SKIP","floor":41},{"not_picked":["Sweeping Beam+1","Gash+1"],"picked":"Hologram","floor":42},{"not_picked":["Tempest","Ball Lightning+1"],"picked":"Force Field+1","floor":44},{"not_picked":["Steam","Cold Snap","Gash"],"picked":"SKIP","floor":46},{"not_picked":["Double Energy+1","Rip and Tear"],"picked":"Compile Driver+1","floor":48},{"not_picked":["Sunder+1","Genetic Algorithm"],"picked":"Static Discharge+1","floor":54}],"player_experience":121908,"relics_obtained":[{"floor":9.0,"key":"Mercury Hourglass"},{"floor":14.0,"key":"Oddly Smooth Stone"},{"floor":30.0,"key":"Cables"},{"floor":34.0,"key":"Bronze Scales"},{"floor":34.0,"key":"Shuriken"},{"floor":34.0,"key":"CaptainsWheel"},{"floor":36.0,"key":"MealTicket"},{"floor":43,"key":"White Beast Statue"},{"floor":44,"key":"FossilizedHelix"},{"floor":48,"key":"Toy Ornithopter"},{"floor":54,"key":"Mummified Hand"}],"event_choices":[{"damage_healed":0.0,"max_hp_gain":0.0,"max_hp_loss":0.0,"gold_gain":0.0,"event_name":"Upgrade Shrine","player_choice":"Upgraded","floor":3.0,"gold_loss":0.0,"damage_taken":0.0,"cards_upgraded":["Zap"]},{"damage_healed":0.0,"max_hp_gain":0.0,"max_hp_loss":0.0,"gold_gain":100.0,"event_name":"Golden Shrine","player_choice":"Pray","floor":27.0,"gold_loss":0.0,"damage_taken":0.0},{"cards_removed":["Defend_B"],"damage_healed":0.0,"max_hp_gain":0.0,"max_hp_loss":0.0,"gold_gain":0.0,"event_name":"Purifier","player_choice":"Purged","floor":37.0,"gold_loss":0.0,"damage_taken":0.0}],"is_beta":false,"boss_relics":[{"not_picked":["FrozenCore","Cursed Key"],"picked":"Philosopher\u0027s Stone"},{"not_picked":["Black Star","Nuclear Battery"],"picked":"Calling Bell"}],"items_purged_floors":[20,45],"is_endless":false,"potions_floor_spawned":[1,4,5,7,12,21,24,42,44,46,48,54],"ascension_level":0}}