{"host":"dbkc9h3etq50r1dq","time":1614382154,"event":{"mods":["100% Spire Juice","AchievementEnabler","BaseMod","Block Reminder","Colored Powertips","Curses Come First","Dark Map","Minty Spire (QoL Compilation)","Permanent Neow","Potion Indicator Mod","Random Character Button","Rare Cards Sparkle","StSLib","SuperFastMode","Weighted Paths"],"gold_per_floor":[113,113,113,138,153,187,187,218,272,272,0,75,94,129,129,259,259,284,299,315,315,330,330,330],"floor_reached":23,"language":"ZHS","playtime":848,"items_purged":["Moonworks:Strike"],"score":372,"play_id":"df0f4652-9114-40df-ab64-0412e51c53bb","local_time":"20210227072914","is_ascension_mode":true,"campfire_choices":[{"floor":7.0,"key":"REST"},{"data":"Moonworks:GoAway","floor":10.0,"key":"SMITH"},{"data":"Moonworks:ForcedRevival","floor":15.0,"key":"SMITH"}],"circlet_count":0,"master_deck":["Moonworks:Strike","Moonworks:Strike","Moonworks:Defend","Moonworks:Defend","Moonworks:Defend","Moonworks:Defend","Moonworks:Ambush","Moonworks:LongDistanceShot","Moonworks:LuckyCharm","Moonworks:ShieldCounter","Moonworks:ForcedRevival+1","Moonworks:GoAway+1","Moonworks:IndiscriminateFireSupport","Moonworks:DeployBits","Moonworks:UnpaidWork","Moonworks:CrystalBarrier","Moonworks:UnpaidWork","Moonworks:SealedMemories+1"],"relics":["Moonworks:BrokenBomb","Moonworks:Homemark","Torii","Golden Idol","Gremlin Horn","Lantern","Orichalcum","Membership Card","Boot","SlaversCollar"],"acts_visited":["Exordium","TheCity"],"potions_floor_usage":[23],"damage_taken":[{"damage":7.0,"enemies":"Jaw Worm","floor":1.0,"turns":4.0},{"damage":1.0,"enemies":"Small Slimes","floor":4.0,"turns":3.0},{"damage":2.0,"enemies":"Cultist","floor":5.0,"turns":4.0},{"damage":16.0,"enemies":"Gremlin Nob","floor":6.0,"turns":4.0},{"damage":8.0,"enemies":"Lagavulin","floor":8.0,"turns":6.0},{"damage":0.0,"enemies":"Looter","floor":13.0,"turns":3.0},{"damage":0.0,"enemies":"3 Sentries","floor":14.0,"turns":2.0},{"damage":21.0,"enemies":"Slime Boss","floor":16.0,"turns":2.0},{"damage":12.0,"enemies":"Shell Parasite","floor":18.0,"turns":4.0},{"damage":2.0,"enemies":"Chosen","floor":19.0,"turns":8.0},{"damage":20.0,"enemies":"Centurion and Healer","floor":20.0,"turns":8.0},{"damage":23.0,"enemies":"Shelled Parasite and Fungi","floor":22.0,"turns":5.0},{"damage":46,"enemies":"Book of Stabbing","floor":23,"turns":6}],"seed_played":"-7697844785983123471","potions_obtained":[{"floor":5.0,"key":"Fruit Juice"},{"floor":8.0,"key":"Moonworks:OneHundredPercentOrangeJuicePotion"},{"floor":14.0,"key":"EssenceOfSteel"},{"floor":19.0,"key":"Explosive Potion"},{"floor":20.0,"key":"DistilledChaos"},{"floor":21.0,"key":"FairyPotion"},{"floor":21.0,"key":"Swift Potion"}],"is_trial":false,"path_per_floor":["M","?","?","M","M","E","R","E","T","R","$","?","M","E","R","B",null,"M","M","M","?","M","E"],"character_chosen":"THE_STARBREAKER","items_purchased":["Membership Card"],"campfire_rested":1,"item_purchase_floors":[11],"current_hp_per_floor":[47,47,47,46,53,39,55,47,47,47,47,36,41,41,41,28,48,44,50,38,38,23,0,0],"gold":330,"neow_bonus":"ONE_RARE_RELIC","is_daily":false,"chose_seed":false,"campfire_upgraded":2,"win_rate":0.0,"timestamp":1614382154,"path_taken":["M","?","?","M","M","E","R","E","T","R","$","?","M","E","R","BOSS","M","M","M","?","?","E"],"items_purchased_type":["Relic"],"build_version":"2020-12-22","purchased_purges":1,"victory":false,"max_hp_per_floor":[54,54,50,50,55,55,55,55,55,55,55,55,55,55,55,55,55,55,55,55,55,55,55,55],"card_choices":[{"not_picked":["Moonworks:CloudOfSeagulls","Moonworks:JonathanRush"],"picked":"Moonworks:LuckyCharm","floor":1.0},{"not_picked":["Moonworks:CloudOfSeagulls","Moonworks:UnpaidWork"],"picked":"Moonworks:ForcedRevival","floor":4.0},{"not_picked":["Moonworks:SelfDestruct","Moonworks:JonathanRush","Moonworks:Poppoformation"],"picked":"SKIP","floor":5.0},{"not_picked":["Moonworks:AngelHand","Moonworks:DeployBits"],"picked":"Moonworks:GoAway","floor":6.0},{"not_picked":["Moonworks:CompletionReward","Moonworks:ImOnFire"],"picked":"Moonworks:IndiscriminateFireSupport","floor":8.0},{"not_picked":["Moonworks:Assault","Moonworks:BigBangBell"],"picked":"Moonworks:DeployBits","floor":13.0},{"not_picked":["Moonworks:TreasureThief","Moonworks:AngelHand"],"picked":"Moonworks:UnpaidWork","floor":14.0},{"not_picked":["Moonworks:ReflectiveShell","Moonworks:SubspaceTunnel"],"picked":"Moonworks:CrystalBarrier","floor":16.0},{"not_picked":["Moonworks:JonathanRush","Moonworks:BigMagnum+1","Moonworks:ImOnFire"],"picked":"SKIP","floor":18.0},{"not_picked":["Moonworks:WindyEnchantment","Moonworks:ImOnFire"],"picked":"Moonworks:UnpaidWork","floor":19.0},{"not_picked":["Moonworks:EvilSpyWorkPreparation","Moonworks:MixPhenomenon+1","Moonworks:Assault"],"picked":"SKIP","floor":20.0},{"not_picked":["Moonworks:BindingChains+1","Moonworks:IndiscriminateFireSupport"],"picked":"Moonworks:SealedMemories+1","floor":22.0}],"player_experience":206552,"relics_obtained":[{"floor":6.0,"key":"Gremlin Horn"},{"floor":8.0,"key":"Lantern"},{"floor":9.0,"key":"Orichalcum"},{"floor":14.0,"key":"Boot"}],"event_choices":[{"damage_healed":0.0,"max_hp_gain":0.0,"max_hp_loss":0.0,"gold_gain":0.0,"cards_transformed":["Moonworks:Strike"],"event_name":"Living Wall","player_choice":"Change","floor":2.0,"gold_loss":0.0,"damage_taken":0.0,"cards_obtained":["Moonworks:ShieldCounter"]},{"damage_healed":0.0,"max_hp_gain":0.0,"max_hp_loss":4.0,"gold_gain":0.0,"event_name":"Golden Idol","player_choice":"Lose Max HP","floor":3.0,"gold_loss":0.0,"damage_taken":0.0,"relics_obtained":["Golden Idol"]},{"damage_healed":0.0,"max_hp_gain":0.0,"max_hp_loss":0.0,"gold_gain":75.0,"event_name":"World of Goop","player_choice":"Gather Gold","floor":12.0,"gold_loss":0.0,"damage_taken":11.0},{"damage_healed":0.0,"max_hp_gain":0.0,"max_hp_loss":0.0,"gold_gain":0.0,"event_name":"Lab","player_choice":"Got Potions","floor":21.0,"gold_loss":0.0,"damage_taken":0.0}],"is_beta":false,"boss_relics":[{"not_picked":["Velvet Choker","Philosopher\u0027s Stone"],"picked":"SlaversCollar"}],"items_purged_floors":[11],"is_endless":false,"potions_floor_spawned":[5,8,14,19,20],"killed_by":"Book of Stabbing","ascension_level":6}}