{"host":"dvz52zoduqbx9zr0","time":1614337469,"event":{"mods":["AchievementEnabler","Always Whale","Aspiration","BaseMod","BetterRewards","Colored Map","Conspire","Custom Start","Downfall","Halation","Hubris","Jedi Mod","Minty Spire (QoL Compilation)","Relic Sorter","Replay The Spire","Shop Mod","StSLib","SuperFastMode"],"gold_per_floor":[99,118,118,57,57,71,96,109,123,136,136,46,46,73,87,190,190,202,224,251,273,302,299,311,357,383,395,407,419,419,419],"floor_reached":29,"language":"ENG","playtime":1574,"items_purged":[],"score":322,"play_id":"efa9df3f-5d6f-43f5-9b8b-245833ae5c7c","local_time":"20210226210429","daily_mods":["Draft","Heirloom","Flight"],"is_ascension_mode":false,"campfire_choices":[{"data":"hexamod:FlamesFromBeyond","floor":1,"key":"SMITH"},{"data":"hexamod:SpectersWail","floor":11,"key":"SMITH"},{"data":"hexamod:ForkedFlame","floor":13,"key":"SMITH"},{"floor":18,"key":"RECALL"},{"data":"hexamod:FlamesFromBeyond","floor":28,"key":"SMITH"}],"circlet_count":0,"master_deck":["hexamod:HeatShield","hexamod:FlamesFromBeyond+1","hexamod:FlamesFromBeyond","hexamod:PhantomFireball","hexamod:ThermalTransfer","hexamod:StepThrough","hexamod:AdvancingGuard","hexamod:AdvancingGuard","hexamod:HeatMetal","hexamod:ExtraCrispy","hexamod:GhostShield","hexamod:FastForward","hexamod:BurningTouch","hexamod:SkipABeat","hexamod:FlamesFromBeyond+1","Injury","hexamod:InspiringFlames+1","hexamod:SpectersWail+1","hexamod:InspiringFlames+1","hexamod:Rewind+1","hexamod:AdvancingGuard+1","hexamod:CatchUp+1","hexamod:ForkedFlame+1","hexamod:SoulSteal+1","hexamod:PowerFromBeyond+1","hexamod:Firestarter","hexamod:VolcanoVisage","CurseOfTheBell","hexamod:SpectersWail+1","hexamod:ChargedBarrage+1","hexamod:Hexaguard+1","hexamod:FlamesFromBeyond+1","hexamod:BurningTouch+1","hexamod:SoulSteal+1","hexamod:RecurringNightmare+1"],"relics":["hexamod:SpiritBrand","conspire:InfiniteJournal","Toxic Egg 2","Art of War","Anchor","Calling Bell","MawBank","Snack Pack","Du-Vu Doll","conspire:Flyswatter","Prayer Wheel"],"acts_visited":["Exordium","TheCity"],"potions_floor_usage":[16],"damage_taken":[{"damage":0,"enemies":"2 Louse","floor":2,"turns":3},{"damage":0,"enemies":"downfall:FleeingMerchant","floor":4,"turns":4},{"damage":1,"enemies":"Cultist","floor":6,"turns":3},{"damage":0,"enemies":"Small Slimes","floor":8,"turns":3},{"damage":5,"enemies":"downfall:LooterAlt","floor":9,"turns":3},{"damage":9,"enemies":"Exordium Thugs","floor":10,"turns":4},{"damage":2,"enemies":"downfall:FleeingMerchant","floor":12,"turns":4},{"damage":0,"enemies":"3 Sentries","floor":14,"turns":4},{"damage":0,"enemies":"Lots of Slimes","floor":15,"turns":4},{"damage":13,"enemies":"IC_STATUS_ARCHETYPE","floor":16,"turns":6},{"damage":13,"enemies":"3 Byrds","floor":19,"turns":4},{"damage":0,"enemies":"Chosen","floor":20,"turns":4},{"damage":13,"enemies":"Snake Plant","floor":21,"turns":4},{"damage":13,"enemies":"3 Cultists","floor":22,"turns":4},{"damage":0,"enemies":"downfall:FleeingMerchant","floor":23,"turns":4},{"damage":16,"enemies":"Slavers","floor":25,"turns":3},{"damage":11,"enemies":"Snecko","floor":26,"turns":4},{"damage":14,"enemies":"Sentry and Sphere","floor":29,"turns":2}],"seed_played":"-3951035031882504806","potions_obtained":[{"floor":2,"key":"DistilledChaos"},{"floor":8,"key":"Adrenaline Potion"},{"floor":14,"key":"champ:CounterPotion"},{"floor":21,"key":"hexamod:EctoCoolerPotion"}],"is_trial":true,"path_per_floor":["R","M","?","$","?","M","T","M","M","M","R","$","R","E","M","B",null,"R","M","M","M","M","$","T","E","M","?","R","M"],"character_chosen":"THE_SPIRIT","items_purchased":["hexamod:SpectersWail","hexamod:SoulSteal+1"],"campfire_rested":0,"item_purchase_floors":[4,12],"current_hp_per_floor":[70,70,70,70,70,69,69,69,64,55,55,53,53,53,53,40,70,70,57,57,44,31,33,33,17,6,6,6,0,0,0],"gold":419,"neow_bonus":"","is_daily":false,"chose_seed":false,"campfire_upgraded":4,"win_rate":0.0,"timestamp":1614337469,"path_taken":["R","M","?","$","?","M","T","M","M","M","R","$","R","E","M","BOSS","R","M","M","M","M","$","T","E","M","?","R","M"],"items_purchased_type":["Card","Card"],"build_version":"2020-12-22","purchased_purges":0,"victory":false,"max_hp_per_floor":[70,70,70,70,70,70,70,70,70,70,70,70,70,70,70,70,70,70,70,70,70,70,70,70,70,70,70,70,70,70,70],"card_choices":[{"not_picked":["hexamod:BacktrackSmack","hexamod:PowerFromBeyond"],"picked":"hexamod:HeatMetal","floor":0},{"not_picked":["hexamod:ExtraCrispy","hexamod:AdvancingGuard"],"picked":"hexamod:HeatShield","floor":0},{"not_picked":["hexamod:RetreatToShadows","hexamod:FastForward"],"picked":"hexamod:FlamesFromBeyond","floor":0},{"not_picked":["hexamod:GhostShield","hexamod:SwordOfDarkness"],"picked":"hexamod:FlamesFromBeyond","floor":0},{"not_picked":["hexamod:HauntingEcho","hexamod:GhostShield"],"picked":"hexamod:PhantomFireball","floor":0},{"not_picked":["hexamod:PowerFromBeyond","hexamod:HauntingEcho"],"picked":"hexamod:ThermalTransfer","floor":0},{"not_picked":["hexamod:HeatMetal","hexamod:SpectersWail"],"picked":"hexamod:StepThrough","floor":0},{"not_picked":["hexamod:Hexaguard","hexamod:GhostLash"],"picked":"hexamod:AdvancingGuard","floor":0},{"not_picked":["hexamod:SwordOfDarkness","hexamod:Firestarter"],"picked":"hexamod:AdvancingGuard","floor":0},{"not_picked":["hexamod:HauntingEcho","hexamod:InspiringFlames"],"picked":"hexamod:HeatMetal","floor":0},{"not_picked":["hexamod:HeatMetal","hexamod:BurningTouch"],"picked":"hexamod:ExtraCrispy","floor":0},{"not_picked":["hexamod:SecondSeal","hexamod:FlamesFromBeyond"],"picked":"hexamod:GhostShield","floor":0},{"not_picked":["hexamod:SecondSeal","hexamod:HeatMetal"],"picked":"hexamod:FastForward","floor":0},{"not_picked":["hexamod:FlamesFromBeyond","hexamod:SwordOfDarkness"],"picked":"hexamod:BurningTouch","floor":0},{"not_picked":["hexamod:RetreatToShadows","hexamod:GhostOfSpireFuture"],"picked":"hexamod:SkipABeat","floor":0},{"not_picked":["hexamod:Rewind","hexamod:GhostShield"],"picked":"hexamod:FlamesFromBeyond","floor":2},{"not_picked":["hexamod:FifthSeal","hexamod:HeatMetal"],"picked":"hexamod:InspiringFlames+1","floor":4},{"not_picked":["hexamod:HauntingEcho","hexamod:SwordOfDarkness"],"picked":"hexamod:Rewind+1","floor":6},{"not_picked":["hexamod:SecondSeal","hexamod:Rewind+1","hexamod:ThermalTransfer"],"picked":"SKIP","floor":8},{"not_picked":["hexamod:SpectersWail","hexamod:NightmareStrike"],"picked":"hexamod:AdvancingGuard+1","floor":9},{"not_picked":["hexamod:SkipABeat+1","hexamod:StepThrough"],"picked":"hexamod:CatchUp+1","floor":10},{"not_picked":["hexamod:HeatCrush","hexamod:StepThrough"],"picked":"hexamod:ForkedFlame","floor":12},{"not_picked":["hexamod:AdvancingGuard+1","hexamod:SwordOfDarkness"],"picked":"hexamod:PowerFromBeyond+1","floor":14},{"not_picked":["hexamod:ThermalTransfer","hexamod:NecessarySacrifice+1"],"picked":"hexamod:Firestarter","floor":15},{"not_picked":["hexamod:GhostOfSpirePresent","hexamod:ForkedFlame"],"picked":"hexamod:VolcanoVisage","floor":16},{"not_picked":["hexamod:Haunt+1","hexamod:NightmareGuise+1"],"picked":"hexamod:SpectersWail+1","floor":19},{"not_picked":["hexamod:ThermalTransfer","hexamod:GhostOfSpirePast"],"picked":"hexamod:ChargedBarrage+1","floor":20},{"not_picked":["hexamod:GhostLash","hexamod:AdvancingGuard+1"],"picked":"hexamod:Hexaguard+1","floor":21},{"not_picked":["hexamod:ShieldOfDarkness+1","hexamod:HeatMetal","hexamod:CatchUp+1"],"picked":"SKIP","floor":22},{"not_picked":["hexamod:PowerFromBeyond+1","hexamod:ThermalTransfer"],"picked":"hexamod:FlamesFromBeyond+1","floor":23},{"not_picked":["hexamod:ThirdSeal","hexamod:TimeWarp","hexamod:RainOfEmbers+1"],"picked":"SKIP","floor":25},{"not_picked":["hexamod:SpectersWail","hexamod:FlamesFromBeyond+1"],"picked":"hexamod:BurningTouch+1","floor":26},{"not_picked":["hexamod:DynamicBlow","hexamod:NightmareStrike"],"picked":"hexamod:SoulSteal+1","floor":26}],"player_experience":251471,"relics_obtained":[{"floor":7,"key":"Art of War"},{"floor":14,"key":"Anchor"},{"floor":17,"key":"MawBank"},{"floor":17,"key":"Snack Pack"},{"floor":17,"key":"Du-Vu Doll"},{"floor":24,"key":"conspire:Flyswatter"},{"floor":25,"key":"Prayer Wheel"}],"event_choices":[],"is_beta":false,"boss_relics":[{"not_picked":["SacredBark","Empty Cage"],"picked":"Calling Bell"}],"items_purged_floors":[],"is_endless":false,"potions_floor_spawned":[2,8,14,21],"killed_by":"Sentry and Sphere","ascension_level":0}}