{"host":"kh6fvhxn285ncg0o","time":1614324870,"event":{"mods":["Act Like it!","BaseMod","Colored Map","Friendly Minions","Keyboard Shortcuts","Minty Spire (QoL Compilation)","Quick Restart","Relic Stats","StSLib","SuperFastMode","UnlockEverythingMod"],"gold_per_floor":[116,127,127,277,45,76,100,100,154,172,210,210,226,265,265,354,354,315,230,230,230,230,230,230],"floor_reached":23,"language":"KOR","playtime":535,"items_purged":["Doubt"],"score":464,"play_id":"878941e5-be10-4540-a5a5-f370f410abfa","local_time":"20210226163430","is_ascension_mode":true,"campfire_choices":[{"data":"Sever Soul","floor":12,"key":"SMITH"},{"data":"Bash","floor":15,"key":"SMITH"}],"circlet_count":0,"master_deck":["AscendersBane","Bash+1","Sever Soul+1","Corruption","Disarm","Second Wind","Evolve","Shrug It Off","Feed","Impervious","Burning Pact","Evolve","Bloodletting","Burning Pact","Rage","Pommel Strike","Metallicize"],"relics":["Burning Blood","NeowsBlessing","Bloody Idol","TheAbacus","Boot","Orichalcum","HornCleat","Ornamental Fan","Pandora\u0027s Box","Oddly Smooth Stone"],"acts_visited":["Exordium","TheCity"],"potions_floor_usage":[16],"damage_taken":[{"damage":0,"enemies":"Jaw Worm","floor":1,"turns":1},{"damage":0,"enemies":"2 Louse","floor":2,"turns":1},{"damage":0,"enemies":"Lagavulin","floor":6,"turns":2},{"damage":7,"enemies":"Small Slimes","floor":7,"turns":3},{"damage":5,"enemies":"Blue Slaver","floor":10,"turns":4},{"damage":30,"enemies":"3 Sentries","floor":11,"turns":12},{"damage":2,"enemies":"2 Fungi Beasts","floor":13,"turns":4},{"damage":18,"enemies":"Gremlin Nob","floor":14,"turns":4},{"damage":18,"enemies":"Hexaghost","floor":16,"turns":10},{"damage":23,"enemies":"2 Thieves","floor":18,"turns":5},{"damage":49,"enemies":"Book of Stabbing","floor":23,"turns":6}],"seed_played":"3924863987111613155","potions_obtained":[{"floor":1,"key":"LiquidBronze"},{"floor":6,"key":"FairyPotion"}],"is_trial":false,"path_per_floor":["M","M","?","?","$","E","M","?","T","M","E","R","M","E","R","B",null,"M","?","?","?","?","E"],"character_chosen":"IRONCLAD","items_purchased":["TheAbacus"],"campfire_rested":0,"item_purchase_floors":[5],"current_hp_per_floor":[74,75,49,49,49,55,54,47,47,48,24,24,28,16,16,28,63,49,49,49,49,49,0,0],"gold":230,"neow_bonus":"THREE_ENEMY_KILL","is_daily":false,"chose_seed":false,"campfire_upgraded":2,"win_rate":0.0,"timestamp":1614324870,"path_taken":["M","M","?","?","$","E","M","?","T","M","E","R","M","E","R","BOSS","M","?","?","?","?","E"],"items_purchased_type":["Relic"],"build_version":"2020-12-22","purchased_purges":1,"victory":false,"max_hp_per_floor":[75,75,75,75,75,75,75,75,75,75,75,75,75,75,75,75,75,78,78,78,78,78,78,78],"relic_stats":{"TheAbacus":[120],"counters":[11,52],"Ornamental Fan":[16],"Bloody Idol":0,"Pandora\u0027s Box":["Impervious","Burning Pact","Evolve","Bloodletting","Burning Pact","Rage","Anger","Heavy Blade"],"Orichalcum":[84],"Boot":[4],"obtain_stats":[{"TheAbacus":5,"HornCleat":11,"NeowsBlessing":0,"Golden Idol":3,"Ornamental Fan":14,"Bloody Idol":22,"Oddly Smooth Stone":19,"Pandora\u0027s Box":17,"Orichalcum":9,"Boot":6,"Burning Blood":0},{"TheAbacus":2,"HornCleat":6,"NeowsBlessing":0,"Golden Idol":2,"Ornamental Fan":8,"Bloody Idol":10,"Oddly Smooth Stone":10,"Pandora\u0027s Box":9,"Orichalcum":4,"Boot":3,"Burning Blood":0},{"TheAbacus":2,"HornCleat":23,"NeowsBlessing":0,"Golden Idol":2,"Ornamental Fan":31,"Bloody Idol":46,"Oddly Smooth Stone":46,"Pandora\u0027s Box":41,"Orichalcum":7,"Boot":4,"Burning Blood":0}],"Burning Blood":55},"card_choices":[{"not_picked":["Armaments","Bloodletting"],"picked":"Sever Soul","floor":2},{"not_picked":["Pommel Strike","Sword Boomerang"],"picked":"Corruption","floor":6},{"not_picked":["Thunderclap","Armaments"],"picked":"Disarm","floor":7},{"not_picked":["Metallicize","Bloodletting"],"picked":"Second Wind","floor":10},{"not_picked":["Warcry","Seeing Red"],"picked":"Evolve","floor":11},{"not_picked":["Thunderclap","Clash","Second Wind"],"picked":"SKIP","floor":13},{"not_picked":["Havoc","Warcry"],"picked":"Shrug It Off","floor":14},{"not_picked":["Reaper","Limit Break"],"picked":"Feed","floor":16},{"not_picked":["Entrench","Warcry","Dual Wield"],"picked":"SKIP","floor":18}],"player_experience":1557671,"relics_obtained":[{"floor":6,"key":"Boot"},{"floor":9,"key":"Orichalcum"},{"floor":11,"key":"HornCleat"},{"floor":14,"key":"Ornamental Fan"}],"event_choices":[{"damage_healed":0,"gold_gain":0,"player_choice":"Take Damage","damage_taken":26,"relics_obtained":["Golden Idol"],"max_hp_gain":0,"max_hp_loss":0,"event_name":"Golden Idol","floor":3,"gold_loss":0},{"damage_healed":0,"gold_gain":150,"player_choice":"AGREE","damage_taken":0,"max_hp_gain":0,"max_hp_loss":0,"event_name":"Liars Game","floor":4,"gold_loss":0,"cards_obtained":["Doubt"]},{"cards_removed":["Strike_R"],"damage_healed":0,"gold_gain":0,"player_choice":"Card Removal","damage_taken":7,"max_hp_gain":0,"max_hp_loss":0,"event_name":"Golden Wing","floor":8,"gold_loss":0},{"damage_healed":0,"gold_gain":0,"player_choice":"Obtained Relic","damage_taken":0,"relics_obtained":["Oddly Smooth Stone"],"max_hp_gain":0,"max_hp_loss":0,"event_name":"Addict","floor":19,"gold_loss":85},{"damage_healed":0,"gold_gain":0,"player_choice":"Ignored","damage_taken":0,"max_hp_gain":0,"max_hp_loss":0,"event_name":"The Mausoleum","floor":20,"gold_loss":0},{"damage_healed":0,"gold_gain":0,"cards_transformed":["Heavy Blade","Anger"],"player_choice":"Became Test Subject","damage_taken":0,"max_hp_gain":0,"max_hp_loss":0,"event_name":"Drug Dealer","floor":21,"gold_loss":0,"cards_obtained":["Pommel Strike","Metallicize"]},{"damage_healed":0,"gold_gain":0,"player_choice":"Gave Idol","damage_taken":0,"relics_obtained":["Bloody Idol"],"max_hp_gain":0,"max_hp_loss":0,"event_name":"Forgotten Altar","floor":22,"relics_lost":["Golden Idol"],"gold_loss":0}],"is_beta":false,"boss_relics":[{"not_picked":["Tiny House","Ectoplasm"],"picked":"Pandora\u0027s Box"}],"items_purged_floors":[5],"is_endless":false,"potions_floor_spawned":[1,6],"killed_by":"Book of Stabbing","ascension_level":20}}