{"host":"mithrandi","time":1614335334,"event":{"mods":["BaseMod","Colored Map","Highlight Path","Minty Spire (QoL Compilation)","SuperFastMode"],"gold_per_floor":[112,124,124,140,140,140,37,67,67,67,67,78,78,88,88,162,162,181,181,193,10,22,22,22],"floor_reached":23,"language":"ENG","playtime":845,"items_purged":["Strike_B"],"score":382,"play_id":"9183b826-f768-4517-a5da-7461f2003315","local_time":"20210226122854","is_ascension_mode":true,"campfire_choices":[{"floor":6,"key":"REST"},{"floor":11,"key":"REST"},{"data":"Defragment","floor":13,"key":"SMITH"},{"data":"Loop","floor":15,"key":"SMITH"}],"circlet_count":0,"master_deck":["AscendersBane","Strike_B+1","Defend_B","Defend_B","Zap+1","Dualcast","Cold Snap","Genetic Algorithm","Sunder+1","Coolheaded","Defragment+1","Loop+1","Electrodynamics","Undo+1","Rebound+1","All For One+1","Go for the Eyes+1","Ball Lightning","Compile Driver","Defragment"],"relics":["Cracked Core","Boot","Thread and Needle","The Courier","Astrolabe","OrangePellets"],"acts_visited":["Exordium","TheCity"],"potions_floor_usage":[8,23,23],"damage_taken":[{"damage":9,"enemies":"Small Slimes","floor":1,"turns":5},{"damage":6,"enemies":"2 Louse","floor":2,"turns":3},{"damage":4,"enemies":"Cultist","floor":4,"turns":3},{"damage":18,"enemies":"Lagavulin","floor":8,"turns":6},{"damage":0,"enemies":"2 Fungi Beasts","floor":12,"turns":3},{"damage":0,"enemies":"Looter","floor":14,"turns":4},{"damage":18,"enemies":"The Guardian","floor":16,"turns":11},{"damage":21,"enemies":"3 Byrds","floor":18,"turns":4},{"damage":0,"enemies":"Chosen","floor":20,"turns":5},{"damage":29,"enemies":"Snake Plant","floor":22,"turns":5},{"damage":14,"enemies":"Gremlin Leader","floor":23,"turns":2}],"seed_played":"-5867469176236822953","potions_obtained":[{"floor":2,"key":"SteroidPotion"},{"floor":4,"key":"EssenceOfDarkness"},{"floor":14,"key":"SteroidPotion"}],"is_trial":false,"path_per_floor":["M","M","?","M","?","R","$","E","T","?","R","M","R","M","R","B",null,"M","?","M","$","M","E"],"character_chosen":"DEFECT","items_purchased":["Coolheaded","OrangePellets","Compile Driver"],"campfire_rested":2,"item_purchase_floors":[7,21,21],"current_hp_per_floor":[55,49,28,24,24,45,45,27,27,27,48,48,48,48,48,30,61,40,40,40,40,11,0,0],"gold":22,"neow_bonus":"RANDOM_COMMON_RELIC","is_daily":false,"chose_seed":false,"campfire_upgraded":2,"win_rate":0.0,"timestamp":1614335334,"path_taken":["M","M","?","M","?","R","$","E","T","?","R","M","R","?","R","BOSS","M","?","M","$","M","E"],"items_purchased_type":["Card","Relic","Card"],"build_version":"2020-12-18","purchased_purges":1,"victory":false,"max_hp_per_floor":[71,71,71,71,71,71,71,71,71,71,71,71,71,71,71,71,71,71,71,71,71,71,71,71],"card_choices":[{"not_picked":["Redo","Steam"],"picked":"Cold Snap","floor":1},{"not_picked":["Coolheaded","Blizzard"],"picked":"Genetic Algorithm","floor":2},{"not_picked":["Darkness","Compile Driver"],"picked":"Sunder","floor":4},{"not_picked":["Barrage","Blizzard","Redo"],"picked":"SKIP","floor":8},{"not_picked":["White Noise","Stack"],"picked":"Defragment","floor":12},{"not_picked":["Sweeping Beam","Hello World"],"picked":"Loop","floor":14},{"not_picked":["Machine Learning","Thunder Strike"],"picked":"Electrodynamics","floor":16},{"not_picked":["Gash","Fusion"],"picked":"Go for the Eyes+1","floor":18},{"not_picked":["Sweeping Beam","Recycle"],"picked":"Ball Lightning","floor":20},{"not_picked":["Gash","Streamline"],"picked":"Defragment","floor":22}],"player_experience":3139693,"relics_obtained":[{"floor":8,"key":"Thread and Needle"},{"floor":9,"key":"The Courier"}],"event_choices":[{"damage_healed":0,"gold_gain":0,"player_choice":"Entered Light","damage_taken":21,"max_hp_gain":0,"max_hp_loss":0,"event_name":"Shining Light","floor":3,"gold_loss":0,"cards_upgraded":["Strike_B","Zap"]},{"damage_healed":0,"gold_gain":0,"player_choice":"Grow","damage_taken":0,"max_hp_gain":0,"max_hp_loss":0,"event_name":"Living Wall","floor":5,"gold_loss":0,"cards_upgraded":["Sunder"]},{"cards_removed":["Strike_B"],"damage_healed":0,"gold_gain":0,"player_choice":"Purged","damage_taken":0,"max_hp_gain":0,"max_hp_loss":0,"event_name":"Purifier","floor":10,"gold_loss":0},{"damage_healed":0,"gold_gain":0,"player_choice":"Ignored","damage_taken":0,"max_hp_gain":0,"max_hp_loss":0,"event_name":"Vampires","floor":19,"gold_loss":0}],"is_beta":true,"boss_relics":[{"not_picked":["Nuclear Battery","SlaversCollar"],"picked":"Astrolabe"}],"items_purged_floors":[7],"is_endless":false,"potions_floor_spawned":[2,4,14,16],"killed_by":"Gremlin Leader","ascension_level":20}}