{"host":"p4yrwepmrl4g8pul","time":1614328457,"event":{"mods":["Act Like it!","BaseMod","BetterRewards","Colored Map","Custom Start","Downfall","Gensokyo","Marisa£®ÏF”Í°°ƒß¿Ì…≥£©","Minty Spire (QoL Compilation)","Rare Cards Sparkle","Reimu£®≤©¿ˆ¡È√Œ£©","Remilia£®¿Ÿ√◊¿Ú—«£©","Remove Card Discount Mod","Shop Mod","StSLib","Thieving Mod"],"gold_per_floor":[99,99,90681,90681,90691,90714,90761,90786,90686,90696,90726,90726,90726,90740,90754,90851,90851,90651,90662,90512,90100,90113,90131,90157,90168,90168,90202,90220,90230,90260,90274,90290,90395,90445,90445,90445,90477,90477,90160,90160,90160,89898,89910,89938,89938,90038,90038,90068,90083,90083,90083,90118,89796,89796,89796,89796],"floor_reached":57,"language":"ZHS","playtime":2489,"items_purged":["Guardian:Strike_Guardian","Guardian:Strike_Guardian","Guardian:Strike_Guardian","Guardian:Strike_Guardian","Guardian:Defend_Guardian","Guardian:CurlUp","Guardian:Defend_Guardian","Guardian:Defend_Guardian","Guardian:Defend_Guardian","Guardian:Gem_Cyan","Guardian:Gem_Cyan","Guardian:Gem_Green","Guardian:Gem_Green","Flash of Steel","Ghostly","Guardian:PrimingBeam"],"score":1589,"play_id":"b1379e1d-4b10-4fe0-9874-f6ddd5fd66b4","local_time":"20210226163417","is_ascension_mode":true,"campfire_choices":[{"data":"Guardian:TwinSlam","floor":1.0,"key":"SMITH"},{"floor":9.0,"key":"RECALL"},{"data":"Guardian:PrismaticBeam","floor":18.0,"key":"SMITH"},{"data":"Guardian:PrismaticBeam","floor":26,"key":"SMITH"},{"data":"Guardian:PolyBeam","floor":35,"key":"SMITH"},{"data":"Guardian:PiercingHide","floor":40,"key":"SMITH"},{"data":"Guardian:Repulse","floor":45,"key":"SMITH"},{"data":"Guardian:PiercingHide","floor":47,"key":"SMITH"},{"floor":54,"key":"REST"}],"circlet_count":0,"master_deck":["Guardian:TwinSlam+1","Guardian:PiercingHide+1","Guardian:PrismaticBeam+1","Guardian:PolyBeam+1","Guardian:PiercingHide+1","Guardian:PrismaticBeam+1","Guardian:CrystalBeam+1","Guardian:Repulse+1","Guardian:Repulse+1"],"relics":["Guardian:ModeShifter","downfall:HeartsMalice","Lantern","RuthlessExorcism:ReiMu","MerchantsRug","MealTicket","PreservedInsect","downfall:HeartBlessingBlue","Incense Burner","Guardian:PickAxe","Busted Crown","downfall:HeartBlessingRed","downfall:HeartBlessingGreen","Membership Card","Blood Vial","Tea:ReiMu","Ancient Tea Set","Potion Belt","Bag of Marbles","Tiny House","Cauldron","Question Card","Pen Nib","Singing Bowl","Pantograph","TentaclePot:ReiMu","CaptainsWheel","Anchor","Art of War","PrismaticShard","Regal Pillow","downfall:GremlinWheel","Bag of Preparation","Bottled Tornado","Whetstone","Gremlin Horn","StrikeDummy","DollysMirror"],"acts_visited":["Exordium","TheCity","TheBeyond","TheEnding"],"potions_floor_usage":[22,33,33,36,37,50,56,56],"damage_taken":[{"damage":0.0,"enemies":"Cultist","floor":2.0,"turns":1.0},{"damage":0.0,"enemies":"downfall:FleeingMerchant","floor":3.0,"turns":1.0},{"damage":0.0,"enemies":"2 Louse","floor":4.0,"turns":1.0},{"damage":3.0,"enemies":"Small Slimes","floor":5.0,"turns":2.0},{"damage":2.0,"enemies":"3 Sentries","floor":8.0,"turns":3.0},{"damage":3.0,"enemies":"Red Slaver","floor":10.0,"turns":3.0},{"damage":10.0,"enemies":"Lagavulin","floor":11.0,"turns":6.0},{"damage":18.0,"enemies":"Lagavulin","floor":12.0,"turns":7.0},{"damage":23.0,"enemies":"Large Slime","floor":14.0,"turns":13.0},{"damage":32.0,"enemies":"Exordium Thugs","floor":15.0,"turns":9.0},{"damage":36.0,"enemies":"SI_SHIV_ARCHETYPE","floor":16.0,"turns":12.0},{"damage":0.0,"enemies":"Chosen","floor":19.0,"turns":3.0},{"damage":10.0,"enemies":"downfall:FleeingMerchant","floor":21.0,"turns":4.0},{"damage":0,"enemies":"3 Byrds","floor":22,"turns":2},{"damage":0,"enemies":"3 Cultists","floor":23,"turns":2},{"damage":0,"enemies":"Centurion and Healer","floor":25,"turns":1},{"damage":0,"enemies":"Slavers","floor":27,"turns":2},{"damage":0,"enemies":"Sentry and Sphere","floor":28,"turns":2},{"damage":2,"enemies":"Cultist and Chosen","floor":29,"turns":2},{"damage":0,"enemies":"Gremlin Leader","floor":30,"turns":2},{"damage":0,"enemies":"Snecko","floor":31,"turns":2},{"damage":0,"enemies":"3 Cultists","floor":32,"turns":2},{"damage":6,"enemies":"DF_ARCHETYPE_CLAW","floor":33,"turns":4},{"damage":0,"enemies":"3 Darklings","floor":36,"turns":1},{"damage":0,"enemies":"downfall:FleeingMerchant","floor":37,"turns":1},{"damage":0,"enemies":"3 Shapes","floor":43,"turns":2},{"damage":5,"enemies":"Giant Head","floor":44,"turns":4},{"damage":0,"enemies":"Giant Head","floor":46,"turns":1},{"damage":0,"enemies":"Reptomancer","floor":48,"turns":1},{"damage":0,"enemies":"Sphere and 2 Shapes","floor":49,"turns":2},{"damage":0,"enemies":"WA_ARCHETYPE_DIVINITY","floor":50,"turns":5},{"damage":0,"enemies":"downfall:CharBossMerchant","floor":52,"turns":3},{"damage":46,"enemies":"downfall:NeowBoss","floor":55,"turns":14},{"damage":25,"enemies":"downfall:NeowBossFinal","floor":56,"turns":6}],"seed_played":"8210223567149066505","potions_obtained":[{"floor":5.0,"key":"GrandPatriotsElixir:ReiMu"},{"floor":10.0,"key":"Energy Potion"},{"floor":14.0,"key":"Dexterity Potion"},{"floor":15.0,"key":"Strength Potion"},{"floor":16.0,"key":"champ:CounterPotion"},{"floor":19.0,"key":"SmokeBomb"},{"floor":23,"key":"Energy Potion"},{"floor":29,"key":"EssenceOfSteel"},{"floor":30,"key":"Fire Potion"},{"floor":31,"key":"LiquidBronze"},{"floor":34,"key":"Fire Potion"},{"floor":37,"key":"Strength Potion"},{"floor":37,"key":"Strength Potion"},{"floor":37,"key":"bronze:BurnAndBuffPotion"},{"floor":43,"key":"MagicPotion:ReiMu"},{"floor":52,"key":"Energy Potion"}],"is_trial":false,"path_per_floor":["R","M","$","M","M","T","T","E","R","M","E","?","?","M","M","B",null,"R","M","?","$","M","M","T","M","R","E","M","M","E","M","M","B",null,"R","M","$","?","$","R","T","$","M","E","R","?","R","E","M","B",null,"E","$","R","B","B",null],"character_chosen":"GUARDIAN","items_purchased":["Guardian:PrismaticBeam","Guardian:PolyBeam","Guardian:Gem_Lightblue","Lantern","RuthlessExorcism:ReiMu","ColorlessPotion","DistilledChaos","MerchantsRug","Membership Card","Blood Vial","Tea:ReiMu","BlessingOfTheForge","Cauldron","Question Card","Pen Nib","Singing Bowl","Pantograph","TentaclePot:ReiMu","Anchor","Art of War","PrismaticShard","Guardian:Repulse","Gremlin Horn","StrikeDummy","DollysMirror"],"campfire_rested":1,"item_purchase_floors":[3,3,3,3,3,3,3,3,21,21,21,21,37,37,37,39,39,39,42,42,42,42,53,53,53],"current_hp_per_floor":[80,80,80,80,77,77,77,75,85,82,72,909,909,886,854,818,90,90,90,90,80,82,84,84,860,860,90,90,88,90,90,90,84,95,95,95,95,95,95,95,95,95,97,94,94,96,96,100,103,103,103,105,105,105,590,890],"gold":89796,"neow_bonus":"THREE_ENEMY_KILL","is_daily":false,"chose_seed":false,"campfire_upgraded":7,"win_rate":0.0,"timestamp":1614328457,"path_taken":["R","M","$","M","M","?","T","E","R","M","E","?","?","?","M","BOSS","R","M","?","$","M","M","T","M","R","E","M","M","E","M","M","BOSS","R","M","$","?","$","R","T","$","?","E","R","?","R","E","M","BOSS","E","$","R","BOSS","BOSS"],"items_purchased_type":["Card","Card","Card","Relic","Relic","Potion","Potion","Relic","Relic","Relic","Relic","Potion","Relic","Relic","Relic","Relic","Relic","Relic","Relic","Relic","Relic","Card","Relic","Relic","Relic"],"build_version":"2020-12-22","purchased_purges":16,"victory":true,"max_hp_per_floor":[80,80,80,80,80,80,80,80,90,90,90,90,90,90,90,90,90,90,90,90,90,90,90,90,90,90,90,90,90,90,90,90,90,95,95,95,95,95,95,95,95,95,97,99,99,99,99,101,103,103,103,105,105,105,105,105],"card_choices":[{"not_picked":["Guardian:Recover","Guardian:Planning"],"picked":"Guardian:PrimingBeam","floor":2.0},{"not_picked":["Guardian:WalkerClaw","Guardian:ChargeCore"],"picked":"Guardian:PiercingHide","floor":3.0},{"not_picked":["Guardian:Reroute","Guardian:Recover","Guardian:Preprogram"],"picked":"SKIP","floor":4.0},{"not_picked":["Guardian:WalkerClaw","Guardian:ChargeCore","Guardian:TemporalStrike"],"picked":"SKIP","floor":5.0},{"not_picked":["Guardian:TimeBomb","Guardian:StasisField"],"picked":"Guardian:PiercingHide","floor":8.0},{"not_picked":["Guardian:Incinerate","Guardian:Reroute"],"picked":"Guardian:Gem_Cyan","floor":10.0},{"not_picked":["Guardian:StasisField","Guardian:Suspension","Guardian:WalkerClaw"],"picked":"SKIP","floor":11.0},{"not_picked":["Guardian:Harden","Guardian:Gem_Cyan"],"picked":"Guardian:PrismaticBeam","floor":14.0},{"not_picked":["Guardian:Gem_Purple","Guardian:WalkerClaw"],"picked":"Guardian:CrystalBeam","floor":15.0},{"not_picked":["Guardian:RollAttack"],"picked":"SKIP","floor":19.0},{"not_picked":["Guardian:DonusPower"],"picked":"SKIP","floor":21.0},{"not_picked":["Guardian:PrimingBeam+1"],"picked":"SKIP","floor":22},{"not_picked":["Guardian:TemporalShield+1"],"picked":"SKIP","floor":23},{"not_picked":["Guardian:Gem_Cyan"],"picked":"SKIP","floor":25},{"not_picked":["Guardian:Orbwalk+1"],"picked":"SKIP","floor":27},{"not_picked":["Guardian:TimeCapacitor+1"],"picked":"SKIP","floor":28},{"not_picked":["Guardian:VentSteam"],"picked":"SKIP","floor":29},{"not_picked":["Guardian:ShieldSpikes"],"picked":"SKIP","floor":30},{"not_picked":["Guardian:Emergency"],"picked":"SKIP","floor":31},{"not_picked":["Guardian:ArmoredProtocol+1"],"picked":"SKIP","floor":32},{"not_picked":["Guardian:PrismaticBarrier+1"],"picked":"SKIP","floor":37},{"not_picked":["BowlingBash+1","IllusionStar"],"picked":"Singing Bowl","floor":43},{"not_picked":["Expertise","sneckomod:Unknown0Cost"],"picked":"Singing Bowl","floor":44},{"not_picked":["Endless Agony","SporeBomb+1"],"picked":"Singing Bowl","floor":48},{"not_picked":["sneckomod:MasterEye+1","hexamod:ThirdSeal"],"picked":"Singing Bowl","floor":49},{"not_picked":["DarkSpark+1","Venomology"],"picked":"Singing Bowl","floor":52}],"player_experience":845506,"relics_obtained":[{"floor":7.0,"key":"MealTicket"},{"floor":8.0,"key":"PreservedInsect"},{"floor":11.0,"key":"Incense Burner"},{"floor":24,"key":"Ancient Tea Set"},{"floor":27,"key":"Potion Belt"},{"floor":30,"key":"Bag of Marbles"},{"floor":41,"key":"CaptainsWheel"},{"floor":44,"key":"Regal Pillow"},{"floor":46,"key":"downfall:GremlinWheel"},{"floor":47,"key":"Bag of Preparation"},{"floor":48,"key":"Bottled Tornado"},{"floor":52,"key":"Whetstone"}],"event_choices":[{"damage_healed":0,"gold_gain":0,"player_choice":"Relic","damage_taken":0,"max_hp_gain":0,"max_hp_loss":0,"event_name":"Wheel of Change","floor":47,"gold_loss":0}],"is_beta":false,"boss_relics":[{"not_picked":["Snecko Eye","Black Star"],"picked":"Busted Crown"},{"not_picked":["SacredBark","Pandora\u0027s Box"],"picked":"Tiny House"}],"items_purged_floors":[3,3,3,3,3,3,3,21,21,21,21,21,21,21,21,37],"is_endless":false,"potions_floor_spawned":[5,10,14,15,16,19,23,29,30,31,32,36,43,48,49,52],"ascension_level":1}}