{"host":"nsbvf48t13c3go4z","time":1614323798,"event":{"mods":["BaseMod","Downfall","GifTheSpireLib","Marisa????????","Minty Spire (QoL Compilation)","StSLib","The Animator","The Bug Knight","The Poker Player","The Problem Sleuth","The Saiyan","The Senshi","The Servant 0.9.4","thorton"],"gold_per_floor":[145,198,16,0,0,0,47,47,47,47,52,60,25,200,200,352,352,372,422,422,422,422],"floor_reached":20,"language":"ENG","playtime":880,"items_purged":[],"score":172,"play_id":"31ac0bae-c4af-4649-afa9-3ff834fa3eac","local_time":"20210226021638","is_ascension_mode":true,"campfire_choices":[{"data":"thethorton:Heckle","floor":6.0,"key":"SMITH"},{"floor":8,"key":"REST"},{"floor":10,"key":"REST"},{"data":"thethorton:FeelNoBrain","floor":15,"key":"SMITH"}],"circlet_count":0,"master_deck":["thethorton:Strike","thethorton:Strike","thethorton:Strike","thethorton:Strike","thethorton:Defend","thethorton:Defend","thethorton:Defend","thethorton:Defend","thethorton:Heckle+1","thethorton:CreditCard","thethorton:Fortune","thethorton:WhirlingBriefcase","thethorton:MomentaryBreak","thethorton:StampSmack","thethorton:RunningKick","thethorton:BusinessCard","thethorton:FeelNoBrain+1","thethorton:SummonProfit","thethorton:CashBash"],"relics":["thethorton:CouragePotion","Toolbox","HornCleat","Potion Belt","Dead Branch","HollowMod:StagPassRelic","Empty Cage","Omamori","WingedGreaves","Bronze Scales"],"acts_visited":["TheCity"],"potions_floor_usage":[11,18],"damage_taken":[{"damage":23.0,"enemies":"Jaw Worm","floor":1.0,"turns":6.0},{"damage":0.0,"enemies":"Small Slimes","floor":2.0,"turns":7.0},{"damage":21,"enemies":"Cultist","floor":7,"turns":5},{"damage":0,"enemies":"Exordium Wildlife","floor":11,"turns":1},{"damage":0,"enemies":"Looter","floor":12,"turns":2},{"damage":18,"enemies":"Hexaghost","floor":16,"turns":8},{"damage":4,"enemies":"Shell Parasite","floor":18,"turns":3},{"damage":6,"enemies":"Chosen","floor":19,"turns":6}],"seed_played":"4765120952198126501","potions_obtained":[{"floor":2.0,"key":"Regen Potion"},{"floor":7,"key":"SmokeBomb"},{"floor":16,"key":"PowerPotion"}],"is_trial":false,"path_per_floor":["M","M","$","?","T","R","M","R","T","R","M","M","$","?","R","B",null,"M","M","$"],"character_chosen":"THE_THORT","items_purchased":["Toolbox","thethorton:StampSmack","thethorton:FeelNoBrain"],"campfire_rested":2,"item_purchase_floors":[3,3,13],"current_hp_per_floor":[27,27,27,27,27,27,9,29,29,49,52,52,52,52,52,37,68,64,61,61,61,61],"gold":422,"neow_bonus":"THREE_RARE_CARDS","is_daily":false,"chose_seed":false,"campfire_upgraded":2,"win_rate":0.0,"timestamp":1614323798,"path_taken":["M","M","$","?","?","R","M","R","T","R","M","M","$","?","R","BOSS","M","M","$"],"items_purchased_type":["Relic","Card","Card"],"build_version":"2020-12-22","purchased_purges":0,"victory":false,"max_hp_per_floor":[68,68,68,68,68,68,68,68,68,68,68,68,68,68,68,68,68,68,68,68,68,68],"card_choices":[{"not_picked":["thethorton:ScalingIsWin","thethorton:Fatigue"],"picked":"thethorton:Fortune","floor":0.0},{"not_picked":["thethorton:TakeAccounts","thethorton:BusinessCard"],"picked":"thethorton:WhirlingBriefcase","floor":1.0},{"not_picked":["thethorton:HedgeFund","thethorton:BoardroomBlast"],"picked":"thethorton:MomentaryBreak","floor":2.0},{"not_picked":["thethorton:HedgeFund","thethorton:FearfulRun"],"picked":"thethorton:RunningKick","floor":7},{"not_picked":["thethorton:ShoutAndRun","thethorton:Distance"],"picked":"thethorton:BusinessCard","floor":12},{"not_picked":["thethorton:TrueForm","thethorton:Hexaghostify"],"picked":"thethorton:SummonProfit","floor":16},{"not_picked":["thethorton:PocketChange","thethorton:TakeAccounts+1"],"picked":"thethorton:CashBash","floor":18},{"not_picked":["thethorton:Distance","thethorton:DownPayment","thethorton:ROI"],"picked":"SKIP","floor":19}],"player_experience":2548361,"relics_obtained":[{"floor":5.0,"key":"HornCleat"},{"floor":9,"key":"Potion Belt"}],"event_choices":[{"damage_healed":0.0,"max_hp_gain":0.0,"max_hp_loss":0.0,"gold_gain":0.0,"event_name":"World of Goop","player_choice":"Left Gold","floor":4.0,"gold_loss":16.0,"damage_taken":0.0},{"damage_healed":0,"gold_gain":175,"player_choice":"AGREE","damage_taken":0,"max_hp_gain":0,"max_hp_loss":0,"event_name":"Liars Game","floor":14,"gold_loss":0,"cards_obtained":["Doubt"]}],"is_beta":false,"boss_relics":[{"not_picked":["Velvet Choker","Snecko Eye"],"picked":"Empty Cage"}],"items_purged_floors":[],"is_endless":false,"potions_floor_spawned":[2,7,16],"ascension_level":1}}