{"host":"gaqyve1328ta0etl","time":1614335277,"event":{"mods":["BaseMod","Colored Map","Colored Powertips","Duelist Mod","Googly Eyes","Hero for Fun","Minty Spire (QoL Compilation)","Shop Mod","StSLib","SuperFastMode","The Hierophant","The Runesmith"],"gold_per_floor":[139,139,151,50,50,50,82,82,109,119,136,168,168,191,191,290,290,305,325,225,240,240,256,256,280,280,155,155,155,155,193,193,283,283,302,302,323,173,223,223,241,241,241,256,277,52,73,98,98,98,98,98],"floor_reached":51,"language":"ENG","playtime":1784,"items_purged":["theDuelist:Sparks","theDuelist:Sparks","theDuelist:CastleWalls","theDuelist:CastleWalls","theDuelist:BeaverWarrior"],"score":1508,"play_id":"f7e3b079-444b-4c78-9183-98e46e2fe814","local_time":"20210226022757","is_ascension_mode":true,"campfire_choices":[{"data":"theDuelist:Mudora","floor":6.0,"key":"SMITH"},{"data":"theDuelist:FusionWeapon","floor":8.0,"key":"SMITH"},{"floor":15.0,"key":"REST"},{"data":"theDuelist:MiraculousDescent","floor":24.0,"key":"SMITH"},{"data":"theDuelist:RainbowKuriboh","floor":28.0,"key":"SMITH"},{"data":"theDuelist:HammerShot","floor":30.0,"key":"SMITH"},{"floor":32.0,"key":"REST"},{"floor":40.0,"key":"REST"},{"data":"theDuelist:MillenniumShield","floor":42.0,"key":"SMITH"},{"floor":49,"key":"REST"}],"circlet_count":0,"master_deck":["AscendersBane","theDuelist:FinalFlame","theDuelist:GiantSoldier","theDuelist:GiantSoldier","theDuelist:ScrapFactory","theDuelist:VenomShot","theDuelist:Mudora+1","theDuelist:RainbowNeos","theDuelist:FusionWeapon+1","theDuelist:HammerShot+1","theDuelist:HappyLover","theDuelist:RainbowKuriboh+1","theDuelist:MiraculousDescent+1","theDuelist:AmuletAmbition","theDuelist:RainbowKuriboh","theDuelist:MillenniumShield+1","theDuelist:StrayLambs+1","theDuelist:FairyBox"],"relics":["theDuelist:MillenniumPuzzle","theDuelist:CardPoolRelic","theDuelist:CardPoolBasicRelic","theDuelist:BoosterPackPoolRelic","theDuelist:CardPoolAddRelic","theDuelist:CardPoolMinusRelic","theDuelist:CardPoolSaveRelic","theDuelist:CardPoolOptionsRelic","NeowsBlessing","Pen Nib","Oddly Smooth Stone","Bottled Flame","Golden Idol","Busted Crown","White Beast Statue","theDuelist:MillenniumPrayerbook","Inserter","Frozen Egg 2","Frozen Eye"],"acts_visited":["Exordium","TheCity","TheBeyond"],"potions_floor_usage":[],"damage_taken":[{"damage":0.0,"enemies":"Small Slimes","floor":1.0,"turns":2.0},{"damage":0.0,"enemies":"Jaw Worm","floor":3.0,"turns":1.0},{"damage":0.0,"enemies":"Lagavulin","floor":7.0,"turns":1.0},{"damage":0.0,"enemies":"2 Louse","floor":10.0,"turns":2.0},{"damage":4.0,"enemies":"Looter","floor":11.0,"turns":2.0},{"damage":0.0,"enemies":"3 Sentries","floor":12.0,"turns":5.0},{"damage":21.0,"enemies":"Large Slime","floor":14.0,"turns":4.0},{"damage":0.0,"enemies":"Hexaghost","floor":16.0,"turns":9.0},{"damage":0.0,"enemies":"Chosen","floor":18.0,"turns":3.0},{"damage":6.0,"enemies":"Shell Parasite","floor":21.0,"turns":6.0},{"damage":0.0,"enemies":"Snake Plant","floor":23.0,"turns":4.0},{"damage":14.0,"enemies":"Cultist and Chosen","floor":25.0,"turns":7.0},{"damage":0.0,"enemies":"Centurion and Healer","floor":29.0,"turns":1.0},{"damage":16.0,"enemies":"Slavers","floor":31.0,"turns":2.0},{"damage":31.0,"enemies":"Collector","floor":33.0,"turns":10.0},{"damage":7.0,"enemies":"Orb Walker","floor":35.0,"turns":4.0},{"damage":30.0,"enemies":"3 Darklings","floor":37.0,"turns":5.0},{"damage":0.0,"enemies":"Writhing Mass","floor":41.0,"turns":5.0},{"damage":17.0,"enemies":"Maw","floor":44.0,"turns":8.0},{"damage":0.0,"enemies":"Spire Growth","floor":45.0,"turns":8.0},{"damage":0.0,"enemies":"3 Darklings","floor":47.0,"turns":4.0},{"damage":7,"enemies":"Transient","floor":48,"turns":6},{"damage":56,"enemies":"Awakened One","floor":50,"turns":12},{"damage":43,"enemies":"Donu and Deca","floor":51,"turns":3}],"seed_played":"6219827998429233919","potions_obtained":[{"floor":3.0,"key":"theDuelist:LavaBottle"},{"floor":11.0,"key":"theDuelist:BurningPotionB"},{"floor":21.0,"key":"SmokeBomb"},{"floor":31.0,"key":"theDuelist:DebuffArmorPotion"},{"floor":33.0,"key":"FairyPotion"},{"floor":35.0,"key":"Weak Potion"},{"floor":41.0,"key":"FairyPotion"}],"is_trial":false,"path_per_floor":["M","?","M","$","?","R","E","R","T","M","M","E","?","M","R","B",null,"M","?","$","M","?","M","R","M","T","$","R","M","R","E","R","B",null,"M","?","M","$","?","R","M","R","T","M","M","$","M","M","R","B","B"],"character_chosen":"THE_DUELIST","items_purchased":["theDuelist:RainbowNeos","theDuelist:FairyBox"],"campfire_rested":4,"item_purchase_floors":[4,46],"current_hp_per_floor":[63,63,63,63,68,68,68,68,68,68,64,64,64,43,63,63,67,67,67,67,61,61,61,61,47,47,47,47,47,47,31,51,20,56,49,68,38,38,38,58,58,58,58,41,41,41,41,34,54,18,0,0],"gold":98,"neow_bonus":"THREE_ENEMY_KILL","is_daily":false,"chose_seed":false,"campfire_upgraded":6,"win_rate":0.0,"timestamp":1614335277,"path_taken":["M","?","M","$","?","R","E","R","T","M","M","E","?","M","R","BOSS","M","?","$","M","?","M","R","M","T","$","R","M","R","E","R","BOSS","M","?","?","$","?","R","?","R","T","M","M","?","M","M","R","BOSS","BOSS"],"items_purchased_type":["Card","Card"],"build_version":"2020-12-22","purchased_purges":5,"victory":false,"max_hp_per_floor":[70,70,70,70,75,75,75,75,75,75,75,75,68,68,68,68,68,68,68,68,68,68,68,68,68,68,68,68,68,68,68,68,68,68,68,68,68,68,68,68,68,68,68,68,68,68,68,68,68,68,68,68],"card_choices":[{"not_picked":["theDuelist:MeteorDestruction","theDuelist:BigFire","theDuelist:SpiritHarp","theDuelist:MagnumShield"],"picked":"theDuelist:VenomShot","floor":1.0},{"not_picked":["theDuelist:BigFire","theDuelist:EarthquakeGiant","theDuelist:EvilswarmHeliotrope","theDuelist:WormWarlord"],"picked":"theDuelist:Mudora","floor":3.0},{"not_picked":["theDuelist:MiracleFertilizer","theDuelist:Electrowhip","theDuelist:ElectromagneticShield","theDuelist:UnderworldCannon"],"picked":"theDuelist:FusionWeapon","floor":7.0},{"not_picked":["theDuelist:Wiretap","theDuelist:PsychicShockwave","theDuelist:Graverobber","theDuelist:SilverApples"],"picked":"theDuelist:WhiteHowling","floor":10.0},{"not_picked":["theDuelist:BigFire","theDuelist:EvilswarmHeliotrope","theDuelist:PowerGiant","theDuelist:RainbowOverdragon"],"picked":"theDuelist:HammerShot","floor":11.0},{"not_picked":["theDuelist:SpellShatteringArrow","theDuelist:CoreBlaster","theDuelist:Invigoration","theDuelist:EgoBoost","theDuelist:LightningVortex"],"picked":"SKIP","floor":12.0},{"not_picked":["theDuelist:MythicalBeast","theDuelist:FrontierWiseman","theDuelist:RainbowNeos","theDuelist:Eva"],"picked":"theDuelist:HappyLover","floor":14.0},{"not_picked":["theDuelist:RainbowNeos","theDuelist:KamionTimelord","theDuelist:Eva","theDuelist:RainbowOverdragon"],"picked":"theDuelist:RainbowKuriboh","floor":16.0},{"not_picked":["theDuelist:CastleWalls","theDuelist:GiantSoldier","theDuelist:Sparks"],"picked":"SKIP","floor":18.0},{"not_picked":["theDuelist:Wiretap","theDuelist:PsychicShockwave","theDuelist:ImperialOrder"],"picked":"SKIP","floor":21.0},{"not_picked":["theDuelist:WhiteHowling","theDuelist:ImperialOrder","theDuelist:GravityAxe"],"picked":"theDuelist:MiraculousDescent","floor":23.0},{"not_picked":["theDuelist:ImperialOrder+1","theDuelist:MiraculousDescent","theDuelist:GravityAxe"],"picked":"SKIP","floor":25.0},{"not_picked":["theDuelist:CoreBlaster+1","theDuelist:CombinationAttack","theDuelist:RainbowNeos"],"picked":"SKIP","floor":31.0},{"not_picked":["theDuelist:YamiForm+1","theDuelist:LightLaser"],"picked":"theDuelist:AmuletAmbition","floor":33.0},{"not_picked":["theDuelist:Wiretap+1","theDuelist:PsychicShockwave","theDuelist:ImperialOrder"],"picked":"SKIP","floor":35.0},{"not_picked":["theDuelist:KamionTimelord","theDuelist:RainbowOverdragon+1"],"picked":"theDuelist:RainbowKuriboh","floor":37.0},{"not_picked":["theDuelist:PineappleBlast+1","theDuelist:AmuletAmbition+1"],"picked":"theDuelist:MillenniumShield","floor":41.0},{"not_picked":["theDuelist:ClearKuriboh","theDuelist:PowerGiant"],"picked":"theDuelist:StrayLambs+1","floor":44.0},{"not_picked":["theDuelist:FluteKuriboh+1","theDuelist:EgoBoost","theDuelist:BlackPendant"],"picked":"SKIP","floor":45.0},{"not_picked":["theDuelist:EarthquakeGiant+1","theDuelist:GilfordLegend","theDuelist:SolemnStrike+1"],"picked":"SKIP","floor":47.0},{"not_picked":["theDuelist:WormKing+1","theDuelist:EarthGiant","theDuelist:BattleOx+1"],"picked":"SKIP","floor":48}],"player_experience":2255434,"relics_obtained":[{"floor":7.0,"key":"Pen Nib"},{"floor":9.0,"key":"Oddly Smooth Stone"},{"floor":12.0,"key":"Bottled Flame"},{"floor":26.0,"key":"White Beast Statue"},{"floor":31.0,"key":"theDuelist:MillenniumPrayerbook"},{"floor":43.0,"key":"Frozen Egg 2"}],"event_choices":[{"damage_healed":0.0,"max_hp_gain":0.0,"max_hp_loss":0.0,"gold_gain":0.0,"event_name":"Relic Duplicator","player_choice":"Leave","duelist":true,"floor":2.0,"gold_loss":0.0,"damage_taken":0.0},{"damage_healed":0.0,"max_hp_gain":5.0,"max_hp_loss":0.0,"gold_gain":0.0,"event_name":"Big Fish","player_choice":"Donut","floor":5.0,"gold_loss":0.0,"damage_taken":0.0},{"damage_healed":0.0,"max_hp_gain":0.0,"max_hp_loss":7.0,"gold_gain":0.0,"event_name":"Golden Idol","player_choice":"Lose Max HP","floor":13.0,"gold_loss":0.0,"damage_taken":0.0,"relics_obtained":["Golden Idol"]},{"damage_healed":0.0,"max_hp_gain":0.0,"max_hp_loss":0.0,"gold_gain":0.0,"event_name":"Card Trader","player_choice":"Sold Beaver Warrior for 20 Gold.","duelist":true,"floor":19.0,"gold_loss":0.0,"damage_taken":0.0},{"damage_healed":0.0,"max_hp_gain":0.0,"max_hp_loss":0.0,"gold_gain":0.0,"event_name":"Vampires","player_choice":"Ignored","floor":22.0,"gold_loss":0.0,"damage_taken":0.0},{"cards_removed":["theDuelist:WhiteHowling"],"damage_healed":19.0,"max_hp_gain":0.0,"max_hp_loss":0.0,"gold_gain":0.0,"event_name":"Bonfire Elementals","player_choice":"Offered Uncommon","floor":36.0,"gold_loss":0.0,"damage_taken":0.0},{"damage_healed":0.0,"max_hp_gain":0.0,"max_hp_loss":0.0,"gold_gain":50.0,"event_name":"Golden Shrine","player_choice":"Pray","floor":39.0,"gold_loss":0.0,"damage_taken":0.0}],"is_beta":false,"boss_relics":[{"not_picked":["SacredBark","SlaversCollar"],"picked":"Busted Crown"},{"not_picked":["Snecko Eye","theDuelist:HauntedRelic"],"picked":"Inserter"}],"items_purged_floors":[4,20,27,38,46],"is_endless":false,"potions_floor_spawned":[3,11,14,21,29,31,33,35,37,41,44,45,47,48],"killed_by":"Donu and Deca","ascension_level":20}}