{"host":"dzvdy2cvkhifjmvi","time":1614322386,"event":{"mods":["BaseMod","Downfall","Infinite Spire","Marisa????????","Minty Spire (QoL Compilation)","Replay The Spire","StSLib","The Cursed","The Disciple","The Servant 0.9.4"],"gold_per_floor":[99,99,99,99,99,112,112,97,112,146,46,64,64,80,100,100,100,100],"floor_reached":16,"language":"ENG","playtime":663,"items_purged":[],"score":100,"play_id":"559004e7-8ebb-4d42-a41a-4138860f1542","local_time":"20210225235306","is_ascension_mode":false,"campfire_choices":[{"data":"bronze:Goto","floor":1,"key":"SMITH"},{"data":"bronze:ClassDefault","floor":11,"key":"SMITH"},{"data":"bronze:BuggyMess","floor":13,"key":"SMITH"}],"circlet_count":0,"master_deck":["bronze:Strike","bronze:Strike","bronze:Strike","bronze:Strike","bronze:Defend","bronze:Defend","bronze:Defend","bronze:Defend","bronze:Replicate","bronze:Goto+1","bronze:Flail","bronze:ClassDefault+1","infinitespire:Collect","bronze:Iterate","bronze:BuggyMess+1","bronze:Constructor"],"relics":["bronze:BronzeCore","downfall:HeartsMalice","Happy Flower","downfall:HeartBlessingGreen"],"acts_visited":["Exordium"],"potions_floor_usage":[10,16],"damage_taken":[{"damage":0,"enemies":"Jaw Worm","floor":2,"turns":1},{"damage":0,"enemies":"Small Slimes","floor":3,"turns":1},{"damage":0,"enemies":"2 Louse","floor":4,"turns":1},{"damage":0,"enemies":"Gremlin Gang","floor":6,"turns":3},{"damage":2,"enemies":"downfall:FleeingMerchant","floor":8,"turns":4},{"damage":6,"enemies":"Blue Slaver","floor":9,"turns":5},{"damage":28,"enemies":"Lagavulin","floor":10,"turns":5},{"damage":0,"enemies":"Large Slime","floor":12,"turns":3},{"damage":4,"enemies":"downfall:LooterAlt","floor":14,"turns":2},{"damage":9,"enemies":"Red Slaver","floor":15,"turns":3},{"damage":8,"enemies":"IC_STATUS_ARCHETYPE","floor":16,"turns":2}],"seed_played":"95025686072697181","potions_obtained":[{"floor":6,"key":"Explosive Potion"},{"floor":9,"key":"champ:CounterPotion"},{"floor":12,"key":"Weak Potion"},{"floor":15,"key":"Guardian:BlockOnCardUsePotion"}],"is_trial":false,"path_per_floor":["R","M","M","M","?","M","T","$","M","E","R","M","R","M","M","B"],"character_chosen":"THE_AUTOMATON","items_purchased":[],"campfire_rested":0,"item_purchase_floors":[],"current_hp_per_floor":[70,70,70,70,54,54,54,52,46,18,18,18,18,14,5,0,0,0],"gold":100,"neow_bonus":"THREE_ENEMY_KILL","is_daily":false,"chose_seed":false,"campfire_upgraded":3,"win_rate":0.0,"timestamp":1614322386,"path_taken":["R","M","M","M","?","M","T","?","M","E","R","M","R","M","M","BOSS"],"items_purchased_type":[],"build_version":"2020-12-22","purchased_purges":0,"victory":false,"max_hp_per_floor":[70,70,70,70,70,70,70,70,70,70,70,70,70,70,70,70,70,70],"card_choices":[{"not_picked":["bronze:DarkDash","bronze:Frontload","bronze:CutThrough"],"picked":"SKIP","floor":2},{"not_picked":["bronze:Separator","bronze:WhirlingStrike"],"picked":"bronze:Flail","floor":3},{"not_picked":["bronze:CutThrough","bronze:ForLoop"],"picked":"bronze:ClassDefault","floor":4},{"not_picked":["infinitespire:Execution","infinitespire:SealOfDarkness+"],"picked":"infinitespire:Collect","floor":5},{"not_picked":["bronze:Allocate","bronze:Shield"],"picked":"bronze:Iterate","floor":6},{"not_picked":["bronze:BurnOut","bronze:ForLoop","bronze:BitShift"],"picked":"SKIP","floor":8},{"not_picked":["bronze:Repulsor","bronze:NullPointer"],"picked":"bronze:BuggyMess","floor":9},{"not_picked":["bronze:DelayedSlice","bronze:Branch","bronze:BronzeArmor"],"picked":"SKIP","floor":10},{"not_picked":["bronze:WhirlingStrike","bronze:Branch"],"picked":"bronze:Constructor","floor":12},{"not_picked":["bronze:NullPointer","bronze:BuggyMess","bronze:DigitalCarnage"],"picked":"SKIP","floor":14},{"not_picked":["bronze:BuggyMess","bronze:WhirlingStrike","bronze:Backtrace"],"picked":"SKIP","floor":15}],"player_experience":1447587,"relics_obtained":[{"floor":10,"key":"Happy Flower"}],"event_choices":[],"is_beta":false,"boss_relics":[],"items_purged_floors":[],"is_endless":false,"potions_floor_spawned":[6,9,12,15],"killed_by":"IC_STATUS_ARCHETYPE","ascension_level":0}}