{"host":"b8coxh3nmoxcbj3m","time":1614325587,"event":{"mods":["AchievementEnabler","BaseMod","Colored Map","Downfall","Minty Spire (QoL Compilation)","Replay The Spire","StSLib","SuperFastMode"],"gold_per_floor":[99,111,126,145,145,157,157,157,176,176,196,214,214,225,245,349,349,349,349,349,349],"floor_reached":19,"language":"ZHS","playtime":926,"items_purged":[],"score":163,"play_id":"3c251be2-e15d-43a0-a0a3-c38a49c416b3","local_time":"20210226154627","is_ascension_mode":false,"campfire_choices":[{"data":"champ:Taunt","floor":1,"key":"SMITH"},{"data":"champ:IronFortress","floor":8,"key":"SMITH"},{"floor":13,"key":"REST"},{"floor":18,"key":"DIG"}],"circlet_count":0,"master_deck":["champ:Strike","champ:Strike","champ:Strike","champ:Strike","champ:Defend","champ:Defend","champ:Defend","champ:Execute","champ:Taunt+1","champ:DefensiveShout+1","champ:IronFortress+1","champ:StanceDance","champ:DefensiveShout+1","champ:IronFortress+1","champ:BringItOn","champ:ArenaPreparation","champ:TripleStrike"],"relics":["champ:ChampionCrown","Replay:Bottled Eggs","Velvet Choker","Ancient Tea Set"],"acts_visited":["Exordium","TheCity"],"potions_floor_usage":[16,16],"damage_taken":[{"damage":18,"enemies":"Jaw Worm","floor":2,"turns":6},{"damage":21,"enemies":"Cultist","floor":3,"turns":4},{"damage":17,"enemies":"Small Slimes","floor":4,"turns":4},{"damage":31,"enemies":"Red Slaver","floor":6,"turns":3},{"damage":33,"enemies":"Lots of Slimes","floor":9,"turns":5},{"damage":25,"enemies":"2 Fungi Beasts","floor":11,"turns":3},{"damage":10,"enemies":"Large Slime","floor":12,"turns":4},{"damage":15,"enemies":"Red Slaver","floor":14,"turns":4},{"damage":34,"enemies":"2 Fungi Beasts","floor":15,"turns":2},{"damage":66,"enemies":"SI_SHIV_ARCHETYPE","floor":16,"turns":6},{"damage":114,"enemies":"Shell Parasite","floor":19,"turns":9}],"seed_played":"1483065147650663331","potions_obtained":[{"floor":2,"key":"ColorlessPotion"},{"floor":3,"key":"LiquidMemories"},{"floor":6,"key":"Explosive Potion"},{"floor":11,"key":"champ:CounterPotion"}],"is_trial":false,"path_per_floor":["R_BF","M","M","M","?","M","T","R","M","?","M","M","R","M","M","B",null,"R_BF","M"],"character_chosen":"THE_CHAMP","items_purchased":[],"campfire_rested":1,"item_purchase_floors":[],"current_hp_per_floor":[99,91,90,83,83,67,67,67,59,59,44,44,73,73,69,63,99,99,0,0,0],"gold":349,"neow_bonus":"TEN_PERCENT_HP_BONUS","is_daily":false,"chose_seed":false,"campfire_upgraded":2,"win_rate":0.0,"timestamp":1614325587,"path_taken":["R_BF","M","M","M","?","M","T","R","?","?","M","M","R","?","M","BOSS","R_BF","M"],"items_purchased_type":[],"build_version":"2020-12-22","purchased_purges":0,"victory":false,"max_hp_per_floor":[99,99,99,99,99,99,99,99,99,99,99,99,99,99,99,99,99,99,99,99,99],"card_choices":[{"not_picked":["champ:FlashCut","champ:PerfectedStrike"],"picked":"champ:DefensiveShout","floor":2},{"not_picked":["champ:CalledShot","champ:TornadoPunch"],"picked":"champ:IronFortress","floor":3},{"not_picked":["champ:Circumvent","champ:BladeFlurry"],"picked":"champ:StanceDance","floor":4},{"not_picked":["champ:EndlessRage","champ:EnGarde"],"picked":"champ:DefensiveShout","floor":6},{"not_picked":["champ:GladiatorForm","champ:Haymaker","champ:Parry"],"picked":"SKIP","floor":9},{"not_picked":["champ:ShieldSigil","champ:HeartStrike"],"picked":"champ:BringItOn","floor":11},{"not_picked":["champ:DeathBlow","champ:CalledShot"],"picked":"champ:ArenaPreparation","floor":12},{"not_picked":["champ:CrownThrow","champ:BladeFlurry"],"picked":"champ:TripleStrike","floor":14},{"not_picked":["champ:DefensiveStyle","champ:PreemptiveStrike","champ:GutPunch"],"picked":"SKIP","floor":15}],"player_experience":44973,"relics_obtained":[{"floor":7,"key":"Replay:Bottled Eggs"},{"floor":18,"key":"Ancient Tea Set"}],"event_choices":[{"cards_removed":["champ:Defend"],"damage_healed":0,"gold_gain":0,"player_choice":"Offered Basic","damage_taken":0,"max_hp_gain":0,"max_hp_loss":0,"event_name":"Bonfire Elementals","floor":5,"gold_loss":0}],"is_beta":false,"boss_relics":[{"not_picked":["bronze:MakeshiftBattery","Replay:Bronze Core"],"picked":"Velvet Choker"}],"items_purged_floors":[],"is_endless":false,"potions_floor_spawned":[2,3,6,11,14],"killed_by":"Shell Parasite","ascension_level":0}}