{"host":"s41rn2jhghpwfrvz","time":1614363148,"event":{"mods":["BaseMod","Minty Spire (QoL Compilation)","Quick Restart","Relic Stats","SuperFastMode"],"gold_per_floor":[111,111,111,130,141,141,169,169,169,195,195,225,225,245,245,317,317,331,344,269,284,304,339,339,339,339],"floor_reached":25,"language":"ENG","playtime":738,"items_purged":[],"score":782,"play_id":"7ddbd1fc-652c-4b14-82cc-ebfcdc930f59","local_time":"20210226201228","daily_mods":["SealedDeck","Diverse","Elite Swarm"],"is_ascension_mode":true,"campfire_choices":[{"data":"Dark Embrace","floor":6.0,"key":"SMITH"},{"data":"TalkToTheHand","floor":8.0,"key":"SMITH"},{"data":"MentalFortress","floor":11.0,"key":"SMITH"},{"data":"Tantrum","floor":13.0,"key":"SMITH"},{"data":"Feel No Pain","floor":15.0,"key":"SMITH"}],"circlet_count":0,"master_deck":["AscendersBane","Sucker Punch","Accuracy","EmptyFist","Dark Embrace+1","Tantrum+1","MentalFortress+1","TalkToTheHand+1","Genetic Algorithm+1","Feel No Pain+1","Turbo","Adrenaline+1","Offering+1","Offering+1","Adrenaline+1","Adrenaline+1"],"relics":["Burning Blood","Peace Pipe","Toxic Egg 2","Ginger","Molten Egg 2","Black Star","Pen Nib","War Paint"],"acts_visited":["Exordium","TheCity"],"potions_floor_usage":[25],"damage_taken":[{"damage":2.0,"enemies":"2 Louse","floor":1.0,"turns":3.0},{"damage":0.0,"enemies":"Cultist","floor":4.0,"turns":4.0},{"damage":0.0,"enemies":"Small Slimes","floor":5.0,"turns":5.0},{"damage":30.0,"enemies":"Gremlin Nob","floor":7.0,"turns":4.0},{"damage":0.0,"enemies":"Lagavulin","floor":10.0,"turns":6.0},{"damage":6.0,"enemies":"3 Sentries","floor":12.0,"turns":6.0},{"damage":6.0,"enemies":"Gremlin Gang","floor":14.0,"turns":3.0},{"damage":12.0,"enemies":"Slime Boss","floor":16.0,"turns":4.0},{"damage":12.0,"enemies":"Spheric Guardian","floor":18.0,"turns":2.0},{"damage":12.0,"enemies":"Chosen","floor":19.0,"turns":1.0},{"damage":12.0,"enemies":"Sentry and Sphere","floor":21.0,"turns":2.0},{"damage":21.0,"enemies":"Shelled Parasite and Fungi","floor":22.0,"turns":3.0},{"damage":6.0,"enemies":"Book of Stabbing","floor":23.0,"turns":4.0},{"damage":40,"enemies":"Slavers","floor":25,"turns":3}],"seed_played":"-7328960135183400346","potions_obtained":[{"floor":1.0,"key":"DistilledChaos"},{"floor":2.0,"key":"LiquidMemories"},{"floor":19.0,"key":"Block Potion"}],"is_trial":true,"path_per_floor":["M","?","$","M","M","R","E","R","T","E","R","E","R","M","R","B",null,"M","M","?","M","M","E","?","E"],"character_chosen":"IRONCLAD","items_purchased":[],"campfire_rested":0,"item_purchase_floors":[],"current_hp_per_floor":[72,72,72,75,75,75,51,51,51,57,57,57,57,57,57,51,69,63,57,57,51,36,36,36,0,0],"gold":339,"neow_bonus":"","is_daily":false,"chose_seed":false,"campfire_upgraded":5,"win_rate":0.0,"timestamp":1614363148,"path_taken":["M","?","?","M","?","R","E","R","T","E","R","E","R","M","R","BOSS","M","M","?","M","M","E","?","E"],"items_purchased_type":[],"build_version":"2020-12-22","purchased_purges":0,"victory":false,"max_hp_per_floor":[75,75,75,75,75,75,75,75,75,75,75,75,75,75,75,75,75,75,75,75,75,75,75,75,75,75],"relic_stats":{"Peace Pipe":0,"counters":[14,50],"Pen Nib":[0],"Black Star":1,"Ginger":[2],"War Paint":["Adrenaline","Genetic Algorithm"],"obtain_stats":[{"Peace Pipe":7,"Molten Egg 2":12,"Pen Nib":23,"Black Star":17,"Ginger":10,"Toxic Egg 2":9,"War Paint":23,"Burning Blood":0},{"Peace Pipe":4,"Molten Egg 2":6,"Pen Nib":13,"Black Star":8,"Ginger":5,"Toxic Egg 2":4,"War Paint":13,"Burning Blood":0},{"Peace Pipe":16,"Molten Egg 2":28,"Pen Nib":47,"Black Star":35,"Ginger":22,"Toxic Egg 2":16,"War Paint":47,"Burning Blood":0}],"Burning Blood":69},"card_choices":[{"not_picked":["FlyingSleeves","Terror"],"picked":"Feel No Pain","floor":1.0},{"not_picked":["FlurryOfBlows","Aggregate","Iron Wave"],"picked":"SKIP","floor":4.0},{"not_picked":["Wild Strike","Cold Snap"],"picked":"Turbo","floor":5.0},{"not_picked":["SpiritShield","Grand Finale"],"picked":"Adrenaline","floor":7.0},{"not_picked":["Fission+1","Impervious+1"],"picked":"Offering+1","floor":10.0},{"not_picked":["Machine Learning","After Image"],"picked":"Offering+1","floor":12.0},{"not_picked":["Doom and Gloom+1","Sunder+1","Rebound+1"],"picked":"SKIP","floor":14.0},{"not_picked":["DevaForm","Impervious+1"],"picked":"Adrenaline+1","floor":16.0},{"not_picked":["Sever Soul+1","Armaments+1","Dagger Spray+1"],"picked":"SKIP","floor":18.0},{"not_picked":["PathToVictory+1","Deflect+1","Slice+1"],"picked":"SKIP","floor":19.0},{"not_picked":["PiercingWail+1","Steam+1","Darkness+1"],"picked":"SKIP","floor":21.0},{"not_picked":["Consume+1","Leap+1","Turbo+1"],"picked":"SKIP","floor":22.0},{"not_picked":["Phantasmal Killer+1","Thunder Strike+1"],"picked":"Adrenaline+1","floor":23.0}],"player_experience":2033792,"relics_obtained":[{"floor":7.0,"key":"Peace Pipe"},{"floor":9.0,"key":"Toxic Egg 2"},{"floor":10.0,"key":"Ginger"},{"floor":12.0,"key":"Molten Egg 2"},{"floor":23.0,"key":"Pen Nib"},{"floor":23.0,"key":"War Paint"}],"event_choices":[{"damage_healed":0.0,"max_hp_gain":0.0,"max_hp_loss":0.0,"gold_gain":0.0,"event_name":"Lab","player_choice":"Got Potions","floor":2.0,"gold_loss":0.0,"damage_taken":0.0},{"cards_removed":["Leap"],"damage_healed":0.0,"max_hp_gain":0.0,"max_hp_loss":0.0,"gold_gain":0.0,"event_name":"Beggar","player_choice":"Gave Gold","floor":20.0,"gold_loss":75.0,"damage_taken":0.0},{"cards_removed":["Cloak And Dagger"],"damage_healed":0.0,"max_hp_gain":0.0,"max_hp_loss":0.0,"gold_gain":0.0,"event_name":"Wheel of Change","player_choice":"Card Removal","floor":24.0,"gold_loss":0.0,"damage_taken":0.0}],"is_beta":false,"boss_relics":[{"not_picked":["Astrolabe","Busted Crown"],"picked":"Black Star"}],"items_purged_floors":[],"is_endless":false,"potions_floor_spawned":[1,10,12,16,19],"killed_by":"Slavers","ascension_level":20}}