{"host":"2ty4h143nj8vwezc","time":1614326057,"event":{"mods":["BaseMod","Colored Map","Googly Eyes","Highlight Path","Minty Spire (QoL Compilation)","Quick Restart","StSLib"],"gold_per_floor":[109,34,34,49,68,68,100,100,172,206,224,224,253,265,265,342,342,358,358,368,198,211,211,211,211,211,125,158,64,81,99,99,173,173,190,209,225,243,243,243],"floor_reached":39,"language":"ENG","playtime":1817,"items_purged":["Defend_B"],"score":783,"play_id":"3e05ce8c-73f8-40f7-bc28-906c84305518","local_time":"20210226025417","is_ascension_mode":true,"campfire_choices":[{"data":"Defragment","floor":6.0,"key":"SMITH"},{"floor":8.0,"key":"REST"},{"floor":12.0,"key":"REST"},{"data":"Glacier","floor":15.0,"key":"SMITH"},{"floor":23.0,"key":"REST"},{"data":"Creative AI","floor":25.0,"key":"SMITH"},{"floor":32.0,"key":"REST"}],"circlet_count":0,"master_deck":["AscendersBane","Strike_B+1","Strike_B","Defend_B","Defend_B","Defend_B","Zap","Dualcast","Ball Lightning+1","Auto Shields","Defragment+1","Glacier+1","Core Surge","Ball Lightning","White Noise+1","Creative AI+1","Tempest+1","Genetic Algorithm+1","Blind+1","Steam+1","RitualDagger","Storm","Leap+1","Storm","Defragment","Conserve Battery+1","Conserve Battery+1","Double Energy+1","Electrodynamics","Undo+1","Fusion+1","Redo+1","Hologram+1"],"relics":["Cracked Core","NeowsBlessing","Whetstone","Mercury Hourglass","Gambling Chip","Toxic Egg 2","Nuclear Battery","Ancient Tea Set","Matryoshka","Smiling Mask","Inserter"],"acts_visited":["Exordium","TheCity","TheBeyond"],"potions_floor_usage":[39],"damage_taken":[{"damage":0.0,"enemies":"2 Louse","floor":1.0,"turns":1.0},{"damage":0.0,"enemies":"Cultist","floor":4.0,"turns":1.0},{"damage":0.0,"enemies":"Jaw Worm","floor":5.0,"turns":1.0},{"damage":27.0,"enemies":"Gremlin Nob","floor":7.0,"turns":4.0},{"damage":10.0,"enemies":"3 Sentries","floor":10.0,"turns":8.0},{"damage":11.0,"enemies":"Exordium Thugs","floor":11.0,"turns":4.0},{"damage":16.0,"enemies":"Gremlin Nob","floor":13.0,"turns":3.0},{"damage":0.0,"enemies":"Gremlin Gang","floor":14.0,"turns":3.0},{"damage":23.0,"enemies":"Hexaghost","floor":16.0,"turns":9.0},{"damage":11.0,"enemies":"2 Thieves","floor":18.0,"turns":4.0},{"damage":0.0,"enemies":"Chosen","floor":20.0,"turns":3.0},{"damage":7.0,"enemies":"Snecko","floor":22.0,"turns":4.0},{"damage":14.0,"enemies":"Slavers","floor":28.0,"turns":4.0},{"damage":0.0,"enemies":"Snake Plant","floor":30.0,"turns":2.0},{"damage":14.0,"enemies":"Centurion and Healer","floor":31.0,"turns":4.0},{"damage":22.0,"enemies":"Collector","floor":33.0,"turns":6.0},{"damage":0.0,"enemies":"3 Shapes","floor":35.0,"turns":2.0},{"damage":0.0,"enemies":"3 Darklings","floor":36.0,"turns":3.0},{"damage":41.0,"enemies":"Spire Growth","floor":37.0,"turns":4.0},{"damage":43.0,"enemies":"Transient","floor":38.0,"turns":6.0},{"damage":18,"enemies":"3 Darklings","floor":39,"turns":2}],"seed_played":"-4681092799162666281","potions_obtained":[{"floor":7.0,"key":"Ancient Potion"},{"floor":11.0,"key":"SpeedPotion"},{"floor":14.0,"key":"Explosive Potion"},{"floor":22.0,"key":"FairyPotion"},{"floor":33.0,"key":"BlessingOfTheForge"},{"floor":38.0,"key":"Weak Potion"}],"is_trial":false,"path_per_floor":["M","?","?","M","M","R","E","R","T","E","M","R","E","M","R","B",null,"M","?","M","$","M","R","?","R","T","$","E","$","M","M","R","B",null,"M","M","M","M","M"],"character_chosen":"DEFECT","items_purchased":["Blind+1","Storm","Leap+1","Defragment","Conserve Battery+1"],"campfire_rested":4,"item_purchase_floors":[21,27,27,29,29],"current_hp_per_floor":[64,64,64,64,64,64,37,58,58,48,37,58,42,42,42,19,58,47,47,47,47,40,61,55,55,55,55,41,41,41,27,48,26,60,60,60,19,14,0,0],"gold":243,"neow_bonus":"THREE_ENEMY_KILL","is_daily":false,"chose_seed":false,"campfire_upgraded":3,"win_rate":0.0,"timestamp":1614326057,"path_taken":["M","?","?","?","M","R","E","R","T","E","M","R","E","M","R","BOSS","M","?","M","$","?","R","?","R","T","?","E","$","M","?","R","BOSS","M","M","M","M","M"],"items_purchased_type":["Card","Card","Card","Card","Card"],"build_version":"2020-12-22","purchased_purges":1,"victory":false,"max_hp_per_floor":[71,71,71,71,71,71,71,71,71,71,71,71,71,71,71,71,71,71,71,71,71,71,71,71,71,71,71,71,71,71,71,71,71,71,71,71,71,71,71,71],"card_choices":[{"not_picked":["Rebound","Gash"],"picked":"Ball Lightning","floor":1.0},{"not_picked":["Undo","Leap"],"picked":"Auto Shields","floor":4.0},{"not_picked":["Rebound","Gash"],"picked":"Defragment","floor":5.0},{"not_picked":["Beam Cell","Fusion"],"picked":"Glacier","floor":7.0},{"not_picked":["Rip and Tear","Beam Cell"],"picked":"Core Surge","floor":10.0},{"not_picked":["Coolheaded","Conserve Battery"],"picked":"Ball Lightning","floor":11.0},{"not_picked":["Melter","Ball Lightning"],"picked":"White Noise+1","floor":13.0},{"not_picked":["Beam Cell","Rebound","Gash"],"picked":"SKIP","floor":14.0},{"not_picked":["All For One","Thunder Strike"],"picked":"Creative AI","floor":16.0},{"not_picked":["Compile Driver","Stack+1"],"picked":"Tempest+1","floor":18.0},{"not_picked":["Rebound","Ball Lightning+1"],"picked":"Genetic Algorithm+1","floor":20.0},{"not_picked":["Sweeping Beam","Skim+1"],"picked":"Steam+1","floor":22.0},{"not_picked":["Recycle+1","Gash"],"picked":"Storm","floor":28.0},{"not_picked":["Steam Power+1","Reprogram+1"],"picked":"Conserve Battery+1","floor":30.0},{"not_picked":["Lockon","Darkness+1"],"picked":"Double Energy+1","floor":31.0},{"not_picked":["Thunder Strike","Buffer"],"picked":"Electrodynamics","floor":33.0},{"not_picked":["Gash","Lockon"],"picked":"Undo+1","floor":35.0},{"not_picked":["Cold Snap","Darkness+1"],"picked":"Fusion+1","floor":36.0},{"not_picked":["Barrage","Steam Power+1"],"picked":"Redo+1","floor":37.0},{"not_picked":["Heatsinks+1","Rebound"],"picked":"Hologram+1","floor":38.0}],"player_experience":490707,"relics_obtained":[{"floor":7.0,"key":"Whetstone"},{"floor":9.0,"key":"Mercury Hourglass"},{"floor":10.0,"key":"Gambling Chip"},{"floor":13.0,"key":"Toxic Egg 2"},{"floor":26.0,"key":"Matryoshka"},{"floor":28.0,"key":"Smiling Mask"}],"event_choices":[{"cards_removed":["Strike_B"],"damage_healed":0.0,"max_hp_gain":0.0,"max_hp_loss":0.0,"gold_gain":0.0,"event_name":"The Cleric","player_choice":"Card Removal","floor":2.0,"gold_loss":75.0,"damage_taken":0.0},{"cards_removed":["Strike_B"],"damage_healed":0.0,"max_hp_gain":0.0,"max_hp_loss":0.0,"gold_gain":0.0,"event_name":"Bonfire Elementals","player_choice":"Offered Basic","floor":3.0,"gold_loss":0.0,"damage_taken":0.0},{"damage_healed":0.0,"max_hp_gain":0.0,"max_hp_loss":0.0,"gold_gain":0.0,"event_name":"WeMeetAgain","player_choice":"Gave Potion","floor":19.0,"gold_loss":0.0,"damage_taken":0.0,"relics_obtained":["Ancient Tea Set"]},{"damage_healed":0.0,"max_hp_gain":0.0,"max_hp_loss":0.0,"gold_gain":0.0,"event_name":"Nest","player_choice":"Joined the Cult","floor":24.0,"gold_loss":0.0,"damage_taken":6.0,"cards_obtained":["RitualDagger"]}],"is_beta":false,"boss_relics":[{"not_picked":["Sozu","Coffee Dripper"],"picked":"Nuclear Battery"},{"not_picked":["Velvet Choker","Tiny House"],"picked":"Inserter"}],"items_purged_floors":[21],"is_endless":false,"potions_floor_spawned":[7,11,14,22,31,33,38],"killed_by":"3 Darklings","ascension_level":17}}