{"host":"jsd6g3c2vo13e69c","time":1614362253,"event":{"mods":["2.2 Compatiblity","Act Like it!","BaseMod","Better Altar","Better Match","Better Note","Better Sensory Stone","Better Third Choice","BetterRewards","Colored Map","Colored Powertips","Downfall","Friendly Minions","GifTheSpireLib","Googly Eyes","Gremlin Mod","Hermit","Hubris","Infinite Spire","Melee Mod","Minty Spire (QoL Compilation)","Permanent Neow","Quick Restart","Random Character Button","Replay The Spire","Shop Mod","Spire Arcade","StSLib","The Cursed","The Disciple","The Forsaken","thorton"],"gold_per_floor":[199,212,212,8,22,42,42,42,55,55,505,505,531,547,564,663,663,563,575,590,590,590,607,607,607,626,526,539,552,237,345,366,469,469,469,469,113,113,113,130,130,30,56,56,56,75,90,114,132,132,132,182,2,2,2,2,2,2],"floor_reached":56,"language":"ENG","playtime":5851,"items_purged":["downfall:Icky","downfall:Icky","downfall:Icky"],"score":753,"play_id":"a5366220-7f7a-4ebf-803a-bd8aed1ed28a","local_time":"20210226125733","is_ascension_mode":false,"campfire_choices":[{"data":"hexamod:Sear","floor":1.0,"key":"SMITH"},{"data":"hexamod:ApocalypseNow","floor":8.0,"key":"SMITH"},{"data":"hexamod:BurningTouch","floor":10.0,"key":"SMITH"},{"data":"hexamod:BurningTouch","floor":18,"key":"SMITH"},{"data":"hubris:Fate","floor":27,"key":"SMITH"},{"floor":35,"key":"RECALL"},{"data":"hexamod:GiftsFromTheDead","floor":42,"key":"SMITH"},{"data":"hexamod:BurningTouch","floor":45,"key":"SMITH"},{"floor":54,"key":"REST"},{"data":"expansioncontent:StudyTheSpire","floor":54,"key":"SMITH"}],"circlet_count":0,"master_deck":["hexamod:Strike+1","hexamod:Strike+1","hexamod:Strike+1","hexamod:Defend+1","hexamod:Defend+1","hexamod:Defend+1","hexamod:Defend+1","hexamod:Sear+1","hexamod:Float+1","hexamod:PhantomFireball","hexamod:Hexaguard+1","hexamod:GhostOfSpireFuture+1","hexamod:ApocalypseNow+1","hexamod:BurningTouch+1","hexamod:GiftsFromTheDead+1","hexamod:BurningTouch+1","hexamod:HeatMetal+1","hexamod:SixthSeal","hexamod:BurningTouch+1","hexamod:NightmareStrike+1","hexamod:SpectersWail+1","hubris:Fate+1","hexamod:NightmareGuise+1","hexamod:HeatShield+1","hexamod:RetreatToShadows+1","hexamod:SecondSeal","hexamod:GhostOfSpirePast","hexamod:NightmareGuise+1","hexamod:ApocalypseNow","hexamod:UnlimitedPower+1","hexamod:GiftsFromTheDead+1","hexamod:TimeWarp+1","hexamod:FirstSeal","hexamod:ThirdSeal","hexamod:SearingWound","hexamod:NecessarySacrifice+1","hexamod:RainOfEmbers+1","hexamod:DynamicBlow+1","expansioncontent:StudyTheSpire+1"],"relics":["hexamod:SpiritBrand","Art of War","Smiling Mask","Replay:Bottled Snecko","downfall:HeartBlessingGreen","Nloth\u0027s Gift","SlaversCollar","downfall:HeartBlessingBlue","Lee\u0027s Waffle","MerchantsRug","Potion Belt","thethorton:CrushedCigarette","hubris:Towel","Lantern","ClockworkSouvenir","infinitespire:Magic Flask","Blue Candle","downfall:HeartBlessingRed","FossilizedHelix","Cauldron"],"acts_visited":["Exordium","TheCity","TheBeyond","TheEnding"],"potions_floor_usage":[19,33,46,49,52,53,55,55,56,56],"damage_taken":[{"damage":3.0,"enemies":"Small Slimes","floor":2.0,"turns":3.0},{"damage":0.0,"enemies":"downfall:FleeingMerchant","floor":4.0,"turns":4.0},{"damage":0.0,"enemies":"Cultist","floor":5.0,"turns":3.0},{"damage":0.0,"enemies":"Jaw Worm","floor":6.0,"turns":3.0},{"damage":2.0,"enemies":"3 Louse","floor":9.0,"turns":3.0},{"damage":23.0,"enemies":"Gremlin Nob","floor":13.0,"turns":5.0},{"damage":0.0,"enemies":"2 Fungi Beasts","floor":14.0,"turns":3.0},{"damage":19.0,"enemies":"Gremlin Gang","floor":15.0,"turns":4.0},{"damage":12.0,"enemies":"IC_STATUS_ARCHETYPE","floor":16.0,"turns":6.0},{"damage":0,"enemies":"downfall:LooterAlt2","floor":19,"turns":5},{"damage":29,"enemies":"3 Byrds","floor":20,"turns":6},{"damage":15,"enemies":"Snecko","floor":23,"turns":5},{"damage":7,"enemies":"Sentry and Sphere","floor":26,"turns":5},{"damage":33,"enemies":"Shelled Parasite and Fungi","floor":28,"turns":6},{"damage":6,"enemies":"Snecko","floor":29,"turns":5},{"damage":0,"enemies":"downfall:FleeingMerchant","floor":30,"turns":4},{"damage":2,"enemies":"downfall:LadyInBlue","floor":31,"turns":7},{"damage":11,"enemies":"Snake Plant","floor":32,"turns":2},{"damage":54,"enemies":"SI_MIRROR_ARCHETYPE","floor":33,"turns":12},{"damage":1,"enemies":"downfall:FleeingMerchant","floor":37,"turns":4},{"damage":4,"enemies":"Orb Walker","floor":40,"turns":4},{"damage":10,"enemies":"3 Shapes","floor":43,"turns":3},{"damage":10,"enemies":"Spire Growth","floor":46,"turns":5},{"damage":0,"enemies":"Sphere and 2 Shapes","floor":47,"turns":3},{"damage":12,"enemies":"Jaw Worm Horde","floor":48,"turns":6},{"damage":37,"enemies":"Transient","floor":49,"turns":5},{"damage":66,"enemies":"DF_ARCHETYPE_ORBS","floor":50,"turns":7},{"damage":80,"enemies":"downfall:CharBossMerchant","floor":52,"turns":8},{"damage":9,"enemies":"downfall:NeowBoss","floor":55,"turns":17},{"damage":62,"enemies":"downfall:NeowBossFinal","floor":56,"turns":6}],"seed_played":"6560852161156233437","potions_obtained":[{"floor":2.0,"key":"Fire Potion"},{"floor":5.0,"key":"ColorlessPotion"},{"floor":12.0,"key":"CultistPotion"},{"floor":12.0,"key":"LifebloodPotion"},{"floor":15.0,"key":"AttackPotion"},{"floor":20,"key":"Ancient Potion"},{"floor":28,"key":"EntropicBrew"},{"floor":31,"key":"Guardian:BlockOnCardUsePotion"},{"floor":31,"key":"DistilledChaos"},{"floor":31,"key":"Ancient Potion"},{"floor":32,"key":"BlessingOfTheForge"},{"floor":40,"key":"sneckomod:MuddlingPotion"},{"floor":48,"key":"FearPotion"},{"floor":49,"key":"Strength Potion"},{"floor":53,"key":"Cursed Concoction"},{"floor":53,"key":"Energy Potion"},{"floor":53,"key":"Languid Potion"},{"floor":53,"key":"Reflective Coating"},{"floor":53,"key":"LiquidMemories"}],"is_trial":false,"path_per_floor":["R","M","?","$","M","M","T","R","M","R","?","?","E","M","M","B",null,"R","M","M","?","?","M","T","AVR","M","R","M","M","$","?","M","B",null,"R","?","$","?","AVR","M","T","R","M","?","R","M","M","M","M","B",null,"E","$","R","B","B"],"character_chosen":"THE_SPIRIT","items_purchased":["Art of War","hexamod:GhostOfSpireFuture","Lee\u0027s Waffle","MerchantsRug","Lantern","ClockworkSouvenir","Cauldron","expansioncontent:StudyTheSpire"],"campfire_rested":1,"item_purchase_floors":[4,4,30,30,37,37,53,53],"current_hp_per_floor":[70,67,67,67,67,67,67,67,65,65,65,65,42,42,23,11,70,70,70,41,41,41,26,26,26,19,29,11,5,87,85,74,20,87,87,87,86,89,89,85,85,85,75,75,75,80,87,82,67,23,90,24,24,51,49,0,0,0],"gold":2,"neow_bonus":"HUNDRED_GOLD","is_daily":false,"chose_seed":false,"campfire_upgraded":8,"win_rate":0.0,"timestamp":1614362253,"path_taken":["R","M","?","?","M","M","T","R","M","R","?","?","E","M","M","BOSS","R","M","?","?","?","?","T","AVR","?","R","M","M","$","?","M","BOSS","R","?","$","?","AVR","M","T","R","M","?","R","M","?","M","M","BOSS","E","$","R","BOSS","BOSS"],"items_purchased_type":["Relic","Card","Relic","Relic","Relic","Relic","Relic","Card"],"build_version":"2020-12-22","purchased_purges":3,"victory":false,"max_hp_per_floor":[70,70,70,70,70,70,70,70,70,70,70,70,70,70,70,70,70,70,70,70,70,70,70,70,70,70,80,80,80,87,87,87,87,87,87,87,87,90,90,90,90,90,90,90,90,90,90,90,90,90,90,90,90,90,90,90,90,90],"card_choices":[{"not_picked":["hexamod:AdvancingGuard","hexamod:HauntingEcho"],"picked":"hexamod:PhantomFireball","floor":2.0},{"not_picked":["hexamod:NightmareGuise","hexamod:HauntingEcho"],"picked":"hexamod:Hexaguard","floor":4.0},{"not_picked":["hexamod:Hexaguard","hexamod:NightmareGuise"],"picked":"hexamod:ApocalypseNow","floor":5.0},{"not_picked":["hexamod:FastForward","hexamod:CatchUp","hexamod:SwordOfDarkness"],"picked":"SKIP","floor":6.0},{"not_picked":["hexamod:GhostShield","hexamod:NecessarySacrifice"],"picked":"hexamod:BurningTouch","floor":9.0},{"not_picked":["hexamod:WildfireWeapon","hexamod:SwordOfDarkness"],"picked":"hexamod:GiftsFromTheDead","floor":13.0},{"not_picked":["hexamod:AdvancingGuard","hexamod:HeatMetal"],"picked":"hexamod:BurningTouch","floor":14.0},{"not_picked":["hexamod:UnlimitedPower","hexamod:NightmareGuise"],"picked":"hexamod:HeatMetal","floor":15.0},{"not_picked":["hexamod:FlameSwitch","hexamod:ForkedFlame"],"picked":"hexamod:SixthSeal","floor":16.0},{"not_picked":["hexamod:BacktrackSmack","hexamod:InspiringFlames"],"picked":"hexamod:BurningTouch","floor":19},{"not_picked":["hexamod:ShieldOfDarkness+1","hexamod:StepThrough"],"picked":"hexamod:NightmareStrike+1","floor":20},{"not_picked":["hexamod:FlamesFromBeyond","hexamod:BacktrackSmack"],"picked":"hexamod:SpectersWail+1","floor":23},{"not_picked":["hexamod:BacktrackSmack+1","hexamod:UnleashSpirits"],"picked":"hexamod:NightmareGuise","floor":26},{"not_picked":["hexamod:GhostflameBarrier","hexamod:NightmareGuise"],"picked":"hexamod:HeatShield","floor":28},{"not_picked":["hexamod:PhantomFireball","hexamod:SpectersWail"],"picked":"hexamod:RetreatToShadows","floor":29},{"not_picked":["hexamod:NightmareGuise","hexamod:BurningTouch"],"picked":"hexamod:SecondSeal","floor":30},{"not_picked":["hexamod:ChargedBarrage+1","hexamod:ApocalypticArmor"],"picked":"hexamod:GhostOfSpirePast","floor":31},{"not_picked":["hexamod:AdvancingGuard","hexamod:ThermalTransfer"],"picked":"hexamod:NightmareGuise","floor":32},{"not_picked":["hexamod:Toasty","hexamod:TimeWarp"],"picked":"hexamod:ApocalypseNow","floor":33},{"not_picked":["hexamod:Firestarter","hexamod:PhantomCloak+1"],"picked":"hexamod:UnlimitedPower","floor":37},{"not_picked":["hexamod:GhostLash+1","hexamod:Firestarter+1"],"picked":"hexamod:GiftsFromTheDead","floor":40},{"not_picked":["hexamod:NightmareGuise","hexamod:RadiantFlame","hexamod:InspiringFlames"],"picked":"SKIP","floor":43},{"not_picked":["hexamod:FastForward+1","hexamod:AdvancingGuard"],"picked":"hexamod:FirstSeal","floor":46},{"not_picked":["hexamod:Firestarter+1","hexamod:SpectralAdrenaline+1"],"picked":"hexamod:ThirdSeal","floor":47},{"not_picked":["hexamod:FastForward+1","hexamod:InspiringFlames"],"picked":"hexamod:SearingWound","floor":48},{"not_picked":["hexamod:HauntingEcho+1","hexamod:SuperheatedStrike","hexamod:InspiringFlames+1"],"picked":"SKIP","floor":48},{"not_picked":["hexamod:ShieldOfDarkness","hexamod:RadiantFlame"],"picked":"hexamod:NecessarySacrifice+1","floor":49},{"not_picked":["hexamod:Haunt","hexamod:ApocalypseNow"],"picked":"hexamod:RainOfEmbers+1","floor":49},{"not_picked":["hexamod:Firestarter","hexamod:PhantomFireball+1"],"picked":"hexamod:DynamicBlow+1","floor":52},{"not_picked":["hexamod:PhantomCloak+1","hexamod:HauntingEcho+1","hexamod:FirstSeal"],"picked":"SKIP","floor":52},{"not_picked":["hexamod:SkipABeat","hexamod:HauntingEcho+1","hexamod:ThirdSeal"],"picked":"SKIP","floor":52}],"player_experience":493208,"relics_obtained":[{"floor":7.0,"key":"Smiling Mask"},{"floor":13.0,"key":"Replay:Bottled Snecko"},{"floor":31,"key":"Potion Belt"},{"floor":41,"key":"Blue Candle"},{"floor":52,"key":"FossilizedHelix"}],"event_choices":[{"damage_healed":0.0,"max_hp_gain":0.0,"max_hp_loss":0.0,"gold_gain":0.0,"event_name":"Accursed Blacksmith","player_choice":"Forge","floor":3.0,"gold_loss":0.0,"damage_taken":0.0,"cards_upgraded":["hexamod:Float"]},{"damage_healed":0.0,"max_hp_gain":0.0,"max_hp_loss":0.0,"gold_gain":0.0,"event_name":"Lab","player_choice":"Got Potions","floor":12.0,"gold_loss":0.0,"damage_taken":0.0},{"damage_healed":0,"gold_gain":0,"player_choice":"Ignored","damage_taken":0,"max_hp_gain":0,"max_hp_loss":0,"event_name":"betterNote:BetterNote","floor":21,"gold_loss":0,"cards_obtained":["Slimebound:MassFeed"]}],"is_beta":false,"boss_relics":[{"not_picked":["Cursed Key","thethorton:GreedFountain"],"picked":"SacredBark"},{"not_picked":["Kintsugi","Painkiller Herb"],"picked":"thethorton:CrushedCigarette"}],"items_purged_floors":[25,30,37],"is_endless":false,"potions_floor_spawned":[2,5,13,15,20,28,32,40,48,49],"killed_by":"downfall:NeowBossFinal","ascension_level":0}}