{"host":"Yun Zhang","time":1614355793,"event":{"mods":["BaseMod","Minty Spire (QoL Compilation)","Reimu£®≤©¿ˆ¡È√Œ£©","StSLib"],"gold_per_floor":[112,127,127,137,154,154,189,206,206,239,309,309,322,36,36,136,136,146,6,50,112,162,193,193,224,251,278,200,226,226,246,246,343,343,356,420,520,570,633,633,161,192,192,209,239,239,289,315,315,315,315,315,1,26,26],"floor_reached":56,"language":"ZHS","playtime":6480,"items_purged":["Parasite"],"score":1508,"play_id":"55d3feec-c916-4e88-b242-b2fbbf239e66","local_time":"20210227000952","is_ascension_mode":true,"campfire_choices":[{"floor":6.0,"key":"REST"},{"floor":12.0,"key":"REST"},{"floor":15.0,"key":"REST"},{"data":"DependentForm:ReiMu","floor":24.0,"key":"SMITH"},{"floor":30.0,"key":"RECALL"},{"floor":32.0,"key":"REST"},{"data":"InherentArray:ReiMu","floor":40.0,"key":"SMITH"},{"data":"Free:ReiMu","floor":46.0,"key":"SMITH"},{"floor":49.0,"key":"REST"},{"data":"Enchanting:ReiMu","floor":52.0,"key":"SMITH"}],"circlet_count":0,"master_deck":["Strike_Lin:ReiMu","Strike_Lin:ReiMu","Strike_Lin:ReiMu","Strike_Lin:ReiMu","Defend_Lin:ReiMu","Defend_Lin:ReiMu","Defend_Lin:ReiMu","Defend_Lin:ReiMu","NB:ReiMu","Stagnation:ReiMu","Free:ReiMu+1","Enchanting:ReiMu+1","InherentArray:ReiMu+1","SafetyPray:ReiMu","OrbThrow:ReiMu","LearningPray:ReiMu+1","SafetyPray:ReiMu+1","Amulet:ReiMu+1","Amulet:ReiMu+1","PrepareRite:ReiMu+1","DependentForm:ReiMu+1","SpringWay:ReiMu+1","Authority:ReiMu+1","Authority:ReiMu+1","PrepareRite:ReiMu+1","Enchanting:ReiMu+1","LearningPray:ReiMu+1","TakeOff:ReiMu+1","KamiRite:ReiMu+1","ShadowOfCrow2:ReiMu+1","ShadowOfCrow2:ReiMu+1","Conquer:ReiMu+1","Secret Technique+1","FantasyBorder:ReiMu+1","PassingAway:ReiMu+1","Conquer:ReiMu"],"relics":["ShineYinYang:ReiMu","SsserpentHead","Bow_fan:ReiMu","Gremlin Horn","Toxic Egg 2","Bronze Scales","Thread and Needle","Blue Candle","Question Card","SlaversCollar","TungstenRod","Mastiff:ReiMu","Strawberry","MealTicket","TurtleShell:ReiMu","Meat on the Bone","Regal Pillow","Lizard Tail","Nunchaku"],"acts_visited":["Exordium","TheCity","TheBeyond","TheEnding"],"potions_floor_usage":[],"damage_taken":[{"damage":2.0,"enemies":"Cultist","floor":1.0,"turns":5.0},{"damage":0.0,"enemies":"2 Louse","floor":2.0,"turns":4.0},{"damage":0.0,"enemies":"Small Slimes","floor":4.0,"turns":4.0},{"damage":31.0,"enemies":"Gremlin Gang","floor":5.0,"turns":6.0},{"damage":25.0,"enemies":"Gremlin Nob","floor":7.0,"turns":6.0},{"damage":0.0,"enemies":"Exordium Wildlife","floor":8.0,"turns":4.0},{"damage":21.0,"enemies":"3 Sentries","floor":10.0,"turns":9.0},{"damage":4.0,"enemies":"Blue Slaver","floor":11.0,"turns":4.0},{"damage":3.0,"enemies":"Gremlin Gang","floor":13.0,"turns":4.0},{"damage":12.0,"enemies":"Hexaghost","floor":16.0,"turns":13.0},{"damage":4.0,"enemies":"Chosen","floor":18.0,"turns":6.0},{"damage":0.0,"enemies":"2 Thieves","floor":20.0,"turns":5.0},{"damage":8.0,"enemies":"Shelled Parasite and Fungi","floor":21.0,"turns":9.0},{"damage":6.0,"enemies":"Gremlin Leader","floor":23.0,"turns":8.0},{"damage":1.0,"enemies":"Book of Stabbing","floor":25.0,"turns":7.0},{"damage":0.0,"enemies":"Gremlin Leader","floor":27.0,"turns":7.0},{"damage":24.0,"enemies":"Slavers","floor":29.0,"turns":6.0},{"damage":5.0,"enemies":"Centurion and Healer","floor":31.0,"turns":6.0},{"damage":0.0,"enemies":"Collector","floor":33.0,"turns":10.0},{"damage":0.0,"enemies":"3 Shapes","floor":35.0,"turns":3.0},{"damage":14.0,"enemies":"3 Darklings","floor":36.0,"turns":5.0},{"damage":2.0,"enemies":"Mind Bloom Boss Battle","floor":37.0,"turns":7.0},{"damage":0.0,"enemies":"Writhing Mass","floor":39.0,"turns":6.0},{"damage":0.0,"enemies":"Giant Head","floor":42.0,"turns":10.0},{"damage":0.0,"enemies":"Spire Growth","floor":44.0,"turns":6.0},{"damage":16.0,"enemies":"Nemesis","floor":45.0,"turns":7.0},{"damage":0.0,"enemies":"Reptomancer","floor":48.0,"turns":6.0},{"damage":12.0,"enemies":"Awakened One","floor":50.0,"turns":12.0},{"damage":0,"enemies":"Shield and Spear","floor":54,"turns":6},{"damage":4,"enemies":"The Heart","floor":55,"turns":10}],"seed_played":"4055534326670706182","potions_obtained":[{"floor":2.0,"key":"ZuzhouPotion:ReiMu"},{"floor":4.0,"key":"SkillPotion"},{"floor":7.0,"key":"Fire Potion"},{"floor":10.0,"key":"Fire Potion"},{"floor":16.0,"key":"SneckoOil"},{"floor":20.0,"key":"CultistPotion"},{"floor":23.0,"key":"FairyPotion"},{"floor":29.0,"key":"Regen Potion"},{"floor":33.0,"key":"GrandPatriotsElixir:ReiMu"},{"floor":38.0,"key":"BottledKami:ReiMu"}],"is_trial":false,"path_per_floor":["M","M","?","M","M","R","E","M","T","E","M","R","M","$","R","B",null,"M","$","M","M","?","E","R","E","T","E","$","E","R","M","R","B",null,"M","M","?","?","M","R","$","E","T","M","E","R","?","E","R","B",null,"R","$","E","B",null],"character_chosen":"REIMU","items_purchased":["Amulet:ReiMu+1","PrepareRite:ReiMu+1","Fruit Juice","Authority:ReiMu+1","LearningPray:ReiMu+1","Mastiff:ReiMu","Strawberry","Secret Technique+1","Lizard Tail"],"campfire_rested":5,"item_purchase_floors":[14,14,14,19,28,41,41,41,53],"current_hp_per_floor":[63,63,63,63,32,51,26,26,26,5,1,20,17,22,42,30,67,63,63,63,55,60,54,54,53,53,53,53,29,29,24,44,44,67,67,53,51,51,51,51,58,58,58,58,56,56,56,56,74,62,74,74,74,74,70],"gold":26,"neow_bonus":"THREE_RARE_CARDS","is_daily":false,"chose_seed":false,"campfire_upgraded":4,"win_rate":0.0,"timestamp":1614355792,"path_taken":["M","?","?","M","M","R","E","M","T","E","?","R","M","$","R","BOSS","M","$","?","?","?","E","R","E","T","E","$","E","R","M","R","BOSS","M","?","?","?","?","R","$","E","T","M","E","R","?","E","R","BOSS","R","$","E","BOSS"],"items_purchased_type":["Card","Card","Potion","Card","Card","Relic","Relic","Card","Relic"],"build_version":"2020-12-18","purchased_purges":1,"victory":true,"max_hp_per_floor":[65,65,65,65,65,65,65,65,65,65,65,65,65,67,67,67,67,67,67,67,67,67,67,67,67,67,67,67,67,67,67,67,67,67,67,67,67,67,67,67,74,74,74,74,74,74,74,74,74,74,74,74,74,74,74],"card_choices":[{"not_picked":["HakureiPhantom:ReiMu","RunawayExorcism:ReiMu"],"picked":"Free:ReiMu","floor":0.0},{"not_picked":["FantasyMoon:ReiMu","TakeOff:ReiMu"],"picked":"Enchanting:ReiMu","floor":1.0},{"not_picked":["RainPray2:ReiMu","Enchanting:ReiMu"],"picked":"TightArray:ReiMu","floor":2.0},{"not_picked":["Meditation:ReiMu","WonderfulDomain:ReiMu"],"picked":"InherentArray:ReiMu","floor":4.0},{"not_picked":["SubAcupoint:ReiMu","SubcavityInstant:ReiMu"],"picked":"Amulet:ReiMu","floor":5.0},{"not_picked":["RainPray2:ReiMu","RunawayExorcism:ReiMu"],"picked":"SafetyPray:ReiMu","floor":7.0},{"not_picked":["SpringWay:ReiMu","Intuition:ReiMu"],"picked":"OrbThrow:ReiMu","floor":8.0},{"not_picked":["Crusade:ReiMu","CardOfSanctity:ReiMu+1"],"picked":"LearningPray:ReiMu+1","floor":10.0},{"not_picked":["PhosphorusFlame:ReiMu+1","CareerPray:ReiMu+1"],"picked":"SafetyPray:ReiMu+1","floor":11.0},{"not_picked":["RainPray2:ReiMu+1","UpKicking:ReiMu"],"picked":"Amulet:ReiMu+1","floor":13.0},{"not_picked":["Free:ReiMu+1","YinYang:ReiMu"],"picked":"DependentForm:ReiMu","floor":16.0},{"not_picked":["CollectionFlower2:ReiMu+1","Amulet:ReiMu+1"],"picked":"SpringWay:ReiMu+1","floor":18.0},{"not_picked":["WonderfulDomain:ReiMu+1","InherentArray:ReiMu","AirStrike:ReiMu"],"picked":"SKIP","floor":20.0},{"not_picked":["Meditation:ReiMu+1","PayForSelf:ReiMu+1"],"picked":"Authority:ReiMu+1","floor":21.0},{"not_picked":["AirStrike:ReiMu","MountainWay:ReiMu+1","SpreadBorder2:ReiMu+1"],"picked":"SKIP","floor":23.0},{"not_picked":["Amulet:ReiMu+1","MikOfLucky:ReiMu"],"picked":"PrepareRite:ReiMu+1","floor":25.0},{"not_picked":["ManaGlint:ReiMu+1","RainPray2:ReiMu+1"],"picked":"Enchanting:ReiMu+1","floor":27.0},{"not_picked":["Revelation:ReiMu+1","OrbThrow:ReiMu"],"picked":"TakeOff:ReiMu+1","floor":29.0},{"not_picked":["DoubleButterfly:ReiMu","Intuition:ReiMu+1","TightArray:ReiMu","RunawayExorcism:ReiMu+1"],"picked":"SKIP","floor":31.0},{"not_picked":["CardOfSanctity:ReiMu+1","BlastKick2:ReiMu","PrayRite:ReiMu+1"],"picked":"KamiRite:ReiMu+1","floor":33.0},{"not_picked":["NineCharacters:ReiMu","TightArray:ReiMu","CollectionFlower2:ReiMu+1"],"picked":"ShadowOfCrow2:ReiMu+1","floor":35.0},{"not_picked":["WonderfulDomain:ReiMu+1","CareerPray:ReiMu+1","OrbThrow:ReiMu+1","Crusade:ReiMu"],"picked":"SKIP","floor":36.0},{"not_picked":["SafetyPray:ReiMu+1","TakeOff:ReiMu+1","RainPray2:ReiMu+1"],"picked":"ShadowOfCrow2:ReiMu+1","floor":37.0},{"not_picked":["SubAcupoint:ReiMu+1","TakeOff:ReiMu+1","UpKicking:ReiMu"],"picked":"Conquer:ReiMu+1","floor":39.0},{"not_picked":["SubcavityInstant:ReiMu+1","SafetyPray:ReiMu+1","SpringWay:ReiMu+1","YinYangSign:ReiMu+1"],"picked":"SKIP","floor":42.0},{"not_picked":["RainPray2:ReiMu+1","LovePray:ReiMu+1","TightArray:ReiMu+1","TakeOff:ReiMu+1"],"picked":"SKIP","floor":44.0},{"not_picked":["SafetyPray:ReiMu+1","BarrageOfMoneybags:ReiMu+1","SpringWay:ReiMu+1"],"picked":"FantasyBorder:ReiMu+1","floor":45.0},{"not_picked":["ShadowOfCrow2:ReiMu+1","TightArray:ReiMu+1","Gathering:ReiMu+1"],"picked":"PassingAway:ReiMu+1","floor":48.0},{"not_picked":["PrayRite:ReiMu+1","SubcavityInstant:ReiMu+1","MountainWay:ReiMu+1"],"picked":"Conquer:ReiMu","floor":54}],"player_experience":331017,"relics_obtained":[{"floor":7.0,"key":"Bow_fan:ReiMu"},{"floor":9.0,"key":"Gremlin Horn"},{"floor":10.0,"key":"Toxic Egg 2"},{"floor":23.0,"key":"Bronze Scales"},{"floor":25.0,"key":"Thread and Needle"},{"floor":27.0,"key":"Blue Candle"},{"floor":29.0,"key":"Question Card"},{"floor":37.0,"key":"TungstenRod"},{"floor":42.0,"key":"MealTicket"},{"floor":43.0,"key":"TurtleShell:ReiMu"},{"floor":45.0,"key":"Meat on the Bone"},{"floor":48.0,"key":"Regal Pillow"},{"floor":54,"key":"Nunchaku"}],"event_choices":[{"damage_healed":0.0,"max_hp_gain":0.0,"max_hp_loss":0.0,"gold_gain":0.0,"event_name":"FaceTrader","player_choice":"Trade","floor":3.0,"gold_loss":0.0,"damage_taken":0.0,"relics_obtained":["SsserpentHead"]},{"cards_removed":["Amulet:ReiMu"],"damage_healed":5.0,"max_hp_gain":0.0,"max_hp_loss":0.0,"gold_gain":0.0,"event_name":"Bonfire Elementals","player_choice":"Offered Common","floor":22.0,"gold_loss":0.0,"damage_taken":0.0},{"cards_removed":["Amulet:ReiMu"],"damage_healed":5.0,"max_hp_gain":0.0,"max_hp_loss":0.0,"gold_gain":0.0,"event_name":"Bonfire Elementals","player_choice":"Offered Special","floor":22.0,"gold_loss":0.0,"damage_taken":0.0},{"damage_healed":0.0,"max_hp_gain":0.0,"max_hp_loss":0.0,"gold_gain":0.0,"event_name":"MindBloom","player_choice":"Fight","floor":37.0,"gold_loss":0.0,"damage_taken":0.0},{"damage_healed":0.0,"max_hp_gain":0.0,"max_hp_loss":0.0,"gold_gain":0.0,"event_name":"Lab","player_choice":"Got Potions","floor":38.0,"gold_loss":0.0,"damage_taken":0.0},{"cards_removed":["TightArray:ReiMu"],"damage_healed":0.0,"max_hp_gain":0.0,"max_hp_loss":0.0,"gold_gain":0.0,"event_name":"Falling","player_choice":"Removed Attack","floor":47.0,"gold_loss":0.0,"damage_taken":0.0}],"is_beta":true,"boss_relics":[{"not_picked":["Coffee Dripper","Calling Bell"],"picked":"ShineYinYang:ReiMu"},{"not_picked":["Fusion Hammer","Snecko Eye"],"picked":"SlaversCollar"}],"items_purged_floors":[14],"is_endless":false,"potions_floor_spawned":[2,4,7,10,16,20,23,29,31,33,37,39,44],"ascension_level":1}}