{"host":"nn0usk9aafse27ii","time":1614303557,"event":{"mods":["BaseMod","Colored Map","Downfall","Highlight Path","Minty Spire (QoL Compilation)","Shop Mod","StSLib"],"gold_per_floor":[99,117,137,97,116,127,127,146,156,156,169,12,12,12,23,119,119,119,131,144,244,2,52,120,120,140,140,102,129,31,92,108,211,211,111,131,47,64,63,163,163,179,197,197,212,212,262,92,106,106,106,106],"floor_reached":50,"language":"ENG","playtime":6898,"items_purged":["Guardian:Strike_Guardian"],"score":533,"play_id":"b1571056-89d6-49f6-97fe-b98684a0bcb8","local_time":"20210225173916","is_ascension_mode":false,"campfire_choices":[{"data":"Guardian:CurlUp","floor":1.0,"key":"SMITH"},{"floor":10.0,"key":"REST"},{"data":"Guardian:FuturePlans","floor":13.0,"key":"SMITH"},{"data":"Guardian:AncientConstruct","floor":18,"key":"SMITH"},{"floor":25,"key":"REST"},{"floor":27,"key":"REST"},{"data":"Guardian:GemFire","floor":35,"key":"SMITH"},{"data":"Guardian:BaubleBeam","floor":44,"key":"SMITH"},{"data":"Guardian:SpikerProtocol","floor":46,"key":"SMITH"}],"circlet_count":0,"master_deck":["Guardian:Strike_Guardian","Guardian:Strike_Guardian","Guardian:Strike_Guardian","Guardian:Defend_Guardian","Guardian:Defend_Guardian","Guardian:Defend_Guardian","Guardian:Defend_Guardian","Guardian:CurlUp+1","Guardian:TwinSlam","Guardian:ShieldCharger","Guardian:TimeBomb","Guardian:GuardianWhirl","Guardian:GatlingBeam","Guardian:BronzeOrb","Guardian:DecasProtection+1","Guardian:SphericShield+1","Guardian:FuturePlans+1","Guardian:AncientConstruct+1","Guardian:ExploitGems+1","Guardian:SentryBeam+1","Guardian:PrismaticBarrier+1","Guardian:CompilePackage+1","Guardian:BaubleBeam+1","Guardian:GemFire+1","Guardian:Reroute+1","Forethought+1","Guardian:SpikerProtocol+1","Guardian:PiercingHide+1","Guardian:ChargeCore+1","Guardian:Emergency+1","Guardian:Incinerate+1","Metamorphosis+1","Guardian:TemporalShield+1","Guardian:BronzeOrb+1","expansioncontent:QuickStudy+1","Guardian:TimeCapacitor+1"],"relics":["Guardian:ModeShifter","Nunchaku","Toxic Egg 2","sneckomod:SneckoTalon","downfall:CloakOfManyFaces","CultistMask","FaceOfCleric","NlothsMask","GremlinMask","SsserpentHead","Enchiridion","Kunai","bronze:MakeshiftBattery","downfall:HeartBlessingGreen","Ancient Tea Set","Gambling Chip","Eternal Feather"],"acts_visited":["Exordium","TheCity","TheBeyond"],"potions_floor_usage":[16,16,16,21,33,33,45],"damage_taken":[{"damage":1.0,"enemies":"Jaw Worm","floor":2.0,"turns":5.0},{"damage":0.0,"enemies":"Cultist","floor":3.0,"turns":4.0},{"damage":5.0,"enemies":"downfall:FleeingMerchant","floor":4.0,"turns":4.0},{"damage":2.0,"enemies":"2 Louse","floor":5.0,"turns":4.0},{"damage":16.0,"enemies":"Exordium Thugs","floor":6.0,"turns":6.0},{"damage":17.0,"enemies":"Exordium Wildlife","floor":8.0,"turns":7.0},{"damage":9.0,"enemies":"Blue Slaver","floor":9.0,"turns":4.0},{"damage":6.0,"enemies":"2 Fungi Beasts","floor":11.0,"turns":4.0},{"damage":7.0,"enemies":"downfall:FleeingMerchant","floor":12.0,"turns":4.0},{"damage":8,"enemies":"Red Slaver","floor":15,"turns":3},{"damage":4,"enemies":"SI_SHIV_ARCHETYPE","floor":16,"turns":6},{"damage":5,"enemies":"Shell Parasite","floor":19,"turns":6},{"damage":24,"enemies":"Centurion and Healer","floor":20,"turns":5},{"damage":3,"enemies":"downfall:FaceTrader","floor":21,"turns":12},{"damage":12,"enemies":"downfall:FleeingMerchant","floor":22,"turns":4},{"damage":25,"enemies":"Snake Plant","floor":26,"turns":4},{"damage":0,"enemies":"downfall:FleeingMerchant","floor":28,"turns":4},{"damage":6,"enemies":"Gremlin Leader","floor":29,"turns":9},{"damage":0,"enemies":"downfall:FleeingMerchant","floor":30,"turns":4},{"damage":5,"enemies":"Cultist and Chosen","floor":31,"turns":7},{"damage":0,"enemies":"3 Cultists","floor":32,"turns":4},{"damage":28,"enemies":"DF_ARCHETYPE_CLAW","floor":33,"turns":7},{"damage":8,"enemies":"3 Darklings","floor":36,"turns":3},{"damage":0,"enemies":"downfall:FleeingMerchant","floor":37,"turns":4},{"damage":0,"enemies":"Orb Walker","floor":38,"turns":4},{"damage":0,"enemies":"downfall:FleeingMerchant","floor":39,"turns":4},{"damage":21,"enemies":"downfall:FleeingMerchant","floor":40,"turns":7},{"damage":0,"enemies":"3 Darklings","floor":42,"turns":5},{"damage":1,"enemies":"Writhing Mass","floor":43,"turns":4},{"damage":4,"enemies":"Sphere and 2 Shapes","floor":45,"turns":4},{"damage":10,"enemies":"Jaw Worm Horde","floor":49,"turns":3},{"damage":111,"enemies":"WA_ARCHETYPE_DIVINITY","floor":50,"turns":5}],"seed_played":"3376556149093341335","potions_obtained":[{"floor":3.0,"key":"LiquidMemories"},{"floor":9.0,"key":"PowerPotion"},{"floor":15,"key":"Swift Potion"},{"floor":16,"key":"SmokeBomb"},{"floor":20,"key":"SkillPotion"},{"floor":31,"key":"Guardian:BlockOnCardUsePotion"},{"floor":32,"key":"FearPotion"},{"floor":33,"key":"Regen Potion"},{"floor":38,"key":"Guardian:BlockOnCardUsePotion"},{"floor":43,"key":"Swift Potion"}],"is_trial":false,"path_per_floor":["R","M","M","$","M","M","T","M","M","R","M","$","R","?","M","B",null,"R","M","M","?","$","?","T","R","M","R","$","E","$","M","M","B",null,"R","M","$","M","$","?","T","M","M","R","M","R","?","$","M","B"],"character_chosen":"GUARDIAN","items_purchased":["Guardian:Gem_Lightblue","Guardian:SphericShield+1","Guardian:FuturePlans","Guardian:CompilePackage+1","Guardian:BaubleBeam","Guardian:Gem_Cyan","Forethought+1","Guardian:Emergency+1","Metamorphosis+1","Ancient Tea Set","expansioncontent:QuickStudy","Swift Potion"],"campfire_rested":3,"item_purchase_floors":[4,12,12,22,22,28,30,37,39,39,48,48],"current_hp_per_floor":[80,79,79,74,72,56,56,39,30,54,48,41,41,41,33,29,80,80,75,51,48,37,21,21,45,21,45,46,41,42,38,39,12,88,88,81,82,83,84,64,64,65,65,86,83,96,96,96,87,0,0,0],"gold":106,"neow_bonus":"RANDOM_COMMON_RELIC","is_daily":false,"chose_seed":false,"campfire_upgraded":6,"win_rate":0.0,"timestamp":1614303556,"path_taken":["R","M","M","$","M","M","T","M","M","R","M","$","R","?","M","BOSS","R","M","M","?","?","?","T","R","M","R","$","E","$","?","M","BOSS","R","M","$","M","$","?","T","M","M","R","M","R","?","?","M","BOSS"],"items_purchased_type":["Card","Card","Card","Card","Card","Card","Card","Card","Card","Relic","Card","Potion"],"build_version":"2020-12-22","purchased_purges":1,"victory":false,"max_hp_per_floor":[80,80,80,80,80,80,80,80,80,80,80,80,80,80,80,80,80,80,80,80,80,81,81,81,81,82,82,83,84,85,86,87,88,88,88,89,90,91,92,93,93,94,95,95,96,96,96,96,97,97,97,97],"card_choices":[{"not_picked":["Guardian:PrimingBeam","Guardian:Planning"],"picked":"Guardian:ShieldCharger","floor":2.0},{"not_picked":["Guardian:Harden","Guardian:Planning"],"picked":"Guardian:TimeBomb","floor":3.0},{"not_picked":["Guardian:TemporalShield","Guardian:Reroute"],"picked":"Guardian:Gem_Lightblue","floor":4.0},{"not_picked":["Guardian:CrystalBeam","Guardian:Gem_Lightblue"],"picked":"Guardian:Gem_Cyan","floor":5.0},{"not_picked":["Guardian:Gem_Lightblue","Guardian:ShieldCharger"],"picked":"Guardian:GuardianWhirl","floor":6.0},{"not_picked":["Guardian:Incinerate","Guardian:CrystalBeam"],"picked":"Guardian:Gem_Crimson","floor":8.0},{"not_picked":["Guardian:Emergency+1","Guardian:Recover+1"],"picked":"Guardian:GatlingBeam","floor":9.0},{"not_picked":["Guardian:VentSteam+1","Guardian:ShieldCharger+1"],"picked":"Guardian:BronzeOrb","floor":11.0},{"not_picked":["Guardian:PrimingBeam","Guardian:TemporalStrike"],"picked":"Guardian:DecasProtection+1","floor":12.0},{"not_picked":["Guardian:PrimingBeam","Guardian:RefractedBeam"],"picked":"Guardian:AncientConstruct","floor":15},{"not_picked":["Guardian:StasisEngine","Guardian:AncientConstruct"],"picked":"Guardian:ExploitGems+1","floor":16},{"not_picked":["Guardian:CrystalBeam","Guardian:PiercingHide+1"],"picked":"Guardian:SentryBeam+1","floor":19},{"not_picked":["Guardian:PrimingBeam","Guardian:Gem_Lightblue"],"picked":"Guardian:Gem_Cyan","floor":20},{"not_picked":["Guardian:TemporalStrike","Guardian:Suspension+1"],"picked":"Guardian:PrismaticBarrier+1","floor":21},{"not_picked":["Guardian:WalkerClaw","Guardian:Suspension+1"],"picked":"Guardian:Gem_Green","floor":22},{"not_picked":["Guardian:RefractedBeam","Guardian:RollAttack"],"picked":"Guardian:Gem_Cyan","floor":26},{"not_picked":["Guardian:RollAttack+1","Guardian:TemporalShield+1"],"picked":"Guardian:Gem_Red","floor":28},{"not_picked":["Guardian:TemporalStrike+1","Guardian:MultiBeam+1"],"picked":"Guardian:GemFire","floor":29},{"not_picked":["Guardian:SentryBeam","Guardian:Suspension+1"],"picked":"Guardian:Reroute+1","floor":30},{"not_picked":["Guardian:Recover+1","Guardian:Gem_Green"],"picked":"Guardian:Gem_Lightblue","floor":31},{"not_picked":["Guardian:Gem_Red","Guardian:FuturePlans"],"picked":"Guardian:SpikerProtocol","floor":32},{"not_picked":["Guardian:GemFire","Guardian:HyperBeam_Guardian"],"picked":"Guardian:Gem_Synthetic","floor":33},{"not_picked":["Guardian:SentryBeam+1","Guardian:VentSteam+1"],"picked":"Guardian:PiercingHide+1","floor":36},{"not_picked":["Guardian:Suspension+1","Guardian:PrimingBeam"],"picked":"Guardian:ChargeCore+1","floor":37},{"not_picked":["Guardian:WalkerClaw","Guardian:GemFire"],"picked":"Guardian:Incinerate+1","floor":38},{"not_picked":["Guardian:Gem_White","Guardian:GuardianWhirl"],"picked":"Guardian:Gem_Yellow","floor":39},{"not_picked":["Guardian:Planning+1","Guardian:Gem_Green"],"picked":"Guardian:Gem_Lightblue","floor":40},{"not_picked":["Guardian:Reroute","Guardian:BronzeArmor+1"],"picked":"Guardian:TemporalShield+1","floor":42},{"not_picked":["Guardian:DecasProtection+1","Guardian:MultiBeam","Guardian:WalkerClaw+1"],"picked":"SKIP","floor":43},{"not_picked":["Guardian:TimeBomb+1","Guardian:ShieldCharger+1"],"picked":"Guardian:BronzeOrb+1","floor":45},{"not_picked":["Guardian:Gem_Yellow","Guardian:ArmoredProtocol"],"picked":"Guardian:TimeCapacitor+1","floor":49}],"player_experience":829401,"relics_obtained":[{"floor":7.0,"key":"Toxic Egg 2"},{"floor":21,"key":"downfall:CloakOfManyFaces"},{"floor":23,"key":"Enchiridion"},{"floor":29,"key":"Kunai"},{"floor":40,"key":"Gambling Chip"},{"floor":41,"key":"Eternal Feather"}],"event_choices":[{"damage_healed":0,"gold_gain":0,"player_choice":"Fled","damage_taken":0,"max_hp_gain":0,"max_hp_loss":0,"event_name":"Scrap Ooze","floor":14,"gold_loss":0}],"is_beta":false,"boss_relics":[{"not_picked":["SacredBark","expansioncontent:StudyCardRelic"],"picked":"sneckomod:SneckoTalon"},{"not_picked":["Velvet Choker","Runic Pyramid"],"picked":"bronze:MakeshiftBattery"}],"items_purged_floors":[39],"is_endless":false,"potions_floor_spawned":[3,9,15,16,20,31,32,33,38,42,43],"killed_by":"WA_ARCHETYPE_DIVINITY","ascension_level":0}}