{"host":"h49usdrjeju7gyhi","time":1614309325,"event":{"mods":["Act Like it!","BaseMod","Minty Spire (QoL Compilation)","Ruina","StSLib","The Animator"],"gold_per_floor":[122,150,181,53,72,72,114,114,114,114,114,114,14,14,14,108,108,122,135,135,40,40,40],"floor_reached":22,"language":"ENG","playtime":1109,"items_purged":["Normality","animator:Genos"],"score":364,"play_id":"c2883295-df5b-43ea-8bc8-58d86f11a4d2","local_time":"20210225221525","is_ascension_mode":true,"campfire_choices":[{"floor":6,"key":"REST"},{"floor":8,"key":"REST"},{"data":"animator:Kaijin","floor":10,"key":"SMITH"},{"floor":12,"key":"REST"},{"data":"animator:KyokoSakura","floor":15,"key":"SMITH"}],"circlet_count":0,"master_deck":["AscendersBane","animator:Defend_OnePunchMan","animator:Defend","animator:Defend","animator:Defend","animator:MumenRider+1","animator:MaesHughes","animator:KyokoSakura+1","animator:Kaijin+1","animator:Geryuganshoop","animator:Tatsumaki","animator:Melzalgald","animator:Boros","animator:Lancer+1","animator:IrohaTamaki+1","animator:MisakiNakahara+1","animator:GazelDwargon+1"],"relics":["animator:LivingPicture","animator:TheMissingPiece","animator:PurgingStone","Anchor","animator:OldCoffin","Bloody Idol","Astrolabe","Bird Faced Urn"],"acts_visited":["Exordium","TheCity"],"potions_floor_usage":[7,16,19],"damage_taken":[{"damage":8,"enemies":"Small Slimes","floor":1,"turns":3},{"damage":9,"enemies":"Jaw Worm","floor":2,"turns":4},{"damage":12,"enemies":"2 Louse","floor":3,"turns":2},{"damage":4,"enemies":"Red Slaver","floor":5,"turns":4},{"damage":24,"enemies":"3 Sentries","floor":7,"turns":5},{"damage":26,"enemies":"Hexaghost","floor":16,"turns":8},{"damage":20,"enemies":"Chosen","floor":18,"turns":4},{"damage":32,"enemies":"3 Byrds","floor":19,"turns":5},{"damage":6,"enemies":"Snake Plant","floor":22,"turns":1}],"seed_played":"2309098842276816164","potions_obtained":[{"floor":3,"key":"Dexterity Potion"},{"floor":16,"key":"animator:GrowthPotion"}],"is_trial":false,"path_per_floor":["M","M","M","$","M","R","E","R","T","R","?","R","$","?","R","B",null,"M","M","?","?","M"],"character_chosen":"THE_ANIMATOR","items_purchased":["Block Potion"],"campfire_rested":3,"item_purchase_floors":[4],"current_hp_per_floor":[46,37,25,25,22,40,16,34,34,34,16,34,34,34,34,9,44,30,4,4,4,0,0],"gold":40,"neow_bonus":"TRANSFORM_TWO_CARDS","is_daily":false,"chose_seed":false,"campfire_upgraded":2,"win_rate":0.0,"timestamp":1614309325,"path_taken":["M","M","M","$","M","R","E","R","T","R","?","R","$","?","R","BOSS","M","M","?","?","M"],"items_purchased_type":["Potion"],"build_version":"2020-12-22","purchased_purges":2,"victory":false,"max_hp_per_floor":[60,60,60,60,61,61,61,61,61,61,61,61,61,55,55,56,56,57,57,57,57,57,57],"card_choices":[{"not_picked":["animator:Tet","animator:DolaCouronne"],"picked":"animator:KyokoSakura","floor":1},{"not_picked":["animator:DolaStephanie","animator:KyokoSakura"],"picked":"animator:Kaijin","floor":2},{"not_picked":["animator:Hakurou","animator:Sebas"],"picked":"animator:Geryuganshoop","floor":3},{"not_picked":["animator:SilverFang","animator:Melzalgald"],"picked":"animator:Tatsumaki","floor":5},{"not_picked":["animator:Elsword","animator:GazelDwargon"],"picked":"animator:Melzalgald","floor":7},{"not_picked":["animator:Kyubey","animator:Elesis"],"picked":"animator:Boros","floor":16},{"not_picked":["animator:Tet","animator:DolaStephanie"],"picked":"animator:GazelDwargon+1","floor":18},{"not_picked":["animator:Mitsurugi","animator:Raven+1","animator:Melzalgald"],"picked":"SKIP","floor":19}],"player_experience":1612263,"relics_obtained":[{"floor":7,"key":"Anchor"},{"floor":9,"key":"animator:OldCoffin"}],"event_choices":[{"damage_healed":0,"gold_gain":0,"player_choice":"Entered Light","damage_taken":18,"max_hp_gain":0,"max_hp_loss":0,"event_name":"Shining Light","floor":11,"gold_loss":0,"cards_upgraded":["animator:Strike","animator:MumenRider"]},{"damage_healed":0,"gold_gain":0,"player_choice":"Lose Max HP","damage_taken":0,"relics_obtained":["Golden Idol"],"max_hp_gain":0,"max_hp_loss":6,"event_name":"Golden Idol","floor":14,"gold_loss":0},{"damage_healed":0,"gold_gain":0,"player_choice":"Gave Idol","damage_taken":0,"relics_obtained":["Bloody Idol"],"max_hp_gain":0,"max_hp_loss":0,"event_name":"Forgotten Altar","floor":20,"relics_lost":["Golden Idol"],"gold_loss":0},{"damage_healed":0,"gold_gain":0,"player_choice":"Paid Gold","damage_taken":0,"relics_obtained":["Bird Faced Urn"],"max_hp_gain":0,"max_hp_loss":0,"event_name":"WeMeetAgain","floor":21,"gold_loss":95}],"is_beta":false,"boss_relics":[{"not_picked":["animator:CrumblingOrb","Mark of Pain"],"picked":"Astrolabe"}],"items_purged_floors":[4,13],"is_endless":false,"potions_floor_spawned":[3,5,16],"killed_by":"Snake Plant","ascension_level":20}}