{"host":"w3q5ijqu8eoknil3","time":1614378450,"event":{"mods":["AchievementEnabler","BaseMod","Block Reminder","Colored Map","Colored Powertips","Curses Come First","Dark Map","Minty Spire (QoL Compilation)","Quick Restart","Relic Stats","StSLib","ojb\u0027s Better Paths Mod","ojb\u0027s Info Mod","slay the spire mod where everything is the same but ironclad has a cowboy hat"],"gold_per_floor":[99,99,21,21,21,21,21,21,21,21,21,21,21,21,21],"floor_reached":14,"language":"ENG","playtime":335,"items_purged":[],"score":191,"play_id":"d66dfc71-a5e4-49a3-a3f9-26dd699cfacd","local_time":"20210226222730","is_ascension_mode":true,"campfire_choices":[{"data":"Poisoned Stab","floor":6,"key":"SMITH"},{"data":"Calculated Gamble","floor":8,"key":"SMITH"}],"circlet_count":0,"master_deck":["AscendersBane","Strike_G","Strike_G","Strike_G","Strike_G","Strike_G","Defend_G","Defend_G","Defend_G","Defend_G","Defend_G","Survivor","Neutralize","Poisoned Stab+1","Finisher","Calculated Gamble+1","Cloak And Dagger","Deadly Poison","Reflex","Terror"],"relics":["Ectoplasm","Gremlin Horn","White Beast Statue","Incense Burner"],"acts_visited":["Exordium"],"potions_floor_usage":[7,12,14],"damage_taken":[{"damage":1,"enemies":"Jaw Worm","floor":1,"turns":4},{"damage":2,"enemies":"Small Slimes","floor":2,"turns":4},{"damage":1,"enemies":"2 Louse","floor":4,"turns":2},{"damage":10,"enemies":"3 Sentries","floor":7,"turns":7},{"damage":28,"enemies":"Gremlin Nob","floor":11,"turns":4},{"damage":2,"enemies":"Exordium Thugs","floor":12,"turns":6},{"damage":20,"enemies":"Lagavulin","floor":14,"turns":4}],"seed_played":"4159637903342795911","potions_obtained":[{"floor":1,"key":"SteroidPotion"},{"floor":11,"key":"EssenceOfSteel"},{"floor":12,"key":"DistilledChaos"}],"is_trial":false,"path_per_floor":["M","M","$","M","?","R","E","R","T","?","E","M","?","E"],"character_chosen":"THE_SILENT","items_purchased":["Calculated Gamble"],"campfire_rested":0,"item_purchase_floors":[3],"current_hp_per_floor":[58,56,56,55,44,44,34,34,34,34,6,4,4,0,0],"gold":21,"neow_bonus":"BOSS_RELIC","is_daily":false,"chose_seed":false,"campfire_upgraded":2,"win_rate":0.0,"timestamp":1614378450,"path_taken":["M","M","$","M","?","R","E","R","T","?","E","M","?","E"],"items_purchased_type":["Card"],"build_version":"2020-12-22","purchased_purges":0,"victory":false,"max_hp_per_floor":[66,66,66,66,66,66,66,66,66,66,66,66,66,66,66],"relic_stats":{"Gremlin Horn":[1,1],"counters":[7,31],"Ectoplasm":201,"obtain_stats":[{"Gremlin Horn":7,"Ectoplasm":0,"Incense Burner":11,"White Beast Statue":9,"Ring of the Snake":0},{"Gremlin Horn":4,"Ectoplasm":0,"Incense Burner":5,"White Beast Statue":4,"Ring of the Snake":0},{"Gremlin Horn":17,"Ectoplasm":0,"Incense Burner":21,"White Beast Statue":17,"Ring of the Snake":0}]},"card_choices":[{"not_picked":["Setup","Dodge and Roll"],"picked":"Poisoned Stab","floor":1},{"not_picked":["Deadly Poison","Terror"],"picked":"Finisher","floor":2},{"not_picked":["Prepared","Underhanded Strike"],"picked":"Cloak And Dagger","floor":4},{"not_picked":["Well Laid Plans","Expertise"],"picked":"Deadly Poison","floor":7},{"not_picked":["Dodge and Roll","Prepared"],"picked":"Reflex","floor":11},{"not_picked":["Caltrops","Underhanded Strike"],"picked":"Terror","floor":12}],"player_experience":1060806,"relics_obtained":[{"floor":7,"key":"Gremlin Horn"},{"floor":9,"key":"White Beast Statue"},{"floor":11,"key":"Incense Burner"}],"event_choices":[{"damage_healed":0,"gold_gain":75,"player_choice":"Gather Gold","damage_taken":11,"max_hp_gain":0,"max_hp_loss":0,"event_name":"World of Goop","floor":5,"gold_loss":0},{"damage_healed":0,"gold_gain":0,"player_choice":"Ignored","damage_taken":0,"max_hp_gain":0,"max_hp_loss":0,"event_name":"Shining Light","floor":10,"gold_loss":0},{"damage_healed":0,"gold_gain":0,"player_choice":"Fled","damage_taken":0,"max_hp_gain":0,"max_hp_loss":0,"event_name":"Scrap Ooze","floor":13,"gold_loss":0}],"is_beta":false,"boss_relics":[],"items_purged_floors":[],"is_endless":false,"potions_floor_spawned":[1,11,12],"killed_by":"Lagavulin","ascension_level":19}}