{"host":"mz5qq3pkwvwcu15a","time":1614356108,"event":{"mods":["Act Like it!","BaseMod","Better Match","Better Note","Better Sensory Stone","Better Third Choice","Colored Map","Colored Powertips","Downfall","Highlight Path","Marisa????????","Marked Mod","Melee Mod","Minty Spire (QoL Compilation)","Morshu Shopkeeper","Morshu Shopkeeper - ENHANCED","Permanent Neow","Quick Restart","READ ME - Snecko Mod","Random Character Button","Rare Cards Sparkle","Relic Stats","Shop Mod","StSLib","Swap Starting Deck Mod","The Bug Knight","Useless Jewels Mod","Virulent Crown"],"gold_per_floor":[109,119,137,49,69,97,109,109,136,136,150,175,189,216,216,322,322,346,346,20,29,41,78,78,99,99,133,133,161,185,208,208,321,321,349,349,349,23,79,79,118,104,104,104,140,140,178,203,203,203,203,212,9,48,48,48],"floor_reached":55,"language":"ENG","playtime":1508,"items_purged":["Grand Finale"],"score":1360,"play_id":"25a0e8a2-e3a6-47ae-aeb1-c1d2a13632ab","local_time":"20210226111508","is_ascension_mode":true,"campfire_choices":[{"data":"Cloak And Dagger","floor":8.0,"key":"SMITH"},{"data":"Blade Dance","floor":15.0,"key":"SMITH"},{"data":"1","floor":28.0,"key":"LIFT"},{"data":"2","floor":32.0,"key":"LIFT"},{"data":"3","floor":40.0,"key":"LIFT"},{"floor":49.0,"key":"RECALL"},{"floor":52,"key":"REST"}],"circlet_count":0,"master_deck":["Slice+1","Slice","Slice+1","Slice","Finisher","Cloak And Dagger+1","Cloak And Dagger","Cloak And Dagger","Cloak And Dagger","Blade Dance","Cloak And Dagger+1","Accuracy","Dramatic Entrance","Cloak And Dagger","Cloak And Dagger","Blade Dance+1","Expertise","A Thousand Cuts+1","Expertise","Expertise","Backflip+1","Prepared","Slice","Slice","Glass Knife","Dodge and Roll","Glass Knife","Panache","Leg Sweep+1","Blur","PiercingWail","Distraction+1","Cloak And Dagger+1","Dash+1","PiercingWail","Envenom","Dark Shackles","Slice","Cloak And Dagger+1"],"relics":["Ring of the Snake","swapstartingdeckmod:DeadBlossom","Whetstone","Anchor","PreservedInsect","CeramicFish","SlaversCollar","Girya","Tiny Chest","Vajra","Peace Pipe","Dream Catcher","WristBlade","Membership Card","CatCart","Blue Candle","InkBottle","Orichalcum","Oddly Smooth Stone","Ninja Scroll","Strawberry","Kunai","Bottled Tornado"],"acts_visited":["Exordium","TheCity","TheBeyond","TheEnding"],"potions_floor_usage":[50,55,55],"damage_taken":[{"damage":0.0,"enemies":"Jaw Worm","floor":1.0,"turns":1.0},{"damage":0.0,"enemies":"Cultist","floor":2.0,"turns":1.0},{"damage":0.0,"enemies":"2 Louse","floor":3.0,"turns":2.0},{"damage":0.0,"enemies":"Exordium Wildlife","floor":5.0,"turns":2.0},{"damage":10.0,"enemies":"Lagavulin","floor":6.0,"turns":3.0},{"damage":0.0,"enemies":"Gremlin Gang","floor":7.0,"turns":1.0},{"damage":0.0,"enemies":"Blue Slaver","floor":11.0,"turns":2.0},{"damage":0.0,"enemies":"HollowMod:MossKnight","floor":12.0,"turns":2.0},{"damage":0.0,"enemies":"3 Louse","floor":13.0,"turns":1.0},{"damage":0.0,"enemies":"Lagavulin","floor":14.0,"turns":2.0},{"damage":24.0,"enemies":"Hexaghost","floor":16.0,"turns":4.0},{"damage":6.0,"enemies":"2 Thieves","floor":18.0,"turns":3.0},{"damage":6.0,"enemies":"3 Cultists","floor":22.0,"turns":3.0},{"damage":4.0,"enemies":"Book of Stabbing","floor":23.0,"turns":3.0},{"damage":4.0,"enemies":"Cultist and Chosen","floor":25.0,"turns":4.0},{"damage":3.0,"enemies":"HollowMod:Nosk","floor":27.0,"turns":3.0},{"damage":0.0,"enemies":"Book of Stabbing","floor":29.0,"turns":2.0},{"damage":0.0,"enemies":"Shelled Parasite and Fungi","floor":30.0,"turns":2.0},{"damage":0.0,"enemies":"Chosen and Byrds","floor":31.0,"turns":3.0},{"damage":16.0,"enemies":"Automaton","floor":33.0,"turns":3.0},{"damage":12.0,"enemies":"3 Shapes","floor":35.0,"turns":2.0},{"damage":38.0,"enemies":"Orin","floor":39.0,"turns":8.0},{"damage":0.0,"enemies":"Nemesis","floor":41.0,"turns":2.0},{"damage":0.0,"enemies":"Reptomancer","floor":45.0,"turns":2.0},{"damage":0.0,"enemies":"Nemesis","floor":47.0,"turns":1.0},{"damage":0.0,"enemies":"3 Darklings","floor":48.0,"turns":2.0},{"damage":21,"enemies":"Donu and Deca","floor":50,"turns":5},{"damage":14,"enemies":"Shield and Spear","floor":54,"turns":3},{"damage":57,"enemies":"The Heart","floor":55,"turns":5}],"seed_played":"1562400758930782996","potions_obtained":[{"floor":1.0,"key":"Poison Potion"},{"floor":5.0,"key":"sneckomod:MuddlingPotion"},{"floor":6.0,"key":"Poison Potion"},{"floor":29.0,"key":"AttackPotion"},{"floor":30.0,"key":"CunningPotion"},{"floor":41.0,"key":"CunningPotion"},{"floor":47.0,"key":"Dexterity Potion"}],"is_trial":false,"path_per_floor":["M","M","M","$","M","E","M","R","T","?","M","E","M","E","R","B",null,"M","?","$","?","M","E","?","M","T","E","R","E","M","M","R","B",null,"M","?","T","$","?","R","E","$","T","T","E","T","E","M","R","B",null,"R","$","E","B"],"character_chosen":"THE_SILENT","items_purchased":["Dramatic Entrance","Girya","Footwork","Membership Card","Glass Knife","Panache","PiercingWail","Kunai","Envenom","Dark Shackles","Slice"],"campfire_rested":1,"item_purchase_floors":[4,20,20,38,38,38,42,53,53,53,53],"current_hp_per_floor":[63,63,63,63,63,53,53,53,53,53,53,53,53,53,53,29,45,39,39,39,39,33,29,29,25,25,22,22,22,22,22,22,6,30,18,49,49,49,11,11,11,11,11,11,11,11,15,15,15,22,40,50,50,36,0,0],"gold":48,"neow_bonus":"","is_daily":false,"chose_seed":false,"campfire_upgraded":2,"win_rate":0.0,"timestamp":1614356108,"path_taken":["M","M","M","$","M","E","M","R","T","?","M","E","?","E","R","BOSS","M","?","$","?","?","E","?","?","T","E","R","E","M","M","R","BOSS","M","?","?","$","?","R","E","?","T","?","E","?","E","?","R","BOSS","R","$","E","BOSS"],"items_purchased_type":["Card","Relic","Card","Relic","Card","Card","Card","Relic","Card","Card","Card"],"build_version":"2020-12-22","purchased_purges":1,"victory":false,"max_hp_per_floor":[70,70,70,70,70,70,70,70,70,70,70,70,70,70,70,70,70,70,70,70,70,70,70,70,70,70,70,70,70,70,70,70,70,70,70,61,61,61,61,61,61,61,61,61,61,61,68,68,68,68,68,68,68,68,68,68],"relic_stats":{"counters":[29,77],"CeramicFish":216,"Blue Candle":[0],"PreservedInsect":359,"Whetstone":["Slice","Slice"],"Orichalcum":[0],"Peace Pipe":0,"Dream Catcher":1,"Tiny Chest":2,"Kunai":[12],"obtain_stats":[{"Girya":20,"CeramicFish":14,"Blue Candle":41,"Vajra":26,"Oddly Smooth Stone":45,"PreservedInsect":12,"Whetstone":6,"Orichalcum":44,"Bottled Tornado":54,"Peace Pipe":27,"swapstartingdeckmod:DeadBlossom":0,"SlaversCollar":17,"Anchor":9,"Dream Catcher":29,"WristBlade":34,"Ninja Scroll":46,"Strawberry":47,"Tiny Chest":23,"Membership Card":38,"Kunai":53,"CatCart":39,"InkBottle":43,"Ring of the Snake":0},{"Girya":12,"CeramicFish":10,"Blue Candle":23,"Vajra":15,"Oddly Smooth Stone":24,"PreservedInsect":8,"Whetstone":5,"Orichalcum":23,"Bottled Tornado":28,"Peace Pipe":16,"swapstartingdeckmod:DeadBlossom":0,"SlaversCollar":11,"Anchor":6,"Dream Catcher":17,"WristBlade":20,"Ninja Scroll":24,"Strawberry":25,"Tiny Chest":14,"Membership Card":21,"Kunai":27,"CatCart":22,"InkBottle":23,"Ring of the Snake":0},{"Girya":24,"CeramicFish":17,"Blue Candle":59,"Vajra":34,"Oddly Smooth Stone":61,"PreservedInsect":14,"Whetstone":9,"Orichalcum":59,"Bottled Tornado":72,"Peace Pipe":37,"swapstartingdeckmod:DeadBlossom":0,"SlaversCollar":21,"Anchor":10,"Dream Catcher":39,"WristBlade":47,"Ninja Scroll":61,"Strawberry":62,"Tiny Chest":30,"Membership Card":49,"Kunai":69,"CatCart":57,"InkBottle":59,"Ring of the Snake":0}],"InkBottle":[14],"Ring of the Snake":[58]},"card_choices":[{"not_picked":["All Out Attack","Outmaneuver"],"picked":"Cloak And Dagger","floor":1.0},{"not_picked":["Bane","Dagger Spray","Leg Sweep"],"picked":"SKIP","floor":2.0},{"not_picked":["Slice","Adrenaline"],"picked":"Accuracy","floor":3.0},{"not_picked":["Deflect","Dodge and Roll","Eviscerate"],"picked":"SKIP","floor":5.0},{"not_picked":["Outmaneuver","Setup","Underhanded Strike"],"picked":"SKIP","floor":6.0},{"not_picked":["Deflect","Concentrate"],"picked":"Cloak And Dagger","floor":7.0},{"not_picked":["Dagger Spray","All Out Attack"],"picked":"Cloak And Dagger","floor":11.0},{"not_picked":["Dagger Throw","Burst"],"picked":"Blade Dance","floor":12.0},{"not_picked":["Backflip","Poisoned Stab"],"picked":"Expertise","floor":13.0},{"not_picked":["Dagger Throw","Setup","Caltrops"],"picked":"SKIP","floor":14.0},{"not_picked":["Unload","Bullet Time"],"picked":"A Thousand Cuts","floor":16.0},{"not_picked":["Outmaneuver","Distraction"],"picked":"Expertise","floor":18.0},{"not_picked":["Heel Hook","Concentrate+1","Acrobatics"],"picked":"SKIP","floor":22.0},{"not_picked":["Dagger Throw","Eviscerate+1"],"picked":"Expertise","floor":23.0},{"not_picked":["Predator+1","Sucker Punch"],"picked":"Backflip+1","floor":25.0},{"not_picked":["Footwork","Grand Finale"],"picked":"Prepared","floor":27.0},{"not_picked":["Sucker Punch","Dagger Spray","Flechettes+1"],"picked":"SKIP","floor":29.0},{"not_picked":["Dagger Spray+1","Underhanded Strike"],"picked":"Slice","floor":30.0},{"not_picked":["Noxious Fumes","Predator"],"picked":"Slice","floor":31.0},{"not_picked":["Burst","Bullet Time"],"picked":"Glass Knife","floor":33.0},{"not_picked":["Sucker Punch","Noxious Fumes"],"picked":"Dodge and Roll","floor":35.0},{"not_picked":["Flechettes","Underhanded Strike+1"],"picked":"Leg Sweep+1","floor":39.0},{"not_picked":["Sucker Punch","Acrobatics"],"picked":"Blur","floor":41.0},{"not_picked":["Bullet Time","Masterful Stab"],"picked":"Distraction+1","floor":45.0},{"not_picked":["Dodge and Roll","Underhanded Strike+1"],"picked":"Cloak And Dagger+1","floor":47.0},{"not_picked":["Dodge and Roll","Skewer"],"picked":"Dash+1","floor":48.0},{"not_picked":["Dodge and Roll+1","Dagger Spray"],"picked":"PiercingWail","floor":52},{"not_picked":["Heel Hook","Die Die Die"],"picked":"Cloak And Dagger+1","floor":54}],"player_experience":873856,"relics_obtained":[{"floor":6.0,"key":"Whetstone"},{"floor":9.0,"key":"Anchor"},{"floor":12.0,"key":"PreservedInsect"},{"floor":14.0,"key":"CeramicFish"},{"floor":23.0,"key":"Tiny Chest"},{"floor":26.0,"key":"Vajra"},{"floor":27.0,"key":"Peace Pipe"},{"floor":29.0,"key":"Dream Catcher"},{"floor":39.0,"key":"CatCart"},{"floor":41.0,"key":"Blue Candle"},{"floor":43.0,"key":"InkBottle"},{"floor":44.0,"key":"Orichalcum"},{"floor":45.0,"key":"Oddly Smooth Stone"},{"floor":46.0,"key":"Ninja Scroll"},{"floor":47.0,"key":"Strawberry"},{"floor":54,"key":"Bottled Tornado"}],"event_choices":[{"damage_healed":0.0,"max_hp_gain":0.0,"max_hp_loss":0.0,"gold_gain":0.0,"event_name":"Accursed Blacksmith","player_choice":"Forge","floor":10.0,"gold_loss":0.0,"damage_taken":0.0,"cards_upgraded":["Cloak And Dagger"]},{"damage_healed":0.0,"max_hp_gain":0.0,"max_hp_loss":0.0,"gold_gain":0.0,"cards_transformed":["Footwork"],"event_name":"Transmorgrifier","player_choice":"Transformed","floor":21.0,"gold_loss":0.0,"damage_taken":0.0,"cards_obtained":["Grand Finale"]},{"damage_healed":0.0,"max_hp_gain":0.0,"max_hp_loss":0.0,"gold_gain":0.0,"event_name":"Upgrade Shrine","player_choice":"Upgraded","floor":24.0,"gold_loss":0.0,"damage_taken":0.0,"cards_upgraded":["A Thousand Cuts"]},{"damage_healed":61.0,"max_hp_gain":0.0,"max_hp_loss":9.0,"gold_gain":0.0,"event_name":"The Moai Head","player_choice":"Heal","floor":36.0,"gold_loss":0.0,"damage_taken":0.0},{"damage_healed":0.0,"max_hp_gain":0.0,"max_hp_loss":0.0,"gold_gain":0.0,"event_name":"OrinTheCat","player_choice":"Fight","floor":39.0,"gold_loss":0.0,"damage_taken":0.0}],"is_beta":false,"boss_relics":[{"not_picked":["Empty Cage","Calling Bell"],"picked":"SlaversCollar"},{"not_picked":["Tiny House","Cursed Key"],"picked":"WristBlade"}],"items_purged_floors":[38],"is_endless":false,"potions_floor_spawned":[1,5,6,7,12,18,29,30,33,41,47,48],"killed_by":"The Heart","ascension_level":7}}