{"host":"08yfhu6uhosdn245","time":1614311197,"event":{"mods":["2.2 Compatiblity","AchievementEnabler","BaseMod","Bestiary","Colored Map","Colored Powertips","Curses Come First","Highlight Path","Minty Spire (QoL Compilation)","Quick Restart","Relic Stats","StSLib"],"gold_per_floor":[111,125,137,137,152,478,553,582,620,632,658,689,318,350,350,449,449,467,482,111,121,132,162,179,205,205,231,231,257,257,207,207,307,307,322,339,355,355,67,93,93,110,134,134,146,158,158,174,174,174,174,174,13,38,38,38],"floor_reached":55,"language":"ENG","playtime":3205,"items_purged":["Strike_R","Strike_R"],"score":1061,"play_id":"35d826ab-b7bb-4da9-ba6c-21c0485686e2","local_time":"20210225224637","is_ascension_mode":true,"campfire_choices":[{"data":"Feed","floor":10.0,"key":"SMITH"},{"data":"Heavy Blade","floor":15,"key":"SMITH"},{"data":"Entrench","floor":28,"key":"SMITH"},{"floor":30,"key":"REST"},{"data":"Offering","floor":32,"key":"SMITH"},{"data":"Limit Break","floor":41,"key":"SMITH"},{"data":"Spot Weakness","floor":44,"key":"SMITH"},{"floor":47,"key":"RECALL"},{"floor":49,"key":"REST"},{"data":"Clothesline","floor":52,"key":"SMITH"}],"circlet_count":0,"master_deck":["Strike_R+1","Strike_R+1","Strike_R+1","Defend_R","Defend_R","Defend_R","Defend_R+1","Bash","Feed+1","Disarm","Heavy Blade+1","Cleave","Ghostly Armor","Immolate","Pommel Strike","Spot Weakness+1","Anger","Feed+1","Offering+1","Clothesline+1","Sword Boomerang","Shrug It Off","Inflame+1","Pommel Strike","Sword Boomerang","Dropkick","Dark Embrace+1","Entrench+1","Limit Break+1","Second Wind+1","Heavy Blade","True Grit+1","Armaments+1","Flex+1","Evolve+1","True Grit+1","Sever Soul+1","Twin Strike+1"],"relics":["Black Blood","Old Coin","MawBank","Whetstone","DollysMirror","PreservedInsect","Omamori","Frozen Egg 2","Bottled Tornado","FossilizedHelix","The Courier","Oddly Smooth Stone","Blue Candle","Velvet Choker","HornCleat","InkBottle","Bronze Scales","Anchor"],"acts_visited":["Exordium","TheCity","TheBeyond","TheEnding"],"potions_floor_usage":[14,14,16,23,25,33,33,48,54,55,55],"damage_taken":[{"damage":0.0,"enemies":"2 Louse","floor":1.0,"turns":2.0},{"damage":2.0,"enemies":"Jaw Worm","floor":2.0,"turns":3.0},{"damage":11.0,"enemies":"Cultist","floor":3.0,"turns":5.0},{"damage":18.0,"enemies":"Exordium Thugs","floor":5.0,"turns":4.0},{"damage":8.0,"enemies":"Gremlin Nob","floor":6.0,"turns":3.0},{"damage":12.0,"enemies":"3 Sentries","floor":8.0,"turns":4.0},{"damage":0.0,"enemies":"Exordium Wildlife","floor":11.0,"turns":2.0},{"damage":19.0,"enemies":"Blue Slaver","floor":12.0,"turns":6.0},{"damage":0,"enemies":"Gremlin Nob","floor":14,"turns":2},{"damage":43,"enemies":"The Guardian","floor":16,"turns":16},{"damage":39,"enemies":"Spheric Guardian","floor":18,"turns":5},{"damage":31,"enemies":"3 Byrds","floor":19,"turns":7},{"damage":6,"enemies":"Centurion and Healer","floor":21,"turns":4},{"damage":19,"enemies":"Snecko","floor":22,"turns":3},{"damage":6,"enemies":"Gremlin Leader","floor":23,"turns":3},{"damage":11,"enemies":"Sentry and Sphere","floor":24,"turns":3},{"damage":35,"enemies":"Slavers","floor":25,"turns":3},{"damage":26,"enemies":"Gremlin Leader","floor":27,"turns":6},{"damage":57,"enemies":"Book of Stabbing","floor":29,"turns":7},{"damage":80,"enemies":"Collector","floor":33,"turns":11},{"damage":24,"enemies":"3 Darklings","floor":35,"turns":4},{"damage":13,"enemies":"3 Shapes","floor":36,"turns":11},{"damage":21,"enemies":"Writhing Mass","floor":37,"turns":7},{"damage":73,"enemies":"Reptomancer","floor":40,"turns":6},{"damage":40,"enemies":"Spire Growth","floor":42,"turns":6},{"damage":0,"enemies":"Transient","floor":45,"turns":5},{"damage":16,"enemies":"Writhing Mass","floor":46,"turns":5},{"damage":14,"enemies":"3 Darklings","floor":48,"turns":4},{"damage":141,"enemies":"Donu and Deca","floor":50,"turns":11},{"damage":110,"enemies":"Shield and Spear","floor":54,"turns":8},{"damage":118,"enemies":"The Heart","floor":55,"turns":6}],"seed_played":"6545956691396482861","potions_obtained":[{"floor":1.0,"key":"AttackPotion"},{"floor":3.0,"key":"AttackPotion"},{"floor":6.0,"key":"GamblersBrew"},{"floor":8.0,"key":"AttackPotion"},{"floor":14,"key":"FairyPotion"},{"floor":22,"key":"Swift Potion"},{"floor":24,"key":"Explosive Potion"},{"floor":27,"key":"GamblersBrew"},{"floor":29,"key":"Block Potion"},{"floor":42,"key":"Explosive Potion"},{"floor":45,"key":"Explosive Potion"},{"floor":54,"key":"SteroidPotion"}],"is_trial":false,"path_per_floor":["M","M","M","?","M","E","?","E","T","R","M","M","$","E","R","B",null,"M","M","$","M","M","E","M","E","T","E","R","E","R","?","R","B",null,"M","M","M","?","$","E","R","M","T","R","M","M","R","M","R","B",null,"R","$","E","B"],"character_chosen":"IRONCLAD","items_purchased":["DollysMirror","PreservedInsect","Frozen Egg 2","Shrug It Off","Inflame+1","HornCleat","Bronze Scales","Strength Potion"],"campfire_rested":2,"item_purchase_floors":[13,13,20,20,20,39,53,53],"current_hp_per_floor":[75,78,76,60,51,52,41,38,38,38,48,39,39,49,49,16,106,83,72,72,86,83,93,98,83,83,69,69,24,67,67,67,55,146,138,145,136,168,168,111,111,83,83,83,95,95,95,97,151,22,180,180,180,82,0,0],"gold":38,"neow_bonus":"THREE_RARE_CARDS","is_daily":false,"chose_seed":false,"campfire_upgraded":7,"win_rate":0.0,"timestamp":1614311197,"path_taken":["M","M","M","?","M","E","?","E","T","R","M","M","$","E","R","BOSS","M","M","$","M","M","E","M","E","T","E","R","E","R","?","R","BOSS","M","M","M","?","?","E","R","M","T","R","M","M","R","M","R","BOSS","R","$","E","BOSS"],"items_purchased_type":["Relic","Relic","Relic","Card","Card","Relic","Relic","Potion"],"build_version":"2020-12-22","purchased_purges":2,"victory":false,"max_hp_per_floor":[75,78,81,81,84,87,87,90,90,90,94,98,98,102,102,106,106,110,118,118,126,130,134,138,146,146,146,146,146,146,146,146,146,146,150,158,158,168,168,172,172,172,172,172,172,176,176,180,180,180,180,180,180,180,180,180],"relic_stats":{"counters":[31,172],"Blue Candle":[0],"Bronze Scales":[120],"Black Blood":290,"PreservedInsect":319,"Whetstone":["Strike_R","Strike_R"],"MawBank":60,"obtain_stats":[{"Blue Candle":29,"Black Blood":17,"Oddly Smooth Stone":27,"Velvet Choker":34,"PreservedInsect":13,"The Courier":26,"Omamori":14,"Whetstone":9,"Frozen Egg 2":20,"Bottled Tornado":23,"MawBank":8,"Burning Blood":0,"Old Coin":6,"Anchor":54,"HornCleat":39,"DollysMirror":13,"Bronze Scales":53,"FossilizedHelix":25,"InkBottle":40},{"Blue Candle":19,"Black Blood":10,"Oddly Smooth Stone":18,"Velvet Choker":20,"PreservedInsect":8,"The Courier":17,"Omamori":9,"Whetstone":6,"Frozen Egg 2":12,"Bottled Tornado":15,"MawBank":6,"Burning Blood":0,"Old Coin":5,"Anchor":30,"HornCleat":23,"DollysMirror":8,"Bronze Scales":29,"FossilizedHelix":17,"InkBottle":24},{"Blue Candle":88,"Black Blood":47,"Oddly Smooth Stone":81,"Velvet Choker":99,"PreservedInsect":29,"The Courier":75,"Omamori":31,"Whetstone":21,"Frozen Egg 2":59,"Bottled Tornado":69,"MawBank":21,"Burning Blood":0,"Old Coin":17,"Anchor":166,"HornCleat":121,"DollysMirror":29,"Bronze Scales":158,"FossilizedHelix":75,"InkBottle":127}],"InkBottle":[16]},"card_choices":[{"not_picked":["Exhume","Limit Break"],"picked":"Feed","floor":0.0},{"not_picked":["Headbutt","Seeing Red"],"picked":"Disarm","floor":1.0},{"not_picked":["Clash","Rupture"],"picked":"Heavy Blade","floor":2.0},{"not_picked":["Disarm","Headbutt"],"picked":"Cleave","floor":3.0},{"not_picked":["Warcry","Flex"],"picked":"Ghostly Armor","floor":5.0},{"not_picked":["Flex","Perfected Strike"],"picked":"Immolate","floor":6.0},{"not_picked":["Heavy Blade","Body Slam"],"picked":"Pommel Strike","floor":8.0},{"not_picked":["Thunderclap","Body Slam"],"picked":"Spot Weakness","floor":11.0},{"not_picked":["Spot Weakness","Sentinel"],"picked":"Anger","floor":12.0},{"not_picked":["Anger","Fire Breathing","Clash"],"picked":"SKIP","floor":14},{"not_picked":["Brutality","Exhume"],"picked":"Offering","floor":16},{"not_picked":["Wild Strike","Shrug It Off"],"picked":"Clothesline","floor":18},{"not_picked":["Clash","Limit Break"],"picked":"Sword Boomerang","floor":19},{"not_picked":["Perfected Strike+1","Sentinel+1"],"picked":"Pommel Strike","floor":21},{"not_picked":["Clash","Armaments"],"picked":"Sword Boomerang","floor":22},{"not_picked":["Body Slam","Infernal Blade"],"picked":"Barricade+1","floor":23},{"not_picked":["Anger","Clothesline"],"picked":"Dropkick","floor":24},{"not_picked":["Anger+1","Dropkick"],"picked":"Dark Embrace+1","floor":25},{"not_picked":["Anger","Shrug It Off"],"picked":"Entrench","floor":27},{"not_picked":["Twin Strike","Carnage+1","Cleave"],"picked":"SKIP","floor":29},{"not_picked":["Juggernaut+1","Berserk+1"],"picked":"Limit Break","floor":33},{"not_picked":["Dropkick+1","Twin Strike+1"],"picked":"Second Wind+1","floor":35},{"not_picked":["Body Slam+1","Uppercut+1"],"picked":"Heavy Blade","floor":36},{"not_picked":["Blood for Blood","Combust+1"],"picked":"True Grit+1","floor":37},{"not_picked":["Second Wind+1","Iron Wave+1"],"picked":"Armaments+1","floor":40},{"not_picked":["Wild Strike","Hemokinesis+1"],"picked":"Flex+1","floor":42},{"not_picked":["Anger","Armaments+1"],"picked":"Evolve+1","floor":45},{"not_picked":["Feed","Cleave+1"],"picked":"True Grit+1","floor":46},{"not_picked":["True Grit","Armaments+1"],"picked":"Sever Soul+1","floor":48},{"not_picked":["Feed","Perfected Strike+1"],"picked":"Twin Strike+1","floor":54}],"player_experience":427656,"relics_obtained":[{"floor":6.0,"key":"Old Coin"},{"floor":8.0,"key":"MawBank"},{"floor":9.0,"key":"Whetstone"},{"floor":14,"key":"Omamori"},{"floor":23,"key":"Bottled Tornado"},{"floor":25,"key":"FossilizedHelix"},{"floor":26,"key":"The Courier"},{"floor":27,"key":"Oddly Smooth Stone"},{"floor":29,"key":"Blue Candle"},{"floor":40,"key":"InkBottle"},{"floor":54,"key":"Anchor"}],"event_choices":[{"damage_healed":0.0,"max_hp_gain":0.0,"max_hp_loss":0.0,"gold_gain":0.0,"event_name":"Shining Light","player_choice":"Entered Light","floor":4.0,"gold_loss":0.0,"damage_taken":16.0,"cards_upgraded":["Strike_R","Defend_R"]},{"damage_healed":0.0,"max_hp_gain":0.0,"max_hp_loss":0.0,"gold_gain":75.0,"event_name":"World of Goop","player_choice":"Gather Gold","floor":7.0,"gold_loss":0.0,"damage_taken":11.0},{"damage_healed":0,"gold_gain":0,"player_choice":"Bet on Owner","damage_taken":0,"max_hp_gain":0,"max_hp_loss":0,"event_name":"The Joust","floor":31,"gold_loss":50},{"cards_removed":["Barricade"],"damage_healed":22,"gold_gain":0,"player_choice":"Offered Rare","damage_taken":0,"max_hp_gain":10,"max_hp_loss":0,"event_name":"Bonfire Elementals","floor":38,"gold_loss":0}],"is_beta":false,"boss_relics":[{"not_picked":["Astrolabe","Cursed Key"],"picked":"Black Blood"},{"not_picked":["Empty Cage","Busted Crown"],"picked":"Velvet Choker"}],"items_purged_floors":[13,39],"is_endless":false,"potions_floor_spawned":[1,3,6,8,14,22,24,27,29,42,45,54],"killed_by":"The Heart","ascension_level":4}}