{"host":"uidy69bgx28xzt88","time":1614333522,"event":{"mods":["BaseMod","Minty Spire (QoL Compilation)","Relic Stats"],"gold_per_floor":[111,111,129,146,221,221,221],"floor_reached":6,"language":"ENG","playtime":134,"items_purged":[],"score":54,"play_id":"3a4918b3-de60-472f-b451-fa4a3341c425","local_time":"20210226115842","is_ascension_mode":true,"campfire_choices":[],"circlet_count":0,"master_deck":["AscendersBane","Strike_B+1","Strike_B","Strike_B","Strike_B","Defend_B","Defend_B","Defend_B","Defend_B","Zap","Dualcast","Sweeping Beam+1","Self Repair","Coolheaded"],"relics":["Cracked Core","NeowsBlessing"],"acts_visited":["Exordium"],"potions_floor_usage":[6],"damage_taken":[{"damage":0,"enemies":"Jaw Worm","floor":1,"turns":1},{"damage":0,"enemies":"Small Slimes","floor":3,"turns":1},{"damage":0,"enemies":"Cultist","floor":4,"turns":1},{"damage":24,"enemies":"Gremlin Nob","floor":6,"turns":4}],"seed_played":"-2494035655843573417","potions_obtained":[{"floor":1,"key":"ColorlessPotion"}],"is_trial":false,"path_per_floor":["M","?","M","M","?","E"],"character_chosen":"DEFECT","items_purchased":[],"campfire_rested":0,"item_purchase_floors":[],"current_hp_per_floor":[68,53,53,53,42,18,18],"gold":221,"neow_bonus":"THREE_ENEMY_KILL","is_daily":false,"chose_seed":false,"campfire_upgraded":0,"win_rate":0.0,"timestamp":1614333522,"path_taken":["M","?","M","M","?","E"],"items_purchased_type":[],"build_version":"2020-12-22","purchased_purges":0,"victory":false,"max_hp_per_floor":[75,75,75,75,75,75,75],"relic_stats":{"counters":[4,7],"obtain_stats":[{"NeowsBlessing":0,"Cracked Core":0},{"NeowsBlessing":0,"Cracked Core":0},{"NeowsBlessing":0,"Cracked Core":0}]},"card_choices":[{"not_picked":["Auto Shields","Go for the Eyes"],"picked":"Sweeping Beam","floor":1},{"not_picked":["Stack","Loop"],"picked":"Self Repair","floor":3},{"not_picked":["Hologram","Leap"],"picked":"Coolheaded","floor":4}],"player_experience":278770,"relics_obtained":[],"event_choices":[{"damage_healed":0,"gold_gain":0,"player_choice":"Entered Light","damage_taken":15,"max_hp_gain":0,"max_hp_loss":0,"event_name":"Shining Light","floor":2,"gold_loss":0,"cards_upgraded":["Sweeping Beam","Strike_B"]},{"damage_healed":0,"gold_gain":75,"player_choice":"Gather Gold","damage_taken":11,"max_hp_gain":0,"max_hp_loss":0,"event_name":"World of Goop","floor":5,"gold_loss":0}],"is_beta":false,"boss_relics":[],"items_purged_floors":[],"is_endless":false,"potions_floor_spawned":[1],"killed_by":"Gremlin Nob","ascension_level":10}}