{"host":"d73an99q9oevilk5","time":1614314932,"event":{"mods":["2.2 Compatiblity","AchievementEnabler","Act Like it!","Aspiration","BaseMod","Beaked The Cultist","Better Third Choice","BetterRewards","Bossed Relics","Colored Map","Colored Powertips","Conspire","Downfall","GifTheSpireLib","GungeonMod","Halation","Hubris","Infinite Spire","Marisa????????","Mimic Mod","Minty Spire (QoL Compilation)","MostiFishMod","Quick Restart","Relic Sorter","Reliquary","Replay The Spire","Shop Mod","Spikes Relics","StSLib","Stuff the Spire","The Cursed","The Jungle","The Necromancer","The Saiyan","TheHero","Waifu the Spire","egg","slay the spire mod where everything is the same but ironclad has a cowboy hat"],"gold_per_floor":[119,137,147,111,145,177,209,221,221,249,249,263,263,296,296,408,408,444,444,444,438,458,499,517,517,517,517,564,581,581,625,625,726,726,748,748,764,820,820,858,858,897,931,954,954,973,993,1035,1035,1147,1147,1159,1159,1159,855,862,862,862,869,937,949,970,970,991,1013,1013,1084,1084,1089,1102,1102,1102,1105,1105,1104,1108,1113,965,977,983,993,998,998,1077,1077,1086,1086,1089,1089,1093,1093,1093,1093,1093,1093,1053,1053,1067,1075,1075,1138,1138,1146,1154,1154,1176,1176,1176,1211,1211,1211,1211,1211,1211,1211,1224,1224,1345,1345,1358,1370,1389,1689,1514,1514,1549,1549,1581,1581,1590,1608,1608,1623,1623,1697,1697,1719,1719],"floor_reached":137,"language":"ENG","playtime":4887,"items_purged":[],"score":3626,"play_id":"4ec553f6-e484-4231-a886-5881339be85e","local_time":"20210225214852","is_ascension_mode":false,"campfire_choices":[{"data":"Defragment","floor":11,"key":"SMITH"},{"data":"Defragment","floor":13,"key":"SMITH"},{"data":"BasicCrystalCard","floor":15,"key":"SMITH"},{"data":"hubris:PowerSurge","floor":25,"key":"SMITH"},{"data":"hubris:PowerSurge","floor":27,"key":"SMITH"},{"data":"Consume","floor":30,"key":"SMITH"},{"data":"Rainbow","floor":32,"key":"SMITH"},{"data":"Rainbow","floor":41,"key":"SMITH"},{"data":"Zap","floor":49,"key":"SMITH"},{"floor":57,"key":"DIG"},{"floor":66,"key":"DIG"},{"floor":74,"key":"DIG"},{"data":"Defragment","floor":83,"key":"SMITH"},{"floor":92,"key":"DIG"},{"data":"StuffTheSpire:Harmony","floor":97,"key":"SMITH"},{"data":"Defragment","floor":100,"key":"SMITH"},{"floor":108,"key":"DIG"},{"floor":110,"key":"DIG"},{"floor":112,"key":"DIG"},{"floor":115,"key":"DIG"},{"data":"StuffTheSpire:Synthwave","floor":117,"key":"SMITH"},{"floor":125,"key":"DIG"},{"floor":134,"key":"DIG"}],"circlet_count":0,"master_deck":["Strike_B+1","Strike_B","Strike_B","Strike_B+1","Defend_B+1","Defend_B","Defend_B","Defend_B","Zap","Dualcast+1","hubris:PowerSurge+1","Cold Snap","Self Repair","Echo Form+1","Streamline","Glacier","MostiFishMod:SeaWaves+1","Defragment+1","Defragment+1","BasicCrystalCard+1","Rainbow+1","Strike_B","Strike_B+1","Strike_B","Strike_B+1","Defend_B+1","Defend_B","Defend_B","Defend_B+1","Zap+1","Dualcast+1","hubris:PowerSurge+1","Cold Snap","Self Repair","Echo Form","Streamline","Glacier","MostiFishMod:SeaWaves+1","Defragment+1","Defragment+1","BasicCrystalCard+1","Rainbow+1","Consume+1","Barrage+1","Rainbow+1","Cold Snap+1","BasicCrystalCard+1","Electrodynamics+1","infinitespire:Oblivion","White Noise+1","StuffTheSpire:Harmony+1","White Noise","Mirror Shield+1","Aggregate","Electrodynamics+1","BasicCrystalCard","Creative AI+1","Barrage+1","Chill+1","StuffTheSpire:Synthwave","StuffTheSpire:Synthwave+1","ReplayTheSpireMod:Calculation Training+1","Defragment+1","StuffTheSpire:Snapshot","MostiFishMod:ATRI+1","infinitespire:Gouge+1","Defragment+1","MostiFishMod:IntelligentEquipment+1","ReplayTheSpireMod:Dual Polarity","Meteor Strike+1","StuffTheSpire:NuclearReactor+1"],"relics":["Cracked Core","reliquary:HotPoker","hubris:Icosahedron","DaveBox","DianDianMeat","War Paint","DaCapo","hubris:64BitClover","WingedGreaves","infinitespire:CursedDice","SynthV:TestCard","hubris:SphereOfDissonance","Smiling Mask","DemoMod:Antibody","reliquary:GummyVitamins","halation:IllGainedPizza","Letter Opener","MiniBlackHole","Onion Ring","SlaversCollar","hubris:Zylophone","Golden Egg","CatCart","hubris:SlimyHat","DemoMod:VorpalBullet","Bag of Marbles","reliquary:Boomerang","reliquary:RedPaperclip","Shovel","Kunai","halation:KoshaPiece","RoseTintedShades","StuffTheSpire:Expresso","hubris:Towel","Happy Flower","StuffTheSpire:PointBlank","Replay:WaspNest","DemoMod:Metronome","HereWithMe","halation:EternalFortune","Simple Rune","RetroEgg","infinitespire:Lychee Nut","halation:OrihimeAndHikoboshiSamaAndTears","reliquary:Stiletto","aspiration:MysteriousAuxiliaryCore","StuffTheSpire:DarkSteelAnvil","Black Star","halation:PinkSoulGem","Bottled Tornado","Garlic","Ginger","aspiration:EnhancedActuators","DemoMod:RingOfEthereal","StuffTheSpire:ColdMirror","Replay:Fungal Core","Golden Idol","Oddly Smooth Stone","reliquary:LoveEmittingDiode","Potion Belt","infinitespire:ShieldingShard","StuffTheSpire:Nightcore","FossilizedHelix","Spirit Poop","LugNut","DemoMod:GlassGuonStoneRelic","halation:WeightlessCrab","theJungle:ShellPeas","StuffTheSpire:Rhapsscallions","hubris:BallOfYels","SpikesRelics:DaevaFist","DemoMod:Relodestone","Thread and Needle","Geode","infinitespire:Satchel","NightmareShop","Lantern"],"acts_visited":["Exordium","TheCity","TheBeyond","Exordium","Exordium","TheBeyond","Exordium","Exordium","TheBeyond"],"potions_floor_usage":[6,10,10,16,18,35,48,101,135,135],"damage_taken":[{"damage":0,"enemies":"Cultist","floor":1,"turns":3},{"damage":0,"enemies":"Jaw Worm","floor":2,"turns":3},{"damage":0,"enemies":"Small Slimes","floor":3,"turns":3},{"damage":6,"enemies":"conspire:MimicChest","floor":5,"turns":5},{"damage":20,"enemies":"3 Sentries","floor":6,"turns":7},{"damage":4,"enemies":"Gremlin Nob","floor":7,"turns":3},{"damage":7,"enemies":"Red Slaver","floor":8,"turns":2},{"damage":8,"enemies":"Lagavulin","floor":10,"turns":5},{"damage":3,"enemies":"2 Fungi Beasts","floor":12,"turns":3},{"damage":0,"enemies":"Gremlin Nob","floor":14,"turns":7},{"damage":9,"enemies":"Slime Boss","floor":16,"turns":12},{"damage":25,"enemies":"3 Byrds","floor":18,"turns":4},{"damage":39,"enemies":"2 Thieves","floor":21,"turns":4},{"damage":8,"enemies":"3 Cultists","floor":22,"turns":5},{"damage":25,"enemies":"Book of Stabbing","floor":23,"turns":5},{"damage":20,"enemies":"Centurion and Healer","floor":24,"turns":5},{"damage":6,"enemies":"Slavers","floor":28,"turns":8},{"damage":13,"enemies":"Snake Plant","floor":29,"turns":3},{"damage":21,"enemies":"Book of Stabbing","floor":31,"turns":6},{"damage":0,"enemies":"Champ","floor":33,"turns":10},{"damage":1,"enemies":"3 Darklings","floor":35,"turns":4},{"damage":19,"enemies":"Orb Walker","floor":37,"turns":3},{"damage":2,"enemies":"Orin","floor":38,"turns":7},{"damage":0,"enemies":"Giant Head","floor":40,"turns":9},{"damage":27,"enemies":"Reptomancer","floor":42,"turns":5},{"damage":0,"enemies":"4 Shapes","floor":43,"turns":3},{"damage":42,"enemies":"4 Shapes","floor":44,"turns":3},{"damage":0,"enemies":"Jaw Worm Horde","floor":46,"turns":6},{"damage":1,"enemies":"Spire Growth","floor":47,"turns":3},{"damage":0,"enemies":"Nightmare","floor":48,"turns":6},{"damage":59,"enemies":"hubris:GrandSnecko","floor":50,"turns":7},{"damage":0,"enemies":"Cultist","floor":52,"turns":1},{"damage":4,"enemies":"Small Slimes","floor":56,"turns":2},{"damage":0,"enemies":"2 Louse","floor":59,"turns":1},{"damage":14,"enemies":"Exordium Thugs","floor":61,"turns":2},{"damage":0,"enemies":"3 Sentries","floor":62,"turns":3},{"damage":0,"enemies":"Gremlin Nob","floor":64,"turns":2},{"damage":17,"enemies":"Blue Slaver","floor":65,"turns":8},{"damage":0,"enemies":"Slime Boss","floor":67,"turns":5},{"damage":7,"enemies":"theJungle:5_Spyders","floor":69,"turns":4},{"damage":0,"enemies":"theJungle:Flameango_and_Byrd","floor":70,"turns":3},{"damage":0,"enemies":"theJungle:Lyon","floor":73,"turns":3},{"damage":0,"enemies":"theJungle:Cassacara","floor":75,"turns":6},{"damage":3,"enemies":"theJungle:2_Snecko_Cultists","floor":76,"turns":3},{"damage":0,"enemies":"Snake Plant","floor":77,"turns":6},{"damage":0,"enemies":"Snake Plant","floor":79,"turns":2},{"damage":0,"enemies":"theJungle:JungleHuntersEncounter","floor":80,"turns":2},{"damage":0,"enemies":"theJungle:2_Phrogs","floor":81,"turns":4},{"damage":3,"enemies":"theJungle:Snecko_Cultist_And_Trap","floor":82,"turns":2},{"damage":0,"enemies":"theJungle:FunGuy","floor":84,"turns":7},{"damage":0,"enemies":"Orb Walker","floor":86,"turns":2},{"damage":0,"enemies":"3 Shapes","floor":88,"turns":3},{"damage":0,"enemies":"Spire Growth","floor":90,"turns":3},{"damage":0,"enemies":"Sphere and 2 Shapes","floor":98,"turns":1},{"damage":0,"enemies":"Giant Head","floor":99,"turns":5},{"damage":0,"enemies":"Donu and Deca","floor":101,"turns":9},{"damage":0,"enemies":"Jaw Worm","floor":103,"turns":1},{"damage":0,"enemies":"Cultist","floor":104,"turns":2},{"damage":0,"enemies":"2 Louse","floor":106,"turns":1},{"damage":0,"enemies":"3 Sentries","floor":109,"turns":2},{"damage":0,"enemies":"Red Slaver","floor":116,"turns":1},{"damage":1075,"enemies":"Hexaghost","floor":118,"turns":3},{"damage":0,"enemies":"theJungle:MUSHROOMGANG","floor":120,"turns":1},{"damage":0,"enemies":"theJungle:GiantWrat","floor":121,"turns":2},{"damage":0,"enemies":"theJungle:SlimyTreeVines","floor":122,"turns":2},{"damage":0,"enemies":"theJungle:2_Phrogs","floor":126,"turns":2},{"damage":0,"enemies":"theJungle:Lyon","floor":128,"turns":2},{"damage":0,"enemies":"theJungle:Lyon","floor":130,"turns":1},{"damage":0,"enemies":"theJungle:JungleHuntersEncounter","floor":131,"turns":1},{"damage":0,"enemies":"Snake Plant","floor":133,"turns":1},{"damage":0,"enemies":"infinitespire:LordOfFortification","floor":135,"turns":6},{"damage":0,"enemies":"3 Darklings","floor":137,"turns":1}],"seed_played":"8726077991891467127","potions_obtained":[{"floor":2,"key":"Strength Potion"},{"floor":5,"key":"Adrenaline Potion"},{"floor":7,"key":"Strength Potion"},{"floor":10,"key":"DuplicationPotion"},{"floor":12,"key":"Fire Potion"},{"floor":14,"key":"SpeedPotion"},{"floor":18,"key":"DuplicationPotion"},{"floor":23,"key":"Languid Potion"},{"floor":37,"key":"Elixir"},{"floor":40,"key":"DuplicationPotion"},{"floor":48,"key":"Guardian:BlockOnCardUsePotion"},{"floor":59,"key":"DistilledChaos"},{"floor":101,"key":"Venom Potion"},{"floor":109,"key":"PowerPotion"},{"floor":116,"key":"sneckomod:MuddlingPotion"},{"floor":131,"key":"BlessingOfTheForge"}],"is_trial":false,"path_per_floor":["M","M","M","$","?","E","E","M","T","E","R","M","R","E","R","B",null,"M","?","?","M","M","E","M","R","T","R","E","M","R","E","R","B",null,"M","AVR","M","?","?","E","R","E","MIM","M","?","M","M","NM","R","B",null,"M","?","?","$","M","R","?","M","T","M","E","?","E","MIM","R","B",null,"M","M","?","?","M","R","E","M","MIM","$","M","M","E","M","R","B",null,"M","?","M","T","M","R","R","HB","T","?","?","R","M","E","R","B",null,"M","M","?","M","?","R","E","R","T","R","?","AVR","R","M","R","B",null,"M","M","M","?","?","R","E","?","MIM","AVR","M","M","?","M","R","B",null,"M"],"character_chosen":"DEFECT","items_purchased":["hubris:PowerSurge","War Paint","hubris:64BitClover","WingedGreaves","Self Repair","Shovel","reliquary:Stiletto"],"campfire_rested":0,"item_purchase_floors":[0,0,0,0,4,55,78],"current_hp_per_floor":[76,78,78,81,85,77,92,103,103,111,111,120,120,130,130,141,141,123,123,603,571,629,604,652,652,652,652,695,741,741,771,771,809,816,815,815,796,794,936,936,936,978,978,936,1021,1021,1020,1065,1065,1110,1110,1110,1110,1110,1110,1106,1106,1110,1156,1156,1194,1203,1203,1203,1249,1249,1300,1300,1349,1401,1404,1404,1404,1404,1404,1453,1145,1145,1145,1199,1254,1254,1254,1367,1425,1425,1425,1425,1425,1425,1425,1425,713,713,713,713,713,713,772,772,832,832,832,832,766,766,766,766,766,766,766,766,766,766,766,827,827,546,889,889,889,889,757,757,757,775,775,811,811,811,811,811,811,811,892,892,958,958],"gold":1719,"neow_bonus":"","is_daily":false,"chose_seed":false,"campfire_upgraded":13,"win_rate":0.0,"timestamp":1614314932,"path_taken":["M","M","?","$","?","E","E","M","T","E","R","?","R","E","R","BOSS","M","?","?","M","M","E","?","R","T","R","E","M","R","E","R","BOSS","M","AVR","M","?","?","E","R","E","MIM","M","?","?","M","NM","R","BOSS","M","?","?","?","M","R","?","M","T","?","E","?","E","?","R","BOSS","M","M","?","?","M","R","E","M","MIM","$","M","M","E","M","R","BOSS","M","?","M","?","?","R","R","HB","T","?","?","R","M","E","R","BOSS","M","?","?","M","?","R","E","R","T","R","?","AVR","R","?","R","BOSS","M","M","M","?","?","R","E","?","MIM","AVR","?","M","?","M","R","BOSS","M"],"items_purchased_type":["Card","Relic","Relic","Relic","Card","Relic","Relic"],"build_version":"2020-12-22","purchased_purges":0,"victory":false,"max_hp_per_floor":[76,78,78,81,85,90,96,103,103,111,111,120,120,130,130,141,141,141,141,603,603,636,636,670,670,670,670,705,741,741,778,778,816,816,816,816,816,816,936,936,936,978,978,978,1021,1021,1021,1065,1065,1110,1110,1110,1110,1110,1110,1110,1110,1110,1156,1156,1203,1203,1203,1203,1251,1251,1300,1300,1350,1401,1404,1404,1404,1404,1404,1456,1145,1145,1145,1199,1254,1254,1254,1367,1425,1425,1425,1425,1425,1425,1425,1425,713,713,713,713,713,713,772,772,832,832,832,832,766,766,766,766,766,766,766,766,766,766,766,827,827,889,889,889,889,889,889,889,889,889,889,889,889,889,889,889,889,889,892,892,958,958],"card_choices":[{"not_picked":["Coolheaded","Turbo","StuffTheSpire:Rend"],"picked":"SKIP","floor":1},{"not_picked":["Lockon","Stack","Barrage","Panic Button"],"picked":"Cold Snap","floor":2},{"not_picked":["Beam Cell","Steam","StuffTheSpire:LoadUp","Go for the Eyes","Aggregate"],"picked":"SKIP","floor":3},{"not_picked":["Self Repair","Steam","Sweeping Beam","Conserve Battery"],"picked":"Echo Form","floor":5},{"not_picked":["ReplaySort","Gash","MostiFishMod:PushDownKick","Recycle"],"picked":"Streamline","floor":6},{"not_picked":["conspire:SharedLibrary","StuffTheSpire:Synthwave","Streamline","ReplayTheSpireMod:Dual Polarity"],"picked":"Glacier","floor":7},{"not_picked":["Stack","Steam","Coolheaded","Chaos"],"picked":"MostiFishMod:SeaWaves","floor":8},{"not_picked":["Leap","Beam Cell","Crystallizer","Storm"],"picked":"Defragment","floor":10},{"not_picked":["Echo Form","Skim","Steam","RefreshScreen"],"picked":"Defragment","floor":12},{"not_picked":["MostiFishMod:DeathFromBelow","Scrape","Rebound","Panic Button"],"picked":"BasicCrystalCard","floor":14},{"not_picked":["MostiFishMod:Culaccino","ReplayTheSpireMod:Fabricate Wheel","Seek","MostiFishMod:Prepare"],"picked":"Rainbow","floor":16},{"not_picked":["Ball Lightning+1","Go for the Eyes","Blizzard","StuffTheSpire:SnapShoot","Genetic Algorithm"],"picked":"SKIP","floor":18},{"not_picked":["Turbo","Coolheaded+1","Beam Cell","Go for the Eyes","Ball Lightning"],"picked":"SKIP","floor":21},{"not_picked":["Leap+1","Capacitor","Stack","Ball Lightning"],"picked":"Consume","floor":22},{"not_picked":["BootSequence","Darkness","Heatsinks","StuffTheSpire:ShieldGenerator","StuffTheSpire:ForEach"],"picked":"SKIP","floor":23},{"not_picked":["StuffTheSpire:Plugnplay+1","MostiFishMod:ReprogramOld","Conserve Battery","Steam"],"picked":"Barrage+1","floor":24},{"not_picked":["StuffTheSpire:CleanHardDrive","Tempest","Turbo+1","Doom and Gloom+1"],"picked":"Rainbow","floor":28},{"not_picked":["Storm","StuffTheSpire:Plugnplay","Stack","Go for the Eyes+1"],"picked":"Cold Snap","floor":29},{"not_picked":["Reprogram","Cold Snap","aspiration:Polymerization+1","Compile Driver"],"picked":"BasicCrystalCard+1","floor":31},{"not_picked":["StuffTheSpire:Purify","ReplayRNGCard","Mirror Shield","MostiFishMod:IntelligentEquipment"],"picked":"Electrodynamics","floor":33},{"not_picked":["Hologram+1","Ball Lightning","Force Field+1","ReplayTheSpireMod:Reroute Power+1","Stack"],"picked":"SKIP","floor":35},{"not_picked":["Reinforced Body","StuffTheSpire:CleanHardDrive+1","Compile Driver+1","StuffTheSpire:LoadUp","Beam Cell+1"],"picked":"SKIP","floor":37},{"not_picked":["infinitespire:SevenWalls","infinitespire:SealOfDarkness+"],"picked":"infinitespire:Oblivion","floor":39},{"not_picked":["Panic Button","DiskWipe+1","Rip and Tear+1","Genetic Algorithm","StuffTheSpire:Coldhearted"],"picked":"SKIP","floor":40},{"not_picked":["Blizzard","MostiFishMod:PushDownKick","Chill+1","Coolheaded+1"],"picked":"White Noise+1","floor":42},{"not_picked":["ReplaySolidLightProjector","MostiFishMod:PushDownKick+1","Redo","Skim+1","ReplayTheSpireMod:System Scan"],"picked":"SKIP","floor":44},{"not_picked":["StuffTheSpire:Innocence","StuffTheSpire:Perfection"],"picked":"StuffTheSpire:Harmony","floor":45},{"not_picked":["StuffTheSpire:LoadUp+1","ReplayTheSpireMod:GoodbyeWorld","Ball Lightning","Panic Button","Redo"],"picked":"SKIP","floor":46},{"not_picked":["aspiration:Polymerization+1","StuffTheSpire:GlassShard+1","MostiFishMod:Nova","Sunder","Conserve Battery"],"picked":"SKIP","floor":47},{"not_picked":["Streamline","Undo+1","Cold Snap+1","Self Repair"],"picked":"White Noise","floor":48},{"not_picked":["MostiFishMod:InterfaceCompatibility","MostiFishMod:Exploitation","Rainbow","Reboot"],"picked":"Mirror Shield","floor":50},{"not_picked":["StuffTheSpire:Rend","conspire:Rain","Cold Snap","MostiFishMod:ReprogramOld","StuffTheSpire:ShieldGenerator"],"picked":"SKIP","floor":52},{"not_picked":["Self Repair","Scrape","Steam","Heatsinks","Redo"],"picked":"SKIP","floor":56},{"not_picked":["Cold Snap","MostiFishMod:LinkProtocol","Sunder","Panic Button"],"picked":"Aggregate","floor":59},{"not_picked":["StuffTheSpire:SnapShoot","Stack","ReplayTheSpireMod:Dual Polarity","Turbo"],"picked":"Electrodynamics","floor":61},{"not_picked":["Tempest","Hello World","StuffTheSpire:Rend","Darkness","StuffTheSpire:LoadUp"],"picked":"SKIP","floor":62},{"not_picked":["Hologram","Compile Driver","StuffTheSpire:Plugnplay","Turbo","Tempest"],"picked":"SKIP","floor":64},{"not_picked":["FTL","StuffTheSpire:GlassShard","Cold Snap","Conserve Battery"],"picked":"BasicCrystalCard","floor":65},{"not_picked":["MostiFishMod:SeaWaves","Buffer","Amplify","StuffTheSpire:ForEach"],"picked":"Creative AI","floor":67},{"not_picked":["Lockon","Scrape","StuffTheSpire:NuclearReactor+1","StuffTheSpire:ShieldGenerator"],"picked":"Barrage+1","floor":69},{"not_picked":["StuffTheSpire:LoadUp","Hologram","MostiFishMod:LinkProtocol+1","StuffTheSpire:ShieldGenerator"],"picked":"Chill+1","floor":70},{"not_picked":["MostiFishMod:PushDownKick","Cold Snap","Go for the Eyes","Sweeping Beam","Conserve Battery"],"picked":"SKIP","floor":73},{"not_picked":["FTL","Compile Driver+1","Barrage","Ball Lightning","Conserve Battery+1"],"picked":"SKIP","floor":75},{"not_picked":["Defragment","Turbo+1","Leap","aspiration:Polymerization"],"picked":"StuffTheSpire:Synthwave","floor":76},{"not_picked":["Leap+1","Undo","Turbo","White Noise"],"picked":"StuffTheSpire:Synthwave","floor":77},{"not_picked":["Panic Button+1","Conserve Battery","Melter","StuffTheSpire:LoadUp","Scrape"],"picked":"SKIP","floor":79},{"not_picked":["ReplayTheSpireMod:GoodbyeWorld+1","conspire:SharedLibrary","Stack","Streamline"],"picked":"ReplayTheSpireMod:Calculation Training","floor":80},{"not_picked":["Amplify","MostiFishMod:ReprogramOld","Chaos","conspire:Rain"],"picked":"Defragment","floor":81},{"not_picked":["Ball Lightning","RefreshScreen","aspiration:Polymerization","StuffTheSpire:LoadUp","Conserve Battery"],"picked":"SKIP","floor":82},{"not_picked":["Electrodynamics","Rainbow","Fission","Seek"],"picked":"MostiFishMod:ATRI","floor":84},{"not_picked":["ReplayTheSpireMod:Book of Names","infinitespire:TheBestDefense"],"picked":"infinitespire:Gouge","floor":85},{"not_picked":["Steam Power","conspire:SharedLibrary","StuffTheSpire:Coldhearted","Streamline+1","MostiFishMod:ReprogramOld"],"picked":"SKIP","floor":86},{"not_picked":["Go for the Eyes+1","StuffTheSpire:Plugnplay+1","Hologram+1","ReplayTheSpireMod:Repulse","Steam"],"picked":"SKIP","floor":88},{"not_picked":["Hologram","Barrage+1","StuffTheSpire:LoadUp+1","StuffTheSpire:Plugnplay","Steam Power"],"picked":"SKIP","floor":90},{"not_picked":["Redo+1","Barrage+1","Beam Cell+1","Streamline+1","Sweeping Beam"],"picked":"SKIP","floor":98},{"not_picked":["ReplaySolidLightProjector+1","Skim","Aggregate+1","Streamline"],"picked":"Defragment","floor":99},{"not_picked":["MostiFishMod:Prepare","MostiFishMod:TalkingToTheRain","Echo Form","StuffTheSpire:EventHorizon"],"picked":"MostiFishMod:IntelligentEquipment","floor":101},{"not_picked":["Blizzard","ReplayTheSpireMod:System Scan","MostiFishMod:GatherIntelligence","Panic Button","ReplayTheSpireMod:Fabricate Wheel"],"picked":"SKIP","floor":103},{"not_picked":["Auto Shields","Doom and Gloom","hubris:Ukulele","Blizzard","ReplayTheSpireMod:System Scan"],"picked":"SKIP","floor":104},{"not_picked":["Turbo","Sweeping Beam","Time Bomb","ReplayTheSpireMod:GoodbyeWorld","StuffTheSpire:LoadUp"],"picked":"SKIP","floor":106},{"not_picked":["Leap","Cold Snap","Barrage","Capacitor","Blizzard"],"picked":"SKIP","floor":109},{"not_picked":["RefreshScreen","Coolheaded","Cold Snap","aspiration:Polymerization"],"picked":"ReplayTheSpireMod:Dual Polarity","floor":116},{"not_picked":["MostiFishMod:StarOceanB","Machine Learning","MostiFishMod:Overload","Multi-Cast"],"picked":"Meteor Strike","floor":118},{"not_picked":["Steam","ReplaySort+1","Compile Driver","MostiFishMod:Nova","Beam Cell"],"picked":"SKIP","floor":120},{"not_picked":["StuffTheSpire:CleanHardDrive","Hello World","ReplaySort","Beam Cell+1","ReplayGash"],"picked":"SKIP","floor":121},{"not_picked":["ReplayTheSpireMod:System Scan","ReplayTheSpireMod:GoodbyeWorld","MostiFishMod:PushDownKick+1","ReplayTheSpireMod:Repulse","Beam Cell"],"picked":"SKIP","floor":122},{"not_picked":["ReplayTheSpireMod:Reroute Power","Sweeping Beam","Gash","Go for the Eyes","Beam Cell"],"picked":"SKIP","floor":126},{"not_picked":["ReplayGash+1","ReplayTheSpireMod:Dual Polarity","Redo","Undo","ReplayTheSpireMod:Reroute Power"],"picked":"SKIP","floor":130},{"not_picked":["aspiration:Polymerization","Cold Snap","Panic Button","Hello World+1","Double Energy"],"picked":"SKIP","floor":131},{"not_picked":["MostiFishMod:Overload","Beam Cell+1","Scrape","Compile Driver","MostiFishMod:PushDownKick+1"],"picked":"SKIP","floor":133},{"not_picked":["Beam Cell","Stack","Rebound+1","Streamline"],"picked":"StuffTheSpire:NuclearReactor+1","floor":137}],"player_experience":2000009,"relics_obtained":[{"floor":1,"key":"SynthV:TestCard"},{"floor":5,"key":"hubris:SphereOfDissonance"},{"floor":6,"key":"Smiling Mask"},{"floor":7,"key":"DemoMod:Antibody"},{"floor":9,"key":"reliquary:GummyVitamins"},{"floor":10,"key":"halation:IllGainedPizza"},{"floor":14,"key":"Letter Opener"},{"floor":18,"key":"MiniBlackHole"},{"floor":23,"key":"Onion Ring"},{"floor":26,"key":"Whetstone"},{"floor":28,"key":"reliquary:Buckler"},{"floor":31,"key":"aspiration:EmptySkull"},{"floor":37,"key":"Golden Egg"},{"floor":38,"key":"CatCart"},{"floor":40,"key":"hubris:SlimyHat"},{"floor":42,"key":"DemoMod:VorpalBullet"},{"floor":43,"key":"Bag of Marbles"},{"floor":48,"key":"reliquary:Boomerang"},{"floor":57,"key":"Kunai"},{"floor":59,"key":"halation:KoshaPiece"},{"floor":60,"key":"RoseTintedShades"},{"floor":62,"key":"StuffTheSpire:Expresso"},{"floor":64,"key":"Happy Flower"},{"floor":65,"key":"StuffTheSpire:PointBlank"},{"floor":65,"key":"Replay:WaspNest"},{"floor":66,"key":"DemoMod:Metronome"},{"floor":74,"key":"Simple Rune"},{"floor":75,"key":"RetroEgg"},{"floor":77,"key":"infinitespire:Lychee Nut"},{"floor":77,"key":"halation:OrihimeAndHikoboshiSamaAndTears"},{"floor":79,"key":"aspiration:MysteriousAuxiliaryCore"},{"floor":81,"key":"StuffTheSpire:DarkSteelAnvil"},{"floor":89,"key":"Bottled Tornado"},{"floor":92,"key":"Garlic"},{"floor":94,"key":"Ginger"},{"floor":98,"key":"aspiration:EnhancedActuators"},{"floor":99,"key":"DemoMod:RingOfEthereal"},{"floor":99,"key":"StuffTheSpire:ColdMirror"},{"floor":108,"key":"Oddly Smooth Stone"},{"floor":109,"key":"reliquary:LoveEmittingDiode"},{"floor":109,"key":"Potion Belt"},{"floor":110,"key":"infinitespire:ShieldingShard"},{"floor":111,"key":"StuffTheSpire:Nightcore"},{"floor":112,"key":"FossilizedHelix"},{"floor":115,"key":"LugNut"},{"floor":120,"key":"halation:WeightlessCrab"},{"floor":125,"key":"StuffTheSpire:Rhapsscallions"},{"floor":126,"key":"hubris:BallOfYels"},{"floor":126,"key":"SpikesRelics:DaevaFist"},{"floor":128,"key":"DemoMod:Relodestone"},{"floor":128,"key":"Thread and Needle"},{"floor":128,"key":"Geode"},{"floor":128,"key":"infinitespire:Satchel"},{"floor":134,"key":"reliquary:HotPoker"},{"floor":135,"key":"halation:EternalFortune"},{"floor":137,"key":"halation:EternalFortune"},{"floor":137,"key":"Lantern"}],"event_choices":[{"damage_healed":0,"gold_gain":0,"player_choice":"Fight","damage_taken":0,"max_hp_gain":0,"max_hp_loss":0,"event_name":"OrinTheCat","floor":38,"gold_loss":0},{"damage_healed":0,"gold_gain":0,"player_choice":"Leave","damage_taken":0,"max_hp_gain":0,"max_hp_loss":0,"event_name":"conspire:Investor","floor":54,"gold_loss":0},{"damage_healed":0,"gold_gain":0,"player_choice":"Upgraded","damage_taken":0,"max_hp_gain":0,"max_hp_loss":0,"event_name":"Upgrade Shrine","floor":72,"gold_loss":0,"cards_upgraded":["Electrodynamics"]},{"damage_healed":0,"gold_gain":0,"player_choice":"Upgrade","damage_taken":0,"max_hp_gain":0,"max_hp_loss":0,"event_name":"Designer","floor":96,"gold_loss":40,"cards_upgraded":["Echo Form"]},{"damage_healed":0,"gold_gain":0,"player_choice":"Lose Max HP","damage_taken":0,"relics_obtained":["Golden Idol"],"max_hp_gain":0,"max_hp_loss":66,"event_name":"Golden Idol","floor":105,"gold_loss":0},{"cards_removed":["hubris:Gluttony"],"damage_healed":0,"gold_gain":0,"player_choice":"Offered Curse","damage_taken":0,"relics_obtained":["Spirit Poop"],"max_hp_gain":0,"max_hp_loss":0,"event_name":"Bonfire Elementals","floor":113,"gold_loss":0}],"is_beta":false,"boss_relics":[{"not_picked":["EE1DDrone","aspiration:BeakedSkillbook","hubris:GrandSneckoEye"]},{"not_picked":["Honey Jar","Runic Dome"],"picked":"SlaversCollar"},{"not_picked":["Inserter","reliquary:Craggleroot"],"picked":"reliquary:RedPaperclip"},{"not_picked":["ReplayTheSpireMod:DimensionalGlitch","halation:MonkeysPaw"],"picked":"HereWithMe"},{"not_picked":["Astrolabe","Abe\u0027s Treasure"],"picked":"Black Star"},{"not_picked":["OneHitWonderSystem","Honey Jar"],"picked":"Replay:Fungal Core"},{"not_picked":["halation:PinkAlligatorPlush","ReplayTheSpireMod:DimensionalGlitch","StuffTheSpire:RunicConfusion"]},{"not_picked":["conspire:SeveredTorchhead","GreenFoldingFan"],"picked":"NightmareShop"}],"items_purged_floors":[],"is_endless":true,"potions_floor_spawned":[2,5,7,10,12,14,18,23,28,37,40,42,48,59,61,62,75,76,79,81,82,84,86,88,99,101,109,116,118,122,131,133],"killed_by":"3 Darklings","ascension_level":0}}