{"host":"wrdw6zkxuilnr6rg","time":1614350419,"event":{"mods":["BaseMod","Colored Powertips","Highlight Path","Minty Spire (QoL Compilation)","Relic Stats","StSLib"],"gold_per_floor":[114,132,132,132,144,144,10,10,10,35,50,84,96,96,96,175,175,192,192,211,222,240,240,256,256,256,256,274,274,287,304,304,378,378,398,423,435,167,167,201,201,230,256,256,271,288,21,21,21,21],"floor_reached":51,"language":"ENG","playtime":2676,"items_purged":["Regret","Defend_P"],"score":1511,"play_id":"c36d9932-7c6a-4873-a7e5-71f714bc435d","local_time":"20210226174019","is_ascension_mode":true,"campfire_choices":[{"data":"Eruption","floor":6.0,"key":"SMITH"},{"data":"SashWhip","floor":8.0,"key":"SMITH"},{"data":"CrushJoints","floor":15.0,"key":"SMITH"},{"data":"Crescendo","floor":23.0,"key":"SMITH"},{"data":"Fasting2","floor":25.0,"key":"SMITH"},{"floor":29.0,"key":"REST"},{"floor":32.0,"key":"REST"},{"floor":41.0,"key":"REST"},{"floor":44,"key":"REST"},{"floor":49,"key":"REST"}],"circlet_count":0,"master_deck":["AscendersBane","Strike_P+1","Strike_P","Strike_P+1","Strike_P+1","Defend_P+1","Defend_P","Defend_P+1","Eruption+1","Vigilance+1","LessonLearned+1","SashWhip+1","EmptyBody+1","FollowUp+1","TalkToTheHand+1","CrushJoints+1","Crescendo+1","SpiritShield+1","DevaForm+1","Tantrum+1","Evaluate+1","CutThroughFate","FearNoEvil+1","Fasting2+1","Perseverance+1","Fasting2+1","Omniscience","InnerPeace","ReachHeaven+1","MentalFortress+1","Scrawl","TalkToTheHand+1","EmptyFist+1"],"relics":["PureWater","Matryoshka","Blue Candle","Pen Nib","Letter Opener","Art of War","Thread and Needle","VioletLotus","War Paint","Molten Egg 2","Enchiridion","Snecko Eye","Lizard Tail","Centennial Puzzle","Whetstone","MealTicket","Strawberry","TeardropLocket","Darkstone Periapt"],"acts_visited":["Exordium","TheCity","TheBeyond"],"potions_floor_usage":[50,50,50],"damage_taken":[{"damage":18.0,"enemies":"Cultist","floor":1.0,"turns":4.0},{"damage":3.0,"enemies":"Small Slimes","floor":2.0,"turns":5.0},{"damage":1.0,"enemies":"2 Louse","floor":5.0,"turns":3.0},{"damage":1.0,"enemies":"Gremlin Nob","floor":10.0,"turns":3.0},{"damage":5.0,"enemies":"Exordium Thugs","floor":11.0,"turns":3.0},{"damage":1.0,"enemies":"3 Sentries","floor":12.0,"turns":3.0},{"damage":13.0,"enemies":"Gremlin Gang","floor":13.0,"turns":4.0},{"damage":19.0,"enemies":"Hexaghost","floor":16.0,"turns":9.0},{"damage":0.0,"enemies":"Chosen","floor":18.0,"turns":2.0},{"damage":8.0,"enemies":"Shell Parasite","floor":20.0,"turns":5.0},{"damage":3.0,"enemies":"Snake Plant","floor":21.0,"turns":4.0},{"damage":2.0,"enemies":"Centurion and Healer","floor":22.0,"turns":3.0},{"damage":9.0,"enemies":"Shelled Parasite and Fungi","floor":24.0,"turns":5.0},{"damage":8.0,"enemies":"Snake Plant","floor":28.0,"turns":3.0},{"damage":0.0,"enemies":"Snecko","floor":30.0,"turns":6.0},{"damage":26.0,"enemies":"Shelled Parasite and Fungi","floor":31.0,"turns":5.0},{"damage":0.0,"enemies":"Champ","floor":33.0,"turns":8.0},{"damage":0.0,"enemies":"Orb Walker","floor":35.0,"turns":1.0},{"damage":0.0,"enemies":"Mind Bloom Boss Battle","floor":36.0,"turns":6.0},{"damage":7.0,"enemies":"3 Shapes","floor":37.0,"turns":3.0},{"damage":35.0,"enemies":"Reptomancer","floor":40.0,"turns":6.0},{"damage":0,"enemies":"Giant Head","floor":42,"turns":7},{"damage":24,"enemies":"Spire Growth","floor":45,"turns":5},{"damage":29,"enemies":"Jaw Worm Horde","floor":46,"turns":3},{"damage":35,"enemies":"Donu and Deca","floor":50,"turns":9}],"seed_played":"4788516884540794594","potions_obtained":[{"floor":1.0,"key":"SkillPotion"},{"floor":10.0,"key":"Regen Potion"},{"floor":16.0,"key":"LiquidMemories"},{"floor":18.0,"key":"Strength Potion"},{"floor":22.0,"key":"DuplicationPotion"},{"floor":24.0,"key":"Ambrosia"},{"floor":36.0,"key":"Strength Potion"},{"floor":42,"key":"EntropicBrew"}],"is_trial":false,"path_per_floor":["M","M","T","?","M","R","$","R","T","E","M","E","M","?","R","B",null,"M","?","M","M","M","R","M","R","T","?","M","R","M","M","R","B",null,"M","?","M","$","?","E","R","E","T","R","M","M","$","T","R","B",null],"character_chosen":"WATCHER","items_purchased":["FollowUp","Centennial Puzzle","TeardropLocket"],"campfire_rested":5,"item_purchase_floors":[7,38,47],"current_hp_per_floor":[43,40,40,40,39,39,39,39,39,38,33,41,28,28,28,9,49,49,62,54,51,49,49,40,40,40,19,11,29,29,3,21,21,52,52,52,45,45,45,10,28,28,35,55,31,2,17,17,37,2],"gold":21,"neow_bonus":"THREE_RARE_CARDS","is_daily":false,"chose_seed":false,"campfire_upgraded":5,"win_rate":0.0,"timestamp":1614350419,"path_taken":["M","M","?","?","M","R","$","R","T","E","M","E","M","?","R","BOSS","M","?","?","M","M","R","M","R","T","?","M","R","M","M","R","BOSS","M","?","M","$","?","E","R","E","T","R","M","?","$","?","R","BOSS"],"items_purchased_type":["Card","Relic","Relic"],"build_version":"2020-12-22","purchased_purges":2,"victory":true,"max_hp_per_floor":[62,62,62,62,62,62,62,62,62,62,62,62,62,62,62,62,62,62,62,62,62,62,62,62,62,62,62,62,62,62,62,62,62,62,62,62,62,62,62,62,62,62,69,69,69,69,69,69,69,69],"relic_stats":{"Darkstone Periapt":0,"counters":[25,115],"Blue Candle":[1],"Pen Nib":[22],"Letter Opener":[75],"Whetstone":["FearNoEvil","FollowUp"],"War Paint":["Evaluate","EmptyBody"],"Lizard Tail":0,"Centennial Puzzle":[12],"Snecko Eye":[75,77,65,81],"MealTicket":15,"VioletLotus":[24],"Art of War":[12],"obtain_stats":[{"Darkstone Periapt":48,"Blue Candle":4,"Enchiridion":27,"Thread and Needle":12,"Pen Nib":9,"Letter Opener":9,"Whetstone":40,"TeardropLocket":47,"War Paint":26,"Lizard Tail":36,"Centennial Puzzle":38,"Matryoshka":3,"Strawberry":43,"Snecko Eye":34,"Molten Egg 2":26,"MealTicket":42,"VioletLotus":17,"Art of War":10,"PureWater":0},{"Darkstone Periapt":24,"Blue Candle":2,"Enchiridion":13,"Thread and Needle":6,"Pen Nib":3,"Letter Opener":3,"Whetstone":21,"TeardropLocket":24,"War Paint":13,"Lizard Tail":19,"Centennial Puzzle":20,"Matryoshka":2,"Strawberry":22,"Snecko Eye":17,"Molten Egg 2":13,"MealTicket":22,"VioletLotus":8,"Art of War":4,"PureWater":0},{"Darkstone Periapt":106,"Blue Candle":9,"Enchiridion":53,"Thread and Needle":21,"Pen Nib":12,"Letter Opener":12,"Whetstone":91,"TeardropLocket":106,"War Paint":53,"Lizard Tail":82,"Centennial Puzzle":85,"Matryoshka":9,"Strawberry":98,"Snecko Eye":75,"Molten Egg 2":53,"MealTicket":98,"VioletLotus":34,"Art of War":15,"PureWater":0}]},"card_choices":[{"not_picked":["Establishment","Wish"],"picked":"LessonLearned","floor":0.0},{"not_picked":["SandsOfTime","JustLucky"],"picked":"SashWhip","floor":1.0},{"not_picked":["PathToVictory","ThirdEye"],"picked":"CarveReality","floor":2.0},{"not_picked":["Adaptation","CutThroughFate"],"picked":"EmptyBody","floor":5.0},{"not_picked":["Omniscience","EmptyFist"],"picked":"TalkToTheHand","floor":10.0},{"not_picked":["FollowUp","Collect"],"picked":"CrushJoints","floor":11.0},{"not_picked":["FlyingSleeves","CarveReality"],"picked":"Crescendo","floor":12.0},{"not_picked":["ThirdEye","WaveOfTheHand"],"picked":"SpiritShield","floor":13.0},{"not_picked":["Ragnarok","Wish"],"picked":"DevaForm","floor":16.0},{"not_picked":["ThirdEye","PathToVictory"],"picked":"Tantrum","floor":18.0},{"not_picked":["CarveReality","Study"],"picked":"Evaluate","floor":20.0},{"not_picked":["SashWhip","Evaluate"],"picked":"CutThroughFate","floor":21.0},{"not_picked":["Tantrum+1","InnerPeace"],"picked":"FearNoEvil","floor":22.0},{"not_picked":["Halt","BowlingBash"],"picked":"Fasting2","floor":24.0},{"not_picked":["JustLucky+1","Halt"],"picked":"Perseverance+1","floor":28.0},{"not_picked":["ClearTheMind","FlurryOfBlows+1","CrushJoints+1"],"picked":"SKIP","floor":30.0},{"not_picked":["CrushJoints+1","ClearTheMind"],"picked":"Fasting2","floor":31.0},{"not_picked":["Blasphemy","Vault"],"picked":"Omniscience","floor":33.0},{"not_picked":["Wireheading","ThirdEye","InnerPeace"],"picked":"SKIP","floor":35.0},{"not_picked":["Wireheading","ThirdEye"],"picked":"InnerPeace","floor":35.0},{"not_picked":["BattleHymn+1","Crescendo"],"picked":"ReachHeaven+1","floor":36.0},{"not_picked":["JustLucky+1","Perseverance"],"picked":"MentalFortress","floor":37.0},{"not_picked":["ClearTheMind","Wallop+1"],"picked":"TalkToTheHand+1","floor":40.0},{"not_picked":["PathToVictory","Nirvana","Prostrate"],"picked":"SKIP","floor":42},{"not_picked":["Tantrum+1","BattleHymn+1","Prostrate"],"picked":"SKIP","floor":45},{"not_picked":["BowlingBash+1","Prostrate+1"],"picked":"EmptyFist+1","floor":46}],"player_experience":1466827,"relics_obtained":[{"floor":3.0,"key":"Matryoshka"},{"floor":9.0,"key":"Pen Nib"},{"floor":9.0,"key":"Letter Opener"},{"floor":10.0,"key":"Art of War"},{"floor":12.0,"key":"Thread and Needle"},{"floor":26.0,"key":"War Paint"},{"floor":26.0,"key":"Molten Egg 2"},{"floor":27.0,"key":"Enchiridion"},{"floor":36.0,"key":"Lizard Tail"},{"floor":40.0,"key":"Whetstone"},{"floor":42,"key":"MealTicket"},{"floor":43,"key":"Strawberry"},{"floor":48,"key":"Darkstone Periapt"}],"event_choices":[{"damage_healed":0.0,"max_hp_gain":0.0,"max_hp_loss":0.0,"gold_gain":0.0,"event_name":"Big Fish","player_choice":"Box","floor":4.0,"gold_loss":0.0,"damage_taken":0.0,"relics_obtained":["Blue Candle"],"cards_obtained":["Regret"]},{"damage_healed":0.0,"max_hp_gain":0.0,"max_hp_loss":0.0,"gold_gain":0.0,"event_name":"Upgrade Shrine","player_choice":"Upgraded","floor":14.0,"gold_loss":0.0,"damage_taken":0.0,"cards_upgraded":["TalkToTheHand"]},{"cards_removed":["CarveReality"],"damage_healed":13.0,"max_hp_gain":0.0,"max_hp_loss":0.0,"gold_gain":0.0,"event_name":"Bonfire Elementals","player_choice":"Offered Uncommon","floor":19.0,"gold_loss":0.0,"damage_taken":0.0},{"damage_healed":0.0,"max_hp_gain":0.0,"max_hp_loss":0.0,"gold_gain":0.0,"event_name":"Cursed Tome","player_choice":"Obtained Book","floor":27.0,"gold_loss":0.0,"damage_taken":21.0},{"damage_healed":0.0,"max_hp_gain":0.0,"max_hp_loss":0.0,"gold_gain":0.0,"event_name":"MindBloom","player_choice":"Fight","floor":36.0,"gold_loss":0.0,"damage_taken":0.0},{"damage_healed":0.0,"max_hp_gain":0.0,"max_hp_loss":0.0,"gold_gain":0.0,"event_name":"Match and Keep!","player_choice":"1 cards matched","floor":39.0,"gold_loss":0.0,"damage_taken":0.0,"cards_obtained":["Scrawl"]}],"is_beta":false,"boss_relics":[{"not_picked":["Coffee Dripper","Black Star"],"picked":"VioletLotus"},{"not_picked":["Tiny House","SacredBark"],"picked":"Snecko Eye"}],"items_purged_floors":[7,38],"is_endless":false,"potions_floor_spawned":[1,10,16,18,22,24,36,42,45],"ascension_level":18}}