{"host":"ayh4nqhr0ddw4ozv","time":1614321697,"event":{"mods":["BaseMod","Minty Spire (QoL Compilation)","Relic Stats","Replay The Spire","Robot Space Explorer","StSLib"],"gold_per_floor":[114,124,144,144,155,183,183,217,296,304,314,314,324,340,340,411,411,411,336,336,261,261,261,261,261,261,261,261,261,261,261,261,261,261,261,261,261,261,261,261,261,261,261,261,261,261,261,261,261,261,261,261,77,77,77],"floor_reached":56,"language":"ENG","playtime":3922,"items_purged":["Defend_P","Strike_P"],"score":2215,"play_id":"1c195ebc-c344-47b5-8c96-e967dcd62125","local_time":"20210225224137","is_ascension_mode":true,"campfire_choices":[{"data":"Wallop","floor":7.0,"key":"SMITH"},{"data":"1","floor":15.0,"key":"LIFT"},{"data":"2","floor":23.0,"key":"LIFT"},{"floor":28.0,"key":"REST"},{"data":"3","floor":32.0,"key":"LIFT"},{"floor":40.0,"key":"RECALL"},{"floor":47,"key":"REST"},{"floor":49,"key":"REST"},{"data":"TalkToTheHand","floor":52,"key":"SMITH"}],"circlet_count":0,"master_deck":["AscendersBane","Strike_P","Strike_P","Defend_P+1","Defend_P+1","Defend_P+1","Eruption+1","Vigilance","Weave","JustLucky+1","BowlingBash","Wallop+1","EmptyFist+1","CutThroughFate","WreathOfFlame","Halt+1","FearNoEvil+1","TalkToTheHand+1","LessonLearned+1","JustLucky+1","Replay:ManipulateFuture+1","Tantrum","Meditate+1","CrushJoints+1","JustLucky+1","RitualDagger","Replay:Cycle","Replay:AllIn+1","FearNoEvil+1","Halt+1","FlurryOfBlows+1","Tantrum","TalkToTheHand+1","Wish"],"relics":["Runic Pyramid","Question Card","Replay:Kaleidoscope","Replay:Baseball","Yang","Girya","Ectoplasm","Pen Nib","StoneCalendar","ReplayTheSpireMod:Ninjato","Sundial","Replay:Bronze Core","Ice Cream","Oddly Smooth Stone","ReplayFunnel","Lantern","Ornamental Fan"],"acts_visited":["Exordium","TheCity","TheBeyond","TheEnding"],"potions_floor_usage":[44,45,55,55],"damage_taken":[{"damage":7.0,"enemies":"Jaw Worm","floor":1.0,"turns":3.0},{"damage":2.0,"enemies":"Small Slimes","floor":2.0,"turns":3.0},{"damage":0.0,"enemies":"2 Louse","floor":3.0,"turns":3.0},{"damage":7.0,"enemies":"Looter","floor":5.0,"turns":3.0},{"damage":4.0,"enemies":"Replay:BlueRogue","floor":6.0,"turns":6.0},{"damage":5.0,"enemies":"Lagavulin","floor":8.0,"turns":6.0},{"damage":4.0,"enemies":"Exordium Thugs","floor":11.0,"turns":4.0},{"damage":0.0,"enemies":"3 Louse","floor":13.0,"turns":3.0},{"damage":0.0,"enemies":"Exordium Wildlife","floor":14.0,"turns":3.0},{"damage":0.0,"enemies":"Hexaghost","floor":16.0,"turns":6.0},{"damage":2.0,"enemies":"Spheric Guardian","floor":18.0,"turns":3.0},{"damage":3.0,"enemies":"Shell Parasite","floor":20.0,"turns":4.0},{"damage":0.0,"enemies":"Chosen and Byrds","floor":22.0,"turns":4.0},{"damage":0.0,"enemies":"Centurion and Healer","floor":24.0,"turns":3.0},{"damage":0.0,"enemies":"Replay:Snechameleon","floor":25.0,"turns":5.0},{"damage":16.0,"enemies":"Book of Stabbing","floor":27.0,"turns":2.0},{"damage":0.0,"enemies":"Gremlin Leader","floor":30.0,"turns":2.0},{"damage":0.0,"enemies":"Cultist and Chosen","floor":31.0,"turns":4.0},{"damage":0.0,"enemies":"Collector","floor":33.0,"turns":2.0},{"damage":0.0,"enemies":"Orb Walker","floor":35.0,"turns":2.0},{"damage":0.0,"enemies":"3 Shapes","floor":36.0,"turns":2.0},{"damage":0.0,"enemies":"Mind Bloom Boss Battle","floor":38.0,"turns":4.0},{"damage":0.0,"enemies":"3 Darklings","floor":39.0,"turns":2.0},{"damage":0.0,"enemies":"Nemesis","floor":41.0,"turns":3.0},{"damage":0.0,"enemies":"Transient","floor":42.0,"turns":4.0},{"damage":41,"enemies":"Reptomancer","floor":44,"turns":3},{"damage":20,"enemies":"Jaw Worm Horde","floor":45,"turns":3},{"damage":0,"enemies":"Giant Head","floor":46,"turns":4},{"damage":3,"enemies":"Donu and Deca","floor":50,"turns":3},{"damage":16,"enemies":"Shield and Spear","floor":54,"turns":4},{"damage":2,"enemies":"The Heart","floor":55,"turns":5}],"seed_played":"7656819644482687757","potions_obtained":[{"floor":1.0,"key":"Reflective Coating"},{"floor":5.0,"key":"SpeedPotion"},{"floor":13.0,"key":"Reflective Coating"},{"floor":18.0,"key":"LiquidMemories"},{"floor":27.0,"key":"AttackPotion"},{"floor":30.0,"key":"Regen Potion"},{"floor":31.0,"key":"Energy Potion"},{"floor":33.0,"key":"PowerPotion"},{"floor":44,"key":"Fruit Juice"},{"floor":46,"key":"Strength Potion"}],"is_trial":false,"path_per_floor":["M","M","M","?","M","E","R","E","T","?","M","?","M","M","R","B",null,"M","?","M","$","M","R","M","E","T","E","R","?","E","M","R","B",null,"M","M","?","?","M","R","E","M","T","E","M","E","R","?","R","B",null,"R","$","E","B",null],"character_chosen":"WATCHER","items_purchased":["Languid Potion"],"campfire_rested":3,"item_purchase_floors":[53],"current_hp_per_floor":[54,52,52,41,34,30,30,25,25,25,21,21,21,21,21,21,56,54,54,51,51,51,51,51,51,51,35,55,49,49,49,49,54,65,65,65,65,65,65,65,65,65,65,24,9,9,30,30,50,47,64,64,64,48,46],"gold":77,"neow_bonus":"BOSS_RELIC","is_daily":false,"chose_seed":false,"campfire_upgraded":2,"win_rate":0.0,"timestamp":1614321697,"path_taken":["M","M","M","?","M","E","R","E","T","?","M","?","M","M","R","BOSS","M","?","M","$","M","R","M","E","T","E","R","?","E","?","R","BOSS","M","M","?","?","M","R","E","M","T","E","M","E","R","?","R","BOSS","R","$","E","BOSS"],"items_purchased_type":["Potion"],"build_version":"2020-12-22","purchased_purges":2,"victory":true,"max_hp_per_floor":[68,68,68,68,68,68,68,68,68,68,68,68,68,68,68,68,68,68,68,68,68,68,68,68,68,68,68,68,68,68,68,68,68,68,68,68,68,68,68,68,68,68,68,68,73,73,73,69,69,69,69,69,69,69,69],"relic_stats":{"counters":[31,108],"Sundial":[2],"Ornamental Fan":[24],"Yang":[375],"StoneCalendar":[0],"Ectoplasm":465,"Pen Nib":[27],"Question Card":28,"obtain_stats":[{"Ice Cream":38,"ReplayFunnel":44,"Girya":10,"Lantern":46,"ReplayTheSpireMod:Ninjato":27,"Oddly Smooth Stone":41,"Yang":9,"StoneCalendar":26,"Pen Nib":25,"Replay:Kaleidoscope":6,"Question Card":4,"Replay:Baseball":8,"Sundial":30,"Ornamental Fan":54,"Replay:Bronze Core":34,"Ectoplasm":17,"PureWater":0,"Runic Pyramid":0},{"Ice Cream":22,"ReplayFunnel":26,"Girya":6,"Lantern":28,"ReplayTheSpireMod:Ninjato":16,"Oddly Smooth Stone":24,"Yang":6,"StoneCalendar":15,"Pen Nib":15,"Replay:Kaleidoscope":5,"Question Card":3,"Replay:Baseball":6,"Sundial":17,"Ornamental Fan":30,"Replay:Bronze Core":19,"Ectoplasm":10,"PureWater":0,"Runic Pyramid":0},{"Ice Cream":77,"ReplayFunnel":89,"Girya":24,"Lantern":96,"ReplayTheSpireMod:Ninjato":61,"Oddly Smooth Stone":82,"Yang":24,"StoneCalendar":59,"Pen Nib":59,"Replay:Kaleidoscope":18,"Question Card":9,"Replay:Baseball":24,"Sundial":63,"Ornamental Fan":103,"Replay:Bronze Core":69,"Ectoplasm":40,"PureWater":0,"Runic Pyramid":0}]},"card_choices":[{"not_picked":["Replay:Cycle","Prostrate"],"picked":"Weave","floor":1.0},{"not_picked":["Replay:Vibes","Halt"],"picked":"JustLucky","floor":2.0},{"not_picked":["EmptyBody","Replay:ManipulateFuture"],"picked":"BowlingBash","floor":3.0},{"not_picked":["CrushJoints","Consecrate","Meditate"],"picked":"Wallop","floor":5.0},{"not_picked":["Wallop","Evaluate","MentalFortress"],"picked":"EmptyFist","floor":6.0},{"not_picked":["Swivel","InnerPeace","Wallop"],"picked":"CutThroughFate","floor":8.0},{"not_picked":["FollowUp","Crescendo","DevaForm"],"picked":"WreathOfFlame","floor":10.0},{"not_picked":["LikeWater","PathToVictory","FlurryOfBlows"],"picked":"Halt","floor":11.0},{"not_picked":["Prostrate","ReachHeaven","Crescendo"],"picked":"FearNoEvil","floor":13.0},{"not_picked":["Replay:BluntJabs","WindmillStrike","Replay:Battleflow"],"picked":"TalkToTheHand","floor":14.0},{"not_picked":["Blasphemy","Devotion","SpiritShield"],"picked":"LessonLearned","floor":16.0},{"not_picked":["LikeWater","Replay:BluntJabs","Evaluate"],"picked":"JustLucky","floor":18.0},{"not_picked":["FlurryOfBlows","Replay:BluntJabs","EmptyBody"],"picked":"Replay:ManipulateFuture+1","floor":20.0},{"not_picked":["Prostrate","EmptyMind","Replay:Cycle"],"picked":"Tantrum","floor":22.0},{"not_picked":["Nirvana","Worship","Replay:ManipulateFuture"],"picked":"Meditate","floor":24.0},{"not_picked":["LikeWater","FlyingSleeves","PathToVictory+1"],"picked":"CrushJoints","floor":25.0},{"not_picked":["SashWhip","CutThroughFate","SandsOfTime"],"picked":"JustLucky+1","floor":27.0},{"not_picked":["Meditate","Tantrum","Wallop"],"picked":"Replay:Cycle","floor":30.0},{"not_picked":["ConjureBlade","ClearTheMind","MentalFortress","Replay:Vibes+1"],"picked":"SKIP","floor":31.0},{"not_picked":["ConjureBlade","Alpha","DevaForm"],"picked":"Replay:AllIn","floor":33.0},{"not_picked":["CrushJoints+1","WreathOfFlame+1","Evaluate"],"picked":"FearNoEvil+1","floor":35.0},{"not_picked":["Swivel","SashWhip+1","EmptyFist"],"picked":"Halt+1","floor":36.0},{"not_picked":["Halt","Replay:BluntJabs","Protect"],"picked":"FlurryOfBlows","floor":38.0},{"not_picked":["BowlingBash","Fasting2","EmptyFist","PathToVictory"],"picked":"SKIP","floor":39.0},{"not_picked":["Perseverance","Alpha","Crescendo+1","Consecrate"],"picked":"SKIP","floor":41.0},{"not_picked":["ThirdEye","LikeWater","SashWhip","Worship"],"picked":"SKIP","floor":42.0},{"not_picked":["Protect","MentalFortress","BattleHymn"],"picked":"Tantrum","floor":44},{"not_picked":["Swivel","CrushJoints","Prostrate+1","CutThroughFate"],"picked":"SKIP","floor":45},{"not_picked":["FlyingSleeves+1","BowlingBash","ThirdEye"],"picked":"TalkToTheHand","floor":46},{"not_picked":["CrushJoints+1","BowlingBash+1","Consecrate"],"picked":"Wish","floor":54}],"player_experience":457357,"relics_obtained":[{"floor":6.0,"key":"Replay:Kaleidoscope"},{"floor":8.0,"key":"Replay:Baseball"},{"floor":9.0,"key":"Yang"},{"floor":10.0,"key":"Girya"},{"floor":25.0,"key":"Pen Nib"},{"floor":26.0,"key":"StoneCalendar"},{"floor":27.0,"key":"ReplayTheSpireMod:Ninjato"},{"floor":30.0,"key":"Sundial"},{"floor":38.0,"key":"Ice Cream"},{"floor":41.0,"key":"Oddly Smooth Stone"},{"floor":44,"key":"ReplayFunnel"},{"floor":46,"key":"Lantern"},{"floor":54,"key":"Ornamental Fan"}],"event_choices":[{"damage_healed":0.0,"max_hp_gain":0.0,"max_hp_loss":0.0,"gold_gain":0.0,"event_name":"Scrap Ooze","player_choice":"Success","floor":4.0,"gold_loss":0.0,"damage_taken":11.0,"relics_obtained":["Question Card"]},{"cards_removed":["Pain"],"damage_healed":0.0,"max_hp_gain":0.0,"max_hp_loss":0.0,"gold_gain":0.0,"event_name":"Purifier","player_choice":"Purged","floor":12.0,"gold_loss":0.0,"damage_taken":0.0},{"cards_removed":["Strike_P"],"damage_healed":0.0,"max_hp_gain":0.0,"max_hp_loss":0.0,"gold_gain":0.0,"event_name":"Beggar","player_choice":"Gave Gold","floor":19.0,"gold_loss":75.0,"damage_taken":0.0},{"damage_healed":0.0,"max_hp_gain":0.0,"max_hp_loss":0.0,"gold_gain":0.0,"event_name":"Nest","player_choice":"Joined the Cult","floor":29.0,"gold_loss":0.0,"damage_taken":6.0,"cards_obtained":["RitualDagger"]},{"damage_healed":0.0,"max_hp_gain":0.0,"max_hp_loss":0.0,"gold_gain":0.0,"event_name":"MindBloom","player_choice":"Fight","floor":38.0,"gold_loss":0.0,"damage_taken":0.0},{"damage_healed":0,"gold_gain":0,"player_choice":"Max HP","damage_taken":0,"max_hp_gain":0,"max_hp_loss":4,"event_name":"Winding Halls","floor":48,"gold_loss":0}],"is_beta":false,"boss_relics":[{"not_picked":["Coffee Dripper","SacredBark"],"picked":"Ectoplasm"},{"not_picked":["Velvet Choker","Runic Dome"],"picked":"Replay:Bronze Core"}],"items_purged_floors":[21,53],"is_endless":false,"potions_floor_spawned":[1,5,13,18,27,30,31,33,35,36,41,44,46],"ascension_level":18}}