{"host":"qz0goigh82dax5l2","time":1614344655,"event":{"mods":["Act Like it!","Alarm Clock","BaseMod","Energized Spire","Gensokyo","Minty Spire (QoL Compilation)","Quick Restart","Reliquary","StSLib","The Jungle","The Senshi","¡¾ÒÅÎï¿¨ÅÆ¡¿REMEMod"],"gold_per_floor":[112,188,188,188,188,213,230,405,405,433,453,453,62,78,78,183,183,197,122,62,162,181,181,210,225,252,252,252],"floor_reached":27,"language":"ZHS","playtime":1583,"items_purged":[],"score":264,"play_id":"741aab4c-7d08-4f78-8ba5-1f9af30140f1","local_time":"20210226210415","is_ascension_mode":false,"campfire_choices":[{"floor":12,"key":"REST"},{"data":"theSenshi:KlutzyLuck","floor":15,"key":"SMITH"},{"data":"theSenshi:MoonTiaraMagic","floor":23,"key":"SMITH"}],"circlet_count":0,"master_deck":["theSenshi:SailorKick","theSenshi:SailorKick","theSenshi:SailorKick","theSenshi:SailorKick","theSenshi:SailorBlock","theSenshi:SailorBlock","theSenshi:SailorBlock","theSenshi:SailorBlock","theSenshi:RoseThrow","theSenshi:MoonPrismPowerMakeUp","theSenshi:DramaticEntrance+1","theSenshi:SailorVenusAssists","theSenshi:GatheringStrength","theSenshi:SaturnsMystery","theSenshi:TuxedoSmokingBomber","theSenshi:TuxedoMaskAssists","theSenshi:KlutzyLuck+1","theSenshi:TuxedoSmokingBomber","theSenshi:Sidestep","theSenshi:SailorMercuryAssists","theSenshi:LunasBite","theSenshi:MoonPunch","theSenshi:SailorMarsAssists","theSenshi:GlimpseOfThePast","theSenshi:NeptunesGrace","theSenshi:MoonPrincessHalation+1","theSenshi:MoonKick","theSenshi:SailorPlanetPower","theSenshi:LateForSchool","theSenshi:MoonTiaraMagic+1","theSenshi:MoonPrincessHalation+1","theSenshi:MoonKick"],"relics":["theSenshi:TransformationBroochRelic","REME_ComplimentaryCards","NeowsBlessing","Eternal Feather","reliquary:PrincelyHelmet","Prayer Wheel","reliquary:TuningFork","Boot","SlaversCollar","Nunchaku","reliquary:TatteredRug"],"acts_visited":["Exordium","TheCity"],"potions_floor_usage":[16,25,25,27,27],"damage_taken":[{"damage":0,"enemies":"Cultist","floor":1,"turns":1},{"damage":0,"enemies":"3 Sentries","floor":6,"turns":2},{"damage":0,"enemies":"Jaw Worm","floor":7,"turns":1},{"damage":39,"enemies":"Gremlin Nob","floor":10,"turns":6},{"damage":6,"enemies":"2 Louse","floor":11,"turns":3},{"damage":2,"enemies":"Looter","floor":14,"turns":3},{"damage":65,"enemies":"Slime Boss","floor":16,"turns":14},{"damage":25,"enemies":"Chosen","floor":18,"turns":7},{"damage":7,"enemies":"2 Thieves","floor":20,"turns":4},{"damage":27,"enemies":"Chosen and Byrds","floor":22,"turns":5},{"damage":26,"enemies":"Slavers","floor":24,"turns":6},{"damage":5,"enemies":"Snake Plant","floor":25,"turns":5},{"damage":50,"enemies":"Snecko","floor":27,"turns":6}],"seed_played":"-8135966361050718406","potions_obtained":[{"floor":7,"key":"Dexterity Potion"},{"floor":10,"key":"Swift Potion"},{"floor":11,"key":"Energy Potion"},{"floor":22,"key":"DistilledChaos"},{"floor":25,"key":"BlessingOfTheForge"}],"is_trial":false,"path_per_floor":["M","T","?","?","T","E","M","?","T","E","M","R","$","M","R","B",null,"M","?","M","?","M","R","E","M","T","M"],"character_chosen":"THE_SENSHI","items_purchased":["theSenshi:KlutzyLuck","Boot","theSenshi:TuxedoSmokingBomber","theSenshi:Sidestep","theSenshi:SailorMercuryAssists","theSenshi:LunasBite"],"campfire_rested":1,"item_purchase_floors":[13,13,13,13,13,13],"current_hp_per_floor":[75,75,75,75,75,75,75,75,75,36,38,69,69,73,75,17,75,50,50,53,53,37,55,29,29,29,0,0],"gold":252,"neow_bonus":"THREE_ENEMY_KILL","is_daily":false,"chose_seed":false,"campfire_upgraded":2,"win_rate":0.0,"timestamp":1614344655,"path_taken":["M","?","?","?","?","E","?","?","T","E","M","R","$","M","R","BOSS","M","?","M","?","?","R","E","M","T","M"],"items_purchased_type":["Card","Relic","Card","Card","Card","Card"],"build_version":"2020-12-22","purchased_purges":0,"victory":false,"max_hp_per_floor":[75,75,75,75,75,75,75,75,75,75,75,75,75,75,75,75,75,75,75,75,75,75,75,75,75,75,75,75],"card_choices":[{"not_picked":["theSenshi:MoonPrincessHalation","theSenshi:SailorChibiMoonAssists"],"picked":"theSenshi:DramaticEntrance","floor":1},{"not_picked":["theSenshi:SailorMarsAssists","theSenshi:MoonKick"],"picked":"theSenshi:SailorVenusAssists","floor":6},{"not_picked":["theSenshi:SilverMoonCrystalPowerKiss","theSenshi:MoonPrincessHalation"],"picked":"theSenshi:GatheringStrength","floor":7},{"not_picked":["theSenshi:MoonCosmicPowerMakeUp","theSenshi:MoonPunch"],"picked":"theSenshi:SaturnsMystery","floor":10},{"not_picked":["theSenshi:SailorStarFighterAssists","theSenshi:SailorVenusAssists"],"picked":"theSenshi:TuxedoSmokingBomber","floor":11},{"not_picked":["theSenshi:MoonSpiralHeartAttack","theSenshi:SailorPlanetPower"],"picked":"theSenshi:TuxedoMaskAssists","floor":11},{"not_picked":["theSenshi:CrisisMakeUp","theSenshi:SailorPlanetPower"],"picked":"theSenshi:MoonPunch","floor":14},{"not_picked":["theSenshi:TuxedoSmokingBomber","theSenshi:EncouragingSpeech"],"picked":"theSenshi:SailorMarsAssists","floor":14},{"not_picked":["theSenshi:FatedKiss","theSenshi:SailorStarHealerAssists"],"picked":"theSenshi:GlimpseOfThePast","floor":16},{"not_picked":["theSenshi:TuxedoSmokingBomber","theSenshi:SailorV"],"picked":"theSenshi:NeptunesGrace","floor":18},{"not_picked":["theSenshi:TuxedoSmokingBomber","theSenshi:TallSilhouette"],"picked":"theSenshi:MoonPrincessHalation+1","floor":18},{"not_picked":["theSenshi:HesSoDreamy+1","theSenshi:InTheNickOfTime+1"],"picked":"theSenshi:MoonKick","floor":20},{"not_picked":["theSenshi:TallSilhouette","theSenshi:LateForSchool"],"picked":"theSenshi:SailorPlanetPower","floor":20},{"not_picked":["theSenshi:MoonTiaraMagic","theSenshi:SailorNeptuneAssists"],"picked":"theSenshi:LateForSchool","floor":22},{"not_picked":["theSenshi:TallSilhouette+1","theSenshi:SailorNeptuneAssists"],"picked":"theSenshi:MoonTiaraMagic","floor":22},{"not_picked":["theSenshi:SchoolBag+1","theSenshi:MoonPunch"],"picked":"theSenshi:MoonPrincessHalation+1","floor":24},{"not_picked":["theSenshi:SchoolBag","theSenshi:FatedKiss"],"picked":"theSenshi:MoonKick","floor":25},{"not_picked":["theSenshi:SailorChibiMoonAssists","theSenshi:LateForSchool+1","theSenshi:Sidestep"],"picked":"SKIP","floor":25}],"player_experience":83739,"relics_obtained":[{"floor":5,"key":"Eternal Feather"},{"floor":6,"key":"reliquary:PrincelyHelmet"},{"floor":9,"key":"Prayer Wheel"},{"floor":10,"key":"reliquary:TuningFork"},{"floor":24,"key":"Nunchaku"},{"floor":26,"key":"reliquary:TatteredRug"}],"event_choices":[{"damage_healed":0,"gold_gain":0,"player_choice":"Leave","damage_taken":0,"max_hp_gain":0,"max_hp_loss":0,"event_name":"The Cleric","floor":3,"gold_loss":0},{"damage_healed":0,"gold_gain":0,"player_choice":"Grow","damage_taken":0,"max_hp_gain":0,"max_hp_loss":0,"event_name":"Living Wall","floor":4,"gold_loss":0,"cards_upgraded":["theSenshi:DramaticEntrance"]},{"damage_healed":0,"gold_gain":175,"player_choice":"AGREE","damage_taken":0,"max_hp_gain":0,"max_hp_loss":0,"event_name":"Liars Game","floor":8,"gold_loss":0,"cards_obtained":["Doubt"]},{"cards_removed":["Doubt"],"damage_healed":0,"gold_gain":0,"player_choice":"Gave Gold","damage_taken":0,"max_hp_gain":0,"max_hp_loss":0,"event_name":"Beggar","floor":19,"gold_loss":75},{"damage_healed":0,"gold_gain":100,"player_choice":"Pray","damage_taken":0,"max_hp_gain":0,"max_hp_loss":0,"event_name":"Golden Shrine","floor":21,"gold_loss":0}],"is_beta":false,"boss_relics":[{"not_picked":["reliquary:KinkedSpring","Runic Dome"],"picked":"SlaversCollar"}],"items_purged_floors":[],"is_endless":false,"potions_floor_spawned":[7,10,11,22,25],"killed_by":"Snecko","ascension_level":0}}