{"host":"9z6a73ubmgnn64m2","time":1614353557,"event":{"mods":["BaseMod","Bestiary","Colored Map","Highlight Path","Minty Spire (QoL Compilation)","Relic Stats"],"gold_per_floor":[111,128,128,143,153,153,184,199,199,215,215,245,264,20,20,115,115,128,128,138,157,5,5,33,33,60,60,95,95,111,138,138,237,237,255,300,1299,1299,1313,1313,1313],"floor_reached":40,"language":"ENG","playtime":7494,"items_purged":[],"score":505,"play_id":"6f6dccc3-d6e0-447a-9c81-1e9bc10f55f0","local_time":"20210226113237","is_ascension_mode":true,"campfire_choices":[{"data":"Bash","floor":6,"key":"SMITH"},{"data":"Whirlwind","floor":11,"key":"SMITH"},{"data":"Armaments","floor":15,"key":"SMITH"},{"floor":23,"key":"REST"},{"data":"Cleave","floor":25,"key":"SMITH"},{"data":"Heavy Blade","floor":27,"key":"SMITH"},{"floor":29,"key":"REST"},{"data":"Searing Blow","floor":32,"key":"SMITH"}],"circlet_count":0,"master_deck":["Strike_R","Strike_R","Strike_R","Defend_R","Defend_R","Defend_R","Defend_R","Bash+1","Whirlwind+1","Pommel Strike","Inflame","Spot Weakness","Flex","Rampage","Cleave+1","Offering","Heavy Blade+1","Armaments+1","Impervious","Searing Blow+1","Hemokinesis","Headbutt","Exhume","Fire Breathing","Cleave+1","Shrug It Off+1","Dark Embrace","Immolate","Wild Strike+1","Rage+1","Normality","Normality","Shrug It Off"],"relics":["Black Blood","Ancient Tea Set","Toy Ornithopter","Centennial Puzzle","Strawberry","Shuriken","Membership Card","PreservedInsect","Sozu","Incense Burner","Lizard Tail","Dream Catcher","Red Mask","Potion Belt","Ginger"],"acts_visited":["Exordium","TheCity","TheBeyond"],"potions_floor_usage":[12,16,16,36],"damage_taken":[{"damage":4,"enemies":"2 Louse","floor":1,"turns":4},{"damage":6,"enemies":"Cultist","floor":2,"turns":4},{"damage":7,"enemies":"Small Slimes","floor":4,"turns":3},{"damage":19,"enemies":"Blue Slaver","floor":5,"turns":5},{"damage":22,"enemies":"3 Sentries","floor":7,"turns":6},{"damage":0,"enemies":"Large Slime","floor":8,"turns":3},{"damage":1,"enemies":"3 Louse","floor":10,"turns":3},{"damage":19,"enemies":"Lagavulin","floor":12,"turns":4},{"damage":6,"enemies":"Exordium Thugs","floor":13,"turns":1},{"damage":53,"enemies":"The Guardian","floor":16,"turns":10},{"damage":8,"enemies":"Spheric Guardian","floor":18,"turns":5},{"damage":11,"enemies":"Shell Parasite","floor":20,"turns":4},{"damage":29,"enemies":"Sentry and Sphere","floor":21,"turns":5},{"damage":26,"enemies":"Book of Stabbing","floor":24,"turns":3},{"damage":22,"enemies":"Masked Bandits","floor":28,"turns":3},{"damage":5,"enemies":"Cultist and Chosen","floor":30,"turns":4},{"damage":18,"enemies":"Slavers","floor":31,"turns":4},{"damage":69,"enemies":"Champ","floor":33,"turns":11},{"damage":46,"enemies":"3 Shapes","floor":35,"turns":4},{"damage":46,"enemies":"2 Orb Walkers","floor":36,"turns":4},{"damage":20,"enemies":"Orb Walker","floor":39,"turns":5},{"damage":21,"enemies":"Nemesis","floor":40,"turns":6}],"seed_played":"1366186680558566360","potions_obtained":[{"floor":1,"key":"SteroidPotion"},{"floor":4,"key":"Block Potion"},{"floor":8,"key":"Energy Potion"},{"floor":10,"key":"Dexterity Potion"},{"floor":12,"key":"SkillPotion"}],"is_trial":false,"path_per_floor":["M","M","?","M","M","R","E","M","T","M","R","E","M","$","R","B",null,"M","?","M","M","$","R","E","R","T","R","?","R","M","E","R","B",null,"M","?","?","?","M","E"],"character_chosen":"IRONCLAD","items_purchased":["Membership Card","PreservedInsect","Armaments","Incense Burner"],"campfire_rested":2,"item_purchase_floors":[14,14,14,22],"current_hp_per_floor":[80,80,80,79,66,66,50,56,63,68,68,60,60,60,60,23,87,85,85,80,57,57,83,63,63,63,63,47,73,74,62,62,48,87,53,24,24,24,16,0,0],"gold":1313,"neow_bonus":"RANDOM_COMMON_RELIC","is_daily":false,"chose_seed":false,"campfire_upgraded":6,"win_rate":0.0,"timestamp":1614353557,"path_taken":["M","M","?","M","M","R","E","M","T","M","R","E","M","$","R","BOSS","M","?","M","M","$","R","E","R","T","R","?","R","M","E","R","BOSS","M","?","?","?","?","E"],"items_purchased_type":["Relic","Relic","Card","Relic"],"build_version":"2020-12-22","purchased_purges":0,"victory":false,"max_hp_per_floor":[80,80,80,80,80,80,80,80,87,87,87,87,87,87,87,87,87,87,87,87,87,87,87,87,87,87,87,87,87,87,87,87,87,87,87,87,87,87,87,87,87],"relic_stats":{"Sozu":3,"Centennial Puzzle":[48],"Lizard Tail":43,"Dream Catcher":1,"counters":[22,101],"Shuriken":[8],"Black Blood":142,"PreservedInsect":137,"Ginger":[0],"obtain_stats":[{"Potion Belt":31,"Black Blood":34,"PreservedInsect":14,"Incense Burner":22,"Ginger":36,"Ancient Tea Set":0,"Burning Blood":0,"Sozu":17,"Centennial Puzzle":7,"Lizard Tail":24,"Dream Catcher":26,"Shuriken":12,"Strawberry":9,"Red Mask":28,"Membership Card":14,"Toy Ornithopter":3},{"Potion Belt":17,"Black Blood":18,"PreservedInsect":9,"Incense Burner":13,"Ginger":20,"Ancient Tea Set":0,"Burning Blood":0,"Sozu":10,"Centennial Puzzle":5,"Lizard Tail":14,"Dream Catcher":14,"Shuriken":8,"Strawberry":6,"Red Mask":15,"Membership Card":9,"Toy Ornithopter":2},{"Potion Belt":71,"Black Blood":82,"PreservedInsect":33,"Incense Burner":57,"Ginger":90,"Ancient Tea Set":0,"Burning Blood":0,"Sozu":43,"Centennial Puzzle":22,"Lizard Tail":60,"Dream Catcher":60,"Shuriken":32,"Strawberry":25,"Red Mask":63,"Membership Card":33,"Toy Ornithopter":8}],"Toy Ornithopter":20},"card_choices":[{"not_picked":["Infernal Blade","Blood for Blood"],"picked":"Whirlwind","floor":1},{"not_picked":["Sword Boomerang","Uppercut"],"picked":"Pommel Strike","floor":2},{"not_picked":["Clash","Whirlwind"],"picked":"Inflame","floor":4},{"not_picked":["Clash","Shockwave"],"picked":"Spot Weakness","floor":5},{"not_picked":["Thunderclap","Rupture"],"picked":"Flex","floor":7},{"not_picked":["Pommel Strike","True Grit"],"picked":"Rampage","floor":8},{"not_picked":["Warcry","Inflame"],"picked":"Cleave","floor":10},{"not_picked":["Carnage","Intimidate"],"picked":"Offering","floor":12},{"not_picked":["True Grit","Shrug It Off"],"picked":"Heavy Blade","floor":13},{"not_picked":["Double Tap","Bludgeon"],"picked":"Impervious","floor":16},{"not_picked":["Cleave","Heavy Blade","Perfected Strike+1"],"picked":"SKIP","floor":18},{"not_picked":["Heavy Blade","Twin Strike+1"],"picked":"Headbutt","floor":20},{"not_picked":["Fire Breathing+1","Shrug It Off"],"picked":"Exhume","floor":21},{"not_picked":["Sword Boomerang","Anger+1"],"picked":"Fire Breathing","floor":24},{"not_picked":["Evolve","Heavy Blade+1"],"picked":"Cleave+1","floor":29},{"not_picked":["Body Slam","Wild Strike+1"],"picked":"Shrug It Off+1","floor":30},{"not_picked":["Flex","Power Through"],"picked":"Dark Embrace","floor":31},{"not_picked":["Offering","Juggernaut"],"picked":"Immolate","floor":33},{"not_picked":["Pommel Strike+1","Heavy Blade+1"],"picked":"Wild Strike+1","floor":35},{"not_picked":["Uppercut+1","Flex"],"picked":"Rage+1","floor":36},{"not_picked":["Shockwave+1","Twin Strike"],"picked":"Shrug It Off","floor":39}],"player_experience":151137,"relics_obtained":[{"floor":7,"key":"Centennial Puzzle"},{"floor":9,"key":"Strawberry"},{"floor":12,"key":"Shuriken"},{"floor":24,"key":"Lizard Tail"},{"floor":26,"key":"Dream Catcher"},{"floor":28,"key":"Red Mask"},{"floor":31,"key":"Potion Belt"},{"floor":36,"key":"Ginger"}],"event_choices":[{"damage_healed":0,"gold_gain":0,"player_choice":"Gave Potion","damage_taken":0,"relics_obtained":["Toy Ornithopter"],"max_hp_gain":0,"max_hp_loss":0,"event_name":"WeMeetAgain","floor":3,"gold_loss":0},{"damage_healed":0,"gold_gain":0,"cards_transformed":["Strike_R","Strike_R"],"player_choice":"Became Test Subject","damage_taken":0,"max_hp_gain":0,"max_hp_loss":0,"event_name":"Drug Dealer","floor":19,"gold_loss":0,"cards_obtained":["Searing Blow","Hemokinesis"]},{"damage_healed":0,"gold_gain":0,"player_choice":"Fought Bandits","damage_taken":0,"max_hp_gain":0,"max_hp_loss":0,"event_name":"Masked Bandits","floor":28,"gold_loss":0},{"damage_healed":0,"gold_gain":0,"player_choice":"Fight","damage_taken":0,"max_hp_gain":0,"max_hp_loss":0,"event_name":"Mysterious Sphere","floor":36,"gold_loss":0},{"damage_healed":0,"gold_gain":999,"player_choice":"Gold","damage_taken":0,"max_hp_gain":0,"max_hp_loss":0,"event_name":"MindBloom","floor":37,"gold_loss":0,"cards_obtained":["Normality","Normality"]},{"damage_healed":0,"gold_gain":0,"player_choice":"Bought 0 Potions","damage_taken":0,"max_hp_gain":0,"max_hp_loss":0,"event_name":"The Woman in Blue","floor":38,"gold_loss":0}],"is_beta":false,"boss_relics":[{"not_picked":["Coffee Dripper","Fusion Hammer"],"picked":"Sozu"},{"not_picked":["Tiny House","Black Star"],"picked":"Black Blood"}],"items_purged_floors":[],"is_endless":false,"potions_floor_spawned":[1,4,8,10,12,20,24,31,39],"killed_by":"Nemesis","ascension_level":2}}