{"host":"ww12db68ec84yd8w","time":1614373792,"event":{"mods":["BaseMod","Colored Map","Minty Spire (QoL Compilation)","StSLib"],"gold_per_floor":[114,114,114,134,112,155,105,105,105,148,164,164,5,58,58,188,188,213,213,138,162,34,34,34,34,34],"floor_reached":25,"language":"ENG","playtime":698,"items_purged":["Strike_B"],"score":332,"play_id":"e3800f31-6484-4068-b68b-f98e3a24a99b","local_time":"20210226130952","is_ascension_mode":true,"campfire_choices":[{"floor":8,"key":"REST"},{"floor":15,"key":"REST"},{"floor":23,"key":"REST"}],"circlet_count":0,"master_deck":["Defend_B","Defend_B","Defend_B","Zap","Dualcast","Core Surge","Ball Lightning","Ball Lightning","Defragment","Barrage","Go for the Eyes","Electrodynamics","Multi-Cast","Force Field+1","Turbo+1","Meteor Strike+1","Ball Lightning","Static Discharge","Defragment","Conserve Battery"],"relics":["Cracked Core","Golden Idol","InkBottle","Orichalcum","Darkstone Periapt","Nloth\u0027s Gift"],"acts_visited":["Exordium","TheCity"],"potions_floor_usage":[10,10],"damage_taken":[{"damage":7,"enemies":"Jaw Worm","floor":1,"turns":3},{"damage":1,"enemies":"2 Louse","floor":4,"turns":2},{"damage":30,"enemies":"3 Sentries","floor":6,"turns":6},{"damage":13,"enemies":"Gremlin Nob","floor":10,"turns":3},{"damage":5,"enemies":"Small Slimes","floor":11,"turns":3},{"damage":0,"enemies":"Slime Boss","floor":16,"turns":5},{"damage":0,"enemies":"Spheric Guardian","floor":18,"turns":2},{"damage":30,"enemies":"2 Thieves","floor":21,"turns":3},{"damage":64,"enemies":"Slavers","floor":25,"turns":3}],"seed_played":"3064667478989201249","potions_obtained":[{"floor":1,"key":"Swift Potion"},{"floor":6,"key":"DuplicationPotion"}],"is_trial":false,"path_per_floor":["M","?","?","M","?","E","?","R","T","E","M","?","$","?","R","B",null,"M","?","$","M","$","R","?","E"],"character_chosen":"DEFECT","items_purchased":["Electrodynamics","Defragment","Conserve Battery"],"campfire_rested":3,"item_purchase_floors":[13,22,22],"current_hp_per_floor":[61,43,43,42,42,12,12,34,34,21,16,4,4,4,26,26,63,63,63,63,33,33,55,55,0,0],"gold":34,"neow_bonus":"ONE_RANDOM_RARE_CARD","is_daily":false,"chose_seed":false,"campfire_upgraded":0,"win_rate":0.0,"timestamp":1614373792,"path_taken":["M","?","?","M","?","E","?","R","T","E","M","?","$","?","R","BOSS","M","?","?","M","$","R","?","E"],"items_purchased_type":["Card","Card","Card"],"build_version":"2020-12-22","purchased_purges":1,"victory":false,"max_hp_per_floor":[75,75,75,75,75,75,75,75,75,75,75,75,75,75,75,75,75,75,75,75,75,75,75,75,75,75],"card_choices":[{"not_picked":["Leap","Lockon"],"picked":"Ball Lightning","floor":1},{"not_picked":["Hologram","Turbo"],"picked":"Ball Lightning","floor":4},{"not_picked":["Hologram","Heatsinks"],"picked":"Defragment","floor":6},{"not_picked":["Turbo","Double Energy"],"picked":"Barrage","floor":10},{"not_picked":["Rebound","Coolheaded"],"picked":"Go for the Eyes","floor":11},{"not_picked":["Fission","Biased Cognition"],"picked":"Multi-Cast","floor":16},{"not_picked":["Stack","Consume"],"picked":"Ball Lightning","floor":18},{"not_picked":["Recycle","Coolheaded+1"],"picked":"Static Discharge","floor":21}],"player_experience":231461,"relics_obtained":[{"floor":6,"key":"InkBottle"},{"floor":9,"key":"Orichalcum"},{"floor":10,"key":"Darkstone Periapt"}],"event_choices":[{"damage_healed":0,"gold_gain":0,"player_choice":"Take Damage","damage_taken":18,"relics_obtained":["Golden Idol"],"max_hp_gain":0,"max_hp_loss":0,"event_name":"Golden Idol","floor":2,"gold_loss":0},{"damage_healed":0,"gold_gain":0,"player_choice":"Ignored","damage_taken":0,"max_hp_gain":0,"max_hp_loss":0,"event_name":"Liars Game","floor":3,"gold_loss":0},{"damage_healed":0,"gold_gain":0,"player_choice":"Left Gold","damage_taken":0,"max_hp_gain":0,"max_hp_loss":0,"event_name":"World of Goop","floor":5,"gold_loss":22},{"cards_removed":["Strike_B"],"damage_healed":0,"gold_gain":0,"player_choice":"Card Removal","damage_taken":0,"max_hp_gain":0,"max_hp_loss":0,"event_name":"The Cleric","floor":7,"gold_loss":50},{"damage_healed":0,"gold_gain":0,"player_choice":"Fled","damage_taken":12,"max_hp_gain":0,"max_hp_loss":0,"event_name":"Scrap Ooze","floor":12,"gold_loss":0},{"damage_healed":0,"gold_gain":53,"player_choice":"Gained Gold","damage_taken":0,"max_hp_gain":0,"max_hp_loss":0,"event_name":"Golden Wing","floor":14,"gold_loss":0},{"damage_healed":0,"gold_gain":0,"player_choice":"Traded Relic","damage_taken":0,"relics_obtained":["Nloth\u0027s Gift"],"max_hp_gain":0,"max_hp_loss":0,"event_name":"N\u0027loth","floor":19,"relics_lost":["Astrolabe"],"gold_loss":0}],"is_beta":false,"boss_relics":[{"not_picked":["Runic Pyramid","Cursed Key"],"picked":"Astrolabe"}],"items_purged_floors":[20],"is_endless":false,"potions_floor_spawned":[1,6],"killed_by":"Slavers","ascension_level":6}}