{"host":"9slw7l0ws16384qq","time":1614371059,"event":{"mods":["A Penny For Your Troubles","BaseMod","Colored Map","Downfall","Evolution","Hubris","Minty Spire (QoL Compilation)","Replay The Spire","StS++","StSLib"],"gold_per_floor":[99,99,99,99,114,114,114,56,90,90,90,101,101,101,112,185,185,185,199,213,223,240,65,65,76,76,92,92,92,121,134,146,223,223,123,134,145,145,119,19,19,19,49,49,49,79,79,89,107,108],"floor_reached":51,"language":"FRA","playtime":2474,"items_purged":["Guardian:PiercingHide"],"score":1785,"play_id":"c9705451-9b77-416d-84ef-8abde557ed34","local_time":"20210226212419","is_ascension_mode":true,"campfire_choices":[{"floor":1.0,"key":"DIG"},{"data":"Guardian:PiercingHide","floor":11,"key":"SMITH"},{"data":"Guardian:ChargeUp","floor":13,"key":"SMITH"},{"data":"Guardian:SentryBeam","floor":18,"key":"SMITH"},{"floor":26,"key":"REST"},{"floor":28,"key":"REST"},{"floor":35,"key":"RECALL"},{"data":"Guardian:PiercingHide","floor":40,"key":"SMITH"},{"data":"Guardian:PiercingHide","floor":42,"key":"SMITH"},{"data":"Guardian:TemporalStrike","floor":44,"key":"SMITH"},{"data":"Guardian:TemporalStrike","floor":45,"key":"SMITH"}],"circlet_count":0,"master_deck":["AscendersBane","Guardian:TemporalStrike+1","Guardian:TemporalStrike+1","Guardian:TemporalStrike+1","Guardian:TemporalStrike+1","Guardian:PiercingHide+1","Guardian:PiercingHide+1","Guardian:PiercingHide+1","Guardian:TwinSlam","Guardian:SentryBeam+1","Guardian:ChargeUp+1","Guardian:ChargeUp+1","Guardian:Gem_Orange","Replay:SS_hec_1"],"relics":["Guardian:ModeShifter","EVO:Axolotl","downfall:HeartsMalice","ReplayTheSpireMod:Ninjato","Counterbalance","hubris:TenFootPole","downfall:ShatteredFragment","Whetstone","ReplayTheSpireMod:Lightbulb","Sozu","downfall:HeartBlessingBlue","Snack Pack","downfall:HeartBlessingRed","hubris:Metronome","Gremlin Horn","Replay:Mystery Machine"],"acts_visited":["Exordium","TheCity","TheBeyond"],"potions_floor_usage":[25,36,50],"damage_taken":[{"damage":0.0,"enemies":"Jaw Worm","floor":2.0,"turns":1.0},{"damage":0.0,"enemies":"Small Slimes","floor":3.0,"turns":1.0},{"damage":0.0,"enemies":"Cultist","floor":4.0,"turns":1.0},{"damage":9.0,"enemies":"Large Slime","floor":5.0,"turns":11.0},{"damage":0,"enemies":"downfall:FleeingMerchant","floor":8,"turns":4},{"damage":3,"enemies":"3 Sentries","floor":9,"turns":8},{"damage":0,"enemies":"Gremlin Gang","floor":12,"turns":5},{"damage":0,"enemies":"Exordium Thugs","floor":15,"turns":2},{"damage":0,"enemies":"SI_SHIV_ARCHETYPE","floor":16,"turns":5},{"damage":0,"enemies":"Shell Parasite","floor":19,"turns":3},{"damage":0,"enemies":"downfall:LooterAlt2","floor":20,"turns":3},{"damage":5,"enemies":"Snake Plant","floor":21,"turns":3},{"damage":14,"enemies":"Centurion and Healer","floor":22,"turns":5},{"damage":0,"enemies":"downfall:FleeingMerchant","floor":23,"turns":4},{"damage":11,"enemies":"Shelled Parasite and Fungi","floor":25,"turns":4},{"damage":7,"enemies":"Snake Plant","floor":27,"turns":3},{"damage":0,"enemies":"Gremlin Leader","floor":30,"turns":4},{"damage":0,"enemies":"Snecko","floor":31,"turns":3},{"damage":2,"enemies":"Centurion and Healer","floor":32,"turns":4},{"damage":0,"enemies":"WA_ARCHETYPE_CALM","floor":33,"turns":8},{"damage":7,"enemies":"3 Shapes","floor":36,"turns":4},{"damage":8,"enemies":"3 Darklings","floor":37,"turns":3},{"damage":0,"enemies":"downfall:FleeingMerchant","floor":39,"turns":4},{"damage":0,"enemies":"Reptomancer","floor":43,"turns":4},{"damage":9,"enemies":"R_Hoarder","floor":46,"turns":6},{"damage":4,"enemies":"Spire Growth","floor":48,"turns":3},{"damage":13,"enemies":"Writhing Mass","floor":49,"turns":4},{"damage":0,"enemies":"IC_BLOCK_ARCHETYPE","floor":50,"turns":5}],"seed_played":"-4030192508410715817","potions_obtained":[{"floor":5.0,"key":"Guardian:DefensiveModePotion"},{"floor":9,"key":"LiquidBronze"},{"floor":25,"key":"Languid Potion"}],"is_trial":false,"path_per_floor":["R_BF","M","M","M","M","?","T","$","E","?","R","M","R","?","M","B",null,"R","M","M","M","M","$","T","M","R","M","R","?","E","M","M","B",null,"R","M","M","?","$","R","T","R","E","R","R","E","?","M","M","B",null],"character_chosen":"GUARDIAN","items_purchased":["Guardian:SentryBeam","Whetstone","Snack Pack"],"campfire_rested":2,"item_purchase_floors":[8,23,39],"current_hp_per_floor":[65,65,65,65,56,56,56,56,53,41,41,41,41,41,41,41,64,64,64,64,59,45,45,45,34,55,48,69,69,69,69,67,67,71,81,74,66,66,66,66,66,66,76,76,76,77,77,81,73,82],"gold":108,"neow_bonus":"THREE_ENEMY_KILL","is_daily":false,"chose_seed":false,"campfire_upgraded":7,"win_rate":0.0,"timestamp":1614371059,"path_taken":["R_BF","M","M","M","M","?","T","$","E","?","R","M","R","?","M","BOSS","R","M","M","?","M","$","T","M","R","M","R","?","E","?","M","BOSS","R","M","M","?","$","R","T","R","E","R","R","E","?","?","M","BOSS"],"items_purchased_type":["Card","Relic","Relic"],"build_version":"2020-12-22","purchased_purges":1,"victory":true,"max_hp_per_floor":[72,72,72,72,72,72,72,72,72,72,72,72,72,72,72,72,72,72,72,72,72,72,72,72,72,72,72,72,72,72,72,72,72,72,82,82,82,82,82,82,82,82,82,82,82,82,82,82,82,82],"card_choices":[{"not_picked":["Guardian:Emergency","Guardian:Suspension","Guardian:WalkerClaw"],"picked":"SKIP","floor":2.0},{"not_picked":["Guardian:CrystalBeam","Guardian:Planning","Guardian:TemporalStrike"],"picked":"SKIP","floor":3.0},{"not_picked":["Guardian:Incinerate","Guardian:ChargeCore"],"picked":"Guardian:Gem_Cyan","floor":4.0},{"not_picked":["Guardian:BronzeArmor","Guardian:WalkerClaw","Guardian:ChargeUp"],"picked":"SKIP","floor":5.0},{"not_picked":["Guardian:TemporalShield","Guardian:Repulse","Guardian:BaubleBeam"],"picked":"SKIP","floor":8},{"not_picked":["Guardian:MultiBeam","Guardian:Gem_Green","Guardian:Clone"],"picked":"SKIP","floor":9},{"not_picked":["Guardian:Gem_Green","Guardian:Planning"],"picked":"Guardian:ChargeUp","floor":12},{"not_picked":["Guardian:VentSteam","Guardian:Gem_Crimson","Guardian:WalkerClaw"],"picked":"SKIP","floor":15},{"not_picked":["Guardian:Gem_Crimson","Guardian:ArmoredProtocol"],"picked":"Guardian:Gem_Cyan","floor":19},{"not_picked":["Guardian:Recover","Guardian:PiercingHide","Guardian:Orbwalk"],"picked":"SKIP","floor":20},{"not_picked":["Guardian:Emergency","Guardian:TemporalStrike","Guardian:Gem_Blue"],"picked":"SKIP","floor":21},{"not_picked":["Guardian:Reroute","Guardian:ShieldSpikes","Guardian:PrimingBeam"],"picked":"SKIP","floor":22},{"not_picked":["Guardian:VentSteam","Guardian:Reroute","Guardian:WalkerClaw"],"picked":"SKIP","floor":23},{"not_picked":["Guardian:ChargeUp","Guardian:PrismaticBarrier"],"picked":"Guardian:Gem_White","floor":25},{"not_picked":["Guardian:MultiBeam","Guardian:CompilePackage","Guardian:RollAttack"],"picked":"SKIP","floor":27},{"not_picked":["Guardian:Suspension","Guardian:Clone","Guardian:Gem_Red"],"picked":"SKIP","floor":30},{"not_picked":["Guardian:Gem_Green","Guardian:Preprogram","Guardian:Recover"],"picked":"SKIP","floor":31},{"not_picked":["Guardian:WalkerClaw","Guardian:FastForward","Guardian:MultiBeam"],"picked":"SKIP","floor":32},{"not_picked":["Guardian:StasisStrike","Guardian:TimeSifter"],"picked":"Guardian:Gem_Synthetic","floor":33},{"not_picked":["Guardian:FuturePlans","Guardian:Gem_Purple"],"picked":"Guardian:Gem_Cyan","floor":36},{"not_picked":["Guardian:FuturePlans+1","Guardian:Gem_Yellow","Guardian:PrimingBeam"],"picked":"SKIP","floor":37},{"not_picked":["Guardian:StasisEngine","Guardian:Clone","Guardian:RollAttack"],"picked":"SKIP","floor":39},{"not_picked":["Guardian:Gem_Green","Guardian:ChargeCore","Guardian:Gem_Yellow"],"picked":"SKIP","floor":43},{"not_picked":["Guardian:SpikerProtocol","Guardian:Reroute"],"picked":"Guardian:Gem_Orange","floor":46},{"not_picked":["expansioncontent:InvincibleStrength","expansioncontent:AwakenDeath"],"picked":"Replay:SS_hec_1","floor":47},{"not_picked":["Guardian:TimeBomb","Guardian:ArmoredProtocol","Guardian:GuardianWhirl"],"picked":"SKIP","floor":48},{"not_picked":["Guardian:GuardianWhirl","Guardian:PrismaticBeam+1","Guardian:Incinerate"],"picked":"SKIP","floor":49}],"player_experience":1738789,"relics_obtained":[{"floor":1.0,"key":"ReplayTheSpireMod:Ninjato"},{"floor":7.0,"key":"Counterbalance"},{"floor":9,"key":"hubris:TenFootPole"},{"floor":30,"key":"ReplayTheSpireMod:Lightbulb"},{"floor":41,"key":"hubris:Metronome"},{"floor":43,"key":"Gremlin Horn"},{"floor":46,"key":"Replay:Mystery Machine"}],"event_choices":[{"cards_removed":["Guardian:CurlUp"],"damage_healed":0.0,"max_hp_gain":0.0,"max_hp_loss":0.0,"gold_gain":0.0,"event_name":"The Cleric","player_choice":"Card Removal","floor":6.0,"gold_loss":0.0,"damage_taken":0.0},{"damage_healed":0,"gold_gain":0,"player_choice":"Leave","damage_taken":0,"max_hp_gain":0,"max_hp_loss":0,"event_name":"FaceTrader","floor":29,"gold_loss":0}],"is_beta":false,"boss_relics":[{"not_picked":["StSpp:CrystalBall","Snecko Eye","Pandora\u0027s Box"]},{"not_picked":["Philosopher\u0027s Stone","hubris:GrandSneckoEye"],"picked":"Sozu"}],"items_purged_floors":[39],"is_endless":false,"potions_floor_spawned":[5,9,12,16,19,21,22,25,31,33,46,49],"ascension_level":16}}