{"host":"qc8p2flj7wsy3zpg","time":1614363262,"event":{"mods":["BaseMod","Highlight Path","Minty Spire (QoL Compilation)","Monster List Patch","Relic Stats","StSLib"],"gold_per_floor":[117,131,206,219,219,219,250,250,275,275,302,302,302,337,337,414,414,430,430,430,1,14,49,49,64,135,135,168,183,194,194,194,269,269,287,1286,1296,942,994,1019,1050,1063,1086,1115,1115,1144,1144,1144,1144,1144,1144,1144,1144,229,263,263],"floor_reached":57,"language":"ENG","playtime":2753,"items_purged":[],"score":3019,"play_id":"c19d0be9-cbd3-467b-85e7-2895b435ab3a","local_time":"20210226121422","is_ascension_mode":true,"campfire_choices":[{"data":"Blood for Blood","floor":6.0,"key":"SMITH"},{"data":"Bash","floor":8.0,"key":"SMITH"},{"data":"Wild Strike","floor":10.0,"key":"SMITH"},{"floor":15.0,"key":"REST"},{"floor":24.0,"key":"REST"},{"floor":32.0,"key":"REST"},{"floor":47.0,"key":"RECALL"},{"floor":49.0,"key":"REST"},{"floor":53,"key":"REST"}],"circlet_count":0,"master_deck":["AscendersBane","Bash+1","Blood for Blood+1","Wild Strike+1","Flame Barrier","Cleave+1","Battle Trance","Clothesline","Offering","Headbutt","Feel No Pain","Spot Weakness","Seeing Red","Feed","Sword Boomerang","Juggernaut","Flame Barrier","Blood for Blood+1","Whirlwind+1","Inflame","J.A.X.+1","Corruption","True Grit+1","Dark Embrace","Flame Barrier+1","Barricade","Flame Barrier+1","Flame Barrier","Panacea","Battle Trance+1"],"relics":["Burning Blood","Orichalcum","Nunchaku","Mercury Hourglass","Boot","Pandora\u0027s Box","Enchiridion","CaptainsWheel","Omamori","Singing Bowl","Ancient Tea Set","Paper Frog","Snecko Eye","Medical Kit","Whetstone","Calipers","WingedGreaves","Bird Faced Urn","Regal Pillow","Champion Belt","Vajra","Torii","DollysMirror","Happy Flower"],"acts_visited":["Exordium","TheCity","TheBeyond","TheEnding"],"potions_floor_usage":[55,56],"damage_taken":[{"damage":11.0,"enemies":"Jaw Worm","floor":1.0,"turns":4.0},{"damage":9.0,"enemies":"2 Louse","floor":2.0,"turns":4.0},{"damage":1.0,"enemies":"Small Slimes","floor":4.0,"turns":3.0},{"damage":40.0,"enemies":"Lagavulin","floor":7.0,"turns":5.0},{"damage":20.0,"enemies":"Gremlin Nob","floor":11.0,"turns":4.0},{"damage":13.0,"enemies":"3 Sentries","floor":14.0,"turns":5.0},{"damage":37.0,"enemies":"Hexaghost","floor":16.0,"turns":10.0},{"damage":12.0,"enemies":"Chosen","floor":18.0,"turns":3.0},{"damage":6.0,"enemies":"3 Byrds","floor":22.0,"turns":2.0},{"damage":29.0,"enemies":"Slavers","floor":23.0,"turns":4.0},{"damage":23.0,"enemies":"Centurion and Healer","floor":25.0,"turns":3.0},{"damage":12.0,"enemies":"Book of Stabbing","floor":28.0,"turns":4.0},{"damage":24.0,"enemies":"Snake Plant","floor":29.0,"turns":2.0},{"damage":13.0,"enemies":"Snecko","floor":30.0,"turns":3.0},{"damage":23.0,"enemies":"Automaton","floor":33.0,"turns":6.0},{"damage":9.0,"enemies":"Orb Walker","floor":35.0,"turns":2.0},{"damage":4.0,"enemies":"3 Shapes","floor":37.0,"turns":4.0},{"damage":13.0,"enemies":"2 Orb Walkers","floor":39.0,"turns":3.0},{"damage":9.0,"enemies":"Giant Head","floor":40.0,"turns":4.0},{"damage":31.0,"enemies":"Reptomancer","floor":41.0,"turns":3.0},{"damage":23.0,"enemies":"3 Darklings","floor":42.0,"turns":3.0},{"damage":27.0,"enemies":"Nemesis","floor":44.0,"turns":3.0},{"damage":9.0,"enemies":"Giant Head","floor":46.0,"turns":5.0},{"damage":30.0,"enemies":"Donu and Deca","floor":50.0,"turns":3.0},{"damage":113,"enemies":"Awakened One","floor":51,"turns":10},{"damage":37,"enemies":"Shield and Spear","floor":55,"turns":8},{"damage":56,"enemies":"The Heart","floor":56,"turns":6}],"seed_played":"5216539595389217787","potions_obtained":[{"floor":1.0,"key":"SpeedPotion"},{"floor":2.0,"key":"SkillPotion"},{"floor":4.0,"key":"Regen Potion"},{"floor":16.0,"key":"Swift Potion"},{"floor":18.0,"key":"Energy Potion"},{"floor":29.0,"key":"EntropicBrew"},{"floor":35.0,"key":"Ancient Potion"}],"is_trial":false,"path_per_floor":["M","M","?","M","?","R","E","R","T","R","E","?","?","E","R","B",null,"M","?","?","$","M","E","R","M","T","T","E","M","M","?","R","B",null,"M","?","M","$","?","E","E","M","T","E","?","E","R","?","R","B","B",null,"R","$","E","B",null],"character_chosen":"IRONCLAD","items_purchased":["CaptainsWheel","Flame Barrier","Medical Kit","Whetstone","Dark Embrace","Vajra","Torii","DollysMirror","Flame Barrier","SkillPotion","Panacea"],"campfire_rested":5,"item_purchase_floors":[21,21,38,38,38,54,54,54,54,54,54],"current_hp_per_floor":[70,67,56,61,66,66,46,46,46,46,32,32,32,25,51,20,70,64,64,43,43,46,26,53,39,39,39,35,17,15,15,45,28,84,84,84,91,91,89,91,68,61,61,53,53,63,63,63,117,107,12,101,131,131,106,68],"gold":263,"neow_bonus":"TEN_PERCENT_HP_BONUS","is_daily":false,"chose_seed":false,"campfire_upgraded":3,"win_rate":0.0,"timestamp":1614363262,"path_taken":["M","M","?","M","?","R","E","R","T","R","E","?","?","E","R","BOSS","M","?","?","$","M","E","R","M","T","?","E","M","?","?","R","BOSS","M","?","M","$","?","E","E","M","T","E","?","E","R","?","R","BOSS","BOSS","R","$","E","BOSS"],"items_purchased_type":["Relic","Card","Relic","Relic","Card","Relic","Relic","Relic","Card","Potion","Card"],"build_version":"2020-12-22","purchased_purges":0,"victory":true,"max_hp_per_floor":[82,82,82,82,87,87,87,87,87,87,87,87,87,87,87,87,87,87,87,87,87,90,93,93,96,96,96,98,98,103,103,103,103,103,106,106,111,111,116,121,123,125,125,128,128,131,131,131,131,131,131,131,131,131,131,131],"relic_stats":{"Regal Pillow":15,"Singing Bowl":14,"Torii":35,"Happy Flower":[2],"counters":[27,115],"Whetstone":["Cleave","Carnage"],"Orichalcum":[186],"Boot":[41],"Medical Kit":[18],"Burning Blood":162,"Mercury Hourglass":[394],"Nunchaku":[21],"Bird Faced Urn":[72],"Snecko Eye":[120,122,119,101],"Pandora\u0027s Box":["Headbutt","Feel No Pain","Spot Weakness","Seeing Red","Feed","Sword Boomerang","Barricade","Juggernaut","Carnage"],"Champion Belt":[4],"obtain_stats":[{"Regal Pillow":44,"Calipers":39,"Singing Bowl":26,"Torii":54,"Happy Flower":55,"Enchiridion":20,"Vajra":54,"Omamori":23,"Whetstone":38,"Orichalcum":7,"Boot":14,"Ancient Tea Set":27,"Medical Kit":38,"Burning Blood":0,"Mercury Hourglass":11,"Nunchaku":9,"CaptainsWheel":21,"DollysMirror":54,"Bird Faced Urn":41,"Snecko Eye":34,"Pandora\u0027s Box":17,"WingedGreaves":40,"Champion Belt":46,"Paper Frog":28},{"Regal Pillow":22,"Calipers":18,"Singing Bowl":11,"Torii":25,"Happy Flower":26,"Enchiridion":8,"Vajra":25,"Omamori":10,"Whetstone":17,"Orichalcum":4,"Boot":6,"Ancient Tea Set":11,"Medical Kit":17,"Burning Blood":0,"Mercury Hourglass":5,"Nunchaku":4,"CaptainsWheel":8,"DollysMirror":25,"Bird Faced Urn":20,"Snecko Eye":15,"Pandora\u0027s Box":7,"WingedGreaves":19,"Champion Belt":23,"Paper Frog":12},{"Regal Pillow":83,"Calipers":70,"Singing Bowl":46,"Torii":101,"Happy Flower":109,"Enchiridion":37,"Vajra":101,"Omamori":43,"Whetstone":67,"Orichalcum":16,"Boot":24,"Ancient Tea Set":46,"Medical Kit":67,"Burning Blood":0,"Mercury Hourglass":20,"Nunchaku":16,"CaptainsWheel":37,"DollysMirror":101,"Bird Faced Urn":77,"Snecko Eye":61,"Pandora\u0027s Box":34,"WingedGreaves":74,"Champion Belt":88,"Paper Frog":50}]},"card_choices":[{"not_picked":["Fire Breathing","Entrench"],"picked":"Blood for Blood","floor":1.0},{"not_picked":["Havoc","Flex"],"picked":"Wild Strike","floor":2.0},{"not_picked":["Armaments","Iron Wave"],"picked":"Flame Barrier","floor":4.0},{"not_picked":["Rampage","Heavy Blade"],"picked":"Cleave","floor":7.0},{"not_picked":["Clash","Ghostly Armor"],"picked":"Battle Trance","floor":11.0},{"not_picked":["Berserk","Warcry"],"picked":"Clothesline","floor":14.0},{"not_picked":["Barricade","Reaper"],"picked":"Offering","floor":16.0},{"not_picked":["True Grit","Metallicize"],"picked":"Blood for Blood+1","floor":22.0},{"not_picked":["Bloodletting+1","Anger"],"picked":"Whirlwind+1","floor":23.0},{"not_picked":["True Grit","Twin Strike","Whirlwind"],"picked":"Singing Bowl","floor":28.0},{"not_picked":["Havoc","Thunderclap"],"picked":"Inflame","floor":29.0},{"not_picked":["Evolve","Ghostly Armor","Flex"],"picked":"Singing Bowl","floor":30.0},{"not_picked":["Bludgeon","Juggernaut"],"picked":"Corruption","floor":33.0},{"not_picked":["Shrug It Off","Warcry"],"picked":"True Grit+1","floor":35.0},{"not_picked":["Pommel Strike","Clash","Fire Breathing"],"picked":"Singing Bowl","floor":37.0},{"not_picked":["Flex+1","Reckless Charge","Heavy Blade"],"picked":"Singing Bowl","floor":39.0},{"not_picked":["Armaments","Clothesline","True Grit"],"picked":"Singing Bowl","floor":40.0},{"not_picked":["Sentinel","Whirlwind","Dropkick"],"picked":"Singing Bowl","floor":41.0},{"not_picked":["Searing Blow","Rage","Combust"],"picked":"Singing Bowl","floor":42.0},{"not_picked":["Pummel","Flex"],"picked":"Flame Barrier+1","floor":44.0},{"not_picked":["Heavy Blade","Sentinel"],"picked":"Barricade","floor":46.0},{"not_picked":["Anger","Reckless Charge"],"picked":"Battle Trance+1","floor":55}],"player_experience":2438856,"relics_obtained":[{"floor":7.0,"key":"Orichalcum"},{"floor":9.0,"key":"Nunchaku"},{"floor":11.0,"key":"Mercury Hourglass"},{"floor":14.0,"key":"Boot"},{"floor":20.0,"key":"Enchiridion"},{"floor":23.0,"key":"Omamori"},{"floor":26.0,"key":"Singing Bowl"},{"floor":27.0,"key":"Ancient Tea Set"},{"floor":28.0,"key":"Paper Frog"},{"floor":39.0,"key":"Calipers"},{"floor":40.0,"key":"WingedGreaves"},{"floor":41.0,"key":"Bird Faced Urn"},{"floor":44.0,"key":"Regal Pillow"},{"floor":46.0,"key":"Champion Belt"},{"floor":55,"key":"Happy Flower"}],"event_choices":[{"damage_healed":0.0,"max_hp_gain":0.0,"max_hp_loss":0.0,"gold_gain":75.0,"event_name":"World of Goop","player_choice":"Gather Gold","floor":3.0,"gold_loss":0.0,"damage_taken":11.0},{"damage_healed":0.0,"max_hp_gain":5.0,"max_hp_loss":0.0,"gold_gain":0.0,"event_name":"Big Fish","player_choice":"Donut","floor":5.0,"gold_loss":0.0,"damage_taken":0.0},{"damage_healed":0.0,"max_hp_gain":0.0,"max_hp_loss":0.0,"gold_gain":0.0,"event_name":"Scrap Ooze","player_choice":"Fled","floor":12.0,"gold_loss":0.0,"damage_taken":0.0},{"damage_healed":0.0,"max_hp_gain":0.0,"max_hp_loss":0.0,"gold_gain":0.0,"event_name":"Shining Light","player_choice":"Ignored","floor":13.0,"gold_loss":0.0,"damage_taken":0.0},{"cards_removed":["Barricade"],"damage_healed":0.0,"max_hp_gain":0.0,"max_hp_loss":0.0,"gold_gain":0.0,"event_name":"Back to Basics","player_choice":"Elegance","floor":19.0,"gold_loss":0.0,"damage_taken":0.0},{"damage_healed":0.0,"max_hp_gain":0.0,"max_hp_loss":0.0,"gold_gain":0.0,"event_name":"Cursed Tome","player_choice":"Obtained Book","floor":20.0,"gold_loss":0.0,"damage_taken":21.0},{"damage_healed":0.0,"max_hp_gain":0.0,"max_hp_loss":0.0,"gold_gain":0.0,"event_name":"Drug Dealer","player_choice":"Obtain J.A.X.","floor":31.0,"gold_loss":0.0,"damage_taken":0.0,"cards_obtained":["J.A.X."]},{"damage_healed":0.0,"max_hp_gain":0.0,"max_hp_loss":0.0,"gold_gain":999.0,"event_name":"MindBloom","player_choice":"Gold","floor":36.0,"gold_loss":0.0,"damage_taken":0.0,"cards_obtained":["Normality","Normality"]},{"damage_healed":0.0,"max_hp_gain":0.0,"max_hp_loss":0.0,"gold_gain":0.0,"event_name":"Mysterious Sphere","player_choice":"Fight","floor":39.0,"gold_loss":0.0,"damage_taken":0.0},{"cards_removed":["Carnage"],"damage_healed":0.0,"max_hp_gain":0.0,"max_hp_loss":0.0,"gold_gain":0.0,"event_name":"Falling","player_choice":"Removed Attack","floor":45.0,"gold_loss":0.0,"damage_taken":0.0},{"damage_healed":0.0,"max_hp_gain":0.0,"max_hp_loss":0.0,"gold_gain":0.0,"event_name":"Upgrade Shrine","player_choice":"Upgraded","floor":48.0,"gold_loss":0.0,"damage_taken":0.0,"cards_upgraded":["J.A.X."]}],"is_beta":false,"boss_relics":[{"not_picked":["Black Star","Philosopher\u0027s Stone"],"picked":"Pandora\u0027s Box"},{"not_picked":["Black Blood","Empty Cage"],"picked":"Snecko Eye"}],"items_purged_floors":[],"is_endless":false,"potions_floor_spawned":[1,2,4,16,18,22,29,35,37,39],"ascension_level":20}}