{"host":"89iuq2p5kwriuwfq","time":1614341450,"event":{"mods":["BaseMod","Curses Come First","Custom Start","Minty Spire (QoL Compilation)","Permanent Neow","StSLib"],"gold_per_floor":[115,115,115,134,134,162,162,195,219,248,258,258,269,294,294,372,372,390,390,390,4,21,56,56,76,76,101,115,131,150,65,65,139,139,139],"floor_reached":34,"language":"ENG","playtime":1709,"items_purged":["Defend_B"],"score":846,"play_id":"39fbb08c-caa0-498f-a2e7-dd0b5b918fc7","local_time":"20210226121050","is_ascension_mode":true,"campfire_choices":[{"data":"Rainbow","floor":7.0,"key":"SMITH"},{"floor":12.0,"key":"REST"},{"data":"White Noise","floor":15,"key":"SMITH"},{"data":"Consume","floor":24,"key":"SMITH"},{"data":"Loop","floor":32,"key":"SMITH"}],"circlet_count":0,"master_deck":["AscendersBane","Strike_B","Strike_B","Strike_B","Strike_B","Zap","Dualcast+1","Rainbow+1","Chill+1","Auto Shields","Coolheaded","White Noise+1","Sweeping Beam+1","Electrodynamics","Compile Driver+1","Chill","Chaos","Loop+1","Coolheaded","Consume+1","Compile Driver+1","Glacier","Core Surge+1","Electrodynamics","Ball Lightning+1","Echo Form"],"relics":["Cracked Core","Omamori","Mummified Hand","StrikeDummy","Akabeko","Nunchaku","Molten Egg 2","Runic Dome","Membership Card","War Paint","Ancient Tea Set","Lizard Tail","Blood Vial","Ice Cream"],"acts_visited":["Exordium","TheCity"],"potions_floor_usage":[23,27,27],"damage_taken":[{"damage":7.0,"enemies":"Jaw Worm","floor":1.0,"turns":4.0},{"damage":0.0,"enemies":"2 Louse","floor":4.0,"turns":3.0},{"damage":16.0,"enemies":"Lagavulin","floor":6.0,"turns":5.0},{"damage":16.0,"enemies":"Gremlin Nob","floor":8.0,"turns":4.0},{"damage":10.0,"enemies":"3 Sentries","floor":10.0,"turns":6.0},{"damage":0.0,"enemies":"Cultist","floor":11.0,"turns":3.0},{"damage":3.0,"enemies":"3 Louse","floor":13.0,"turns":3.0},{"damage":18,"enemies":"Gremlin Nob","floor":14,"turns":4},{"damage":0,"enemies":"Hexaghost","floor":16,"turns":9},{"damage":8,"enemies":"Shell Parasite","floor":18,"turns":4},{"damage":0,"enemies":"3 Byrds","floor":22,"turns":3},{"damage":12,"enemies":"Slavers","floor":23,"turns":4},{"damage":0,"enemies":"3 Cultists","floor":25,"turns":3},{"damage":2,"enemies":"Book of Stabbing","floor":27,"turns":4},{"damage":0,"enemies":"Snake Plant","floor":28,"turns":3},{"damage":0,"enemies":"Centurion and Healer","floor":29,"turns":5},{"damage":10,"enemies":"Snecko","floor":30,"turns":3},{"damage":44,"enemies":"Collector","floor":33,"turns":9}],"seed_played":"-56569290839748833","potions_obtained":[{"floor":1.0,"key":"Dexterity Potion"},{"floor":4.0,"key":"AttackPotion"},{"floor":8.0,"key":"EntropicBrew"},{"floor":10.0,"key":"LiquidMemories"},{"floor":25,"key":"PowerPotion"},{"floor":33,"key":"Regen Potion"}],"is_trial":false,"path_per_floor":["M","?","?","M","?","E","R","E","T","E","M","R","M","E","R","B",null,"M","?","?","$","M","E","R","M","T","E","M","M","M","?","R","B",null],"character_chosen":"DEFECT","items_purchased":["Membership Card","War Paint","Loop","Coolheaded","Consume"],"campfire_rested":1,"item_purchase_floors":[21,21,21,21,21],"current_hp_per_floor":[57,22,15,15,64,48,48,32,32,22,22,41,38,20,20,20,53,45,45,45,45,45,33,33,33,33,31,33,35,27,27,27,24,24,24],"gold":139,"neow_bonus":"THREE_RARE_CARDS","is_daily":false,"chose_seed":false,"campfire_upgraded":4,"win_rate":0.0,"timestamp":1614341450,"path_taken":["M","?","?","M","?","E","R","E","T","E","M","R","?","E","R","BOSS","M","?","?","?","M","E","R","?","T","E","M","M","M","?","R","BOSS"],"items_purchased_type":["Relic","Relic","Card","Card","Card"],"build_version":"2020-12-22","purchased_purges":1,"victory":false,"max_hp_per_floor":[64,64,64,64,64,64,64,64,64,64,64,64,64,64,64,64,64,64,64,64,64,64,64,64,64,64,64,64,64,64,64,64,64,64,64],"card_choices":[{"not_picked":["Fission","Buffer"],"picked":"Rainbow","floor":0.0},{"not_picked":["Reprogram","Leap"],"picked":"Chill","floor":1.0},{"not_picked":["Sweeping Beam","Streamline"],"picked":"Chill","floor":4.0},{"not_picked":["Barrage","Steam","Streamline"],"picked":"SKIP","floor":6.0},{"not_picked":["Gash","Steam","Blizzard"],"picked":"SKIP","floor":8.0},{"not_picked":["Streamline","Steam Power"],"picked":"Auto Shields","floor":10.0},{"not_picked":["Reboot","Undo"],"picked":"Coolheaded","floor":11.0},{"not_picked":["Go for the Eyes","Redo"],"picked":"White Noise","floor":13.0},{"not_picked":["Turbo","Streamline+1"],"picked":"Sweeping Beam+1","floor":14},{"not_picked":["Rainbow","Core Surge+1"],"picked":"Electrodynamics","floor":16},{"not_picked":["Turbo","Beam Cell+1"],"picked":"Compile Driver+1","floor":18},{"not_picked":["Rebound+1","Sweeping Beam+1"],"picked":"Compile Driver+1","floor":22},{"not_picked":["Streamline+1","Barrage+1","Stack"],"picked":"SKIP","floor":23},{"not_picked":["Conserve Battery","Steam"],"picked":"Glacier","floor":25},{"not_picked":["Chaos","Turbo"],"picked":"Core Surge+1","floor":27},{"not_picked":["Steam","Stack","Streamline+1"],"picked":"SKIP","floor":28},{"not_picked":["Steam","Gash+1"],"picked":"Electrodynamics","floor":29},{"not_picked":["Stack","Redo"],"picked":"Ball Lightning+1","floor":30},{"not_picked":["Electrodynamics","Amplify"],"picked":"Echo Form","floor":33}],"player_experience":797073,"relics_obtained":[{"floor":6.0,"key":"Mummified Hand"},{"floor":8.0,"key":"StrikeDummy"},{"floor":9.0,"key":"Akabeko"},{"floor":10.0,"key":"Nunchaku"},{"floor":14,"key":"Molten Egg 2"},{"floor":23,"key":"Ancient Tea Set"},{"floor":26,"key":"Lizard Tail"},{"floor":27,"key":"Blood Vial"}],"event_choices":[{"damage_healed":0.0,"max_hp_gain":0.0,"max_hp_loss":0.0,"gold_gain":0.0,"event_name":"Scrap Ooze","player_choice":"Success","floor":2.0,"gold_loss":0.0,"damage_taken":35.0,"relics_obtained":["Omamori"]},{"cards_removed":["Defend_B"],"damage_healed":0.0,"max_hp_gain":0.0,"max_hp_loss":0.0,"gold_gain":0.0,"event_name":"Golden Wing","player_choice":"Card Removal","floor":3.0,"gold_loss":0.0,"damage_taken":7.0},{"cards_removed":["Chill"],"damage_healed":49.0,"max_hp_gain":0.0,"max_hp_loss":0.0,"gold_gain":0.0,"event_name":"Bonfire Elementals","player_choice":"Offered Uncommon","floor":5.0,"gold_loss":0.0,"damage_taken":0.0},{"damage_healed":0,"gold_gain":0,"player_choice":"Ignored","damage_taken":0,"max_hp_gain":0,"max_hp_loss":0,"event_name":"Vampires","floor":19,"gold_loss":0},{"damage_healed":0,"gold_gain":0,"cards_transformed":["Defend_B","Defend_B"],"player_choice":"Became Test Subject","damage_taken":0,"max_hp_gain":0,"max_hp_loss":0,"event_name":"Drug Dealer","floor":20,"gold_loss":0,"cards_obtained":["Chill","Chaos"]},{"damage_healed":0,"gold_gain":0,"player_choice":"Obtained Relic","damage_taken":0,"relics_obtained":["Ice Cream"],"max_hp_gain":0,"max_hp_loss":0,"event_name":"Addict","floor":31,"gold_loss":85}],"is_beta":false,"boss_relics":[{"not_picked":["Tiny House","Fusion Hammer"],"picked":"Runic Dome"}],"items_purged_floors":[21],"is_endless":false,"potions_floor_spawned":[1,4,8,10,22,25,27,33],"ascension_level":16}}