{"host":"gzwwvnucm264f2jm","time":1614300043,"event":{"mods":["AchievementEnabler","Act Like it!","BaseMod","Colored Map","Curses Come First","Minty Spire (QoL Compilation)","Permanent Neow","Quick Restart","Rare Cards Sparkle","Ruina","Spicy Shops","StSLib","SuperFastMode"],"gold_per_floor":[415,415,435,454,469,469,489,269,269,301,301,301,301,319,319,421,421,433,450,462,315,335,335,335,335,361,396,409,428,527,539,539,635,635,654,668,678,317,335,335,335,335,358,372,372,402,402,422,434,446],"floor_reached":51,"language":"ENG","playtime":1527,"items_purged":["Protect"],"score":978,"play_id":"d953cc56-6bba-4e57-b128-829d18486e68","local_time":"20210225194043","daily_mods":["Draft","Vintage","Uncertain Future"],"is_ascension_mode":false,"campfire_choices":[{"data":"Perseverance","floor":6,"key":"SMITH"},{"data":"Evaluate","floor":13,"key":"SMITH"},{"data":"Protect","floor":15,"key":"SMITH"},{"data":"Vault","floor":23,"key":"SMITH"},{"data":"PathToVictory","floor":25,"key":"SMITH"},{"data":"PathToVictory","floor":32,"key":"SMITH"},{"data":"PathToVictory","floor":40,"key":"SMITH"},{"data":"SashWhip","floor":42,"key":"SMITH"},{"data":"Protect","floor":49,"key":"SMITH"}],"circlet_count":0,"master_deck":["Evaluate+1","Consecrate+1","Protect+1","PathToVictory+1","Evaluate+1","Sanctity+1","PathToVictory+1","PathToVictory+1","SashWhip+1","PathToVictory+1","Protect+1","PathToVictory+1","PathToVictory+1","Perseverance+1","Vault+1","LessonLearned+1","Flash of Steel+1"],"relics":["PureWater","Old Coin","Pear","CloakClasp","Strawberry","StrikeDummy","Frozen Eye","Oddly Smooth Stone","Mercury Hourglass","TungstenRod","White Beast Statue","Coffee Dripper","Yang","Potion Belt","Vajra","Medical Kit","Centennial Puzzle","MutagenicStrength","Bag of Preparation","Letter Opener","MealTicket","Dream Catcher","Mummified Hand","Runic Pyramid","Happy Flower","War Paint","Calipers","Bottled Flame","Boot","Smiling Mask","Blood Vial","MawBank"],"acts_visited":["Exordium","TheCity","TheBeyond"],"potions_floor_usage":[27,35,37,50,50,50],"damage_taken":[{"damage":0,"enemies":"Small Slimes","floor":1,"turns":2},{"damage":0,"enemies":"Cultist","floor":3,"turns":2},{"damage":0,"enemies":"Jaw Worm","floor":4,"turns":2},{"damage":0,"enemies":"Gremlin Gang","floor":5,"turns":3},{"damage":0,"enemies":"Large Slime","floor":7,"turns":3},{"damage":0,"enemies":"Gremlin Nob","floor":10,"turns":1},{"damage":0,"enemies":"3 Louse","floor":14,"turns":2},{"damage":14,"enemies":"Hexaghost","floor":16,"turns":4},{"damage":0,"enemies":"Shell Parasite","floor":18,"turns":2},{"damage":0,"enemies":"Chosen","floor":19,"turns":3},{"damage":0,"enemies":"3 Cultists","floor":20,"turns":3},{"damage":0,"enemies":"Snecko","floor":22,"turns":2},{"damage":0,"enemies":"Book of Stabbing","floor":27,"turns":2},{"damage":0,"enemies":"Cultist and Chosen","floor":28,"turns":2},{"damage":0,"enemies":"Centurion and Healer","floor":29,"turns":2},{"damage":0,"enemies":"Snecko","floor":31,"turns":2},{"damage":6,"enemies":"Automaton","floor":33,"turns":5},{"damage":0,"enemies":"Orb Walker","floor":35,"turns":4},{"damage":4,"enemies":"3 Darklings","floor":36,"turns":3},{"damage":3,"enemies":"Writhing Mass","floor":37,"turns":3},{"damage":0,"enemies":"Maw","floor":39,"turns":6},{"damage":0,"enemies":"Transient","floor":44,"turns":5},{"damage":0,"enemies":"Reptomancer","floor":46,"turns":5},{"damage":0,"enemies":"Spire Growth","floor":48,"turns":2},{"damage":0,"enemies":"Awakened One","floor":50,"turns":6}],"seed_played":"-866048037399345819","potions_obtained":[{"floor":2,"key":"EntropicBrew"},{"floor":2,"key":"SmokeBomb"},{"floor":2,"key":"Energy Potion"},{"floor":19,"key":"AttackPotion"},{"floor":20,"key":"Energy Potion"},{"floor":27,"key":"Fire Potion"},{"floor":35,"key":"Fruit Juice"},{"floor":36,"key":"Ancient Potion"},{"floor":37,"key":"LiquidBronze"}],"is_trial":true,"path_per_floor":["M","?","M","M","M","R","M","$","T","E","$","?","R","M","R","B",null,"M","M","M","$","M","R","?","R","T","E","M","M","?","M","R","B",null,"M","M","M","$","M","R","?","R","T","M","?","E","?","M","R","B",null],"character_chosen":"WATCHER","items_purchased":["Frozen Eye","Oddly Smooth Stone","Medical Kit","Calipers"],"campfire_rested":0,"item_purchase_floors":[8,8,21,38],"current_hp_per_floor":[72,72,82,82,89,89,89,89,89,89,89,89,89,89,89,75,89,89,89,89,89,89,89,89,89,89,89,89,89,89,89,89,83,89,94,90,87,94,94,94,89,89,89,89,80,80,80,82,82,84],"gold":458,"neow_bonus":"","is_daily":false,"chose_seed":false,"campfire_upgraded":9,"win_rate":0.0,"timestamp":1614300043,"path_taken":["M","?","M","M","M","R","M","?","T","E","$","?","R","M","R","BOSS","M","M","M","$","?","R","?","R","T","E","M","M","?","M","R","BOSS","M","M","M","$","M","R","?","R","T","M","?","E","?","M","R","BOSS"],"items_purchased_type":["Relic","Relic","Relic","Relic"],"build_version":"2020-12-22","purchased_purges":1,"victory":true,"max_hp_per_floor":[72,72,82,82,89,89,89,89,89,89,89,89,89,89,89,89,89,89,89,89,89,89,89,89,89,89,89,89,89,89,89,89,89,89,94,94,94,94,94,94,89,89,89,89,89,89,89,89,89,89],"card_choices":[{"not_picked":["ThirdEye","FlyingSleeves"],"picked":"Evaluate","floor":0},{"not_picked":["FollowUp","ThirdEye"],"picked":"Consecrate","floor":0},{"not_picked":["EmptyFist","WindmillStrike"],"picked":"Protect","floor":0},{"not_picked":["BowlingBash","FollowUp"],"picked":"PathToVictory","floor":0},{"not_picked":["Crescendo","FlyingSleeves"],"picked":"Evaluate","floor":0},{"not_picked":["Swivel","Evaluate"],"picked":"Sanctity","floor":0},{"not_picked":["Consecrate","Fasting2"],"picked":"PathToVictory","floor":0},{"not_picked":["BowlingBash","SandsOfTime"],"picked":"PathToVictory","floor":0},{"not_picked":["Adaptation","Collect"],"picked":"SashWhip","floor":0},{"not_picked":["Halt","ThirdEye"],"picked":"PathToVictory","floor":0},{"not_picked":["Prostrate","TalkToTheHand"],"picked":"Protect","floor":0},{"not_picked":["FlurryOfBlows","Collect"],"picked":"PathToVictory","floor":0},{"not_picked":["BowlingBash","CrushJoints"],"picked":"PathToVictory","floor":0},{"not_picked":["PathToVictory","EmptyFist"],"picked":"Protect","floor":0},{"not_picked":["ClearTheMind","FlurryOfBlows"],"picked":"Perseverance","floor":0},{"not_picked":["Consecrate","ReachHeaven","MentalFortress"],"picked":"SKIP","floor":10},{"not_picked":["Omniscience","Ragnarok"],"picked":"Vault","floor":16},{"not_picked":["Evaluate+1","SashWhip+1","ReachHeaven"],"picked":"SKIP","floor":27},{"not_picked":["Judgement","Blasphemy"],"picked":"LessonLearned","floor":33},{"not_picked":["Apotheosis","Good Instincts"],"picked":"Flash of Steel","floor":45},{"not_picked":["EmptyFist","CrushJoints+1","MentalFortress"],"picked":"SKIP","floor":46}],"player_experience":448719,"relics_obtained":[{"floor":1,"key":"Old Coin"},{"floor":3,"key":"Pear"},{"floor":4,"key":"CloakClasp"},{"floor":5,"key":"Strawberry"},{"floor":7,"key":"StrikeDummy"},{"floor":9,"key":"Mercury Hourglass"},{"floor":10,"key":"TungstenRod"},{"floor":14,"key":"White Beast Statue"},{"floor":18,"key":"Yang"},{"floor":19,"key":"Potion Belt"},{"floor":20,"key":"Vajra"},{"floor":22,"key":"Centennial Puzzle"},{"floor":26,"key":"Bag of Preparation"},{"floor":27,"key":"Letter Opener"},{"floor":28,"key":"MealTicket"},{"floor":29,"key":"Dream Catcher"},{"floor":31,"key":"Mummified Hand"},{"floor":35,"key":"Happy Flower"},{"floor":37,"key":"War Paint"},{"floor":39,"key":"Bottled Flame"},{"floor":43,"key":"Boot"},{"floor":44,"key":"Smiling Mask"},{"floor":46,"key":"Blood Vial"},{"floor":48,"key":"MawBank"}],"event_choices":[{"damage_healed":0,"gold_gain":0,"player_choice":"Got Potions","damage_taken":0,"max_hp_gain":0,"max_hp_loss":0,"event_name":"Lab","floor":2,"gold_loss":0},{"damage_healed":0,"gold_gain":0,"player_choice":"Upgraded","damage_taken":0,"max_hp_gain":0,"max_hp_loss":0,"event_name":"Upgrade Shrine","floor":12,"gold_loss":0,"cards_upgraded":["Evaluate"]},{"damage_healed":0,"gold_gain":0,"player_choice":"Inject Mutagens","damage_taken":0,"relics_obtained":["MutagenicStrength"],"max_hp_gain":0,"max_hp_loss":0,"event_name":"Drug Dealer","floor":24,"gold_loss":0},{"damage_healed":0,"gold_gain":99,"player_choice":"Stole From Cult","damage_taken":0,"max_hp_gain":0,"max_hp_loss":0,"event_name":"Nest","floor":30,"gold_loss":0},{"damage_healed":0,"gold_gain":0,"player_choice":"Max HP","damage_taken":0,"max_hp_gain":0,"max_hp_loss":5,"event_name":"Winding Halls","floor":41,"gold_loss":0},{"damage_healed":0,"gold_gain":0,"player_choice":"Memory 3","damage_taken":10,"max_hp_gain":0,"max_hp_loss":0,"event_name":"SensoryStone","floor":45,"gold_loss":0},{"damage_healed":0,"gold_gain":0,"player_choice":"Bought 0 Potions","damage_taken":0,"max_hp_gain":0,"max_hp_loss":0,"event_name":"The Woman in Blue","floor":47,"gold_loss":0}],"is_beta":false,"boss_relics":[{"not_picked":["HolyWater","VioletLotus"],"picked":"Coffee Dripper"},{"not_picked":["Runic Dome","SlaversCollar"],"picked":"Runic Pyramid"}],"items_purged_floors":[38],"is_endless":false,"potions_floor_spawned":[5,7,10,14,16,18,19,20,22,27,28,29,31,33,35,36,37,39,44,46,48],"ascension_level":0}}