{"host":"mvk4cyf8p31hksyn","time":1614370620,"event":{"mods":["BaseMod","Block Reminder","Colored Map","Highlight Path","Minty Spire (QoL Compilation)","Relic Sorter"],"gold_per_floor":[118,118,43,43,118,118,158,158,183,183,226,69,69,82,82,202,202,215,215,236,43,57,95,107,155,191,244,3,3,3,21,21,150,150,166,186,186,207,12,51,51,72,97,140,195,231,254,277,277,277,277,277,109,153,153],"floor_reached":56,"language":"ENG","playtime":3111,"items_purged":["Concentrate","Survivor","Cloak And Dagger+1","Endless Agony"],"score":1716,"play_id":"1a249756-94ee-42cf-9f7a-189838e1ebaa","local_time":"20210226211700","is_ascension_mode":true,"campfire_choices":[{"data":"Neutralize","floor":6.0,"key":"SMITH"},{"data":"Grand Finale","floor":8.0,"key":"SMITH"},{"data":"Caltrops","floor":10.0,"key":"SMITH"},{"data":"Malaise","floor":13.0,"key":"SMITH"},{"data":"Cloak And Dagger","floor":15.0,"key":"SMITH"},{"data":"Deep Breath","floor":24.0,"key":"SMITH"},{"data":"Grand Finale","floor":30.0,"key":"SMITH"},{"floor":32.0,"key":"REST"},{"floor":41.0,"key":"RECALL"},{"data":"Malaise","floor":49.0,"key":"SMITH"},{"data":"Footwork","floor":52.0,"key":"SMITH"}],"circlet_count":0,"master_deck":["Neutralize+1","Footwork+1","Malaise+1","Malaise+1","Heel Hook","Grand Finale+1","Caltrops+1","Grand Finale+1","Deep Breath+1","Backflip","Crippling Poison+1","Backflip+1","Footwork"],"relics":["Pandora\u0027s Box","Golden Idol","Bottled Lightning","Ancient Tea Set","Sundial","Chemical X","Busted Crown","MawBank","Smiling Mask","Orichalcum","Anchor","WristBlade","ClockworkSouvenir","Ornamental Fan","Boot","Ninja Scroll","Regal Pillow","Akabeko","Oddly Smooth Stone"],"acts_visited":["Exordium","TheCity","TheBeyond","TheEnding"],"potions_floor_usage":[55],"damage_taken":[{"damage":6.0,"enemies":"Small Slimes","floor":1.0,"turns":4.0},{"damage":0.0,"enemies":"Lagavulin","floor":7.0,"turns":4.0},{"damage":9.0,"enemies":"3 Sentries","floor":11.0,"turns":2.0},{"damage":1.0,"enemies":"Jaw Worm","floor":14.0,"turns":2.0},{"damage":0.0,"enemies":"Hexaghost","floor":16.0,"turns":6.0},{"damage":0.0,"enemies":"3 Byrds","floor":18.0,"turns":4.0},{"damage":5.0,"enemies":"2 Thieves","floor":20.0,"turns":3.0},{"damage":7.0,"enemies":"Centurion and Healer","floor":22.0,"turns":4.0},{"damage":8.0,"enemies":"Gremlin Leader","floor":23.0,"turns":3.0},{"damage":9.0,"enemies":"Book of Stabbing","floor":25.0,"turns":4.0},{"damage":0.0,"enemies":"Gremlin Leader","floor":27.0,"turns":3.0},{"damage":0.0,"enemies":"Snake Plant","floor":31.0,"turns":2.0},{"damage":3.0,"enemies":"Automaton","floor":33.0,"turns":3.0},{"damage":0.0,"enemies":"3 Darklings","floor":35.0,"turns":2.0},{"damage":9.0,"enemies":"Orb Walker","floor":36.0,"turns":4.0},{"damage":0.0,"enemies":"Jaw Worm Horde","floor":38.0,"turns":2.0},{"damage":0.0,"enemies":"Nemesis","floor":40.0,"turns":3.0},{"damage":0.0,"enemies":"Maw","floor":42.0,"turns":2.0},{"damage":5.0,"enemies":"Reptomancer","floor":44.0,"turns":3.0},{"damage":0.0,"enemies":"Giant Head","floor":46.0,"turns":2.0},{"damage":0.0,"enemies":"Transient","floor":47.0,"turns":3.0},{"damage":0.0,"enemies":"3 Darklings","floor":48.0,"turns":2.0},{"damage":0.0,"enemies":"Time Eater","floor":50.0,"turns":3.0},{"damage":0.0,"enemies":"Shield and Spear","floor":54.0,"turns":2.0},{"damage":0,"enemies":"The Heart","floor":55,"turns":5}],"seed_played":"-4814548658692890433","potions_obtained":[{"floor":11.0,"key":"PowerPotion"},{"floor":14.0,"key":"Poison Potion"},{"floor":20.0,"key":"Dexterity Potion"}],"is_trial":false,"path_per_floor":["M","?","$","?","?","R","E","R","T","R","E","$","R","M","R","B",null,"M","?","M","$","M","E","R","E","T","E","$","?","R","M","R","B",null,"M","M","?","M","$","E","R","M","T","E","T","E","M","M","R","B",null,"R","$","E","B",null],"character_chosen":"THE_SILENT","items_purchased":["Chemical X","Deep Breath","Backflip","Anchor","ClockworkSouvenir","FairyPotion","Footwork"],"campfire_rested":1,"item_purchase_floors":[12,21,28,28,39,53,53],"current_hp_per_floor":[64,64,64,57,46,46,46,46,46,46,37,37,37,36,36,36,65,65,65,60,60,53,45,45,36,36,36,36,36,36,36,55,52,65,65,56,56,56,56,56,56,56,56,51,51,51,51,51,51,51,65,65,65,65,65],"gold":153,"neow_bonus":"BOSS_RELIC","is_daily":false,"chose_seed":false,"campfire_upgraded":9,"win_rate":0.0,"timestamp":1614370620,"path_taken":["M","?","$","?","?","R","E","R","T","R","E","$","R","M","R","BOSS","M","?","M","$","M","E","R","E","T","E","$","?","R","M","R","BOSS","M","?","?","M","$","E","R","?","T","E","?","E","M","M","R","BOSS","R","$","E","BOSS"],"items_purchased_type":["Relic","Card","Card","Relic","Relic","Potion","Card"],"build_version":"2020-12-22","purchased_purges":4,"victory":true,"max_hp_per_floor":[70,65,65,65,65,65,65,65,65,65,65,65,65,65,65,65,65,65,65,65,65,65,65,65,65,65,65,65,65,65,65,65,65,65,65,65,65,65,65,65,65,65,65,65,65,65,65,65,65,65,65,65,65,65,65],"card_choices":[{"not_picked":["PiercingWail","Slice","Dagger Throw"],"picked":"SKIP","floor":1.0},{"not_picked":["Envenom","Crippling Poison","Prepared"],"picked":"SKIP","floor":7.0},{"not_picked":["Infinite Blades","Underhanded Strike","Poisoned Stab"],"picked":"SKIP","floor":11.0},{"not_picked":["Infinite Blades","Underhanded Strike","Poisoned Stab"],"picked":"SKIP","floor":11.0},{"not_picked":["Deadly Poison","Poisoned Stab"],"picked":"Cloak And Dagger","floor":14.0},{"not_picked":["Glass Knife","Corpse Explosion"],"picked":"Grand Finale","floor":16.0},{"not_picked":["Slice+1"],"picked":"SKIP","floor":18.0},{"not_picked":["Outmaneuver+1"],"picked":"SKIP","floor":20.0},{"not_picked":["Noxious Fumes"],"picked":"SKIP","floor":22.0},{"not_picked":["Skewer"],"picked":"SKIP","floor":23.0},{"not_picked":["Skewer"],"picked":"SKIP","floor":25.0},{"not_picked":["Dodge and Roll"],"picked":"SKIP","floor":27.0},{"not_picked":["Dodge and Roll"],"picked":"SKIP","floor":31.0},{"not_picked":["Crippling Poison+1"],"picked":"SKIP","floor":35.0},{"not_picked":[],"picked":"Crippling Poison+1","floor":35.0},{"not_picked":[],"picked":"Backflip+1","floor":36.0},{"not_picked":["Eviscerate+1"],"picked":"SKIP","floor":38.0},{"not_picked":["Underhanded Strike+1"],"picked":"SKIP","floor":40.0},{"not_picked":["Tactician+1"],"picked":"SKIP","floor":42.0},{"not_picked":["Quick Slash"],"picked":"SKIP","floor":44.0},{"not_picked":["Storm of Steel"],"picked":"SKIP","floor":46.0},{"not_picked":["Distraction+1"],"picked":"SKIP","floor":47.0},{"not_picked":["Underhanded Strike+1"],"picked":"SKIP","floor":48.0},{"not_picked":["Finisher"],"picked":"SKIP","floor":54.0}],"player_experience":894421,"relics_obtained":[{"floor":7.0,"key":"Bottled Lightning"},{"floor":9.0,"key":"Ancient Tea Set"},{"floor":11.0,"key":"Sundial"},{"floor":23.0,"key":"MawBank"},{"floor":25.0,"key":"Smiling Mask"},{"floor":27.0,"key":"Orichalcum"},{"floor":40.0,"key":"Ornamental Fan"},{"floor":43.0,"key":"Boot"},{"floor":44.0,"key":"Ninja Scroll"},{"floor":45.0,"key":"Regal Pillow"},{"floor":46.0,"key":"Akabeko"},{"floor":54.0,"key":"Oddly Smooth Stone"}],"event_choices":[{"damage_healed":0.0,"max_hp_gain":0.0,"max_hp_loss":5.0,"gold_gain":0.0,"event_name":"Golden Idol","player_choice":"Lose Max HP","floor":2.0,"gold_loss":0.0,"damage_taken":0.0,"relics_obtained":["Golden Idol"]},{"cards_removed":["Bouncing Flask"],"damage_healed":0.0,"max_hp_gain":0.0,"max_hp_loss":0.0,"gold_gain":0.0,"event_name":"Golden Wing","player_choice":"Card Removal","floor":4.0,"gold_loss":0.0,"damage_taken":7.0},{"damage_healed":0.0,"max_hp_gain":0.0,"max_hp_loss":0.0,"gold_gain":75.0,"event_name":"World of Goop","player_choice":"Gather Gold","floor":5.0,"gold_loss":0.0,"damage_taken":11.0},{"damage_healed":0.0,"max_hp_gain":0.0,"max_hp_loss":0.0,"gold_gain":0.0,"event_name":"The Mausoleum","player_choice":"Ignored","floor":19.0,"gold_loss":0.0,"damage_taken":0.0},{"damage_healed":0.0,"max_hp_gain":0.0,"max_hp_loss":0.0,"gold_gain":0.0,"event_name":"Match and Keep!","player_choice":"0 cards matched","floor":29.0,"gold_loss":0.0,"damage_taken":0.0,"cards_obtained":[]},{"cards_removed":["Endless Agony"],"damage_healed":0.0,"max_hp_gain":0.0,"max_hp_loss":0.0,"gold_gain":0.0,"event_name":"Purifier","player_choice":"Purged","floor":37.0,"gold_loss":0.0,"damage_taken":0.0}],"is_beta":false,"boss_relics":[{"not_picked":["Coffee Dripper","Snecko Eye"],"picked":"Busted Crown"},{"not_picked":["HoveringKite","Cursed Key"],"picked":"WristBlade"}],"items_purged_floors":[3,21,28,39],"is_endless":false,"potions_floor_spawned":[11,14,20,23,25,36,40,42,47],"ascension_level":1}}