{"host":"l8j2eaviddq1qvzn","time":1614373975,"event":{"mods":["Act Like it!","BaseMod","Curses Come First","Evolution","Infinite Spire","Minty Spire (QoL Compilation)","Practice Mode","Reliquary","Replay The Spire","Shapeshifter Mod","Shop Mod","StS++","StSLib","The Dragonkin","Wide Potions"],"gold_per_floor":[114,131,131,131,206,206,233,250,250,267,267,302,302,302,302,401,401,419,419,434,446,446,446],"floor_reached":22,"language":"ENG","playtime":1695,"items_purged":[],"score":204,"play_id":"5c4eb9b1-a653-4763-834b-49cf06f8d717","local_time":"20210226221255","is_ascension_mode":true,"campfire_choices":[{"floor":6,"key":"REST"},{"floor":11,"key":"REST"},{"floor":15,"key":"REST"}],"circlet_count":0,"master_deck":["StSShapeShifter:ShapeShifter_Strike","StSShapeShifter:ShapeShifter_Strike","StSShapeShifter:ShapeShifter_Strike","StSShapeShifter:ShapeShifter_Strike","StSShapeShifter:ShapeShifter_Strike","StSShapeShifter:ShapeShifter_Defend","StSShapeShifter:ShapeShifter_Defend","StSShapeShifter:ShapeShifter_Defend","StSShapeShifter:ShapeShifter_Defend","StSShapeShifter:ShapeShifter_Defend","StSShapeShifter:Tortoise_Form","StSShapeShifter:BloomingSlash","StSShapeShifter:OakBlade","infinitespire:NeuralNetwork","StSShapeShifter:BloomingSlash","StSShapeShifter:BurstingSpore","StSShapeShifter:DeepWound","StSShapeShifter:UnicornForm","StSShapeShifter:Summer","StSShapeShifter:VineHandcuffs+1","StSShapeShifter:BurstingSpore+1","StSShapeShifter:FallingLeaves"],"relics":["StSShapeShifter:AnimalHeart","StSShapeShifter:TheShapeShiftersMagnolia","EVO:Axolotl","infinitespire:Broken Mirror","Chameleon Ring","StSShapeShifter:LoyalLobster","CultistMask"],"acts_visited":["Exordium","TheCity"],"potions_floor_usage":[7,12,21,22],"damage_taken":[{"damage":3,"enemies":"Cultist","floor":1,"turns":5},{"damage":6,"enemies":"Jaw Worm","floor":2,"turns":4},{"damage":23,"enemies":"3 Sentries","floor":7,"turns":12},{"damage":0,"enemies":"2 Louse","floor":8,"turns":2},{"damage":4,"enemies":"Large Slime","floor":10,"turns":8},{"damage":23,"enemies":"Gremlin Nob","floor":12,"turns":5},{"damage":43,"enemies":"Hexaghost","floor":16,"turns":8},{"damage":34,"enemies":"Shell Parasite","floor":18,"turns":8},{"damage":10,"enemies":"Chosen","floor":20,"turns":6},{"damage":30,"enemies":"Shelled Parasite and Fungi","floor":21,"turns":6},{"damage":13,"enemies":"Sentry and Sphere","floor":22,"turns":4}],"seed_played":"-826568593416277523","potions_obtained":[{"floor":1,"key":"PowerPotion"},{"floor":7,"key":"SkillPotion"},{"floor":16,"key":"StSShapeShifter:PolyBeastPotion"},{"floor":20,"key":"Reflective Coating"}],"is_trial":false,"path_per_floor":["M","M","?","?","?","R","E","M","T","M","R","E","?","?","R","B",null,"M","?","M","M","M"],"character_chosen":"SHAPESHIFTER","items_purchased":[],"campfire_rested":3,"item_purchase_floors":[],"current_hp_per_floor":[82,76,56,56,45,70,47,47,47,43,68,45,45,45,70,27,85,51,51,41,11,0,0],"gold":446,"neow_bonus":"TEN_PERCENT_HP_BONUS","is_daily":false,"chose_seed":false,"campfire_upgraded":0,"win_rate":0.0,"timestamp":1614373975,"path_taken":["M","?","?","?","?","R","E","M","T","M","R","E","?","?","R","BOSS","M","?","?","M","M"],"items_purchased_type":[],"build_version":"2020-12-22","purchased_purges":0,"victory":false,"max_hp_per_floor":[85,85,85,85,85,85,85,85,85,85,85,85,85,85,85,85,85,85,85,85,85,85,85],"card_choices":[{"not_picked":["StSShapeShifter:EagleForm","StSShapeShifter:MonkeyForm"],"picked":"StSShapeShifter:BloomingSlash","floor":1},{"not_picked":["StSShapeShifter:WiltingWrath","StSShapeShifter:DeepWound"],"picked":"StSShapeShifter:OakBlade","floor":2},{"not_picked":["infinitespire:Oblivion","ReplayTheSpireMod:Black Plague"],"picked":"infinitespire:NeuralNetwork","floor":3},{"not_picked":["StSShapeShifter:EagleForm","StSShapeShifter:OakBlade"],"picked":"StSShapeShifter:BloomingSlash","floor":7},{"not_picked":["StSShapeShifter:OakBlade","StSShapeShifter:MonkeyForm","StSShapeShifter:Rest"],"picked":"SKIP","floor":8},{"not_picked":["StSShapeShifter:RhinoCalfForm","StSShapeShifter:BloomingSlash"],"picked":"StSShapeShifter:BurstingSpore","floor":10},{"not_picked":["StSShapeShifter:CosmicShifter","StSShapeShifter:DragonForm","StSShapeShifter:MultiSpiritedStrike"],"picked":"SKIP","floor":12},{"not_picked":["StSShapeShifter:Uproot_Redwood","StSShapeShifter:SkullBash"],"picked":"StSShapeShifter:Summer","floor":16},{"not_picked":["StSShapeShifter:HummingbirdForm","StSShapeShifter:MagicMushrooms"],"picked":"StSShapeShifter:VineHandcuffs+1","floor":18},{"not_picked":["StSShapeShifter:HippoForm","StSShapeShifter:SunflowerShuriken"],"picked":"StSShapeShifter:BurstingSpore+1","floor":20},{"not_picked":["StSShapeShifter:MagicMushrooms","StSShapeShifter:FlowerShield"],"picked":"StSShapeShifter:FallingLeaves","floor":21}],"player_experience":93887,"relics_obtained":[{"floor":7,"key":"infinitespire:Broken Mirror"},{"floor":9,"key":"Chameleon Ring"},{"floor":12,"key":"StSShapeShifter:LoyalLobster"}],"event_choices":[{"damage_healed":0,"gold_gain":75,"player_choice":"Gather Gold","damage_taken":11,"max_hp_gain":0,"max_hp_loss":0,"event_name":"World of Goop","floor":5,"gold_loss":0},{"damage_healed":0,"gold_gain":0,"cards_transformed":["StSShapeShifter:Lynx_Form"],"player_choice":"Change","damage_taken":0,"max_hp_gain":0,"max_hp_loss":0,"event_name":"Living Wall","floor":13,"gold_loss":0,"cards_obtained":["StSShapeShifter:DeepWound"]},{"damage_healed":0,"gold_gain":0,"player_choice":"Trade","damage_taken":0,"relics_obtained":["CultistMask"],"max_hp_gain":0,"max_hp_loss":0,"event_name":"FaceTrader","floor":19,"gold_loss":0}],"is_beta":false,"boss_relics":[{"not_picked":["Ectoplasm","Sozu","Runic Pyramid"]}],"items_purged_floors":[],"is_endless":false,"potions_floor_spawned":[1,7,16,20],"killed_by":"Sentry and Sphere","ascension_level":1}}