{"host":"sufkhx3gqml4n92r","time":1614312731,"event":{"mods":["ATMod(阿瑾Mod)","Act Like it!","BaseMod","Challenge The Spire","Colored Powertips","Conspire","Friendly Minions","Highlight Path","HumanHunterMod(怪物杀人mod)","KinomotoSakuraMod(木之本樱)","Library of Ruina","Library of Ruina Extra","Minty Spire (QoL Compilation)","MostiFishMod","Pale of the Ancients","Red Circlet Mod","Relic Filter Mod","Relic Stats","Reliquary","Remilia（蕾米莉亚）","Replay The Spire","Shop Mod","Spicy Shops","Spire Birthday Party","StSLib","TestMod","The Alterego","Waifu the Spire","Wide Potions","noobMod","【功能Mod】聪明的最终Boss","【遗物卡牌】REMEMod"],"gold_per_floor":[118,136,211,211,71,71,71,71,71,71,136,189,113,113,113,242,242,280,280],"floor_reached":18,"language":"ZHS","playtime":1014,"items_purged":[],"score":173,"play_id":"a3c436a4-1cf9-48bb-9636-8ec63f1e5054","local_time":"20210226121211","is_ascension_mode":false,"campfire_choices":[{"data":"SwordOfVolition","floor":6,"key":"SMITH"},{"data":"AT_FamilyPortrait","floor":8,"key":"SMITH"},{"data":"Feast","floor":10,"key":"SMITH"},{"data":"Outburst","floor":15,"key":"SMITH"}],"circlet_count":0,"master_deck":["Dodge","LightDefense","LightAttack","LightAttack","LightAttack","LightDefense","LightDefense","LightDefense","ChargeAndCover","FocusedStrikes","AT_FamilyPortrait+1","SwordOfVolition+1","Rampage_lor","GreatSerpentsImpact","ToOvercomeCrisis","Preparation","Outburst+1","Feast+1","RagingStormLove","Wrath_TH","Clumsy","Replay:Hysterical Blindness"],"relics":["PageOfLibrarian","ice","REME_ComplimentaryCards","DaveBox","AT_ATBox","testmod-TestBox","ArrowTower","testmod-EqualTreatment","SynthV:TestCard","MerchantsRug","Replay:Bandana","DiscerningMonocle","Replay:Ancient Bell","testmod-Acrobat","PageOfMercenary"],"acts_visited":["Exordium","TheCity"],"potions_floor_usage":[],"damage_taken":[{"damage":0,"enemies":"2 Louse","floor":1,"turns":2},{"damage":10,"enemies":"conspire:RoseBush","floor":2,"turns":1},{"damage":0,"enemies":"Small Slimes","floor":14,"turns":1},{"damage":40,"enemies":"Hexaghost","floor":16,"turns":6},{"damage":79,"enemies":"Spheric Guardian","floor":18,"turns":7}],"seed_played":"4186419299866258302","potions_obtained":[{"floor":1,"key":"Strength Potion"}],"is_trial":false,"path_per_floor":["M","M","?","?","$","R","?","R","T","R","$","T","$","M","R","B",null,"M"],"character_chosen":"Librarian","items_purchased":["MerchantsRug","DiscerningMonocle"],"campfire_rested":0,"item_purchase_floors":[5,13],"current_hp_per_floor":[60,50,39,39,39,39,39,39,39,39,39,39,39,39,39,68,68,67,67],"gold":280,"neow_bonus":"RANDOM_COLORLESS","is_daily":false,"chose_seed":false,"campfire_upgraded":4,"win_rate":0.0,"timestamp":1614312731,"path_taken":["M","M","?","?","$","R","?","R","T","R","$","?","?","M","R","BOSS","M"],"items_purchased_type":["Relic","Relic"],"build_version":"2020-12-22","purchased_purges":0,"victory":false,"max_hp_per_floor":[75,79,79,79,79,79,79,79,79,79,79,79,79,79,79,68,68,77,77],"relic_stats":{"counters":[5,17],"obtain_stats":[{"MerchantsRug":5,"AT_ATBox":0,"testmod-TestBox":0,"DaveBox":0,"DiscerningMonocle":13,"testmod-EqualTreatment":0,"ice":0,"Replay:Ancient Bell":17,"reliquary:IridiumChain":9,"PageOfLibrarian":0,"Replay:Bandana":12,"SynthV:TestCard":1,"PageOfMercenary":17,"testmod-Acrobat":17,"ArrowTower":0,"REME_ComplimentaryCards":0},{"MerchantsRug":2,"AT_ATBox":0,"testmod-TestBox":0,"DaveBox":0,"DiscerningMonocle":2,"testmod-EqualTreatment":0,"ice":0,"Replay:Ancient Bell":4,"reliquary:IridiumChain":2,"PageOfLibrarian":0,"Replay:Bandana":2,"SynthV:TestCard":1,"PageOfMercenary":4,"testmod-Acrobat":4,"ArrowTower":0,"REME_ComplimentaryCards":0},{"MerchantsRug":3,"AT_ATBox":0,"testmod-TestBox":0,"DaveBox":0,"DiscerningMonocle":3,"testmod-EqualTreatment":0,"ice":0,"Replay:Ancient Bell":10,"reliquary:IridiumChain":3,"PageOfLibrarian":0,"Replay:Bandana":3,"SynthV:TestCard":2,"PageOfMercenary":10,"testmod-Acrobat":10,"ArrowTower":0,"REME_ComplimentaryCards":0}]},"card_choices":[{"not_picked":["testmod-WeaknessCounterattack","REME_TheoryOfElimination"],"picked":"AT_Homeward","floor":0},{"not_picked":["SharpSwipe","HighKick","Standoff","RushDown","Pound","Marionette","SunsetBlade","RepressedFlesh"],"picked":"SwordOfVolition","floor":1},{"not_picked":["NightInTheBackstreets","EnergyShield","Reload","EnergyStrike","DirtyBlow","FrontalAssault","LeRegole","FierceCharge","SomberProcuration","CoordinatedAssault"],"picked":"Rampage_lor","floor":2},{"not_picked":["FormingStorm","Punishment","LeRegole","ChargeUp"],"picked":"RagingStormLove","floor":16},{"not_picked":["ReplayTheSpireMod:IOU","Looming Evil","ReplayTheSpireMod:Doomed","Writhe","Clumsy","CommonCold","conspire:Blindness","REME_CurseOfMatryoshka","Voices","Overencumbered"],"picked":"Wrath_TH","floor":17},{"not_picked":["ReplayTheSpireMod:Faulty Equipment","Sloth_TH","Replay:Hysterical Blindness","Spreading Infection","Pain","Sickly","conspire:Blindness","Wrath_TH","ReplayTheSpireMod:IOU","Envy_TH"],"picked":"Clumsy","floor":17},{"not_picked":["Looming Evil","Hallucinations","Delirium","Envy_TH","Shame","Clumsy","Shame","Sloth_TH","Lust_TH","ReplayTheSpireMod:Faulty Equipment"],"picked":"Replay:Hysterical Blindness","floor":17}],"player_experience":101509,"relics_obtained":[{"floor":1,"key":"SynthV:TestCard"},{"floor":9,"key":"reliquary:IridiumChain"},{"floor":12,"key":"Replay:Bandana"}],"event_choices":[{"damage_healed":0,"gold_gain":75,"player_choice":"Gather Gold","damage_taken":11,"max_hp_gain":0,"max_hp_loss":0,"event_name":"World of Goop","floor":3,"gold_loss":0}],"is_beta":false,"boss_relics":[{"not_picked":["reliquary:WritOfMandamus","reliquary:ThirdArm"],"picked":"Replay:Ancient Bell"},{"not_picked":["testmod-TurbochargingSystem","ReplayTheSpireMod:Lightbulb"],"picked":"testmod-Acrobat"},{"not_picked":["reliquary:Firecrackers","PageOfScorchedGirl"],"picked":"PageOfMercenary"}],"items_purged_floors":[],"is_endless":false,"potions_floor_spawned":[1],"killed_by":"Spheric Guardian","ascension_level":0}}