{"host":"n1v11un6j7y72mz7","time":1614367092,"event":{"mods":["Act Like it!","BaseMod","Downfall","Minty Spire (QoL Compilation)","Reliquary","StSLib","The Animator","Waifu the Spire"],"gold_per_floor":[117,117,217,233,253,253,285,302,329,29,29,29,29,44,44,167,167,185,198,50,50,50,50],"floor_reached":22,"language":"ZHS","playtime":502,"items_purged":["Body Slam"],"score":227,"play_id":"9ea5cfab-1e39-462d-95ad-f713a2f8b77a","local_time":"20210227031812","is_ascension_mode":true,"campfire_choices":[{"data":"Perfected Strike","floor":6,"key":"SMITH"},{"floor":15,"key":"REST"}],"circlet_count":0,"master_deck":["Defend_R","Defend_R","Defend_R","Bash","Perfected Strike+1","Pommel Strike","Demon Form","Perfected Strike","Reaper","Warcry+1","Bite","Bite","Bite","Bite","Bite"],"relics":["Burning Blood","reliquary:Crutches","Whetstone","Dream Catcher","hexamod:BolsterEngine","Golden Idol","Busted Crown"],"acts_visited":["Exordium","TheCity"],"potions_floor_usage":[7,16,16,16,16],"damage_taken":[{"damage":0,"enemies":"Small Slimes","floor":1,"turns":3},{"damage":8,"enemies":"2 Louse","floor":4,"turns":2},{"damage":6,"enemies":"Cultist","floor":5,"turns":3},{"damage":6,"enemies":"Gremlin Nob","floor":7,"turns":3},{"damage":28,"enemies":"Exordium Thugs","floor":8,"turns":5},{"damage":4,"enemies":"2 Fungi Beasts","floor":14,"turns":3},{"damage":21,"enemies":"The Guardian","floor":16,"turns":7},{"damage":39,"enemies":"3 Byrds","floor":18,"turns":5},{"damage":23,"enemies":"2 Thieves","floor":19,"turns":3}],"seed_played":"-2679366614303105581","potions_obtained":[{"floor":1,"key":"champ:CounterPotion"},{"floor":5,"key":"LiquidBronze"},{"floor":8,"key":"EntropicBrew"},{"floor":16,"key":"Energy Potion"}],"is_trial":false,"path_per_floor":["M","?","?","M","M","R","E","M","T","$","?","?","?","M","R","B",null,"M","M","$","?","?"],"character_chosen":"IRONCLAD","items_purchased":["hexamod:BolsterEngine","Demon Form","Blood Vial"],"campfire_rested":1,"item_purchase_floors":[10,10,20],"current_hp_per_floor":[80,55,55,53,53,53,53,31,31,31,36,29,29,31,54,39,79,54,37,37,37,37,37],"gold":50,"neow_bonus":"THREE_CARDS","is_daily":false,"chose_seed":false,"campfire_upgraded":1,"win_rate":0.0,"timestamp":1614367092,"path_taken":["M","?","?","M","?","R","E","M","T","$","?","?","?","M","R","BOSS","M","M","$","?","?"],"items_purchased_type":["Relic","Card","Relic"],"build_version":"2020-12-22","purchased_purges":1,"victory":false,"max_hp_per_floor":[80,80,80,80,80,80,80,80,80,80,85,85,79,79,79,79,79,79,79,79,79,79,79],"card_choices":[{"not_picked":["Iron Wave","Burning Pact"],"picked":"Body Slam","floor":0},{"not_picked":["Seeing Red","Flex"],"picked":"Perfected Strike","floor":1},{"not_picked":["Thunderclap","Clothesline"],"picked":"Pommel Strike","floor":4},{"not_picked":["Warcry","Evolve","Disarm"],"picked":"SKIP","floor":5},{"not_picked":["Cleave","Bloodletting","Bludgeon"],"picked":"SKIP","floor":7},{"not_picked":["Feel No Pain","Clash","True Grit"],"picked":"SKIP","floor":8},{"not_picked":["Shockwave","Shrug It Off","Rupture"],"picked":"SKIP","floor":14},{"not_picked":["Spot Weakness","Anger"],"picked":"Perfected Strike","floor":15},{"not_picked":["Immolate","Berserk"],"picked":"Reaper","floor":16},{"not_picked":[],"picked":"Warcry+1","floor":18},{"not_picked":["Sever Soul"],"picked":"SKIP","floor":19}],"player_experience":232749,"relics_obtained":[{"floor":7,"key":"Whetstone"},{"floor":9,"key":"Dream Catcher"}],"event_choices":[{"damage_healed":0,"gold_gain":0,"player_choice":"Success","damage_taken":25,"relics_obtained":["reliquary:Crutches"],"max_hp_gain":0,"max_hp_loss":0,"event_name":"Scrap Ooze","floor":2,"gold_loss":0},{"damage_healed":0,"gold_gain":100,"player_choice":"Pray","damage_taken":0,"max_hp_gain":0,"max_hp_loss":0,"event_name":"Golden Shrine","floor":3,"gold_loss":0},{"damage_healed":0,"gold_gain":0,"player_choice":"Donut","damage_taken":0,"max_hp_gain":5,"max_hp_loss":0,"event_name":"Big Fish","floor":11,"gold_loss":0},{"cards_removed":["Defend_R"],"damage_healed":0,"gold_gain":0,"player_choice":"Card Removal","damage_taken":7,"max_hp_gain":0,"max_hp_loss":0,"event_name":"Golden Wing","floor":12,"gold_loss":0},{"damage_healed":0,"gold_gain":0,"player_choice":"Lose Max HP","damage_taken":0,"relics_obtained":["Golden Idol"],"max_hp_gain":0,"max_hp_loss":6,"event_name":"Golden Idol","floor":13,"gold_loss":0},{"damage_healed":0,"gold_gain":0,"player_choice":"Became a vampire (Vial)","damage_taken":0,"max_hp_gain":0,"max_hp_loss":0,"event_name":"Vampires","floor":21,"relics_lost":["Blood Vial"],"gold_loss":0,"cards_obtained":["Bite","Bite","Bite","Bite","Bite"]}],"is_beta":false,"boss_relics":[{"not_picked":["reliquary:Ember","Runic Cube"],"picked":"Busted Crown"}],"items_purged_floors":[10],"is_endless":false,"potions_floor_spawned":[1,5,8,16],"ascension_level":2}}