{"host":"yassvrowvc2yfwp2","time":1614312525,"event":{"mods":["2.2 Compatiblity","Act Like it!","BaseMod","Better Note","Curses Come First","Dota2Spire","Downfall","HololiveMod","Jorbs\u0027s Wanderer Trilogy","Minty Spire (QoL Compilation)","Prisma Mod","Rare Cards Sparkle","Reimu£®≤©¿ˆ¡È√Œ£©","Replay The Spire","Say the Spire","Spicy Shops","StSLib","The Bug Knight","The Cursed","The Servant 0.9.4"],"gold_per_floor":[114,74,74,249,264,264,279,294,344,359,309,309,354,429,429,529,529,574,574,274,36,51,51,81,81,106,106,151,151,181,226,226,226,226],"floor_reached":33,"language":"ZHS","playtime":932,"items_purged":[],"score":275,"play_id":"8ba7d6f5-0182-4f03-a15c-069c3f0f3efc","local_time":"20210226120845","daily_mods":["SealedDeck","Vintage","Lethality"],"is_ascension_mode":false,"campfire_choices":[{"data":"HollowMod:InfectionAssault","floor":6,"key":"SMITH"},{"data":"HollowMod:NewGlowingWomb","floor":12,"key":"SMITH"},{"data":"HollowMod:GrimmsGift","floor":15,"key":"SMITH"},{"data":"HollowMod:ZotesMagnificence","floor":23,"key":"SMITH"},{"floor":25,"key":"REST"},{"data":"HollowMod:MothsMistake","floor":29,"key":"SMITH"},{"data":"HollowMod:CoiledNail","floor":32,"key":"SMITH"}],"circlet_count":0,"master_deck":["HollowMod:CrystalDash","HollowMod:CoiledNail+1","HollowMod:GrimmsGift+1","HollowMod:HeavyBlow+1","HollowMod:SharpenedNail+1","HollowMod:DesolateDive","HollowMod:GoodIntentions","HollowMod:InfectionAssault+1","HollowMod:InfectedAttack","HollowMod:NewGlowingWomb+1","HollowMod:ZotesMagnificence+1","HollowMod:NewLastStag","HollowMod:MothsMistake+1","HollowMod:GoodIntentions","downfall:Bewildered"],"relics":["HollowMod:VesselMask","Bag of Marbles","PaintedHorse:ReiMu","Blue Doll","Mastiff:ReiMu","Gremlin Horn","HollowMod:QueensCombRelic","Whetstone","Dota2Spire:HandOfMidas","Pantograph","Snecko Heart","Smiling Mask","MutagenicStrength","HollowMod:MantisClawRelic","ReplayFunnel","Dota2Spire:DrumOfEndurance","HollowMod:PaleOreRelic","sneckomod:BabySnecko","Ornamental Fan","CrazyTorch:ReiMu","Vajra"],"acts_visited":["Exordium","TheCity"],"potions_floor_usage":[],"damage_taken":[{"damage":8,"enemies":"2 Louse","floor":1,"turns":2},{"damage":8,"enemies":"Small Slimes","floor":5,"turns":2},{"damage":0,"enemies":"Jaw Worm","floor":7,"turns":1},{"damage":11,"enemies":"3 Louse","floor":8,"turns":3},{"damage":0,"enemies":"Looter","floor":10,"turns":1},{"damage":0,"enemies":"Blue Slaver","floor":13,"turns":1},{"damage":6,"enemies":"Slime Boss","floor":16,"turns":4},{"damage":3,"enemies":"Spheric Guardian","floor":18,"turns":3},{"damage":16,"enemies":"Chosen","floor":22,"turns":2},{"damage":10,"enemies":"Slavers","floor":24,"turns":2},{"damage":0,"enemies":"Snecko","floor":28,"turns":2},{"damage":7,"enemies":"HollowMod:Nosk","floor":30,"turns":4},{"damage":0,"enemies":"Shelled Parasite and Fungi","floor":31,"turns":1},{"damage":53,"enemies":"Pondfish","floor":33,"turns":3}],"seed_played":"4728103701414758894","potions_obtained":[{"floor":5,"key":"SkillPotion"},{"floor":7,"key":"DistilledChaos"},{"floor":13,"key":"EntropicBrew"}],"is_trial":false,"path_per_floor":["M","?","?","?","M","R","M","M","T","M","?","R","M","?","R","B",null,"M","?","?","$","M","R","E","R","T","?","M","R","E","M","R","B"],"character_chosen":"THE_BUGKNIGHT","items_purchased":["HollowMod:MantisClawRelic","HollowMod:MothsMistake"],"campfire_rested":1,"item_purchase_floors":[21,21],"current_hp_per_floor":[67,67,60,60,52,52,52,41,41,45,45,45,49,38,38,44,50,47,47,47,47,34,34,28,43,43,43,50,50,43,47,47,0,0],"gold":226,"neow_bonus":"","is_daily":true,"chose_seed":false,"campfire_upgraded":6,"win_rate":0.0,"timestamp":1614312525,"path_taken":["M","?","?","?","M","R","M","M","T","M","?","R","?","?","R","BOSS","M","?","?","$","M","R","E","R","T","?","M","R","E","M","R","BOSS"],"items_purchased_type":["Relic","Card"],"build_version":"2020-12-22","purchased_purges":0,"victory":false,"max_hp_per_floor":[75,75,75,75,75,75,75,50,50,50,50,50,50,50,50,50,50,50,50,50,50,50,50,50,50,50,50,50,50,50,50,50,50,50],"card_choices":[{"not_picked":["HollowMod:SoulMaster","HollowMod:VoidDash"],"picked":"HollowMod:ZotesMagnificence","floor":16},{"not_picked":["HollowMod:ChannelNail","HollowMod:DreamGate"],"picked":"HollowMod:GoodIntentions","floor":24},{"not_picked":["HollowMod:SiblingsSouls","HollowMod:CornifersMapStart","HollowMod:SharpenedNail+1"],"picked":"SKIP","floor":30}],"player_experience":2215879,"relics_obtained":[{"floor":1,"key":"Bag of Marbles"},{"floor":5,"key":"Mastiff:ReiMu"},{"floor":7,"key":"Gremlin Horn"},{"floor":8,"key":"HollowMod:QueensCombRelic"},{"floor":9,"key":"Whetstone"},{"floor":10,"key":"Dota2Spire:HandOfMidas"},{"floor":13,"key":"Pantograph"},{"floor":18,"key":"Smiling Mask"},{"floor":22,"key":"ReplayFunnel"},{"floor":24,"key":"Dota2Spire:DrumOfEndurance"},{"floor":26,"key":"HollowMod:PaleOreRelic"},{"floor":28,"key":"Ornamental Fan"},{"floor":30,"key":"CrazyTorch:ReiMu"},{"floor":31,"key":"Vajra"}],"event_choices":[{"damage_healed":0,"gold_gain":0,"player_choice":"»˚«Æ","damage_taken":0,"relics_obtained":["PaintedHorse:ReiMu"],"max_hp_gain":0,"max_hp_loss":0,"event_name":"yidonshenshe","floor":2,"gold_loss":40},{"damage_healed":0,"gold_gain":0,"player_choice":"Success","damage_taken":7,"relics_obtained":["Blue Doll"],"max_hp_gain":0,"max_hp_loss":0,"event_name":"Scrap Ooze","floor":3,"gold_loss":0},{"damage_healed":0,"gold_gain":175,"player_choice":"AGREE","damage_taken":0,"max_hp_gain":0,"max_hp_loss":0,"event_name":"Liars Game","floor":4,"gold_loss":0,"cards_obtained":["Doubt"]},{"cards_removed":["Doubt"],"damage_healed":0,"gold_gain":0,"player_choice":"Card Removal","damage_taken":0,"max_hp_gain":0,"max_hp_loss":0,"event_name":"The Cleric","floor":11,"gold_loss":50},{"damage_healed":0,"gold_gain":75,"player_choice":"Gather Gold","damage_taken":11,"max_hp_gain":0,"max_hp_loss":0,"event_name":"World of Goop","floor":14,"gold_loss":0},{"damage_healed":0,"gold_gain":0,"player_choice":"Inject Mutagens","damage_taken":0,"relics_obtained":["MutagenicStrength"],"max_hp_gain":0,"max_hp_loss":0,"event_name":"Drug Dealer","floor":19,"gold_loss":0}],"is_beta":false,"boss_relics":[{"not_picked":["Black Star","Philosopher\u0027s Stone"],"picked":"Snecko Heart"}],"items_purged_floors":[],"is_endless":false,"potions_floor_spawned":[5,7,13,16,18,30],"killed_by":"Pondfish","ascension_level":0}}