{"host":"k7udt7atmcuzf6l0","time":1614327197,"event":{"mods":["Act Like it!","BaseMod","Colored Map","Colored Powertips","Highlight Path","Minty Spire (QoL Compilation)","Quick Restart","Rare Cards Sparkle","Relic Stats","StSLib","UnlockEverythingMod"],"gold_per_floor":[113,213,233,3,19,19,32,60,87,106,121,141,141,159,159,256,256,271,26,226,209,221,221,238,40,40,40,75,75,86,1,1,102,102,116,133,183,183,31,31,31,31,58,0,10,110,110,31,31,31,31],"floor_reached":50,"language":"ZHS","playtime":1374,"items_purged":["Strike_R","Strike_R"],"score":487,"play_id":"9861138a-319e-4d2f-addf-39024bd6749e","local_time":"20210226161317","is_ascension_mode":false,"campfire_choices":[{"data":"Flex","floor":6.0,"key":"SMITH"},{"data":"Armaments","floor":13,"key":"SMITH"},{"data":"Pommel Strike","floor":15,"key":"SMITH"},{"data":"Apotheosis","floor":23,"key":"SMITH"},{"data":"Trip","floor":27,"key":"SMITH"},{"data":"Inflame","floor":29,"key":"SMITH"},{"data":"Shockwave","floor":32,"key":"SMITH"},{"data":"Offering","floor":40,"key":"SMITH"},{"data":"Madness","floor":42,"key":"SMITH"},{"data":"Demon Form","floor":47,"key":"SMITH"},{"data":"Rupture","floor":49,"key":"SMITH"}],"circlet_count":0,"master_deck":["Strike_R","Strike_R","Strike_R","Defend_R","Defend_R","Defend_R","Defend_R","Bash","Iron Wave","Armaments+1","Flex+1","Combust","Intimidate","Bloodletting","Pommel Strike+1","Reaper","Clash+1","Shockwave+1","Apotheosis+1","Havoc+1","Anger+1","Trip+1","Inflame+1","Dropkick+1","Offering+1","CurseOfTheBell","Shrug It Off+1","Hemokinesis+1","Bloodletting","Madness+1","Madness","Demon Form+1","Rupture+1"],"relics":["Burning Blood","NeowsBlessing","Akabeko","Oddly Smooth Stone","Boot","Runic Cube","Ancient Tea Set","Regal Pillow","Smiling Mask","Calling Bell","Nunchaku","StrikeDummy","Ice Cream","Charon\u0027s Ashes","PrismaticShard","PreservedInsect","Red Mask"],"acts_visited":["Exordium","TheCity","TheBeyond"],"potions_floor_usage":[8,8,11,16,21,24,28,33,45,50],"damage_taken":[{"damage":0.0,"enemies":"Small Slimes","floor":1.0,"turns":1.0},{"damage":0.0,"enemies":"Cultist","floor":3.0,"turns":1.0},{"damage":0.0,"enemies":"Jaw Worm","floor":5.0,"turns":1.0},{"damage":5.0,"enemies":"3 Louse","floor":7.0,"turns":4.0},{"damage":8,"enemies":"Gremlin Nob","floor":8,"turns":3},{"damage":0,"enemies":"Blue Slaver","floor":10,"turns":3},{"damage":9,"enemies":"Large Slime","floor":11,"turns":5},{"damage":3,"enemies":"Exordium Thugs","floor":12,"turns":7},{"damage":9,"enemies":"3 Louse","floor":14,"turns":2},{"damage":51,"enemies":"Slime Boss","floor":16,"turns":9},{"damage":26,"enemies":"3 Byrds","floor":18,"turns":4},{"damage":15,"enemies":"2 Thieves","floor":21,"turns":4},{"damage":30,"enemies":"Centurion and Healer","floor":22,"turns":4},{"damage":6,"enemies":"Snecko","floor":24,"turns":4},{"damage":22,"enemies":"Slavers","floor":28,"turns":4},{"damage":7,"enemies":"Chosen and Byrds","floor":30,"turns":6},{"damage":77,"enemies":"Champ","floor":33,"turns":10},{"damage":23,"enemies":"3 Darklings","floor":35,"turns":4},{"damage":16,"enemies":"3 Shapes","floor":36,"turns":3},{"damage":9,"enemies":"Mind Bloom Boss Battle","floor":37,"turns":5},{"damage":20,"enemies":"Transient","floor":45,"turns":5},{"damage":93,"enemies":"Awakened One","floor":50,"turns":5}],"seed_played":"2712518086148410294","potions_obtained":[{"floor":1.0,"key":"Explosive Potion"},{"floor":5.0,"key":"Fire Potion"},{"floor":7,"key":"LiquidBronze"},{"floor":8,"key":"BlessingOfTheForge"},{"floor":14,"key":"Energy Potion"},{"floor":18,"key":"LiquidMemories"},{"floor":21,"key":"ColorlessPotion"},{"floor":28,"key":"DuplicationPotion"},{"floor":36,"key":"Fire Potion"},{"floor":37,"key":"GamblersBrew"}],"is_trial":false,"path_per_floor":["M","?","M","$","M","R","M","E","T","M","M","M","R","M","R","B",null,"M","$","?","M","M","R","M","$","T","R","E","R","M","?","R","B",null,"M","M","?","?","$","R","$","R","T","?","M","?","R","$","R","B"],"character_chosen":"IRONCLAD","items_purchased":["Akabeko","Shockwave","Apotheosis","Trip","PrismaticShard","Rupture"],"campfire_rested":0,"item_purchase_floors":[4,19,19,25,39,48],"current_hp_per_floor":[80,80,80,80,80,80,80,78,78,80,77,80,80,77,77,32,80,70,70,70,71,61,61,61,61,61,61,67,67,80,80,80,12,80,80,70,80,70,70,70,70,70,70,70,68,68,68,68,68,0,0],"gold":31,"neow_bonus":"THREE_ENEMY_KILL","is_daily":false,"chose_seed":false,"campfire_upgraded":11,"win_rate":0.0,"timestamp":1614327197,"path_taken":["M","?","M","$","M","R","M","E","T","M","M","M","R","M","R","BOSS","M","$","?","M","?","R","M","$","T","R","E","R","M","?","R","BOSS","M","M","?","?","?","R","$","R","T","?","?","?","R","?","R","BOSS"],"items_purchased_type":["Relic","Card","Card","Card","Relic","Card"],"build_version":"2020-12-22","purchased_purges":2,"victory":false,"max_hp_per_floor":[80,80,80,80,80,80,80,80,80,80,80,80,80,80,80,80,80,80,80,80,80,80,80,80,80,80,80,80,80,80,80,80,80,80,80,80,80,80,80,80,80,80,80,80,80,80,80,80,80,80,80],"relic_stats":{"Regal Pillow":0,"Nunchaku":[5],"counters":[22,94],"Charon\u0027s Ashes":[78],"PreservedInsect":0,"Boot":[6],"Smiling Mask":0,"obtain_stats":[{"Ice Cream":34,"Regal Pillow":28,"NeowsBlessing":0,"Oddly Smooth Stone":8,"Charon\u0027s Ashes":37,"PreservedInsect":43,"Boot":9,"Ancient Tea Set":26,"Smiling Mask":31,"PrismaticShard":39,"Burning Blood":0,"Akabeko":4,"Calling Bell":34,"Nunchaku":34,"Red Mask":44,"StrikeDummy":34,"Runic Cube":17},{"Ice Cream":17,"Regal Pillow":15,"NeowsBlessing":0,"Oddly Smooth Stone":5,"Charon\u0027s Ashes":20,"PreservedInsect":20,"Boot":5,"Ancient Tea Set":14,"Smiling Mask":16,"PrismaticShard":20,"Burning Blood":0,"Akabeko":2,"Calling Bell":17,"Nunchaku":17,"Red Mask":20,"StrikeDummy":17,"Runic Cube":10},{"Ice Cream":72,"Regal Pillow":56,"NeowsBlessing":0,"Oddly Smooth Stone":10,"Charon\u0027s Ashes":84,"PreservedInsect":84,"Boot":10,"Ancient Tea Set":52,"Smiling Mask":62,"PrismaticShard":84,"Burning Blood":0,"Akabeko":2,"Calling Bell":72,"Nunchaku":72,"Red Mask":84,"StrikeDummy":72,"Runic Cube":36}],"Burning Blood":92,"Runic Cube":[80]},"card_choices":[{"not_picked":["Entrench","Twin Strike"],"picked":"Iron Wave","floor":1.0},{"not_picked":["Perfected Strike","Carnage"],"picked":"Armaments","floor":3.0},{"not_picked":["Thunderclap","Sever Soul"],"picked":"Flex","floor":5.0},{"not_picked":["Clothesline","Offering"],"picked":"Combust","floor":7},{"not_picked":["Shrug It Off","Second Wind"],"picked":"Intimidate","floor":8},{"not_picked":["True Grit","Wild Strike"],"picked":"Bloodletting","floor":10},{"not_picked":["Armaments","Dark Embrace"],"picked":"Pommel Strike","floor":11},{"not_picked":["Iron Wave","Warcry","Second Wind"],"picked":"SKIP","floor":12},{"not_picked":["Evolve","Impervious","True Grit"],"picked":"SKIP","floor":14},{"not_picked":["Juggernaut","Barricade"],"picked":"Reaper","floor":16},{"not_picked":["Iron Wave","Burning Pact+1"],"picked":"Clash+1","floor":18},{"not_picked":["Wild Strike+1","Seeing Red"],"picked":"Havoc+1","floor":21},{"not_picked":["Pommel Strike","Armaments","Dropkick"],"picked":"SKIP","floor":22},{"not_picked":["Havoc","Body Slam"],"picked":"Anger+1","floor":24},{"not_picked":["Reaper","Heavy Blade"],"picked":"Inflame","floor":28},{"not_picked":["Armaments+1","Clothesline"],"picked":"Dropkick+1","floor":30},{"not_picked":["Impervious","Immolate"],"picked":"Offering","floor":33},{"not_picked":["Cleave+1","Evolve+1"],"picked":"Shrug It Off+1","floor":35},{"not_picked":["Burning Pact","Sword Boomerang"],"picked":"Hemokinesis+1","floor":36},{"not_picked":["Shrug It Off","Dark Embrace"],"picked":"Bloodletting","floor":37},{"not_picked":["Underhanded Strike+1","FTL+1"],"picked":"Demon Form","floor":45}],"player_experience":163254,"relics_obtained":[{"floor":8,"key":"Oddly Smooth Stone"},{"floor":9,"key":"Boot"},{"floor":26,"key":"Ancient Tea Set"},{"floor":28,"key":"Regal Pillow"},{"floor":34,"key":"Nunchaku"},{"floor":34,"key":"StrikeDummy"},{"floor":34,"key":"Ice Cream"},{"floor":37,"key":"Charon\u0027s Ashes"},{"floor":43,"key":"PreservedInsect"}],"event_choices":[{"damage_healed":0.0,"max_hp_gain":0.0,"max_hp_loss":0.0,"gold_gain":100.0,"event_name":"Wheel of Change","player_choice":"Gold","floor":2.0,"gold_loss":0.0,"damage_taken":0.0},{"damage_healed":0,"gold_gain":200,"player_choice":"Gold","damage_taken":0,"max_hp_gain":0,"max_hp_loss":0,"event_name":"Wheel of Change","floor":20,"gold_loss":0},{"damage_healed":0,"gold_gain":0,"player_choice":"Obtained Relic","damage_taken":0,"relics_obtained":["Smiling Mask"],"max_hp_gain":0,"max_hp_loss":0,"event_name":"Addict","floor":31,"gold_loss":85},{"damage_healed":0,"gold_gain":0,"player_choice":"Fight","damage_taken":0,"max_hp_gain":0,"max_hp_loss":0,"event_name":"MindBloom","floor":37,"gold_loss":0},{"damage_healed":0,"gold_gain":0,"player_choice":"Embrace Madness","damage_taken":10,"max_hp_gain":0,"max_hp_loss":0,"event_name":"Winding Halls","floor":38,"gold_loss":0,"cards_obtained":["Madness","Madness"]},{"damage_healed":0,"gold_gain":0,"player_choice":"Paid","damage_taken":0,"relics_obtained":["Red Mask"],"max_hp_gain":0,"max_hp_loss":0,"event_name":"Tomb of Lord Red Mask","floor":44,"gold_loss":58},{"damage_healed":0,"gold_gain":100,"player_choice":"Pray","damage_taken":0,"max_hp_gain":0,"max_hp_loss":0,"event_name":"Golden Shrine","floor":46,"gold_loss":0}],"is_beta":false,"boss_relics":[{"not_picked":["Fusion Hammer","Ectoplasm"],"picked":"Runic Cube"},{"not_picked":["Empty Cage","SacredBark"],"picked":"Calling Bell"}],"items_purged_floors":[4,25],"is_endless":false,"potions_floor_spawned":[1,5,7,8,14,18,21,28,36,37],"killed_by":"Awakened One","ascension_level":0}}