{"host":"in2fte17ppmjhpf4","time":1614306302,"event":{"mods":["BaseMod","Colored Map","Highlight Path","Minty Spire (QoL Compilation)","StSLib"],"gold_per_floor":[118,133,13,23,41,110,122,153,192,223,248,295,307,337,349,458,470,498,510,522,422,337,337,371,391,391,391,405,405,280,308,308,409,409,421,434,445,295,315,315,315,315,315],"floor_reached":42,"language":"ENG","playtime":3594,"items_purged":["Strike_R","Strike_R","Writhe","Strike_R"],"score":452,"play_id":"353db4ff-8e50-408e-a9bb-656074ff6d69","local_time":"20210225202502","is_ascension_mode":false,"campfire_choices":[{"data":"Inflame","floor":7,"key":"SMITH"},{"data":"Berserk","floor":13,"key":"SMITH"},{"data":"Flame Barrier","floor":15,"key":"SMITH"},{"data":"True Grit","floor":23,"key":"SMITH"},{"data":"Bash","floor":27,"key":"SMITH"},{"data":"Inflame","floor":32,"key":"SMITH"},{"data":"Armaments","floor":40,"key":"SMITH"}],"circlet_count":0,"master_deck":["Strike_R","Strike_R","Defend_R","Defend_R+1","Defend_R","Defend_R","Bash+1","Twin Strike","Flame Barrier+1","Clothesline","Inflame+1","Twin Strike","Flex+1","Reaper","Berserk+1","Cleave","Fiend Fire","Battle Trance","True Grit+1","Inflame+1","Feed","Armaments+1","Power Through","Whirlwind","Madness","Madness"],"relics":["Black Blood","Boot","War Paint","Nloth\u0027s Gift","Nunchaku","Question Card","Vajra","Bronze Scales","Matryoshka","Cursed Key"],"acts_visited":["Exordium","TheCity","TheBeyond"],"potions_floor_usage":[6,16,24,25,31,36,37,42,42],"damage_taken":[{"damage":6,"enemies":"Jaw Worm","floor":1,"turns":3},{"damage":1,"enemies":"Cultist","floor":2,"turns":3},{"damage":0,"enemies":"Small Slimes","floor":4,"turns":3},{"damage":5,"enemies":"2 Fungi Beasts","floor":5,"turns":3},{"damage":18,"enemies":"3 Sentries","floor":6,"turns":6},{"damage":2,"enemies":"Blue Slaver","floor":8,"turns":3},{"damage":5,"enemies":"Lots of Slimes","floor":10,"turns":3},{"damage":19,"enemies":"3 Louse","floor":11,"turns":3},{"damage":12,"enemies":"Gremlin Nob","floor":12,"turns":4},{"damage":0,"enemies":"2 Fungi Beasts","floor":14,"turns":3},{"damage":37,"enemies":"The Guardian","floor":16,"turns":11},{"damage":12,"enemies":"Spheric Guardian","floor":18,"turns":4},{"damage":21,"enemies":"Shell Parasite","floor":20,"turns":4},{"damage":78,"enemies":"Slavers","floor":24,"turns":8},{"damage":13,"enemies":"Centurion and Healer","floor":25,"turns":6},{"damage":0,"enemies":"Snecko","floor":28,"turns":3},{"damage":35,"enemies":"Book of Stabbing","floor":31,"turns":6},{"damage":85,"enemies":"Champ","floor":33,"turns":13},{"damage":14,"enemies":"3 Shapes","floor":35,"turns":7},{"damage":4,"enemies":"3 Darklings","floor":36,"turns":7},{"damage":66,"enemies":"Spire Growth","floor":37,"turns":6},{"damage":7,"enemies":"Transient","floor":39,"turns":5},{"damage":89,"enemies":"Giant Head","floor":42,"turns":9}],"seed_played":"7377609794788590937","potions_obtained":[{"floor":2,"key":"ColorlessPotion"},{"floor":4,"key":"SpeedPotion"},{"floor":10,"key":"ElixirPotion"},{"floor":11,"key":"ElixirPotion"},{"floor":12,"key":"BloodPotion"},{"floor":14,"key":"Block Potion"},{"floor":24,"key":"SkillPotion"},{"floor":28,"key":"FairyPotion"},{"floor":33,"key":"ColorlessPotion"},{"floor":35,"key":"Fire Potion"},{"floor":37,"key":"BlessingOfTheForge"},{"floor":39,"key":"EssenceOfSteel"}],"is_trial":false,"path_per_floor":["M","M","$","M","M","E","R","M","T","M","M","E","R","M","R","B",null,"M","?","M","$","?","R","E","M","T","R","M","?","$","E","R","B",null,"M","M","M","$","M","R","?","E"],"character_chosen":"IRONCLAD","items_purchased":["Clothesline"],"campfire_rested":0,"item_purchase_floors":[3],"current_hp_per_floor":[80,80,80,80,80,68,68,72,72,73,67,68,68,80,80,60,80,80,80,71,71,71,71,42,51,51,51,63,63,63,58,58,31,80,83,86,51,51,67,67,56,0,0],"gold":315,"neow_bonus":"","is_daily":false,"chose_seed":false,"campfire_upgraded":7,"win_rate":0.0,"timestamp":1614306302,"path_taken":["M","M","$","M","M","E","R","M","T","M","M","E","R","M","R","BOSS","M","?","?","$","?","R","E","M","T","R","M","?","?","E","R","BOSS","M","M","M","?","M","R","?","E"],"items_purchased_type":["Card"],"build_version":"2020-12-22","purchased_purges":4,"victory":false,"max_hp_per_floor":[80,80,80,80,80,80,80,80,80,80,80,80,80,80,80,80,80,80,80,80,80,80,80,80,80,80,80,80,80,80,80,80,80,80,83,86,89,89,89,89,89,89,89],"card_choices":[{"not_picked":["Sword Boomerang","Body Slam"],"picked":"Twin Strike","floor":1},{"not_picked":["Sever Soul","Rampage"],"picked":"Flame Barrier","floor":2},{"not_picked":["Rage","Infernal Blade"],"picked":"Inflame","floor":4},{"not_picked":["Shockwave","Iron Wave"],"picked":"Twin Strike","floor":5},{"not_picked":["Sever Soul","Searing Blow"],"picked":"Flex","floor":6},{"not_picked":["Rampage","Iron Wave","Clash"],"picked":"SKIP","floor":8},{"not_picked":["Warcry","Sword Boomerang"],"picked":"Reaper","floor":10},{"not_picked":["Perfected Strike","Warcry","Body Slam"],"picked":"SKIP","floor":11},{"not_picked":["Ghostly Armor","Disarm"],"picked":"Berserk","floor":12},{"not_picked":["Warcry","Headbutt"],"picked":"Cleave","floor":14},{"not_picked":["Barricade","Berserk"],"picked":"Fiend Fire","floor":16},{"not_picked":["Sword Boomerang","Body Slam"],"picked":"Battle Trance","floor":18},{"not_picked":["Cleave","Juggernaut"],"picked":"True Grit","floor":20},{"not_picked":["Flex","Second Wind","Berserk"],"picked":"SKIP","floor":24},{"not_picked":["Clothesline","Iron Wave","Cleave","Twin Strike"],"picked":"SKIP","floor":25},{"not_picked":["Iron Wave","Carnage+1","Body Slam","Entrench+1"],"picked":"SKIP","floor":28},{"not_picked":["Corruption","Rupture+1","Barricade"],"picked":"Inflame","floor":31},{"not_picked":["Offering","Reaper","Double Tap"],"picked":"Feed","floor":33},{"not_picked":["Perfected Strike+1","Shrug It Off+1","Entrench+1"],"picked":"Armaments","floor":35},{"not_picked":["Clash+1","Pummel","Iron Wave+1"],"picked":"Power Through","floor":36},{"not_picked":["Pummel","Reckless Charge","Clothesline","Anger"],"picked":"SKIP","floor":37},{"not_picked":["Berserk","Metallicize","Flex+1"],"picked":"Whirlwind","floor":39}],"player_experience":0,"relics_obtained":[{"floor":6,"key":"MawBank"},{"floor":9,"key":"Boot"},{"floor":12,"key":"War Paint"},{"floor":24,"key":"Question Card"},{"floor":26,"key":"Vajra"},{"floor":31,"key":"Matryoshka"}],"event_choices":[{"damage_healed":0,"gold_gain":0,"player_choice":"Traded Relic","damage_taken":0,"relics_obtained":["Nloth\u0027s Gift"],"max_hp_gain":0,"max_hp_loss":0,"event_name":"N\u0027loth","floor":19,"relics_lost":["MawBank"],"gold_loss":0},{"damage_healed":0,"gold_gain":0,"player_choice":"Obtained Relic","damage_taken":0,"relics_obtained":["Nunchaku"],"max_hp_gain":0,"max_hp_loss":0,"event_name":"Addict","floor":22,"gold_loss":85},{"damage_healed":0,"gold_gain":0,"player_choice":"Opened","damage_taken":0,"relics_obtained":["Bronze Scales"],"max_hp_gain":0,"max_hp_loss":0,"event_name":"The Mausoleum","floor":29,"gold_loss":0,"cards_obtained":["Writhe"]},{"damage_healed":0,"gold_gain":0,"player_choice":"Embrace Madness","damage_taken":11,"max_hp_gain":0,"max_hp_loss":0,"event_name":"Winding Halls","floor":41,"gold_loss":0,"cards_obtained":["Madness","Madness"]}],"is_beta":false,"boss_relics":[{"not_picked":["Black Star","Mark of Pain"],"picked":"Black Blood"},{"not_picked":["Velvet Choker","Tiny House"],"picked":"Cursed Key"}],"items_purged_floors":[3,21,30,38],"is_endless":false,"potions_floor_spawned":[2,4,10,11,12,14,24,28,33,35,37,39],"killed_by":"Giant Head","ascension_level":0}}