{"host":"bvp2uifzy1c463d9","time":1614318015,"event":{"mods":["AchievementEnabler","BaseMod","Better Note","Block Reminder","Bossed Relics","Colored Map","Colored Powertips","Hermit","Highlight Path","Hubris","Infinite Spire","Minty Spire (QoL Compilation)","Relic Sorter","Relic Stats","Reliquary","Replay The Spire","StSLib","The Blue Laboratory","Wandering Minibosses"],"gold_per_floor":[114,41,59,77,77,109,109,150,150,180,203,203,238,263,263,394,394,413,427,198,223,262,262,262],"floor_reached":23,"language":"ENG","playtime":1014,"items_purged":["hermit:Strike_Hermit"],"score":243,"play_id":"0dfcaf49-4466-4f81-baf3-5564329f2ab6","local_time":"20210225234015","is_ascension_mode":true,"campfire_choices":[{"data":"hermit:Adapt","floor":12,"key":"SMITH"}],"circlet_count":0,"master_deck":["hermit:Strike_Hermit","hermit:Strike_Hermit","hermit:Strike_Hermit","hermit:Defend_Hermit","hermit:Defend_Hermit","hermit:Defend_Hermit","hermit:Defend_Hermit","hermit:Snapshot","hermit:Covet","hermit:Horror","hermit:Adapt+1","hermit:Combo","hermit:Midnight+1","hermit:Headshot","Injury","hermit:EyeOfTheStorm","hermit:Snipe","hermit:Glare","hermit:GhostlyPresence","hermit:RoundhouseKick","hermit:FlashPowder+1","hermit:TakeAim","hermit:Dive","hermit:PistolWhip"],"relics":["hermit:Momento","hubris:CuriousFeather","Golden Idol","StrikeDummy","infinitespire:Lychee Nut","reliquary:RedPaperclip","hubris:HerbalPaste","Red Mask"],"acts_visited":["Exordium","TheCity"],"potions_floor_usage":[21,23],"damage_taken":[{"damage":1,"enemies":"Cultist","floor":1,"turns":3},{"damage":0,"enemies":"2 Louse","floor":3,"turns":2},{"damage":5,"enemies":"Small Slimes","floor":4,"turns":3},{"damage":25,"enemies":"Gremlin Nob","floor":6,"turns":5},{"damage":14,"enemies":"3 Sentries","floor":8,"turns":6},{"damage":4,"enemies":"3 Louse","floor":11,"turns":3},{"damage":30,"enemies":"Lagavulin","floor":13,"turns":6},{"damage":0,"enemies":"2 Fungi Beasts","floor":14,"turns":3},{"damage":4,"enemies":"Hexaghost","floor":16,"turns":8},{"damage":4,"enemies":"3 Byrds","floor":18,"turns":4},{"damage":6,"enemies":"Shell Parasite","floor":19,"turns":5},{"damage":0,"enemies":"Centurion and Healer","floor":21,"turns":6},{"damage":46,"enemies":"Masked Bandits","floor":22,"turns":4},{"damage":35,"enemies":"Slavers","floor":23,"turns":3}],"seed_played":"7718376332408360184","potions_obtained":[{"floor":6,"key":"SneckoOil"},{"floor":11,"key":"Dexterity Potion"},{"floor":13,"key":"DuplicationPotion"},{"floor":21,"key":"Strength Potion"}],"is_trial":false,"path_per_floor":["M","$","M","M","T","E","?","E","T","?","M","R","E","M","R_BF","B",null,"M","M","$","M","?","E"],"character_chosen":"HERMIT","items_purchased":["hermit:Adapt","hubris:HerbalPaste"],"campfire_rested":0,"item_purchase_floors":[2,20],"current_hp_per_floor":[81,81,81,76,76,51,51,37,37,37,38,38,14,19,37,39,61,58,56,56,61,19,0,0],"gold":262,"neow_bonus":"TEN_PERCENT_HP_BONUS","is_daily":false,"chose_seed":false,"campfire_upgraded":1,"win_rate":0.0,"timestamp":1614318015,"path_taken":["M","$","M","M","?","E","?","E","T","?","M","R","E","M","R_BF","BOSS","M","M","$","M","?","E"],"items_purchased_type":["Card","Relic"],"build_version":"2020-12-22","purchased_purges":1,"victory":false,"max_hp_per_floor":[82,82,82,82,82,82,82,82,61,61,61,61,61,61,61,61,61,61,61,61,61,61,61,61],"relic_stats":{"counters":[14,61],"Golden Idol":71,"obtain_stats":[{"reliquary:RedPaperclip":17,"hubris:HerbalPaste":20,"Golden Idol":7,"infinitespire:Lychee Nut":9,"hubris:CuriousFeather":6,"Garlic":5,"Red Mask":22,"StrikeDummy":8,"hermit:Momento":0,"reliquary:SharkskinSheath":13},{"reliquary:RedPaperclip":9,"hubris:HerbalPaste":11,"Golden Idol":4,"infinitespire:Lychee Nut":5,"hubris:CuriousFeather":4,"Garlic":3,"Red Mask":13,"StrikeDummy":5,"hermit:Momento":0,"reliquary:SharkskinSheath":7},{"reliquary:RedPaperclip":39,"hubris:HerbalPaste":48,"Golden Idol":13,"infinitespire:Lychee Nut":19,"hubris:CuriousFeather":13,"Garlic":8,"Red Mask":58,"StrikeDummy":19,"hermit:Momento":0,"reliquary:SharkskinSheath":28}]},"card_choices":[{"not_picked":["hermit:SprayPray","hermit:Glare"],"picked":"hermit:Horror","floor":1},{"not_picked":["hermit:HoleUp","hermit:Vantage"],"picked":"hermit:Combo","floor":3},{"not_picked":["hermit:SprayPray","hermit:Horror"],"picked":"hermit:Midnight","floor":4},{"not_picked":["hermit:HoleUp","hermit:Showdown"],"picked":"hermit:Headshot","floor":6},{"not_picked":["hermit:Horror","hermit:Determination"],"picked":"hermit:EyeOfTheStorm","floor":8},{"not_picked":["hermit:Desperado","hermit:WideOpen"],"picked":"hermit:Snipe","floor":11},{"not_picked":["hermit:Spite","hermit:Cheat"],"picked":"hermit:Glare","floor":13},{"not_picked":["hermit:LowProfile","hermit:Brawl"],"picked":"hermit:GhostlyPresence","floor":14},{"not_picked":["hermit:HeroicBravado","hermit:FinalCanter"],"picked":"hermit:RoundhouseKick","floor":16},{"not_picked":["hermit:Manifest","hermit:Misfire"],"picked":"hermit:FlashPowder+1","floor":18},{"not_picked":["hermit:Showdown+1","hermit:Ricochet"],"picked":"hermit:TakeAim","floor":19},{"not_picked":["hermit:WideOpen","hermit:FlashPowder"],"picked":"hermit:Dive","floor":21},{"not_picked":["hermit:Headshot","hermit:CursedWeapon"],"picked":"hermit:PistolWhip","floor":22}],"player_experience":383468,"relics_obtained":[{"floor":5,"key":"Garlic"},{"floor":6,"key":"hubris:CuriousFeather"},{"floor":8,"key":"StrikeDummy"},{"floor":9,"key":"infinitespire:Lychee Nut"},{"floor":13,"key":"reliquary:SharkskinSheath"},{"floor":22,"key":"Red Mask"}],"event_choices":[{"damage_healed":0,"gold_gain":0,"player_choice":"Take Wound","damage_taken":0,"relics_obtained":["Golden Idol"],"max_hp_gain":0,"max_hp_loss":0,"event_name":"Golden Idol","floor":7,"gold_loss":0,"cards_obtained":["Injury"]},{"damage_healed":0,"gold_gain":30,"player_choice":"Searched \u00271\u0027 times","damage_taken":0,"max_hp_gain":0,"max_hp_loss":0,"event_name":"Dead Adventurer","floor":10,"gold_loss":0},{"damage_healed":0,"gold_gain":0,"player_choice":"Fought Bandits","damage_taken":0,"max_hp_gain":0,"max_hp_loss":0,"event_name":"Masked Bandits","floor":22,"gold_loss":0}],"is_beta":false,"boss_relics":[{"not_picked":["Philosopher\u0027s Stone","Runic Dome"],"picked":"reliquary:RedPaperclip"}],"items_purged_floors":[20],"is_endless":false,"potions_floor_spawned":[6,11,13,14,19,21],"killed_by":"Slavers","ascension_level":3}}