{"host":"dkr0dog13pegamnp","time":1614317757,"event":{"mods":["AchievementEnabler","BaseMod","Minty Spire (QoL Compilation)","Rare Cards Sparkle","StSLib","SuperFastMode","everything is the same but u backflip on backflip"],"gold_per_floor":[118,135,135,155,168,168,183,183,261,261,261],"floor_reached":10,"language":"KOR","playtime":274,"items_purged":[],"score":102,"play_id":"22152ab3-8532-4aa7-a530-7be79136c6f2","local_time":"20210226143557","is_ascension_mode":true,"campfire_choices":[{"data":"Terror","floor":6,"key":"SMITH"},{"data":"Finisher","floor":8,"key":"SMITH"}],"circlet_count":0,"master_deck":["AscendersBane","Strike_G","Strike_G","Strike_G","Strike_G","Strike_G","Defend_G","Defend_G","Defend_G","Defend_G","Defend_G","Survivor","Neutralize+1","Finisher+1","Backflip","Terror+1","Deadly Poison"],"relics":["Ring of the Snake","White Beast Statue"],"acts_visited":["Exordium"],"potions_floor_usage":[5,10],"damage_taken":[{"damage":0.0,"enemies":"2 Louse","floor":1.0,"turns":5.0},{"damage":0.0,"enemies":"Jaw Worm","floor":2.0,"turns":4.0},{"damage":9.0,"enemies":"Small Slimes","floor":4.0,"turns":6.0},{"damage":10,"enemies":"Gremlin Gang","floor":5,"turns":6},{"damage":25,"enemies":"Large Slime","floor":7,"turns":12},{"damage":24,"enemies":"Gremlin Nob","floor":10,"turns":4}],"seed_played":"466440858815277068","potions_obtained":[{"floor":4.0,"key":"SteroidPotion"},{"floor":7,"key":"Block Potion"}],"is_trial":false,"path_per_floor":["M","M","?","M","M","R","M","R","T","E"],"character_chosen":"THE_SILENT","items_purchased":[],"campfire_rested":0,"item_purchase_floors":[],"current_hp_per_floor":[59,59,64,55,45,45,20,20,20,0,0],"gold":261,"neow_bonus":"UPGRADE_CARD","is_daily":false,"chose_seed":false,"campfire_upgraded":2,"win_rate":0.0,"timestamp":1614317757,"path_taken":["M","M","?","M","M","R","M","R","T","E"],"items_purchased_type":[],"build_version":"2020-12-22","purchased_purges":0,"victory":false,"max_hp_per_floor":[66,66,71,71,71,71,71,71,71,71,71],"card_choices":[{"not_picked":["Sucker Punch","Dagger Throw"],"picked":"Finisher","floor":1.0},{"not_picked":["Flying Knee","Sucker Punch"],"picked":"Backflip","floor":2.0},{"not_picked":["Bane","Flechettes","Skewer"],"picked":"SKIP","floor":4.0},{"not_picked":["Deflect","Flying Knee"],"picked":"Terror","floor":5},{"not_picked":["Corpse Explosion","Heel Hook","Deadly Poison"],"picked":"SKIP","floor":7},{"not_picked":["Corpse Explosion","Heel Hook"],"picked":"Deadly Poison","floor":7}],"player_experience":117144,"relics_obtained":[{"floor":9,"key":"White Beast Statue"}],"event_choices":[{"damage_healed":0.0,"max_hp_gain":5.0,"max_hp_loss":0.0,"gold_gain":0.0,"event_name":"Big Fish","player_choice":"Donut","floor":3.0,"gold_loss":0.0,"damage_taken":0.0}],"is_beta":false,"boss_relics":[],"items_purged_floors":[],"is_endless":false,"potions_floor_spawned":[4,7],"killed_by":"Gremlin Nob","ascension_level":14}}