{"host":"5n1fl7z5i1vf7jan","time":1614322241,"event":{"mods":["BaseMod","Minty Spire (QoL Compilation)","Quick Restart","Relic Stats"],"gold_per_floor":[118,118,144,161,180,211,211,240,292,367,367,379,304,333,333,333,333],"floor_reached":16,"language":"ENG","playtime":499,"items_purged":[],"score":286,"play_id":"e281eca0-828c-4e5b-b8c5-7256f5bf211f","local_time":"20210225225041","is_ascension_mode":true,"campfire_choices":[{"data":"Eruption","floor":7.0,"key":"SMITH"},{"data":"Wallop","floor":11,"key":"SMITH"},{"data":"Wallop","floor":15,"key":"SMITH"}],"circlet_count":0,"master_deck":["AscendersBane","Strike_P","Strike_P","Strike_P","Strike_P","Defend_P","Defend_P","Eruption+1","Vigilance","CurseOfTheBell","WaveOfTheHand","Wallop+1","FollowUp","MentalFortress","Wallop+1","Protect","Weave"],"relics":["Calling Bell","Potion Belt","The Courier","Thread and Needle","Toy Ornithopter","Strawberry","Smiling Mask","Pen Nib"],"acts_visited":["Exordium"],"potions_floor_usage":[8,14,16,16],"damage_taken":[{"damage":0.0,"enemies":"Jaw Worm","floor":1.0,"turns":3.0},{"damage":0.0,"enemies":"2 Louse","floor":4.0,"turns":4.0},{"damage":0.0,"enemies":"Cultist","floor":5.0,"turns":4.0},{"damage":12.0,"enemies":"Lagavulin","floor":6.0,"turns":7.0},{"damage":0,"enemies":"Gremlin Nob","floor":8,"turns":2},{"damage":0,"enemies":"Blue Slaver","floor":12,"turns":3},{"damage":11,"enemies":"3 Sentries","floor":14,"turns":9},{"damage":58,"enemies":"Hexaghost","floor":16,"turns":9}],"seed_played":"513926969354529996","potions_obtained":[{"floor":1.0,"key":"Dexterity Potion"},{"floor":6.0,"key":"ColorlessPotion"},{"floor":12,"key":"LiquidMemories"},{"floor":14,"key":"Weak Potion"}],"is_trial":false,"path_per_floor":["M","?","T","M","M","E","R","E","T","?","R","M","?","E","R","B"],"character_chosen":"WATCHER","items_purchased":[],"campfire_rested":0,"item_purchase_floors":[],"current_hp_per_floor":[61,54,54,54,54,42,42,54,54,43,43,43,43,37,37,0,0],"gold":333,"neow_bonus":"BOSS_RELIC","is_daily":false,"chose_seed":false,"campfire_upgraded":3,"win_rate":0.0,"timestamp":1614322241,"path_taken":["M","?","?","M","M","E","R","E","T","?","R","M","?","E","R","BOSS"],"items_purchased_type":[],"build_version":"2020-12-22","purchased_purges":0,"victory":false,"max_hp_per_floor":[68,68,68,68,68,68,68,75,75,75,75,75,75,75,75,75,75],"relic_stats":{"counters":[8,41],"Pen Nib":[2],"Smiling Mask":0,"obtain_stats":[{"Calling Bell":0,"Potion Belt":0,"Strawberry":8,"Thread and Needle":0,"The Courier":0,"Pen Nib":14,"PureWater":0,"Smiling Mask":9,"Toy Ornithopter":3},{"Calling Bell":0,"Potion Belt":0,"Strawberry":5,"Thread and Needle":0,"The Courier":0,"Pen Nib":7,"PureWater":0,"Smiling Mask":5,"Toy Ornithopter":1},{"Calling Bell":0,"Potion Belt":0,"Strawberry":20,"Thread and Needle":0,"The Courier":0,"Pen Nib":32,"PureWater":0,"Smiling Mask":20,"Toy Ornithopter":3}],"Toy Ornithopter":20},"card_choices":[{"not_picked":["PathToVictory","Halt"],"picked":"WaveOfTheHand","floor":1.0},{"not_picked":["Vengeance","TalkToTheHand"],"picked":"Wallop","floor":4.0},{"not_picked":["PathToVictory","Crescendo"],"picked":"FollowUp","floor":5.0},{"not_picked":["Perseverance","Worship"],"picked":"MentalFortress","floor":6.0},{"not_picked":["Fasting2","Crescendo"],"picked":"Wallop","floor":8},{"not_picked":["Vengeance","SashWhip"],"picked":"Protect","floor":12},{"not_picked":["Scrawl","Wireheading"],"picked":"Weave","floor":14}],"player_experience":438292,"relics_obtained":[{"floor":0.0,"key":"Potion Belt"},{"floor":0.0,"key":"The Courier"},{"floor":0.0,"key":"Thread and Needle"},{"floor":3.0,"key":"Toy Ornithopter"},{"floor":8,"key":"Strawberry"},{"floor":9,"key":"Smiling Mask"},{"floor":14,"key":"Pen Nib"}],"event_choices":[{"cards_removed":["Defend_P"],"damage_healed":0.0,"max_hp_gain":0.0,"max_hp_loss":0.0,"gold_gain":0.0,"event_name":"Golden Wing","player_choice":"Card Removal","floor":2.0,"gold_loss":0.0,"damage_taken":7.0},{"damage_healed":0,"gold_gain":75,"player_choice":"Gather Gold","damage_taken":11,"max_hp_gain":0,"max_hp_loss":0,"event_name":"World of Goop","floor":10,"gold_loss":0},{"cards_removed":["Defend_P"],"damage_healed":0,"gold_gain":0,"player_choice":"Card Removal","damage_taken":0,"max_hp_gain":0,"max_hp_loss":0,"event_name":"The Cleric","floor":13,"gold_loss":75}],"is_beta":false,"boss_relics":[],"items_purged_floors":[],"is_endless":false,"potions_floor_spawned":[1,6,12,14],"killed_by":"Hexaghost","ascension_level":20}}