{"host":"5vxoi0a3x57fg5l4","time":1614303937,"event":{"mods":["Act Like it!","BaseMod","Better Third Choice","Colored Map","GifTheSpireLib","Hallownest","Highlight Path","Minty Spire (QoL Compilation)","Permanent Neow","Quick Restart","Relic Sorter","Relic Stats","StSLib","The Bug Knight","UnlockEverythingMod"],"gold_per_floor":[111,111,125,125,1,1,34,34,34,68,85,85,101,115,115,211,211,229,229,240,169,187,187,206,224,224,224,239,239,239,6,6,6,6],"floor_reached":33,"language":"ENG","playtime":2451,"items_purged":["HollowMod:NailStrikeStart"],"score":282,"play_id":"cd9aec9f-f29d-43ff-84e5-b34f1ef48ef3","local_time":"20210225224537","is_ascension_mode":false,"campfire_choices":[{"data":"HollowMod:ZotesMagnificence","floor":6.0,"key":"SMITH"},{"data":"HollowMod:ShadowDash","floor":12.0,"key":"SMITH"},{"floor":15.0,"key":"REST"},{"data":"HollowMod:MidwifesHunger","floor":23.0,"key":"SMITH"},{"floor":30,"key":"REST"},{"floor":32,"key":"REST"}],"circlet_count":1,"master_deck":["HollowMod:NailStrikeStart","HollowMod:NailStrikeStart","HollowMod:NailStrikeStart","HollowMod:FocusHealStart","HollowMod:PogoStrike","Shame","HollowMod:ZotesMagnificence+1","HollowMod:DescendingDark","HollowMod:WraithStrike","Hallownest:skillLeafShield","Hallownest:skillLeafShield","Hallownest:skillLeafShield","Hallownest:skillLeafShield","Hallownest:skillLeafShield","HollowMod:SiblingsSouls","HollowMod:ShadowDash+1","HollowMod:CrystalDash","HollowMod:CloakDash","HollowMod:VengefulVoid","HollowMod:HeavyBlow","HollowMod:MidwifesHunger+1","HollowMod:MonarchWings","HollowMod:RecoilStrike","HollowMod:SlysStrikes+1","HollowMod:DreamGate","HollowMod:CloakDash","HollowMod:SlysStrikes+1","HollowMod:SiblingsShadow+1"],"relics":["HollowMod:VesselMask","Hallownest:DreamNailRelic","Orichalcum","Circlet","HollowMod:StagPassRelic","Du-Vu Doll","Sozu","HollowMod:MantisClawRelic"],"acts_visited":["Hallownest:Greenpath","Hallownest:CityofTears"],"potions_floor_usage":[],"damage_taken":[{"damage":0.0,"enemies":"Hallownest:2_MossCreeps","floor":1.0,"turns":4.0},{"damage":0.0,"enemies":"Hallownest:monsterHuskGuard","floor":3.0,"turns":3.0},{"damage":34.0,"enemies":"Hallownest:eliteCrystalGuardian","floor":7.0,"turns":6.0},{"damage":3.0,"enemies":"Hallownest:eliteVengeflyKing","floor":10.0,"turns":4.0},{"damage":3.0,"enemies":"2_ Uuma","floor":11.0,"turns":2.0},{"damage":0.0,"enemies":"Hallownest:MossCreep_and_Mosskin","floor":13.0,"turns":4.0},{"damage":7.0,"enemies":"Hallownest:Guard_and_Warrior","floor":14.0,"turns":4.0},{"damage":21.0,"enemies":"Hallownest:BossBrokenVessel","floor":16.0,"turns":7.0},{"damage":7.0,"enemies":"Hallownest:3_Youths","floor":18.0,"turns":7.0},{"damage":15.0,"enemies":"Hallownest:2_Mistakes","floor":20.0,"turns":5.0},{"damage":3.0,"enemies":"Hallownest:monsterMisterMushroom","floor":22.0,"turns":6.0},{"damage":22.0,"enemies":"Hallownest:3_Mistakes","floor":24.0,"turns":4.0},{"damage":4.0,"enemies":"Hallownest:2_Husk_Sentries","floor":25.0,"turns":5.0},{"damage":8,"enemies":"Hallownest:Master_and_Novice","floor":28,"turns":3},{"damage":67,"enemies":"Hallownest:BossGrimm","floor":33,"turns":6}],"seed_played":"-203287303856891495","potions_obtained":[{"floor":3.0,"key":"Weak Potion"},{"floor":11.0,"key":"SteroidPotion"},{"floor":13.0,"key":"PowerPotion"}],"is_trial":false,"path_per_floor":["M","?","M","?","$","R","E","?","T","E","M","R","M","M","R","B",null,"M","$","M","$","M","R","M","M","T","?","M","T","R","$","R","B"],"character_chosen":"THE_BUGKNIGHT","items_purchased":["HollowMod:SiblingsSouls","HollowMod:SlysStrikes","HollowMod:SlysStrikes","HollowMod:SiblingsShadow"],"campfire_rested":3,"item_purchase_floors":[5,21,31,31],"current_hp_per_floor":[75,75,75,75,75,75,41,41,41,38,35,35,35,28,50,29,75,68,68,53,53,50,50,28,24,24,24,16,16,38,38,60,0,0],"gold":6,"neow_bonus":"THREE_RARE_CARDS","is_daily":false,"chose_seed":false,"campfire_upgraded":3,"win_rate":0.0,"timestamp":1614303937,"path_taken":["M","?","?","?","$","R","E","?","T","E","M","R","M","M","R","BOSS","M","$","M","$","M","R","M","M","T","?","M","?","R","$","R","BOSS"],"items_purchased_type":["Card","Card","Card","Card"],"build_version":"2020-12-22","purchased_purges":1,"victory":false,"max_hp_per_floor":[75,75,75,75,75,75,75,75,75,75,75,75,75,75,75,75,75,75,75,75,75,75,75,75,75,75,75,75,75,75,75,75,75,75],"relic_stats":{"Sozu":3,"counters":[15,70],"Orichalcum":[66],"obtain_stats":[{"Du-Vu Doll":10,"Sozu":17,"Circlet":8,"HollowMod:VesselMask":0,"Hallownest:DreamNailRelic":2,"Orichalcum":7,"HollowMod:MantisClawRelic":29,"HollowMod:StagPassRelic":9},{"Du-Vu Doll":4,"Sozu":8,"Circlet":3,"HollowMod:VesselMask":0,"Hallownest:DreamNailRelic":1,"Orichalcum":3,"HollowMod:MantisClawRelic":14,"HollowMod:StagPassRelic":3},{"Du-Vu Doll":17,"Sozu":34,"Circlet":13,"HollowMod:VesselMask":0,"Hallownest:DreamNailRelic":4,"Orichalcum":13,"HollowMod:MantisClawRelic":64,"HollowMod:StagPassRelic":13}]},"card_choices":[{"not_picked":["HollowMod:Hiveblood","HollowMod:ElderbugsWisdom"],"picked":"HollowMod:ZotesMagnificence","floor":0.0},{"not_picked":["HollowMod:ShapeofUnn","HollowMod:GreatSlash"],"picked":"HollowMod:DescendingDark","floor":1.0},{"not_picked":["HollowMod:LifebloodCocoon","HollowMod:CoiledNail"],"picked":"HollowMod:WraithStrike","floor":3.0},{"not_picked":["HollowMod:DoubleDash","HollowMod:HowlingWraiths"],"picked":"HollowMod:ShadowDash","floor":7.0},{"not_picked":["HollowMod:CloakDash","HollowMod:InfectedCysts"],"picked":"HollowMod:CrystalDash","floor":10.0},{"not_picked":["HollowMod:SoulVessel","HollowMod:DoubleDash"],"picked":"HollowMod:CloakDash","floor":11.0},{"not_picked":["HollowMod:InfectedAttack","HollowMod:InfectedCysts"],"picked":"HollowMod:VengefulVoid","floor":13.0},{"not_picked":["HollowMod:LifebloodCocoon","HollowMod:SoulShaman"],"picked":"HollowMod:HeavyBlow","floor":14.0},{"not_picked":["HollowMod:LifebloodCore","HollowMod:AwokenDreamNail"],"picked":"HollowMod:MidwifesHunger","floor":16.0},{"not_picked":["HollowMod:DashSlash","HollowMod:GreatSlash"],"picked":"HollowMod:MonarchWings","floor":18.0},{"not_picked":["HollowMod:HowlingWraiths","HollowMod:SoulEater"],"picked":"HollowMod:RecoilStrike","floor":20.0},{"not_picked":["HollowMod:InfectedAttack","HollowMod:DoubleDash","HollowMod:VengefulSpirit+1"],"picked":"SKIP","floor":22.0},{"not_picked":["HollowMod:NewJinnsSoul","HollowMod:TaintedHusks+1","HollowMod:InfectedAttack+1"],"picked":"SKIP","floor":24.0},{"not_picked":["HollowMod:HowlingWraiths+1","HollowMod:SharpenedNail"],"picked":"HollowMod:DreamGate","floor":25.0},{"not_picked":["HollowMod:NewJinnsSoul+1","HollowMod:DesolateDive+1"],"picked":"HollowMod:CloakDash","floor":28}],"player_experience":23661,"relics_obtained":[{"floor":7.0,"key":"Orichalcum"},{"floor":9.0,"key":"HollowMod:StagPassRelic"},{"floor":10.0,"key":"Du-Vu Doll"},{"floor":29,"key":"HollowMod:MantisClawRelic"}],"event_choices":[],"is_beta":false,"boss_relics":[{"not_picked":["SacredBark","Philosopher\u0027s Stone"],"picked":"Sozu"}],"items_purged_floors":[5],"is_endless":false,"potions_floor_spawned":[3,11,13,18,22,24],"killed_by":"Hallownest:BossGrimm","ascension_level":0}}