{"host":"sc8gyep369e97udg","time":1614302018,"event":{"mods":["BaseMod","Bestiary","Minty Spire (QoL Compilation)","Relic Stats"],"gold_per_floor":[119,170,20,20,32,32,66,66,66,78,96,96,96,116,116,211,211,231,231,247,262,278,278,288,288,288,306,339,0,34,54,54,54,54],"floor_reached":33,"language":"ENG","playtime":2862,"items_purged":[],"score":419,"play_id":"e9773aa3-06bd-4ecf-bb80-1b70d63fe7dd","local_time":"20210225201338","is_ascension_mode":true,"campfire_choices":[{"data":"Echo Form","floor":6,"key":"SMITH"},{"data":"Ball Lightning","floor":13,"key":"SMITH"},{"data":"Gash","floor":15,"key":"SMITH"},{"floor":23,"key":"REST"},{"floor":25,"key":"REST"},{"floor":32,"key":"REST"}],"circlet_count":0,"master_deck":["Strike_B","Strike_B","Strike_B","Strike_B","Defend_B","Defend_B","Defend_B","Defend_B","Zap","Dualcast","Melter","Echo Form+1","Chill","Cold Snap","FTL","Ball Lightning+1","Gash+1","Creative AI","Sunder+1","Streamline+1","Conserve Battery","Self Repair","Storm","Conserve Battery"],"relics":["Cracked Core","NeowsBlessing","Prayer Wheel","FossilizedHelix","Thread and Needle","Velvet Choker","NlothsMask","Bottled Tornado","CaptainsWheel","Pocketwatch"],"acts_visited":["Exordium","TheCity"],"potions_floor_usage":[18,20,21,28,30,33],"damage_taken":[{"damage":0,"enemies":"2 Louse","floor":1,"turns":1},{"damage":0,"enemies":"Small Slimes","floor":5,"turns":1},{"damage":0,"enemies":"Lagavulin","floor":7,"turns":3},{"damage":0,"enemies":"Jaw Worm","floor":10,"turns":3},{"damage":0,"enemies":"Large Slime","floor":11,"turns":5},{"damage":0,"enemies":"Looter","floor":14,"turns":3},{"damage":0,"enemies":"Slime Boss","floor":16,"turns":10},{"damage":8,"enemies":"3 Byrds","floor":18,"turns":4},{"damage":29,"enemies":"2 Thieves","floor":20,"turns":4},{"damage":37,"enemies":"Snake Plant","floor":21,"turns":5},{"damage":13,"enemies":"Cultist and Chosen","floor":22,"turns":6},{"damage":10,"enemies":"Centurion and Healer","floor":24,"turns":8},{"damage":0,"enemies":"Shelled Parasite and Fungi","floor":27,"turns":5},{"damage":40,"enemies":"Gremlin Leader","floor":28,"turns":7},{"damage":22,"enemies":"Slavers","floor":30,"turns":5},{"damage":0,"enemies":"3 Cultists","floor":31,"turns":5},{"damage":63,"enemies":"Collector","floor":33,"turns":8}],"seed_played":"7029484602547484731","potions_obtained":[{"floor":7,"key":"Regen Potion"},{"floor":11,"key":"EssenceOfSteel"},{"floor":18,"key":"LiquidBronze"},{"floor":24,"key":"BlessingOfTheForge"},{"floor":28,"key":"Strength Potion"},{"floor":30,"key":"LiquidMemories"}],"is_trial":false,"path_per_floor":["M","?","$","?","M","R","E","T","T","M","M","?","R","M","R","B",null,"M","?","M","M","M","R","M","R","T","M","E","$","E","M","R","B"],"character_chosen":"DEFECT","items_purchased":["Echo Form","CaptainsWheel","Explosive Potion"],"campfire_rested":3,"item_purchase_floors":[3,29,29],"current_hp_per_floor":[75,75,75,80,80,80,80,80,80,80,80,80,80,80,80,80,80,72,72,52,15,16,40,44,68,68,80,40,40,18,32,56,0,0],"gold":54,"neow_bonus":"THREE_ENEMY_KILL","is_daily":false,"chose_seed":false,"campfire_upgraded":3,"win_rate":0.0,"timestamp":1614302018,"path_taken":["M","?","$","?","M","R","E","?","T","M","M","?","R","M","R","BOSS","M","?","M","M","M","R","M","R","T","?","E","$","E","M","R","BOSS"],"items_purchased_type":["Card","Relic","Potion"],"build_version":"2020-12-22","purchased_purges":0,"victory":false,"max_hp_per_floor":[75,75,75,80,80,80,80,80,80,80,80,80,80,80,80,80,80,80,80,80,80,80,80,80,80,80,80,80,80,80,80,80,80,80],"relic_stats":{"counters":[17,83],"Prayer Wheel":10,"obtain_stats":[{"CaptainsWheel":29,"NeowsBlessing":0,"Velvet Choker":17,"Prayer Wheel":7,"Thread and Needle":9,"Bottled Tornado":28,"Cracked Core":0,"FossilizedHelix":8,"NlothsMask":19,"Pocketwatch":30},{"CaptainsWheel":14,"NeowsBlessing":0,"Velvet Choker":7,"Prayer Wheel":3,"Thread and Needle":3,"Bottled Tornado":14,"Cracked Core":0,"FossilizedHelix":3,"NlothsMask":8,"Pocketwatch":15},{"CaptainsWheel":65,"NeowsBlessing":0,"Velvet Choker":26,"Prayer Wheel":5,"Thread and Needle":5,"Bottled Tornado":65,"Cracked Core":0,"FossilizedHelix":5,"NlothsMask":30,"Pocketwatch":70}],"Pocketwatch":[9]},"card_choices":[{"not_picked":["Redo","Compile Driver"],"picked":"Melter","floor":1},{"not_picked":["Barrage","Beam Cell"],"picked":"Chill","floor":5},{"not_picked":["Amplify","Coolheaded","Barrage"],"picked":"SKIP","floor":7},{"not_picked":["Tempest","Storm"],"picked":"Cold Snap","floor":10},{"not_picked":["FTL","BootSequence","Compile Driver"],"picked":"SKIP","floor":10},{"not_picked":["BootSequence","Compile Driver"],"picked":"FTL","floor":10},{"not_picked":["Barrage","Rebound"],"picked":"Ball Lightning","floor":11},{"not_picked":["Compile Driver","Heatsinks","Rebound"],"picked":"SKIP","floor":11},{"not_picked":["Chill","Streamline"],"picked":"Gash","floor":14},{"not_picked":["Cold Snap","Steam Power","Reprogram"],"picked":"SKIP","floor":14},{"not_picked":["Reboot","Fission"],"picked":"Creative AI","floor":16},{"not_picked":["Barrage","Leap"],"picked":"Sunder+1","floor":18},{"not_picked":["Self Repair","Blizzard","Compile Driver+1"],"picked":"SKIP","floor":18},{"not_picked":["Electrodynamics","Ball Lightning"],"picked":"Streamline+1","floor":20},{"not_picked":["Redo+1","Steam+1","Go for the Eyes"],"picked":"SKIP","floor":20},{"not_picked":["Steam Power","Turbo"],"picked":"Conserve Battery","floor":21},{"not_picked":["Stack","Streamline"],"picked":"Self Repair","floor":21},{"not_picked":["Streamline","Sweeping Beam+1","Ball Lightning+1"],"picked":"SKIP","floor":22},{"not_picked":["Creative AI","Ball Lightning","Compile Driver"],"picked":"SKIP","floor":22},{"not_picked":["Steam Power","Go for the Eyes"],"picked":"Storm","floor":24},{"not_picked":["FTL+1","Compile Driver","Stack"],"picked":"SKIP","floor":24},{"not_picked":["Steam+1","Cold Snap"],"picked":"Conserve Battery","floor":27},{"not_picked":["Coolheaded+1","Barrage","Skim"],"picked":"SKIP","floor":27},{"not_picked":["Turbo+1","Leap","Steam"],"picked":"SKIP","floor":28},{"not_picked":["Rebound","Rip and Tear","White Noise"],"picked":"SKIP","floor":30},{"not_picked":["Static Discharge+1","Ball Lightning","Turbo"],"picked":"SKIP","floor":31},{"not_picked":["Defragment","Lockon","Coolheaded"],"picked":"SKIP","floor":31}],"player_experience":121041,"relics_obtained":[{"floor":7,"key":"Prayer Wheel"},{"floor":8,"key":"FossilizedHelix"},{"floor":9,"key":"Thread and Needle"},{"floor":28,"key":"Bottled Tornado"},{"floor":30,"key":"Pocketwatch"}],"event_choices":[{"damage_healed":0,"gold_gain":51,"player_choice":"Gained Gold","damage_taken":0,"max_hp_gain":0,"max_hp_loss":0,"event_name":"Golden Wing","floor":2,"gold_loss":0},{"damage_healed":0,"gold_gain":0,"player_choice":"Donut","damage_taken":0,"max_hp_gain":5,"max_hp_loss":0,"event_name":"Big Fish","floor":4,"gold_loss":0},{"damage_healed":0,"gold_gain":0,"player_choice":"Ignored","damage_taken":0,"max_hp_gain":0,"max_hp_loss":0,"event_name":"Liars Game","floor":12,"gold_loss":0},{"damage_healed":0,"gold_gain":0,"player_choice":"Trade","damage_taken":0,"relics_obtained":["NlothsMask"],"max_hp_gain":0,"max_hp_loss":0,"event_name":"FaceTrader","floor":19,"gold_loss":0}],"is_beta":false,"boss_relics":[{"not_picked":["Cursed Key","Runic Pyramid"],"picked":"Velvet Choker"}],"items_purged_floors":[],"is_endless":false,"potions_floor_spawned":[7,11,18,24,28,30],"killed_by":"Collector","ascension_level":3}}