{"host":"kh6fvhxn285ncg0o","time":1614317060,"event":{"mods":["Act Like it!","BaseMod","Colored Map","Friendly Minions","Keyboard Shortcuts","Minty Spire (QoL Compilation)","Quick Restart","Relic Stats","StSLib","SuperFastMode","UnlockEverythingMod"],"gold_per_floor":[111,111,111,162,193,205,245,257,314,326,353,379,423,445,457,546,558,580,592,624,636,648,660,707,318,318,318,345,364,378,394,394,473,473,486,411,427,438,90,124,142,174,174,174,191,516,516,543,543,543,543,543,543,4,36,36],"floor_reached":57,"language":"KOR","playtime":1971,"items_purged":["Rampage","Body Slam","Pummel+1"],"score":3455,"play_id":"81051624-b9f3-4a48-942a-60e87b2a0a81","local_time":"20210226142420","is_ascension_mode":true,"campfire_choices":[{"floor":6.0,"key":"REST"},{"floor":8.0,"key":"REST"},{"data":"Bash","floor":10.0,"key":"SMITH"},{"data":"Power Through","floor":15.0,"key":"SMITH"},{"floor":23.0,"key":"REST"},{"data":"Body Slam","floor":27.0,"key":"SMITH"},{"data":"Feel No Pain","floor":32.0,"key":"SMITH"},{"data":"Dark Embrace","floor":44,"key":"SMITH"},{"floor":47,"key":"RECALL"},{"data":"Barricade","floor":49,"key":"SMITH"},{"data":"Shrug It Off","floor":53,"key":"SMITH"}],"circlet_count":0,"master_deck":["AscendersBane","Defend_R","Defend_R+1","Evolve","Feel No Pain+1","True Grit+1","Power Through+1","Shockwave","Barricade+1","Warcry+1","Burning Pact","Power Through+1","Body Slam+1","Offering+1","Fiend Fire+1","Exhume+1","Burning Pact+1","Reckless Charge+1","Parasite","Dark Embrace+1","Shrug It Off+1","Warcry+1","Feel No Pain","Master of Strategy"],"relics":["Burning Blood","Ice Cream","MawBank","Art of War","Ancient Tea Set","Mercury Hourglass","SlaversCollar","Bag of Marbles","TheAbacus","Akabeko","Matryoshka","Pen Nib","Astrolabe","ClockworkSouvenir","War Paint","Potion Belt","Dream Catcher","Old Coin","Lantern","Membership Card","HornCleat","Whetstone"],"acts_visited":["Exordium","TheCity","TheBeyond","TheEnding"],"potions_floor_usage":[55,55,56,56,56,56,56,56],"damage_taken":[{"damage":4.0,"enemies":"Jaw Worm","floor":1.0,"turns":5.0},{"damage":0.0,"enemies":"2 Louse","floor":5.0,"turns":4.0},{"damage":32.0,"enemies":"3 Sentries","floor":7.0,"turns":10.0},{"damage":0.0,"enemies":"Small Slimes","floor":11.0,"turns":3.0},{"damage":4.0,"enemies":"Exordium Thugs","floor":12.0,"turns":5.0},{"damage":26.0,"enemies":"Gremlin Nob","floor":13.0,"turns":4.0},{"damage":8.0,"enemies":"Gremlin Gang","floor":14.0,"turns":4.0},{"damage":3.0,"enemies":"The Guardian","floor":16.0,"turns":12.0},{"damage":19.0,"enemies":"Spheric Guardian","floor":18.0,"turns":11.0},{"damage":8.0,"enemies":"2 Thieves","floor":20.0,"turns":5.0},{"damage":19.0,"enemies":"Slavers","floor":24.0,"turns":12.0},{"damage":0.0,"enemies":"Gremlin Leader","floor":28.0,"turns":6.0},{"damage":9.0,"enemies":"Snake Plant","floor":29.0,"turns":4.0},{"damage":14.0,"enemies":"Shelled Parasite and Fungi","floor":30.0,"turns":7.0},{"damage":0.0,"enemies":"Chosen and Byrds","floor":31.0,"turns":5.0},{"damage":6.0,"enemies":"Champ","floor":33.0,"turns":7.0},{"damage":6.0,"enemies":"3 Shapes","floor":35.0,"turns":3.0},{"damage":4.0,"enemies":"3 Darklings","floor":37.0,"turns":5.0},{"damage":8.0,"enemies":"Writhing Mass","floor":38.0,"turns":5.0},{"damage":6.0,"enemies":"Giant Head","floor":40.0,"turns":3.0},{"damage":6,"enemies":"Jaw Worm Horde","floor":41,"turns":3},{"damage":6,"enemies":"Nemesis","floor":42,"turns":3},{"damage":6,"enemies":"Maw","floor":45,"turns":4},{"damage":6,"enemies":"Mind Bloom Boss Battle","floor":46,"turns":3},{"damage":6,"enemies":"Reptomancer","floor":48,"turns":2},{"damage":0,"enemies":"Time Eater","floor":50,"turns":4},{"damage":6,"enemies":"Donu and Deca","floor":51,"turns":4},{"damage":6,"enemies":"Shield and Spear","floor":55,"turns":2},{"damage":6,"enemies":"The Heart","floor":56,"turns":5}],"seed_played":"-6755718553283881984","potions_obtained":[{"floor":7.0,"key":"CultistPotion"},{"floor":11.0,"key":"GamblersBrew"},{"floor":12.0,"key":"BlessingOfTheForge"},{"floor":16.0,"key":"Explosive Potion"},{"floor":28.0,"key":"GamblersBrew"},{"floor":29.0,"key":"Regen Potion"},{"floor":33.0,"key":"FearPotion"},{"floor":35.0,"key":"EntropicBrew"},{"floor":46,"key":"Block Potion"}],"is_trial":false,"path_per_floor":["M","?","?","T","M","R","E","R","T","R","M","M","E","M","R","B",null,"M","?","M","?","?","R","E","$","T","R","E","M","M","M","R","B",null,"M","?","M","M","$","E","M","E","T","R","M","?","R","E","R","B","B",null,"R","$","E","B",null],"character_chosen":"IRONCLAD","items_purchased":["TheAbacus","Akabeko","Dark Embrace","ClockworkSouvenir","Membership Card","HornCleat","Feel No Pain","Dexterity Potion","Master of Strategy"],"campfire_rested":3,"item_purchase_floors":[25,25,39,39,54,54,54,54,54],"current_hp_per_floor":[52,29,22,22,28,50,24,46,46,46,52,54,34,32,32,35,65,52,52,50,50,50,72,59,59,59,59,65,62,54,72,72,72,74,74,74,75,73,73,73,73,73,73,73,73,73,73,73,73,75,75,75,75,75,75,75],"gold":36,"neow_bonus":"ONE_RARE_RELIC","is_daily":false,"chose_seed":false,"campfire_upgraded":7,"win_rate":0.0,"timestamp":1614317060,"path_taken":["M","?","?","?","M","R","E","R","T","R","M","M","E","M","R","BOSS","M","?","M","?","?","R","E","$","T","R","E","M","?","M","R","BOSS","M","?","M","?","$","E","M","E","T","R","M","?","R","E","R","BOSS","BOSS","R","$","E","BOSS"],"items_purchased_type":["Relic","Relic","Card","Relic","Relic","Relic","Card","Potion","Card"],"build_version":"2020-12-22","purchased_purges":3,"victory":true,"max_hp_per_floor":[75,75,75,75,75,75,75,75,75,75,75,75,75,75,75,75,75,75,75,75,75,75,75,75,75,75,75,75,75,75,75,75,75,75,75,75,75,75,75,75,75,75,75,75,75,75,75,75,75,75,75,75,75,75,75,75],"relic_stats":{"Dream Catcher":0,"TheAbacus":[498],"counters":[29,149],"Astrolabe":["Exhume","Burning Pact","Pummel"],"Pen Nib":[7],"Art of War":[47],"Whetstone":["Fiend Fire","Reckless Charge"],"War Paint":["Offering","True Grit"],"MawBank":252,"obtain_stats":[{"Ice Cream":0,"Potion Belt":42,"Lantern":48,"Astrolabe":34,"Pen Nib":28,"Whetstone":55,"War Paint":40,"MawBank":4,"Ancient Tea Set":9,"Burning Blood":0,"Akabeko":25,"Mercury Hourglass":13,"ClockworkSouvenir":39,"Old Coin":46,"SlaversCollar":17,"Dream Catcher":43,"TheAbacus":25,"Matryoshka":26,"HornCleat":54,"Art of War":7,"Bag of Marbles":24,"Membership Card":54},{"Ice Cream":0,"Potion Belt":22,"Lantern":25,"Astrolabe":16,"Pen Nib":12,"Whetstone":28,"War Paint":20,"MawBank":1,"Ancient Tea Set":3,"Burning Blood":0,"Akabeko":11,"Mercury Hourglass":6,"ClockworkSouvenir":19,"Old Coin":24,"SlaversCollar":8,"Dream Catcher":22,"TheAbacus":11,"Matryoshka":11,"HornCleat":27,"Art of War":3,"Bag of Marbles":11,"Membership Card":27},{"Ice Cream":0,"Potion Belt":125,"Lantern":134,"Astrolabe":103,"Pen Nib":80,"Whetstone":144,"War Paint":119,"MawBank":5,"Ancient Tea Set":19,"Burning Blood":0,"Akabeko":74,"Mercury Hourglass":31,"ClockworkSouvenir":116,"Old Coin":132,"SlaversCollar":47,"Dream Catcher":125,"TheAbacus":74,"Matryoshka":74,"HornCleat":142,"Art of War":19,"Bag of Marbles":74,"Membership Card":142}],"Burning Blood":169,"Mercury Hourglass":[421]},"card_choices":[{"not_picked":["Pommel Strike","Cleave"],"picked":"Evolve","floor":1.0},{"not_picked":["Armaments","Metallicize"],"picked":"Rampage","floor":5.0},{"not_picked":["Warcry","Sword Boomerang"],"picked":"Feel No Pain","floor":7.0},{"not_picked":["Twin Strike","Infernal Blade"],"picked":"True Grit","floor":11.0},{"not_picked":["Heavy Blade","Pommel Strike","Cleave"],"picked":"SKIP","floor":12.0},{"not_picked":["Dropkick","Thunderclap"],"picked":"Power Through","floor":13.0},{"not_picked":["Perfected Strike","Warcry"],"picked":"Shockwave","floor":14.0},{"not_picked":["Double Tap","Offering"],"picked":"Barricade","floor":16.0},{"not_picked":["Feel No Pain","Warcry","Rampage"],"picked":"SKIP","floor":18.0},{"not_picked":["Sword Boomerang","Sentinel"],"picked":"Warcry+1","floor":20.0},{"not_picked":["Metallicize","Pommel Strike"],"picked":"Body Slam","floor":24.0},{"not_picked":["Sword Boomerang","Burning Pact","Flex"],"picked":"SKIP","floor":28.0},{"not_picked":["Clothesline","Rampage","Armaments"],"picked":"SKIP","floor":29.0},{"not_picked":["Havoc","Sword Boomerang","Flex"],"picked":"SKIP","floor":30.0},{"not_picked":["Metallicize","Reckless Charge"],"picked":"Offering","floor":31.0},{"not_picked":["Brutality","Corruption"],"picked":"Fiend Fire","floor":33.0},{"not_picked":["Clash","Body Slam","Ghostly Armor+1"],"picked":"SKIP","floor":35.0},{"not_picked":["Power Through","Combust+1","Armaments+1"],"picked":"SKIP","floor":37.0},{"not_picked":["Armaments","Fire Breathing","Clothesline"],"picked":"SKIP","floor":38.0},{"not_picked":["Headbutt","Combust","Flame Barrier"],"picked":"SKIP","floor":40.0},{"not_picked":["Body Slam","Sword Boomerang","Dark Embrace"],"picked":"SKIP","floor":41},{"not_picked":["Juggernaut","Hemokinesis+1","Reckless Charge"],"picked":"SKIP","floor":42},{"not_picked":["Combust","Perfected Strike","Sword Boomerang"],"picked":"SKIP","floor":45},{"not_picked":["Twin Strike","Perfected Strike"],"picked":"Shrug It Off","floor":46},{"not_picked":["Metallicize+1","Armaments+1"],"picked":"Warcry+1","floor":48},{"not_picked":["Warcry","Sword Boomerang+1","Hemokinesis+1"],"picked":"SKIP","floor":55}],"player_experience":1549839,"relics_obtained":[{"floor":4.0,"key":"MawBank"},{"floor":7.0,"key":"Art of War"},{"floor":9.0,"key":"Ancient Tea Set"},{"floor":13.0,"key":"Mercury Hourglass"},{"floor":24.0,"key":"Bag of Marbles"},{"floor":26.0,"key":"Matryoshka"},{"floor":28.0,"key":"Pen Nib"},{"floor":40.0,"key":"War Paint"},{"floor":42,"key":"Potion Belt"},{"floor":43,"key":"Dream Catcher"},{"floor":46,"key":"Old Coin"},{"floor":48,"key":"Lantern"},{"floor":55,"key":"Whetstone"}],"event_choices":[{"damage_healed":0.0,"max_hp_gain":0.0,"max_hp_loss":0.0,"gold_gain":0.0,"event_name":"Shining Light","player_choice":"Entered Light","floor":2.0,"gold_loss":0.0,"damage_taken":23.0,"cards_upgraded":["Defend_R","Strike_R"]},{"cards_removed":["Strike_R"],"damage_healed":0.0,"max_hp_gain":0.0,"max_hp_loss":0.0,"gold_gain":0.0,"event_name":"Golden Wing","player_choice":"Card Removal","floor":3.0,"gold_loss":0.0,"damage_taken":7.0},{"cards_removed":["Strike_R"],"damage_healed":0.0,"max_hp_gain":0.0,"max_hp_loss":0.0,"gold_gain":0.0,"event_name":"Back to Basics","player_choice":"Elegance","floor":19.0,"gold_loss":0.0,"damage_taken":0.0},{"damage_healed":0.0,"max_hp_gain":0.0,"max_hp_loss":0.0,"gold_gain":0.0,"cards_transformed":["Strike_R","Strike_R"],"event_name":"Drug Dealer","player_choice":"Became Test Subject","floor":21.0,"gold_loss":0.0,"damage_taken":0.0,"cards_obtained":["Burning Pact","Rampage"]},{"damage_healed":0.0,"max_hp_gain":0.0,"max_hp_loss":0.0,"gold_gain":0.0,"event_name":"Duplicator","player_choice":"Copied","floor":22.0,"gold_loss":0.0,"damage_taken":0.0,"cards_obtained":["Power Through"]},{"damage_healed":0.0,"max_hp_gain":0.0,"max_hp_loss":0.0,"gold_gain":0.0,"cards_transformed":["Defend_R","Defend_R"],"event_name":"Designer","player_choice":"Transformed Cards","floor":36.0,"gold_loss":75.0,"damage_taken":0.0,"cards_obtained":["Body Slam","Reckless Charge"]},{"damage_healed":0,"gold_gain":0,"player_choice":"Fight","damage_taken":0,"max_hp_gain":0,"max_hp_loss":0,"event_name":"MindBloom","floor":46,"gold_loss":0}],"is_beta":false,"boss_relics":[{"not_picked":["Cursed Key","Runic Cube"],"picked":"SlaversCollar"},{"not_picked":["Mark of Pain","Runic Pyramid"],"picked":"Astrolabe"}],"items_purged_floors":[25,39,54],"is_endless":false,"potions_floor_spawned":[7,11,12,16,28,29,33,35,41,46,55],"ascension_level":20}}