{"host":"bvp2uifzy1c463d9","time":1614312317,"event":{"mods":["AchievementEnabler","BaseMod","Better Note","Block Reminder","Bossed Relics","Colored Map","Colored Powertips","Hermit","Highlight Path","Hubris","Infinite Spire","Minty Spire (QoL Compilation)","Relic Sorter","Relic Stats","Reliquary","Replay The Spire","StSLib","The Blue Laboratory","Wandering Minibosses"],"gold_per_floor":[110,122,142,142,155,190,38,38,38],"floor_reached":8,"language":"ENG","playtime":471,"items_purged":["hermit:Strike_Hermit"],"score":64,"play_id":"7b28039a-0998-4731-8f72-a67bd0c076e0","local_time":"20210225220517","is_ascension_mode":true,"campfire_choices":[],"circlet_count":0,"master_deck":["hermit:Strike_Hermit","hermit:Defend_Hermit","hermit:Defend_Hermit","hermit:Defend_Hermit","hermit:Defend_Hermit","hermit:Snapshot","hermit:Covet","hubris:Despair","hermit:Reprieve","hermit:Purgatory","hermit:HoleUp","hermit:Manifest","hermit:Desperado","hermit:LowProfile","hermit:Misfire","hermit:Determination"],"relics":["hermit:Momento","Prayer Wheel","Blue Doll"],"acts_visited":["Exordium"],"potions_floor_usage":[6,8],"damage_taken":[{"damage":20,"enemies":"2 Louse","floor":1,"turns":1},{"damage":7,"enemies":"Jaw Worm","floor":2,"turns":6},{"damage":6,"enemies":"Small Slimes","floor":3,"turns":7},{"damage":14,"enemies":"Looter","floor":5,"turns":4},{"damage":22,"enemies":"3 Sentries","floor":6,"turns":6},{"damage":7,"enemies":"Lagavulin","floor":8,"turns":5}],"seed_played":"-331584757812872957","potions_obtained":[{"floor":3,"key":"FearPotion"},{"floor":5,"key":"blueLaboratory:FruitPunch"}],"is_trial":false,"path_per_floor":["M","M","M","?","M","E","$","E"],"character_chosen":"HERMIT","items_purchased":["hermit:Determination"],"campfire_rested":0,"item_purchase_floors":[7],"current_hp_per_floor":[55,48,46,34,24,4,4,0,0],"gold":38,"neow_bonus":"TRANSFORM_TWO_CARDS","is_daily":false,"chose_seed":false,"campfire_upgraded":0,"win_rate":0.0,"timestamp":1614312317,"path_taken":["M","M","M","?","M","E","$","E"],"items_purchased_type":["Card"],"build_version":"2020-12-22","purchased_purges":1,"victory":false,"max_hp_per_floor":[75,75,75,75,75,77,77,77,77],"relic_stats":{"counters":[6,29],"Prayer Wheel":1,"obtain_stats":[{"Prayer Wheel":4,"Blue Doll":6,"hermit:Momento":0},{"Prayer Wheel":3,"Blue Doll":5,"hermit:Momento":0},{"Prayer Wheel":14,"Blue Doll":24,"hermit:Momento":0}]},"card_choices":[{"not_picked":["hermit:GhostlyPresence","hermit:Vantage"],"picked":"hermit:HoleUp","floor":1},{"not_picked":["hermit:LowProfile","hermit:Roulette"],"picked":"hermit:Manifest","floor":2},{"not_picked":["hermit:ItchyTrigger","hermit:Enervate","hermit:Manifest"],"picked":"SKIP","floor":3},{"not_picked":["hermit:Shortfuse","hermit:Coalescence"],"picked":"hermit:Desperado","floor":5},{"not_picked":["hermit:TrackingShot","hermit:Headshot"],"picked":"hermit:LowProfile","floor":5},{"not_picked":["hermit:LowProfile","hermit:Horror"],"picked":"hermit:Misfire","floor":6}],"player_experience":378405,"relics_obtained":[{"floor":6,"key":"Blue Doll"}],"event_choices":[{"damage_healed":0,"gold_gain":0,"player_choice":"Success","damage_taken":12,"relics_obtained":["Prayer Wheel"],"max_hp_gain":0,"max_hp_loss":0,"event_name":"Scrap Ooze","floor":4,"gold_loss":0}],"is_beta":false,"boss_relics":[],"items_purged_floors":[7],"is_endless":false,"potions_floor_spawned":[3,5],"killed_by":"Lagavulin","ascension_level":2}}