{"host":"5ffrjkuvgrxgllwx","time":1614302513,"event":{"mods":["AchievementEnabler","BaseMod","Colored Map","Colored Powertips","Minty Spire (QoL Compilation)","Quick Restart","Rare Cards Sparkle","StSLib","everything is the same but u backflip on backflip"],"gold_per_floor":[114,132,143,154,167,194,208,173,173,173,16,16,16,34,34,106,106,118,118,118,118,136,136,26,26,26],"floor_reached":25,"language":"ENG","playtime":764,"items_purged":[],"score":376,"play_id":"d59c183a-b098-40bf-b567-3bc57206c904","local_time":"20210225202153","is_ascension_mode":true,"campfire_choices":[{"floor":10,"key":"REST"},{"floor":12,"key":"REST"},{"data":"Sunder","floor":15,"key":"SMITH"},{"data":"Gash","floor":23,"key":"SMITH"}],"circlet_count":0,"master_deck":["AscendersBane","Defend_B","Defend_B","Defend_B","Defend_B","Zap","Dualcast","All For One","Rip and Tear","Self Repair","Cold Snap","Sunder+1","Electrodynamics","Conserve Battery","Conserve Battery","Gash+1","Capacitor","Tempest","Doom and Gloom","Buffer","Chill","Sweeping Beam","Meteor Strike+1","Writhe","Rip and Tear"],"relics":["Cracked Core","CaptainsWheel","Sundial","Cursed Key","Blood Vial"],"acts_visited":["Exordium","TheCity"],"potions_floor_usage":[4,6,6,6,16,25],"damage_taken":[{"damage":1,"enemies":"Cultist","floor":1,"turns":3},{"damage":6,"enemies":"Small Slimes","floor":2,"turns":3},{"damage":7,"enemies":"Jaw Worm","floor":3,"turns":3},{"damage":9,"enemies":"2 Fungi Beasts","floor":4,"turns":4},{"damage":28,"enemies":"Exordium Wildlife","floor":5,"turns":4},{"damage":29,"enemies":"Lagavulin","floor":6,"turns":5},{"damage":9,"enemies":"Blue Slaver","floor":7,"turns":4},{"damage":0,"enemies":"2 Fungi Beasts","floor":14,"turns":3},{"damage":54,"enemies":"Hexaghost","floor":16,"turns":9},{"damage":5,"enemies":"Chosen","floor":18,"turns":5},{"damage":2,"enemies":"Spheric Guardian","floor":22,"turns":4},{"damage":77,"enemies":"Slavers","floor":25,"turns":4}],"seed_played":"4812446065405508014","potions_obtained":[{"floor":1,"key":"EssenceOfSteel"},{"floor":3,"key":"EntropicBrew"},{"floor":6,"key":"Fire Potion"},{"floor":16,"key":"Fruit Juice"}],"is_trial":false,"path_per_floor":["M","M","M","M","M","E","M","?","T","R","$","R","?","M","R","B",null,"M","?","?","?","M","R","?","E"],"character_chosen":"DEFECT","items_purchased":["Conserve Battery","Gash","Capacitor"],"campfire_rested":2,"item_purchase_floors":[11,11,11],"current_hp_per_floor":[63,57,57,55,34,12,10,27,27,48,48,69,69,71,71,24,59,61,61,61,61,68,68,68,0,0],"gold":26,"neow_bonus":"ONE_RANDOM_RARE_CARD","is_daily":false,"chose_seed":false,"campfire_upgraded":2,"win_rate":0.0,"timestamp":1614302513,"path_taken":["M","?","M","M","M","E","M","?","T","R","$","R","?","M","R","BOSS","M","?","?","?","M","R","?","E"],"items_purchased_type":["Card","Card","Card"],"build_version":"2020-12-22","purchased_purges":0,"victory":false,"max_hp_per_floor":[71,71,71,71,71,71,71,71,71,71,71,71,71,71,71,71,71,71,71,71,71,71,71,71,76,76],"card_choices":[{"not_picked":["Steam Power","Steam"],"picked":"Rip and Tear","floor":1},{"not_picked":["Undo","Rebound"],"picked":"Self Repair","floor":2},{"not_picked":["Chaos","Steam"],"picked":"Cold Snap","floor":3},{"not_picked":["Rebound","Steam","Chaos"],"picked":"SKIP","floor":4},{"not_picked":["Cold Snap","Rebound"],"picked":"Sunder","floor":5},{"not_picked":["Sweeping Beam","Rebound"],"picked":"Electrodynamics","floor":6},{"not_picked":["Static Discharge","Reprogram"],"picked":"Conserve Battery","floor":7},{"not_picked":["Ball Lightning","Chaos"],"picked":"Doom and Gloom","floor":14},{"not_picked":["Reboot","Seek"],"picked":"Buffer","floor":16},{"not_picked":["Compile Driver","Steam"],"picked":"Chill","floor":18},{"not_picked":["Stack","Hologram"],"picked":"Rip and Tear","floor":22}],"player_experience":1414685,"relics_obtained":[{"floor":6,"key":"CaptainsWheel"},{"floor":9,"key":"Sundial"}],"event_choices":[{"damage_healed":17,"gold_gain":0,"player_choice":"Healed","damage_taken":0,"max_hp_gain":0,"max_hp_loss":0,"event_name":"The Cleric","floor":8,"gold_loss":35},{"damage_healed":0,"gold_gain":0,"cards_transformed":["Strike_B"],"player_choice":"Change","damage_taken":0,"max_hp_gain":0,"max_hp_loss":0,"event_name":"Living Wall","floor":13,"gold_loss":0,"cards_obtained":["Tempest"]},{"damage_healed":0,"gold_gain":0,"player_choice":"Ignored","damage_taken":0,"max_hp_gain":0,"max_hp_loss":0,"event_name":"Vampires","floor":19,"gold_loss":0},{"damage_healed":0,"gold_gain":0,"cards_transformed":["Strike_B","Strike_B"],"player_choice":"Became Test Subject","damage_taken":0,"max_hp_gain":0,"max_hp_loss":0,"event_name":"Drug Dealer","floor":20,"gold_loss":0,"cards_obtained":["Sweeping Beam","Meteor Strike"]},{"damage_healed":0,"gold_gain":0,"player_choice":"Opened","damage_taken":0,"relics_obtained":["Blood Vial"],"max_hp_gain":0,"max_hp_loss":0,"event_name":"The Mausoleum","floor":21,"gold_loss":0,"cards_obtained":["Writhe"]},{"cards_removed":["Strike_B"],"damage_healed":0,"gold_gain":0,"player_choice":"Upgrade and Remove","damage_taken":0,"max_hp_gain":0,"max_hp_loss":0,"event_name":"Designer","floor":24,"gold_loss":110,"cards_upgraded":["Meteor Strike"]}],"is_beta":false,"boss_relics":[{"not_picked":["Ectoplasm","Runic Pyramid"],"picked":"Cursed Key"}],"items_purged_floors":[],"is_endless":false,"potions_floor_spawned":[1,3,6,16],"killed_by":"Slavers","ascension_level":17}}