{"host":"5tnftuc8o0gay6lt","time":1614311127,"event":{"mods":["BaseMod","Better Match","Better Note","Better Sensory Stone","Better Skull","Better Third Choice","BetterRewards","Colored Powertips","Conspire","Minty Spire (QoL Compilation)","Permanent Neow","Relic Filter Mod","Spicy Shops","StSLib","SuperFastMode","The Cursed","¡¾ÒÅÎï¿¨ÅÆ¡¿REMEMod"],"gold_per_floor":[111,129,129,101,111,111,111,111,111,127,147,161,174,189,189,291,291,301,9,20,40,40,72,72,107,107,107,107,107,0,10,10,107,107,118,118,16,33,46,60,72,72,72,72,100,114,130,130,130,130],"floor_reached":51,"language":"ZHS","playtime":2978,"items_purged":["TheCursedMod:Strike_TheCursed"],"score":763,"play_id":"5d1d5676-4da8-4b99-aa2f-9c31e0a9af10","local_time":"20210226114527","is_ascension_mode":false,"campfire_choices":[{"data":"TheCursedMod:SpitefulPlan","floor":6.0,"key":"SMITH"},{"data":"TheCursedMod:EmpowerCircles","floor":8,"key":"SMITH"},{"data":"TheCursedMod:HellfireBreathing","floor":15,"key":"SMITH"},{"data":"TheCursedMod:DarkBarrier","floor":24,"key":"SMITH"},{"data":"TheCursedMod:CircleOfCorruption","floor":32,"key":"SMITH"},{"floor":42,"key":"REST"},{"floor":44,"key":"REST"},{"floor":49,"key":"REST"}],"circlet_count":0,"master_deck":["TheCursedMod:Strike_TheCursed+1","TheCursedMod:Defend_TheCursed","TheCursedMod:Defend_TheCursed","TheCursedMod:Defend_TheCursed","TheCursedMod:Defend_TheCursed","TheCursedMod:CursedWand+1","TheCursedMod:CleanUpWorkshop","TheCursedMod:Dregs","conspire:Blindness","TheCursedMod:NeowsMight","TheCursedMod:CircleOfAbyss","REME_HeartOfCthun","TheCursedMod:EmpowerCircles+1","TheCursedMod:CircleOfCorruption+1","TheCursedMod:SpitefulPlan+1","TheCursedMod:LuckyCharm","TheCursedMod:HellfireBreathing+1","TheCursedMod:CircleOfFlame","TheCursedMod:DarkBarrier+1","TheCursedMod:ManaBullet+1","Pain","TheCursedMod:CursedAmulet+1","TheCursedMod:CursedShiv+1","TheCursedMod:CursedRelics+1","TheCursedMod:HellfireBreathing","TheCursedMod:CursedAmulet+1","TheCursedMod:Wield+1","TheCursedMod:CircleOfAmplification+1"],"relics":["TheCursedMod:BlackMagic101","REME_ComplimentaryCards","Ancient Tea Set","betterThird:SlimedRelic","Molten Egg 2","TheCursedMod:FourLeafCloverCharm","TheCursedMod:CrystalBall","WarpedTongs","Anchor","TungstenRod","Unceasing Top","Fusion Hammer","Blood Vial","conspire:TopHat","Akabeko","Bronze Scales"],"acts_visited":["Exordium","TheCity","TheBeyond"],"potions_floor_usage":[16],"damage_taken":[{"damage":0.0,"enemies":"Small Slimes","floor":1.0,"turns":1.0},{"damage":2.0,"enemies":"Jaw Worm","floor":2.0,"turns":6.0},{"damage":0.0,"enemies":"Cultist","floor":5.0,"turns":3.0},{"damage":0,"enemies":"Looter","floor":10,"turns":3},{"damage":0,"enemies":"Exordium Wildlife","floor":11,"turns":3},{"damage":3,"enemies":"Large Slime","floor":12,"turns":4},{"damage":4,"enemies":"3 Louse","floor":13,"turns":2},{"damage":0,"enemies":"Exordium Thugs","floor":14,"turns":3},{"damage":0,"enemies":"The Guardian","floor":16,"turns":9},{"damage":0,"enemies":"2 Thieves","floor":18,"turns":3},{"damage":0,"enemies":"Spheric Guardian","floor":20,"turns":4},{"damage":14,"enemies":"Snake Plant","floor":21,"turns":4},{"damage":7,"enemies":"Gremlin Leader","floor":23,"turns":8},{"damage":17,"enemies":"Slavers","floor":25,"turns":3},{"damage":0,"enemies":"Shelled Parasite and Fungi","floor":31,"turns":5},{"damage":3,"enemies":"Champ","floor":33,"turns":9},{"damage":0,"enemies":"Orb Walker","floor":35,"turns":3},{"damage":29,"enemies":"3 Shapes","floor":38,"turns":5},{"damage":9,"enemies":"Sphere and 2 Shapes","floor":39,"turns":4},{"damage":0,"enemies":"Spire Growth","floor":40,"turns":4},{"damage":11,"enemies":"Maw","floor":41,"turns":5},{"damage":0,"enemies":"Giant Head","floor":45,"turns":5},{"damage":0,"enemies":"4 Shapes","floor":46,"turns":2},{"damage":0,"enemies":"Writhing Mass","floor":47,"turns":4},{"damage":18,"enemies":"conspire:OrnateMirror","floor":50,"turns":7}],"seed_played":"7650377506341081689","potions_obtained":[{"floor":1.0,"key":"DuplicationPotion"},{"floor":5.0,"key":"PowerPotion"},{"floor":10,"key":"LiquidBronze"},{"floor":16,"key":"Energy Potion"}],"is_trial":false,"path_per_floor":["M","M","?","?","M","R","?","R","T","M","M","M","M","M","R","B",null,"M","$","M","M","?","E","R","E","T","$","?","?","$","M","R","B",null,"M","?","$","M","M","M","M","R","T","R","E","M","M","?","R","B",null],"character_chosen":"THE_CURSED","items_purchased":["TheCursedMod:CrystalBall","TheCursedMod:CursedShiv+1","TheCursedMod:HellfireBreathing"],"campfire_rested":3,"item_purchase_floors":[19,30,37],"current_hp_per_floor":[75,73,61,50,50,50,35,35,35,35,35,32,28,28,28,28,75,75,75,75,61,61,54,54,37,37,37,75,75,75,75,75,72,75,75,75,75,46,37,37,26,48,48,70,72,74,75,41,63,47],"gold":130,"neow_bonus":"TRANSFORM_TWO_CARDS","is_daily":false,"chose_seed":false,"campfire_upgraded":5,"win_rate":0.0,"timestamp":1614311127,"path_taken":["M","M","?","?","M","R","?","R","T","M","M","M","?","M","R","BOSS","M","?","M","M","?","E","R","E","T","?","?","?","?","M","R","BOSS","M","?","?","M","M","M","M","R","T","R","E","M","M","?","R","BOSS"],"items_purchased_type":["Relic","Card","Card"],"build_version":"2020-12-22","purchased_purges":1,"victory":true,"max_hp_per_floor":[75,75,75,75,75,75,75,75,75,75,75,75,75,75,75,75,75,75,75,75,75,75,75,75,75,75,75,75,75,75,75,75,75,75,75,75,75,75,75,75,75,75,75,75,75,75,75,75,75,75],"card_choices":[{"not_picked":["TheCursedMod:PrepareRite","TheCursedMod:Stigma"],"picked":"TheCursedMod:EmpowerCircles","floor":1.0},{"not_picked":["TheCursedMod:SpitefulPray","TheCursedMod:TacticalStrike"],"picked":"TheCursedMod:CircleOfCorruption","floor":2.0},{"not_picked":["TheCursedMod:WearCloak","TheCursedMod:AbyssShockwave"],"picked":"TheCursedMod:SpitefulPlan","floor":5.0},{"not_picked":["TheCursedMod:CursedArmor","TheCursedMod:Wield+1"],"picked":"TheCursedMod:LuckyCharm","floor":10},{"not_picked":["TheCursedMod:Hemoplague","TheCursedMod:SaltUponWound"],"picked":"TheCursedMod:HellfireBreathing","floor":11},{"not_picked":["TheCursedMod:CursedMace+1","TheCursedMod:FleshFromBone"],"picked":"TheCursedMod:CircleOfFlame","floor":12},{"not_picked":["TheCursedMod:CursedArmor","TheCursedMod:CursedRelics+1","TheCursedMod:CursedShiv+1"],"picked":"SKIP","floor":13},{"not_picked":["TheCursedMod:CursedMace+1","TheCursedMod:SpreadPlague","TheCursedMod:LuckyCharm"],"picked":"SKIP","floor":14},{"not_picked":["TheCursedMod:AntiAging","TheCursedMod:ForbiddenAlchemy"],"picked":"TheCursedMod:DarkBarrier","floor":16},{"not_picked":["TheCursedMod:Evocation","TheCursedMod:Stretching"],"picked":"TheCursedMod:ManaBullet+1","floor":18},{"not_picked":["TheCursedMod:Obscuration+1","TheCursedMod:CircleOfFlame","TheCursedMod:PrepareRite"],"picked":"SKIP","floor":20},{"not_picked":["TheCursedMod:WearCloak","TheCursedMod:CircleOfFlame","TheCursedMod:HellfireBreathing"],"picked":"SKIP","floor":21},{"not_picked":["TheCursedMod:Wield+1","TheCursedMod:RavingStaff+1"],"picked":"TheCursedMod:CursedAmulet+1","floor":23},{"not_picked":["TheCursedMod:CircleOfFlame","TheCursedMod:ParallelWorld","TheCursedMod:VitalStrike+1"],"picked":"SKIP","floor":25},{"not_picked":["TheCursedMod:VitalStrike+1","TheCursedMod:CursedMace+1","TheCursedMod:CircleOfFlame"],"picked":"SKIP","floor":31},{"not_picked":["TheCursedMod:AntiAging","TheCursedMod:CircleOfAbyss"],"picked":"TheCursedMod:CursedRelics+1","floor":33},{"not_picked":["TheCursedMod:SmokeScreen+1","TheCursedMod:Hemoplague","TheCursedMod:Stigma+1"],"picked":"SKIP","floor":35},{"not_picked":["TheCursedMod:CursedMace+1","TheCursedMod:RavingStaff+1","TheCursedMod:Stigma+1"],"picked":"SKIP","floor":38},{"not_picked":["TheCursedMod:Torture","TheCursedMod:RavingStaff+1"],"picked":"TheCursedMod:CursedAmulet+1","floor":39},{"not_picked":["TheCursedMod:WearCloak+1","TheCursedMod:Stigma+1"],"picked":"TheCursedMod:Wield+1","floor":40},{"not_picked":["TheCursedMod:FleshFromBone","TheCursedMod:RavingStaff+1","TheCursedMod:CursedShiv+1"],"picked":"SKIP","floor":41},{"not_picked":["TheCursedMod:SpitefulPray+1","TheCursedMod:SmokeScreen+1"],"picked":"TheCursedMod:CircleOfAmplification+1","floor":45},{"not_picked":["TheCursedMod:FleshFromBone","TheCursedMod:SoulCrush+1","TheCursedMod:Stigma+1"],"picked":"SKIP","floor":46},{"not_picked":["TheCursedMod:SmokeScreen+1","TheCursedMod:SurpriseAttack+1","TheCursedMod:RavingStaff+1"],"picked":"SKIP","floor":47}],"player_experience":532510,"relics_obtained":[{"floor":9,"key":"Molten Egg 2"},{"floor":23,"key":"Anchor"},{"floor":25,"key":"TungstenRod"},{"floor":26,"key":"Unceasing Top"},{"floor":43,"key":"Blood Vial"},{"floor":45,"key":"conspire:TopHat"}],"event_choices":[{"damage_healed":0.0,"max_hp_gain":0.0,"max_hp_loss":0.0,"gold_gain":0.0,"event_name":"betterThird:BetterScrap","player_choice":"Relic ","floor":3.0,"gold_loss":0.0,"damage_taken":12.0,"cards_obtained":["REME_SelfUpgrade"]},{"damage_healed":0.0,"max_hp_gain":0.0,"max_hp_loss":0.0,"gold_gain":0.0,"event_name":"betterThird:BetterGoop","player_choice":"Slimed","floor":4.0,"gold_loss":28.0,"damage_taken":11.0},{"damage_healed":50,"gold_gain":0,"player_choice":"Upgrade","damage_taken":15,"max_hp_gain":0,"max_hp_loss":75,"event_name":"betterThird:BetterShining","floor":7,"gold_loss":0,"cards_upgraded":["TheCursedMod:Strike_TheCursed","TheCursedMod:CursedWand"]},{"damage_healed":0,"gold_gain":0,"player_choice":"Rummage","damage_taken":0,"relics_obtained":["WarpedTongs"],"max_hp_gain":0,"max_hp_loss":0,"event_name":"Accursed Blacksmith","floor":22,"gold_loss":0,"cards_obtained":["Pain"]},{"damage_healed":38,"gold_gain":0,"player_choice":"Full Heal","damage_taken":0,"max_hp_gain":0,"max_hp_loss":0,"event_name":"Wheel of Change","floor":28,"gold_loss":0},{"damage_healed":0,"gold_gain":0,"player_choice":"Bought 0 Potions","damage_taken":0,"max_hp_gain":0,"max_hp_loss":0,"event_name":"The Woman in Blue","floor":29,"gold_loss":0},{"damage_healed":0,"gold_gain":0,"player_choice":"Got Potions","damage_taken":0,"max_hp_gain":0,"max_hp_loss":0,"event_name":"Lab","floor":36,"gold_loss":0},{"damage_healed":0,"gold_gain":0,"player_choice":"Random: Green","damage_taken":0,"max_hp_gain":0,"max_hp_loss":0,"event_name":"betterThird:BetterPortal","floor":48,"gold_loss":0},{"damage_healed":0,"gold_gain":0,"player_choice":"RE RE ","damage_taken":41,"relics_obtained":["Akabeko","Bronze Scales"],"max_hp_gain":0,"max_hp_loss":0,"event_name":"betterSkull:BetterSkull","floor":48,"gold_loss":0,"cards_upgraded":[]}],"is_beta":false,"boss_relics":[{"not_picked":["conspire:SpecialSausage","SacredBark"],"picked":"TheCursedMod:FourLeafCloverCharm"},{"not_picked":["SlaversCollar","Snecko Eye"],"picked":"Fusion Hammer"}],"items_purged_floors":[30],"is_endless":false,"potions_floor_spawned":[1,5,10,14,16,18,21,23,31,41,45],"ascension_level":0}}