{"host":"Ringo","time":1614346541,"event":{"mods":["BaseMod","Colored Map","Conspire","Dota2Spire","Hubris","Minty Spire (QoL Compilation)","Replay The Spire","StSLib","The Construct","[IsaacMod]ÒÔÈö¼âËþ","¡¾ÒÅÎï¿¨ÅÆ¡¿REMEMod"],"gold_per_floor":[114,127,127,137,199,245,286,333,368,412,451,498,610,682,694,855,867,935,862,989,545,545,616,639,708,731,816,378,454,515,587,587,711,711,793,543,543,321,124,214,261,371,371,442,557,638,967,1012,1012,1062,1182],"floor_reached":52,"language":"ZHS","playtime":1106,"items_purged":["hubris:ReadiedAction","Flex+1"],"score":4052,"play_id":"3dac5385-1d51-4f20-b4ec-64d076fdb661","local_time":"20210226213541","daily_mods":["SealedDeck","Vintage","Red Cards","Green Cards","Colorless Cards","Heirloom","Time Dilation","Flight","DeadlyEvents","Elite Swarm","Lethality","Binary"],"is_ascension_mode":true,"campfire_choices":[{"data":"Finisher","floor":15,"key":"SMITH"},{"data":"Armaments","floor":32,"key":"SMITH"},{"data":"Hidden Blade","floor":49,"key":"SMITH"}],"circlet_count":0,"master_deck":["AscendersBane","Finisher+1","Iron Wave","Thunderclap+1","Dagger Throw+1","Armaments+1","Deflect+1","Hidden Blade+1","Blade Dance+1","Dramatic Entrance","Dagger Spray+1","Panache","ReplayTheSpireMod:Private Reserves","hubris:ReadiedAction","Clash+1","Shrug It Off","ReplayTheSpireMod:Muscle Training","Inflame"],"relics":["Burning Blood","Busted Crown","HushsDoor","REME_ComplimentaryCards","replay:Trail_Library","Magic Flower","SteamSale","REME_HandOfSuture","Dota2Spire:PhaseBoots","MawBank","conspire:DecoderRing","Dota2Spire:BladeMail","hubris:SlimyHat","Replay:Towering Pillar of Hats","War Paint","Vajra","HornCleat","Prayer Wheel","Prayer Wheel","construct:FoamFinger","Replay:Bandana","BookofShadows","ReplayFunnel","conspire:RunicOctahedron","hubris:ToyBattleship","Blood Vial","PreservedInsect","Lee\u0027s Waffle","Leech","hubris:Towel","Whetstone","Dota2Spire:EyeOfSkadi","Sundial","Dota2Spire:HandOfMidas","Lantern","BargainBundle","Dota2Spire:Butterfly","Gremlin Horn","Dota2Spire:MonkeyKingBar","hubris:CrystalStatue","White Beast Statue","Black Star","Dream Catcher","Dota2Spire:ShivaGuard","Potion Belt","Dota2Spire:EchoSabre","hubris:IronBody","Ancient Tea Set","Frozen Eye","Dota2Spire:MagicBottle","Dota2Spire:DrumOfEndurance","ReplayTheSpireMod:Lightbulb","CaptainsWheel","Boot","Toxic Egg 2","Dota2Spire:BattleFury","Replay:Baseball","Replay:Accelerometer","hubris:TinFlute","Orichalcum","BloodBag","Iron Hammer","hubris:PeanutButter","conspire:BottledYoYo"],"acts_visited":["Exordium","TheCity","TheBeyond"],"potions_floor_usage":[50,51],"damage_taken":[{"damage":0,"enemies":"Cultist","floor":1,"turns":1},{"damage":6,"enemies":"Small Slimes","floor":2,"turns":2},{"damage":0,"enemies":"2 Louse","floor":4,"turns":1},{"damage":0,"enemies":"Hiden Room Battle","floor":5,"turns":1},{"damage":0,"enemies":"3 Sentries","floor":6,"turns":2},{"damage":0,"enemies":"Gremlin Nob","floor":7,"turns":1},{"damage":0,"enemies":"3 Sentries","floor":8,"turns":2},{"damage":0,"enemies":"Lagavulin","floor":10,"turns":2},{"damage":0,"enemies":"Gremlin Nob","floor":11,"turns":1},{"damage":0,"enemies":"Replay:BlueRogue","floor":12,"turns":1},{"damage":0,"enemies":"3 Sentries","floor":13,"turns":2},{"damage":0,"enemies":"Gremlin Nob","floor":14,"turns":1},{"damage":0,"enemies":"Slime Boss","floor":16,"turns":2},{"damage":0,"enemies":"2 Thieves","floor":18,"turns":1},{"damage":0,"enemies":"conspire:Head Lice","floor":20,"turns":1},{"damage":0,"enemies":"Replay:Snechameleon","floor":23,"turns":1},{"damage":0,"enemies":"Spheric Guardian","floor":24,"turns":1},{"damage":0,"enemies":"Slavers","floor":25,"turns":1},{"damage":0,"enemies":"Replay:Snechameleon","floor":27,"turns":1},{"damage":0,"enemies":"Slavers","floor":29,"turns":1},{"damage":0,"enemies":"Replay:Snechameleon","floor":30,"turns":1},{"damage":0,"enemies":"Slavers","floor":31,"turns":1},{"damage":0,"enemies":"hubris:MusketHawk","floor":33,"turns":1},{"damage":0,"enemies":"3 Darklings","floor":35,"turns":1},{"damage":0,"enemies":"R_Hoarder","floor":40,"turns":1},{"damage":0,"enemies":"Orb Walker","floor":41,"turns":1},{"damage":0,"enemies":"Giant Head","floor":42,"turns":1},{"damage":1,"enemies":"R_Hoarder","floor":44,"turns":1},{"damage":1,"enemies":"Reptomancer","floor":45,"turns":1},{"damage":1,"enemies":"R_Hoarder","floor":46,"turns":1},{"damage":1,"enemies":"Reptomancer","floor":47,"turns":1},{"damage":0,"enemies":"Jaw Worm Horde","floor":48,"turns":1},{"damage":0,"enemies":"Time Eater","floor":50,"turns":1},{"damage":0,"enemies":"Donu and Deca","floor":51,"turns":1}],"seed_played":"6875825931371960732","potions_obtained":[{"floor":5,"key":"PowerPotion"},{"floor":8,"key":"Strength Potion"},{"floor":12,"key":"Flashbang"},{"floor":20,"key":"Adrenaline Potion"},{"floor":40,"key":"Block Potion"},{"floor":41,"key":"FearPotion"}],"is_trial":true,"path_per_floor":["M","M","?","M","?","E","E","E","T","E","E","E","E","E","R","B",null,"M","?","E","$","?","E","M","E","T","E","$","E","E","E","R","B",null,"M","$","?","$","$","E","M","E","T","E","E","E","E","M","R","B","B",null],"character_chosen":"IRONCLAD","items_purchased":["Lee\u0027s Waffle","Panache","ReplayTheSpireMod:Private Reserves","hubris:ReadiedAction","Leech","BargainBundle","Dota2Spire:Butterfly","Gremlin Horn","Clash+1","Shrug It Off","ReplayTheSpireMod:Muscle Training","Dota2Spire:ShivaGuard","Potion Belt","Dota2Spire:EchoSabre","hubris:IronBody","Ancient Tea Set","Frozen Eye","Inflame"],"campfire_rested":0,"item_purchase_floors":[21,21,21,21,21,28,28,28,28,28,34,36,36,38,38,39,39,39],"current_hp_per_floor":[75,75,75,75,75,75,75,75,75,75,75,75,75,75,75,75,75,75,75,75,82,82,82,87,87,87,87,87,87,87,87,87,87,85,85,85,80,80,80,85,85,83,83,83,83,83,62,74,74,86,90],"gold":1182,"neow_bonus":"","is_daily":false,"chose_seed":false,"campfire_upgraded":3,"win_rate":0.0,"timestamp":1614346541,"path_taken":["M","?","?","M","?","E","E","E","T","E","?","E","E","E","R","BOSS","M","?","?","$","?","E","?","E","T","E","$","E","E","E","R","BOSS","M","$","?","$","$","E","M","E","T","E","E","E","E","M","R","BOSS","BOSS"],"items_purchased_type":["Relic","Card","Card","Card","Relic","Relic","Relic","Relic","Card","Card","Card","Relic","Relic","Relic","Relic","Relic","Relic","Card"],"build_version":"2020-12-18","purchased_purges":2,"victory":true,"max_hp_per_floor":[75,75,75,75,75,75,75,75,75,75,75,75,75,75,75,75,75,75,75,75,82,82,82,87,87,87,87,87,87,87,87,87,87,85,85,85,85,85,85,85,85,83,83,83,83,83,90,90,90,90,90],"card_choices":[],"player_experience":761152,"relics_obtained":[{"floor":1,"key":"REME_HandOfSuture"},{"floor":2,"key":"Dota2Spire:PhaseBoots"},{"floor":4,"key":"MawBank"},{"floor":5,"key":"conspire:DecoderRing"},{"floor":5,"key":"Dota2Spire:BladeMail"},{"floor":6,"key":"hubris:SlimyHat"},{"floor":7,"key":"Replay:Towering Pillar of Hats"},{"floor":8,"key":"War Paint"},{"floor":9,"key":"Vajra"},{"floor":10,"key":"HornCleat"},{"floor":11,"key":"construct:FoamFinger"},{"floor":12,"key":"Replay:Bandana"},{"floor":13,"key":"BookofShadows"},{"floor":14,"key":"ReplayFunnel"},{"floor":18,"key":"hubris:ToyBattleship"},{"floor":20,"key":"PreservedInsect"},{"floor":23,"key":"Whetstone"},{"floor":24,"key":"Dota2Spire:EyeOfSkadi"},{"floor":25,"key":"Sundial"},{"floor":26,"key":"Dota2Spire:HandOfMidas"},{"floor":27,"key":"Lantern"},{"floor":29,"key":"Dota2Spire:MonkeyKingBar"},{"floor":30,"key":"hubris:CrystalStatue"},{"floor":31,"key":"White Beast Statue"},{"floor":35,"key":"Dream Catcher"},{"floor":40,"key":"Dota2Spire:MagicBottle"},{"floor":40,"key":"Dota2Spire:DrumOfEndurance"},{"floor":41,"key":"ReplayTheSpireMod:Lightbulb"},{"floor":42,"key":"CaptainsWheel"},{"floor":42,"key":"Boot"},{"floor":43,"key":"Toxic Egg 2"},{"floor":44,"key":"Dota2Spire:BattleFury"},{"floor":44,"key":"Replay:Baseball"},{"floor":45,"key":"Replay:Accelerometer"},{"floor":45,"key":"hubris:TinFlute"},{"floor":46,"key":"BloodDonationMachine"},{"floor":46,"key":"Orichalcum"},{"floor":47,"key":"Iron Hammer"},{"floor":47,"key":"hubris:PeanutButter"},{"floor":48,"key":"conspire:BottledYoYo"}],"event_choices":[{"damage_healed":0,"gold_gain":0,"player_choice":"Ignored","damage_taken":0,"max_hp_gain":0,"max_hp_loss":0,"event_name":"Golden Wing","floor":3,"gold_loss":0},{"damage_healed":0,"gold_gain":0,"player_choice":"Fight","damage_taken":0,"max_hp_gain":0,"max_hp_loss":0,"event_name":"HidenRoomEvent","floor":5,"gold_loss":0},{"damage_healed":0,"gold_gain":0,"player_choice":"Obtained Relic","damage_taken":0,"relics_obtained":["Blood Vial"],"max_hp_gain":0,"max_hp_loss":0,"event_name":"Addict","floor":19,"gold_loss":85},{"damage_healed":0,"gold_gain":0,"player_choice":"Leave","damage_taken":0,"max_hp_gain":0,"max_hp_loss":0,"event_name":"conspire:Investor","floor":37,"gold_loss":0}],"is_beta":true,"boss_relics":[{"not_picked":["Replay:Bronze Core","Snecko Heart"],"picked":"conspire:RunicOctahedron"},{"not_picked":[]},{"not_picked":["SacredBark","Philosopher\u0027s Stone"],"picked":"Black Star"},{"not_picked":[]}],"items_purged_floors":[21,28],"is_endless":false,"potions_floor_spawned":[5,8,11,12,13,14,18,20,23,25,29,30,33,35,40,41,42,44,45,46,47,48],"ascension_level":20}}