{"host":"d52brwsy6af8zvaq","time":1614369557,"event":{"mods":["AchievementEnabler","BaseMod","Bestiary","Highlight Path","Minty Spire (QoL Compilation)","Quick Restart","Relic Stats","ojb\u0027s Better Paths Mod"],"gold_per_floor":[109,29,47,47,60,85,85,85,85],"floor_reached":8,"language":"ENG","playtime":248,"items_purged":[],"score":112,"play_id":"17b90755-64fc-4370-99f1-ae4566cc28ad","local_time":"20210226125917","is_ascension_mode":true,"campfire_choices":[{"floor":7,"key":"REST"}],"circlet_count":0,"master_deck":["AscendersBane","Strike_B","Strike_B","Strike_B","Defend_B","Defend_B","Defend_B","Defend_B","Zap","Dualcast","Tempest","Melter","Chill","Cold Snap","Stack"],"relics":["Cracked Core","Pocketwatch"],"acts_visited":["Exordium"],"potions_floor_usage":[6,8,8],"damage_taken":[{"damage":7,"enemies":"Jaw Worm","floor":1,"turns":4},{"damage":0,"enemies":"Cultist","floor":3,"turns":3},{"damage":0,"enemies":"Small Slimes","floor":5,"turns":2},{"damage":32,"enemies":"Lagavulin","floor":6,"turns":8},{"damage":41,"enemies":"Gremlin Nob","floor":8,"turns":4}],"seed_played":"9059950079455960318","potions_obtained":[{"floor":3,"key":"Weak Potion"},{"floor":5,"key":"Fruit Juice"},{"floor":6,"key":"PowerPotion"}],"is_trial":false,"path_per_floor":["M","$","M","?","M","E","R","E"],"character_chosen":"DEFECT","items_purchased":["Melter"],"campfire_rested":1,"item_purchase_floors":[2],"current_hp_per_floor":[64,64,64,64,64,32,55,19,19],"gold":85,"neow_bonus":"TEN_PERCENT_HP_BONUS","is_daily":false,"chose_seed":false,"campfire_upgraded":0,"win_rate":0.0,"timestamp":1614369557,"path_taken":["M","$","M","?","M","E","R","E"],"items_purchased_type":["Card"],"build_version":"2020-12-22","purchased_purges":0,"victory":false,"max_hp_per_floor":[78,78,78,78,78,78,78,83,83],"relic_stats":{"counters":[5,21],"obtain_stats":[{"Cracked Core":0,"Pocketwatch":6},{"Cracked Core":0,"Pocketwatch":4},{"Cracked Core":0,"Pocketwatch":17}],"Pocketwatch":[9]},"card_choices":[{"not_picked":["Rebound","Beam Cell"],"picked":"Tempest","floor":1},{"not_picked":["Darkness","Steam"],"picked":"Chill","floor":3},{"not_picked":["Lockon","Conserve Battery"],"picked":"Cold Snap","floor":5},{"not_picked":["Beam Cell","Meteor Strike"],"picked":"Stack","floor":6}],"player_experience":2387039,"relics_obtained":[{"floor":6,"key":"Pocketwatch"}],"event_choices":[{"cards_removed":["Strike_B"],"damage_healed":0,"gold_gain":0,"player_choice":"Purged","damage_taken":0,"max_hp_gain":0,"max_hp_loss":0,"event_name":"Purifier","floor":4,"gold_loss":0}],"is_beta":false,"boss_relics":[],"items_purged_floors":[],"is_endless":false,"potions_floor_spawned":[3,5,6],"killed_by":"Gremlin Nob","ascension_level":20}}