{"host":"lkiec0wxjd85dqdp","time":1614372192,"event":{"mods":["2.2 Compatiblity","BaseMod","Bestiary","Block Reminder","Colored Map","Colored Powertips","DeckTracker","Googly Eyes","Highlight Path","Minty Spire (QoL Compilation)","Quick Restart","Rare Cards Sparkle","StSLib","The Cursed","Unknown Chances"],"gold_per_floor":[110,285,360,58,58,93,93,93,93,137,152,165,189,209,209,330,330,346,367,367,66,89,89,49,49,49,49,49],"floor_reached":27,"language":"RUS","playtime":954,"items_purged":[],"score":271,"play_id":"aec7cc8c-34ce-4cb9-8144-438dec278a2b","local_time":"20210226224312","is_ascension_mode":false,"campfire_choices":[{"data":"TheCursedMod:TacticalStrike","floor":7,"key":"SMITH"},{"data":"TheCursedMod:CircleOfFlame","floor":15,"key":"SMITH"},{"data":"TheCursedMod:OutForBlood","floor":23,"key":"SMITH"}],"circlet_count":0,"master_deck":["TheCursedMod:Strike_TheCursed","TheCursedMod:Strike_TheCursed","TheCursedMod:Strike_TheCursed","TheCursedMod:Strike_TheCursed","TheCursedMod:Defend_TheCursed","TheCursedMod:Defend_TheCursed","TheCursedMod:Defend_TheCursed","TheCursedMod:Defend_TheCursed","TheCursedMod:CursedWand","TheCursedMod:CleanUpWorkshop","TheCursedMod:Dregs","TheCursedMod:SpitefulPlan","TheCursedMod:TacticalStrike+1","TheCursedMod:DoubleShield+1","TheCursedMod:CursedMace","TheCursedMod:CircleOfFlame+1","TheCursedMod:AbyssShockwave","TheCursedMod:BlessingInDisguise","TheCursedMod:OutForBlood+1","TheCursedMod:WearCloak+1","TheCursedMod:TroublousMinions","TheCursedMod:SaltUponWound+1"],"relics":["TheCursedMod:BlackMagic101","NeowsBlessing","Orichalcum","HandDrill","Nunchaku","Golden Idol","Sundial","Bag of Marbles","Sozu","Juzu Bracelet","Boot","The Courier","Singing Bowl"],"acts_visited":["TheCity"],"potions_floor_usage":[],"damage_taken":[{"damage":0,"enemies":"Jaw Worm","floor":1,"turns":1},{"damage":0,"enemies":"3 Sentries","floor":6,"turns":2},{"damage":0,"enemies":"Lagavulin","floor":10,"turns":1},{"damage":3,"enemies":"Small Slimes","floor":11,"turns":3},{"damage":0,"enemies":"Cultist","floor":12,"turns":2},{"damage":0,"enemies":"Exordium Thugs","floor":13,"turns":4},{"damage":0,"enemies":"Looter","floor":14,"turns":2},{"damage":28,"enemies":"Hexaghost","floor":16,"turns":8},{"damage":20,"enemies":"Spheric Guardian","floor":18,"turns":6},{"damage":10,"enemies":"3 Byrds","floor":19,"turns":3},{"damage":8,"enemies":"Snake Plant","floor":22,"turns":4},{"damage":37,"enemies":"Sentry and Sphere","floor":27,"turns":6}],"seed_played":"6198911183275131210","potions_obtained":[{"floor":1,"key":"Weak Potion"},{"floor":6,"key":"Ancient Potion"},{"floor":12,"key":"EssenceOfSteel"}],"is_trial":false,"path_per_floor":["M","?","?","$","?","E","R","?","T","E","M","M","M","M","R","B",null,"M","M","?","$","M","R","?","?","T","M"],"character_chosen":"THE_CURSED","items_purchased":["Orichalcum","HandDrill","Juzu Bracelet","Boot"],"campfire_rested":0,"item_purchase_floors":[4,4,21,21],"current_hp_per_floor":[75,75,64,64,57,57,57,39,39,39,36,36,36,36,36,8,75,55,45,45,45,37,37,37,37,37,0,0],"gold":49,"neow_bonus":"THREE_ENEMY_KILL","is_daily":false,"chose_seed":false,"campfire_upgraded":3,"win_rate":0.0,"timestamp":1614372192,"path_taken":["M","?","?","$","?","E","R","?","T","E","M","?","?","M","R","BOSS","M","M","?","$","M","R","?","?","T","M"],"items_purchased_type":["Relic","Relic","Relic","Relic"],"build_version":"2020-12-22","purchased_purges":0,"victory":false,"max_hp_per_floor":[75,75,75,75,75,75,75,75,75,75,75,75,75,75,75,75,75,75,75,75,75,75,75,75,75,75,75,75],"card_choices":[{"not_picked":["TheCursedMod:SaltUponWound","TheCursedMod:CursedArmor"],"picked":"TheCursedMod:SpitefulPlan","floor":1},{"not_picked":["TheCursedMod:Mangle","TheCursedMod:FleshFromBone"],"picked":"TheCursedMod:TacticalStrike","floor":6},{"not_picked":["TheCursedMod:Stretching","TheCursedMod:TroublousMinions"],"picked":"TheCursedMod:DoubleShield","floor":10},{"not_picked":["TheCursedMod:SaltUponWound","TheCursedMod:CircleOfAbyss"],"picked":"TheCursedMod:CursedMace","floor":11},{"not_picked":["TheCursedMod:SurpriseAttack","TheCursedMod:RapidMovement"],"picked":"TheCursedMod:CircleOfFlame","floor":12},{"not_picked":["TheCursedMod:CursedStaff","TheCursedMod:CursedBlade"],"picked":"TheCursedMod:AbyssShockwave","floor":13},{"not_picked":["TheCursedMod:Wield","TheCursedMod:CursedShiv"],"picked":"TheCursedMod:BlessingInDisguise","floor":14},{"not_picked":["TheCursedMod:ManaCirculation","TheCursedMod:ParallelWorld"],"picked":"TheCursedMod:OutForBlood","floor":16},{"not_picked":["TheCursedMod:CursedShiv","TheCursedMod:CircleOfAmplification+1"],"picked":"TheCursedMod:WearCloak+1","floor":18},{"not_picked":["TheCursedMod:AshesToAshes","TheCursedMod:CursedMace+1"],"picked":"TheCursedMod:TroublousMinions","floor":19},{"not_picked":["TheCursedMod:RavingStaff+1","TheCursedMod:CircleOfWindfury"],"picked":"TheCursedMod:SaltUponWound","floor":22}],"player_experience":107706,"relics_obtained":[{"floor":6,"key":"Nunchaku"},{"floor":9,"key":"Sundial"},{"floor":10,"key":"Bag of Marbles"},{"floor":26,"key":"Singing Bowl"}],"event_choices":[{"damage_healed":0,"gold_gain":175,"player_choice":"AGREE","damage_taken":0,"max_hp_gain":0,"max_hp_loss":0,"event_name":"Liars Game","floor":2,"gold_loss":0,"cards_obtained":["Doubt"]},{"damage_healed":0,"gold_gain":75,"player_choice":"Gather Gold","damage_taken":11,"max_hp_gain":0,"max_hp_loss":0,"event_name":"World of Goop","floor":3,"gold_loss":0},{"cards_removed":["Doubt"],"damage_healed":0,"gold_gain":0,"player_choice":"Card Removal","damage_taken":7,"max_hp_gain":0,"max_hp_loss":0,"event_name":"Golden Wing","floor":5,"gold_loss":0},{"damage_healed":0,"gold_gain":0,"player_choice":"Take Damage","damage_taken":18,"relics_obtained":["Golden Idol"],"max_hp_gain":0,"max_hp_loss":0,"event_name":"Golden Idol","floor":8,"gold_loss":0},{"damage_healed":0,"gold_gain":0,"player_choice":"Ignored","damage_taken":0,"max_hp_gain":0,"max_hp_loss":0,"event_name":"Ghosts","floor":20,"gold_loss":0},{"damage_healed":0,"gold_gain":0,"player_choice":"Upgraded Two","damage_taken":0,"max_hp_gain":0,"max_hp_loss":0,"event_name":"Designer","floor":24,"gold_loss":40,"cards_upgraded":["TheCursedMod:DoubleShield","TheCursedMod:SaltUponWound"]},{"damage_healed":0,"gold_gain":0,"player_choice":"Opened","damage_taken":0,"relics_obtained":["The Courier"],"max_hp_gain":0,"max_hp_loss":0,"event_name":"The Mausoleum","floor":25,"gold_loss":0}],"is_beta":false,"boss_relics":[{"not_picked":["Pandora\u0027s Box","SacredBark"],"picked":"Sozu"}],"items_purged_floors":[],"is_endless":false,"potions_floor_spawned":[1,6,12,13,18,22],"killed_by":"Sentry and Sphere","ascension_level":0}}