{"host":"pifa3o3uv2a0m12r","time":1614311379,"event":{"mods":["AchievementEnabler","BaseMod","Colored Map","Minty Spire (QoL Compilation)","Quick Restart","StSLib","SuperFastMode"],"gold_per_floor":[113,127,127,143,156,189,189,208,232,232,264,16,16,30,30,126,126,116,116,136,155,155,155],"floor_reached":22,"language":"FRA","playtime":1100,"items_purged":["WaveOfTheHand"],"score":218,"play_id":"d6a5d906-6a27-4066-a72f-966a27954263","local_time":"20210225174939","is_ascension_mode":true,"campfire_choices":[{"floor":7,"key":"RECALL"},{"data":"Eruption","floor":10,"key":"SMITH"},{"floor":15,"key":"REST"}],"circlet_count":0,"master_deck":["Strike_P","Strike_P","Strike_P","Defend_P","Defend_P","Defend_P","Defend_P","Eruption+1","Vigilance","FlurryOfBlows","FlurryOfBlows","Crescendo","LikeWater","EmptyBody","DevaForm","EmptyBody","ClearTheMind","Vengeance"],"relics":["PureWater","NeowsBlessing","Turnip","Centennial Puzzle","Sling","VioletLotus","MealTicket"],"acts_visited":["Exordium","TheCity"],"potions_floor_usage":[8,11],"damage_taken":[{"damage":0,"enemies":"Cultist","floor":1,"turns":1},{"damage":0,"enemies":"2 Louse","floor":2,"turns":1},{"damage":0,"enemies":"Jaw Worm","floor":4,"turns":1},{"damage":0,"enemies":"Blue Slaver","floor":5,"turns":4},{"damage":13,"enemies":"3 Sentries","floor":6,"turns":14},{"damage":32,"enemies":"Lots of Slimes","floor":8,"turns":5},{"damage":14,"enemies":"Lagavulin","floor":11,"turns":9},{"damage":8,"enemies":"Large Slime","floor":14,"turns":6},{"damage":67,"enemies":"Hexaghost","floor":16,"turns":15},{"damage":34,"enemies":"2 Thieves","floor":18,"turns":4},{"damage":1,"enemies":"3 Byrds","floor":20,"turns":6},{"damage":15,"enemies":"Centurion and Healer","floor":21,"turns":12},{"damage":38,"enemies":"Snecko","floor":22,"turns":5}],"seed_played":"8565217399952914280","potions_obtained":[{"floor":4,"key":"Regen Potion"},{"floor":6,"key":"Strength Potion"},{"floor":8,"key":"Weak Potion"},{"floor":14,"key":"FairyPotion"},{"floor":16,"key":"BlessingOfTheForge"},{"floor":18,"key":"Ancient Potion"},{"floor":21,"key":"BottledMiracle"}],"is_trial":false,"path_per_floor":["M","M","?","M","M","E","R","M","T","R","E","$","?","M","R","B",null,"M","?","M","M","M"],"character_chosen":"WATCHER","items_purchased":["EmptyBody","Sling"],"campfire_rested":1,"item_purchase_floors":[12,12],"current_hp_per_floor":[72,72,72,72,72,59,59,36,36,36,22,22,22,14,35,3,72,38,38,37,22,0,0],"gold":155,"neow_bonus":"THREE_ENEMY_KILL","is_daily":false,"chose_seed":false,"campfire_upgraded":1,"win_rate":0.0,"timestamp":1614311379,"path_taken":["M","M","?","M","M","E","R","M","T","R","E","$","?","M","R","BOSS","M","?","M","?","M"],"items_purchased_type":["Card","Relic"],"build_version":"2020-12-22","purchased_purges":1,"victory":false,"max_hp_per_floor":[72,72,72,72,72,72,72,72,72,72,72,72,72,72,72,72,72,72,72,72,72,72,72],"card_choices":[{"not_picked":["Wireheading","ThirdEye"],"picked":"FlurryOfBlows","floor":1},{"not_picked":["Weave","FollowUp"],"picked":"FlurryOfBlows","floor":2},{"not_picked":["Prostrate","CutThroughFate"],"picked":"Crescendo","floor":4},{"not_picked":["ForeignInfluence","SandsOfTime"],"picked":"LikeWater","floor":5},{"not_picked":["Wish","Evaluate","CutThroughFate"],"picked":"SKIP","floor":6},{"not_picked":["PathToVictory","CrushJoints","WreathOfFlame"],"picked":"SKIP","floor":8},{"not_picked":["ReachHeaven","SignatureMove"],"picked":"WaveOfTheHand","floor":11},{"not_picked":["Prostrate","WreathOfFlame","Halt"],"picked":"SKIP","floor":14},{"not_picked":["Establishment","Alpha"],"picked":"DevaForm","floor":16},{"not_picked":["FlyingSleeves+1","Sanctity"],"picked":"EmptyBody","floor":18},{"not_picked":["Wireheading+1","Protect+1"],"picked":"ClearTheMind","floor":20},{"not_picked":["Tantrum","MentalFortress"],"picked":"Vengeance","floor":21}],"player_experience":155349,"relics_obtained":[{"floor":6,"key":"Turnip"},{"floor":11,"key":"Centennial Puzzle"}],"event_choices":[{"cards_removed":["Strike_P"],"damage_healed":0,"gold_gain":0,"player_choice":"Forget","damage_taken":0,"max_hp_gain":0,"max_hp_loss":0,"event_name":"Living Wall","floor":3,"gold_loss":0},{"damage_healed":0,"gold_gain":0,"player_choice":"Ignored","damage_taken":0,"max_hp_gain":0,"max_hp_loss":0,"event_name":"Golden Wing","floor":13,"gold_loss":0},{"damage_healed":0,"gold_gain":0,"player_choice":"Gave Potion","damage_taken":0,"relics_obtained":["MealTicket"],"max_hp_gain":0,"max_hp_loss":0,"event_name":"WeMeetAgain","floor":19,"gold_loss":0}],"is_beta":false,"boss_relics":[{"not_picked":["Fusion Hammer","Sozu"],"picked":"VioletLotus"}],"items_purged_floors":[12],"is_endless":false,"potions_floor_spawned":[4,6,8,14,16,18,21],"killed_by":"Snecko","ascension_level":2}}