{"host":"oigynbtg272c19pw","time":1614362560,"event":{"mods":["BaseMod","Colored Map","Minty Spire (QoL Compilation)","Relic Stats","Slay the Relics Exporter","StSLib"],"gold_per_floor":[111,111,111,125,125,160,160,179,204,214,214,225,57,86,86,86,86],"floor_reached":16,"playtime":391,"items_purged":[],"score":270,"play_id":"ab611eb2-3f78-4964-9fd5-16eac09aa1d1","local_time":"20210226190240","is_ascension_mode":true,"campfire_choices":[{"data":"Feel No Pain","floor":7,"key":"SMITH"},{"data":"Shockwave","floor":11,"key":"SMITH"},{"data":"Clothesline","floor":15,"key":"SMITH"}],"circlet_count":0,"master_deck":["AscendersBane","Strike_R+1","Strike_R","Strike_R","Defend_R","Defend_R","Defend_R","Defend_R","Bash","Feel No Pain+1","Dual Wield","Shockwave+1","Body Slam+1","Disarm","Body Slam","Clothesline+1","Fiend Fire"],"relics":["Burning Blood","NeowsBlessing","Anchor","Whetstone","ClockworkSouvenir","Lantern"],"acts_visited":["Exordium"],"potions_floor_usage":[8,12,14],"damage_taken":[{"damage":0.0,"enemies":"2 Louse","floor":1.0,"turns":1.0},{"damage":0,"enemies":"Small Slimes","floor":4,"turns":2},{"damage":0,"enemies":"Lagavulin","floor":6,"turns":1},{"damage":0,"enemies":"Jaw Worm","floor":8,"turns":4},{"damage":9,"enemies":"Exordium Wildlife","floor":10,"turns":4},{"damage":6,"enemies":"Red Slaver","floor":12,"turns":6},{"damage":33,"enemies":"Gremlin Nob","floor":14,"turns":5},{"damage":27,"enemies":"Slime Boss","floor":16,"turns":7}],"seed_played":"4017537340651065777","potions_obtained":[{"floor":4,"key":"Swift Potion"},{"floor":6,"key":"ColorlessPotion"},{"floor":10,"key":"Block Potion"}],"is_trial":false,"path_per_floor":["M","?","?","M","?","E","R","M","T","M","R","M","$","E","R","B"],"character_chosen":"IRONCLAD","items_purchased":["ClockworkSouvenir"],"campfire_rested":0,"item_purchase_floors":[13],"current_hp_per_floor":[74,67,67,73,73,75,75,75,75,72,72,72,72,45,45,18,18],"gold":86,"neow_bonus":"THREE_ENEMY_KILL","is_daily":false,"chose_seed":false,"campfire_upgraded":3,"win_rate":0.0,"timestamp":1614362560,"path_taken":["M","?","?","M","?","E","R","M","T","M","R","M","$","E","R","BOSS"],"items_purchased_type":["Relic"],"build_version":"2020-12-13","purchased_purges":0,"victory":false,"max_hp_per_floor":[75,75,75,75,75,75,75,75,75,75,75,75,75,75,75,75,75],"relic_stats":{"counters":[8,30],"Whetstone":["Strike_R","Body Slam"],"obtain_stats":[{"Anchor":6,"Lantern":14,"NeowsBlessing":0,"Whetstone":9,"Burning Blood":0,"ClockworkSouvenir":13},{"Anchor":3,"Lantern":7,"NeowsBlessing":0,"Whetstone":4,"Burning Blood":0,"ClockworkSouvenir":6},{"Anchor":4,"Lantern":23,"NeowsBlessing":0,"Whetstone":8,"Burning Blood":0,"ClockworkSouvenir":18}],"Burning Blood":32},"card_choices":[{"not_picked":["Clash","Flame Barrier"],"picked":"Feel No Pain","floor":1.0},{"not_picked":["Disarm","Armaments"],"picked":"Shockwave","floor":4},{"not_picked":["Clash","Havoc"],"picked":"Body Slam","floor":6},{"not_picked":["Shrug It Off","Double Tap"],"picked":"Disarm","floor":8},{"not_picked":["Flex","Havoc"],"picked":"Body Slam","floor":10},{"not_picked":["Anger","Warcry"],"picked":"Clothesline","floor":12},{"not_picked":["Headbutt","Rampage"],"picked":"Fiend Fire","floor":14}],"player_experience":1663076,"relics_obtained":[{"floor":6,"key":"Anchor"},{"floor":9,"key":"Whetstone"},{"floor":14,"key":"Lantern"}],"event_choices":[{"cards_removed":["Strike_R"],"damage_healed":0.0,"max_hp_gain":0.0,"max_hp_loss":0.0,"gold_gain":0.0,"event_name":"Golden Wing","player_choice":"Card Removal","floor":2.0,"gold_loss":0.0,"damage_taken":7.0},{"damage_healed":0,"gold_gain":0,"cards_transformed":["Strike_R"],"player_choice":"Change","damage_taken":0,"max_hp_gain":0,"max_hp_loss":0,"event_name":"Living Wall","floor":3,"gold_loss":0,"cards_obtained":["Dual Wield"]},{"damage_healed":0,"gold_gain":0,"player_choice":"Ignored","damage_taken":0,"max_hp_gain":0,"max_hp_loss":0,"event_name":"Liars Game","floor":5,"gold_loss":0}],"is_beta":false,"boss_relics":[],"items_purged_floors":[],"is_endless":false,"potions_floor_spawned":[4,6,10],"killed_by":"Slime Boss","ascension_level":20}}