{"host":"3h49aoss7u87eyhw","time":1614308595,"event":{"mods":["AchievementEnabler","BaseMod","Library of Ruina","Library of Ruina Extra","Minty Spire (QoL Compilation)","StSLib"],"gold_per_floor":[114,64,64,76,88,88,120,133,159,188,207,132,132,142,142,247,247,264,111,125,224,237,237,263,263,289,315,327,141,141,169,169,273,273,283,335,335,352,368,380,380,394,394,404,404,63,83,95,95,95],"floor_reached":51,"language":"ZHS","playtime":3270,"items_purged":["LightAttack"],"score":726,"play_id":"ecaacdd8-d2e0-407f-b033-913404aac169","local_time":"20210226110315","is_ascension_mode":false,"campfire_choices":[{"data":"NonstopAssault","floor":6,"key":"SMITH"},{"data":"DevastatingThrash","floor":15,"key":"SMITH"},{"data":"WrathOfTorment","floor":23,"key":"SMITH"},{"data":"Unlock1","floor":25,"key":"SMITH"},{"data":"Rewind","floor":30,"key":"SMITH"},{"floor":32,"key":"REST"},{"data":"Disposal","floor":41,"key":"SMITH"},{"floor":45,"key":"REST"},{"floor":49,"key":"REST"}],"circlet_count":0,"master_deck":["LightDefense+1","Brawl","UnforgettableMelody","GreatSerpentsImpact","NonstopAssault+1","DevastatingThrash+1","CutIn","WrathOfTorment+1","MirageStorm","EnergyStrike","Disposal","BackAttack+1","Brawl","FlashingStrike+1","HandleRequest","Unlock1+1","EnergyCycle","Rewind+1","Impatience","Outburst+1","GoinFirst","SuanNi+1","BladeWhirl+1","ScatteringSlash+1","ScatteringSlash+1","Disposal+1","Finesse","Leap_lor+1","GrazeTheGrass+1","Outburst+1","AsThePrescriptOrders+1","TendonChords+1","FieryWaltz+1","Bandage Up","SuppressingShot+1","FlyingSword+1"],"relics":["PageOfLibrarian","War Paint","PageOfTodaysShyLook","PageOfSnowWhitesApple","Empty Cage","DollysMirror","Strawberry","MawBank","Membership Card","PageOfBigBadWolf","Astrolabe","StoneCalendar","Smiling Mask","PageOfWayBackHome","Molten Egg 2"],"acts_visited":["Exordium","TheCity","TheBeyond"],"potions_floor_usage":[7,24,31,33,40,50],"damage_taken":[{"damage":4,"enemies":"2 Louse","floor":1,"turns":3},{"damage":3,"enemies":"Small Slimes","floor":4,"turns":4},{"damage":0,"enemies":"Cultist","floor":5,"turns":1},{"damage":2,"enemies":"3 Sentries","floor":7,"turns":3},{"damage":0,"enemies":"Red Slaver","floor":8,"turns":1},{"damage":5,"enemies":"Lagavulin","floor":10,"turns":3},{"damage":3,"enemies":"3 Louse","floor":11,"turns":3},{"damage":0,"enemies":"Exordium Wildlife","floor":14,"turns":3},{"damage":16,"enemies":"The Guardian","floor":16,"turns":5},{"damage":0,"enemies":"Shell Parasite","floor":18,"turns":3},{"damage":4,"enemies":"Chosen","floor":20,"turns":2},{"damage":0,"enemies":"3 Cultists","floor":22,"turns":3},{"damage":14,"enemies":"Slavers","floor":24,"turns":3},{"damage":9,"enemies":"Centurion and Healer","floor":27,"turns":3},{"damage":37,"enemies":"Gremlin Leader","floor":31,"turns":3},{"damage":32,"enemies":"Champ","floor":33,"turns":6},{"damage":18,"enemies":"3 Shapes","floor":35,"turns":2},{"damage":14,"enemies":"2 Orb Walkers","floor":36,"turns":3},{"damage":10,"enemies":"3 Darklings","floor":38,"turns":3},{"damage":4,"enemies":"Sphere and 2 Shapes","floor":39,"turns":2},{"damage":10,"enemies":"Maw","floor":40,"turns":5},{"damage":12,"enemies":"Spire Growth","floor":42,"turns":2},{"damage":33,"enemies":"Writhing Mass","floor":44,"turns":4},{"damage":0,"enemies":"Jaw Worm Horde","floor":47,"turns":2},{"damage":10,"enemies":"Spire Growth","floor":48,"turns":3},{"damage":55,"enemies":"Donu and Deca","floor":50,"turns":6}],"seed_played":"-3466551381596504280","potions_obtained":[{"floor":5,"key":"DistilledChaos"},{"floor":7,"key":"Energy Potion"},{"floor":8,"key":"SkillPotion"},{"floor":11,"key":"Weak Potion"},{"floor":24,"key":"BlessingOfTheForge"},{"floor":31,"key":"Regen Potion"},{"floor":33,"key":"SpeedPotion"},{"floor":40,"key":"PowerPotion"}],"is_trial":false,"path_per_floor":["M","?","?","M","M","R","E","M","T","E","M","$","?","M","R","B",null,"M","$","M","?","M","R","E","R","T","M","?","$","R","E","R","B",null,"M","?","?","M","M","M","R","M","T","M","R","$","M","M","R","B",null],"character_chosen":"Librarian","items_purchased":["DollysMirror","Membership Card","Impatience","PageOfWayBackHome","Molten Egg 2","FieryWaltz+1","Bandage Up"],"campfire_rested":3,"item_purchase_floors":[19,29,29,46,46,46,46],"current_hp_per_floor":[56,56,56,53,53,53,51,51,51,46,43,43,43,43,43,27,89,89,89,85,85,85,85,78,78,78,69,69,69,69,32,60,28,96,78,64,64,54,50,54,54,42,42,9,35,35,35,25,51,3],"gold":95,"neow_bonus":"TRANSFORM_CARD","is_daily":false,"chose_seed":false,"campfire_upgraded":6,"win_rate":0.0,"timestamp":1614308595,"path_taken":["M","?","?","M","M","R","E","?","T","E","M","?","?","M","R","BOSS","M","$","M","?","M","R","E","R","T","M","?","$","R","E","R","BOSS","M","?","?","M","M","M","R","M","T","M","R","?","M","M","R","BOSS"],"items_purchased_type":["Relic","Relic","Card","Relic","Relic","Card","Card"],"build_version":"2020-12-22","purchased_purges":1,"victory":true,"max_hp_per_floor":[62,62,62,78,78,78,78,78,78,89,89,89,89,89,89,89,89,89,89,89,89,89,89,96,96,96,96,96,96,96,96,96,96,96,96,96,96,96,96,89,89,89,89,89,89,89,89,89,89,89],"card_choices":[{"not_picked":["MultiBlock","CircusKnives","FleetFootsteps","ToWhereThePrescriptPoints","EmotionalTurbulence","VioletBlade","DarkCloud","SummaryJudgment"],"picked":"Multislash","floor":1},{"not_picked":["RapidGashes","ElectricShock","BackAttack","Faith","CumulusWall","IngredientHunt","DefenseOrder","QuickSuppression"],"picked":"GreatSerpentsImpact","floor":4},{"not_picked":["FleetEdge","Reload","Gigigig","ShockRound","Unlock1","HighKick","BlazingStrike","SharpNails"],"picked":"NonstopAssault","floor":5},{"not_picked":["EnergyShield","Thrust","MultiHit","Faith","StrikeDown","BackAttack","YoureAHindrance","Multislash"],"picked":"DevastatingThrash","floor":7},{"not_picked":["UncannyStrike","GreatSerpentsImpact","ViolentFlame","AsThePrescriptOrders","SnakesPrey","StrongStrike","FierceCharge","FleshFillet"],"picked":"CutIn","floor":8},{"not_picked":["MultiHit","HighKick","UnavoidableGaze","UnforgettableMelody","DefenseOrder","Diversion","UpbeatPerformance","DeepDrag"],"picked":"WrathOfTorment","floor":10},{"not_picked":["Rewind","EnergyStrike","PinpointShot","BiAn","EnergyCycle","GatherIntel","Multislash","InkOver"],"picked":"MirageStorm","floor":11},{"not_picked":["Wallop_lor","LoosenUp","MindPrepared","Standoff","MirageStorm","BackAttack","Multislash","Reload"],"picked":"EnergyStrike","floor":14},{"not_picked":["FleshFillet","GutHarvesting"],"picked":"Disposal","floor":16},{"not_picked":["EnergyShield","QuickAttack","Pound","VioletBlade","GuardingStance+1","ChiWen+1","StructuralAnalysis","Slice_lor"],"picked":"BackAttack+1","floor":18},{"not_picked":["MindPrepared","DaringDecision","DarkCloud+1","FrontalAssault","Standoff","NightInTheBackstreets","Thrust","BiAn"],"picked":"FlashingStrike+1","floor":20},{"not_picked":["Quickness","SkitterAway+1","SunsetBlade","TrimTheIngredients+1","Guardian_lor+1","PreemptiveStrike","SerpentSwordTechnique","EmotionalTurbulence"],"picked":"HandleRequest","floor":22},{"not_picked":["Clone","SpearedSweep+1","SunsetBlade","YoureAHindrance","FleetEdge","TendonChords","AlloutWar+1","Laceration+1"],"picked":"Unlock1","floor":24},{"not_picked":["GuardingStance+1","Unlock1","TendonChords","DefenseOrder","Reload","Standoff","GuidanceOfTheGears","ConcentratedFire"],"picked":"EnergyCycle","floor":27},{"not_picked":["Overcharge","Diversion","MultiBlock","TimeForALittleTest+1","EnergyShield","FleetFootsteps","RepressedFlesh","Faith"],"picked":"Outburst+1","floor":31},{"not_picked":["Deflect_lor","Decapitation"],"picked":"GoinFirst","floor":33},{"not_picked":["DesperateStruggle","SenseQuarry","MindWhip","FierceCharge","UnavoidableGaze","ICanCookAnything","ForTheFamily+1","Pound"],"picked":"ScatteringSlash+1","floor":35},{"not_picked":["HeavyPeaks","SharpenedBlade","SmokingPipe","Rewind","SpearedSweep","GreatSerpentsImpact","GuardingStance+1","SunsetBlade+1"],"picked":"Disposal","floor":36},{"not_picked":["Apotheosis","PanicButton","Discovery","Flash of Steel","Deep Breath","Bandage Up","Dark Shackles","Transmutation"],"picked":"Finesse","floor":37},{"not_picked":["Clone+1","TraceOfFumes+1","Gigigig","Reload+1","ViolentFlame+1","Standoff","SinglePointStab","BackAttack+1"],"picked":"Leap_lor+1","floor":38},{"not_picked":["StructuralAnalysis+1","VioletBlade+1","TrimTheIngredients","FrontalAssault+1","Preparation+1","Fence+1","FlamingDragonFist","SnakesPrey+1"],"picked":"GrazeTheGrass+1","floor":39},{"not_picked":["UnavoidableGaze+1","HighKick+1","PreemptiveStrike","SenseQuarry","Standoff","MultiHit","DarkCloud+1","Parry2+1"],"picked":"Outburst+1","floor":40},{"not_picked":["ViolentFlame+1","HighKick","WillOfThePrescript","FleetFootsteps","SinglePointStab","Unlock1+1","ChopItOff","MindPrepared+1"],"picked":"AsThePrescriptOrders+1","floor":42},{"not_picked":["FrontalAssault+1","UnforgettableMelody","GuidanceOfTheGears","SerpentSwordTechnique","Thrust+1","QuickAttack","FleetEdge+1","Reload"],"picked":"TendonChords+1","floor":44},{"not_picked":["GuardingStance","CrackOfDawn+1","ViolentFlame+1","DefenseOrder+1","Reload+1","Zzzzzap","BladeWhirl+1","BiAn+1"],"picked":"SuppressingShot+1","floor":47},{"not_picked":["EnergyStrike+1","EnergyCycle+1","FierceCharge","HighKick+1","Diversion+1","SnakesPrey","Outburst+1","Riposte+1"],"picked":"FlyingSword+1","floor":48}],"player_experience":50463,"relics_obtained":[{"floor":7,"key":"War Paint"},{"floor":9,"key":"PageOfTodaysShyLook"},{"floor":10,"key":"PageOfSnowWhitesApple"},{"floor":24,"key":"Strawberry"},{"floor":26,"key":"MawBank"},{"floor":31,"key":"PageOfBigBadWolf"},{"floor":36,"key":"StoneCalendar"},{"floor":43,"key":"Smiling Mask"}],"event_choices":[{"cards_removed":["LightAttack"],"damage_healed":0,"gold_gain":0,"player_choice":"Card Removal","damage_taken":0,"max_hp_gain":0,"max_hp_loss":0,"event_name":"The Cleric","floor":2,"gold_loss":50},{"damage_healed":0,"gold_gain":0,"cards_transformed":["LightAttack"],"player_choice":"Transformed","damage_taken":0,"max_hp_gain":0,"max_hp_loss":0,"event_name":"Transmorgrifier","floor":3,"gold_loss":0,"cards_obtained":["UnforgettableMelody"]},{"damage_healed":0,"gold_gain":0,"player_choice":"Ignored","damage_taken":0,"max_hp_gain":0,"max_hp_loss":0,"event_name":"Golden Idol","floor":13,"gold_loss":0},{"damage_healed":0,"gold_gain":99,"player_choice":"Stole From Cult","damage_taken":0,"max_hp_gain":0,"max_hp_loss":0,"event_name":"Nest","floor":21,"gold_loss":0},{"damage_healed":0,"gold_gain":0,"cards_transformed":["LightDefense","ChargeAndCover"],"player_choice":"Became Test Subject","damage_taken":0,"max_hp_gain":0,"max_hp_loss":0,"event_name":"Drug Dealer","floor":28,"gold_loss":0,"cards_obtained":["WaitUp","Rewind"]},{"damage_healed":0,"gold_gain":0,"player_choice":"Fight","damage_taken":0,"max_hp_gain":0,"max_hp_loss":0,"event_name":"Mysterious Sphere","floor":36,"gold_loss":0},{"damage_healed":0,"gold_gain":0,"player_choice":"Memory 1","damage_taken":0,"max_hp_gain":0,"max_hp_loss":0,"event_name":"SensoryStone","floor":37,"gold_loss":0}],"is_beta":false,"boss_relics":[{"not_picked":["Cursed Key","PageOfBlackSwan"],"picked":"Empty Cage"},{"not_picked":["Runic Dome","SacredBark"],"picked":"Astrolabe"}],"items_purged_floors":[12],"is_endless":false,"potions_floor_spawned":[5,7,8,11,20,24,31,33,35,36,39,40],"ascension_level":0}}