{"host":"v63m4f6t57xrjbnq","time":1614322317,"event":{"mods":["100% Spire Juice","ATMod(阿瑾Mod)","Act Like it!","Arknights","BaseMod","Colored Powertips","Dota2Spire","Downfall","Energized Spire","Gensokyo","Hallownest","KinomotoSakuraMod(木之本樱)","KomeijiMod","LagranYue(拉格朗・月)","Lobotomy","LobotomyExtend","Marisa（F雨　魔理沙）","Marked Mod","Minty Spire (QoL Compilation)","Quick Restart","Reimu（博丽灵梦）","Relic Filter Mod","Remilia（蕾米莉亚）","Replay The Spire","RumiaBox-露米娅的神秘盒子","StSLib","The Administrix","The Marked","The Senshi","The Servant 0.9.4","Waifu the Spire","WarShipGirlsR/战舰少女R mod","Yakumo Yukari mod","Youmu（魂魄妖梦）","Yuyuko","【遗物卡牌】REMEMod"],"gold_per_floor":[111,125,214,214,214,214,314,314,314,314],"floor_reached":9,"language":"ZHS","playtime":255,"items_purged":[],"score":231,"play_id":"c7eaa600-6af0-4ef7-b1d2-27f7db445b8d","local_time":"20210226145157","is_ascension_mode":true,"campfire_choices":[{"data":"ats:Magnetic Hammer","floor":8,"key":"SMITH"}],"circlet_count":0,"master_deck":["AscendersBane","ats:Strike C","ats:Strike G","ats:Strike S","ats:Strike V","ats:Armor Crushing Shot","ats:Defend","ats:Defend","ats:Defend","ats:Defend","ats:Emotion Absorption","Normality","ats:Shell Defense","ats:Magnetic Hammer+1","ats:Curse Doll","ats:Sword Rain","Clumsy","downfall:Haunted","downfall:Haunted","downfall:Haunted","ats:True Silver Slash","Replay:Sluggish","Parasite"],"relics":["ats:Sanity","AT_ATBox","REME_ComplimentaryCards","LagranYue:RandomDrawCardRelic","Ice Cream","Baka","ReplayFunnel","Gensokyo:NagashiBinaDoll","Darkstone Periapt"],"acts_visited":["Gensokyo:Gensokyo"],"potions_floor_usage":[],"damage_taken":[{"damage":10.0,"enemies":"Gensokyo:Python","floor":1.0,"turns":6.0},{"damage":19.0,"enemies":"Gensokyo:3_Fairies","floor":2.0,"turns":7.0},{"damage":42,"enemies":"Gensokyo:Aya","floor":9,"turns":5}],"seed_played":"800637270514855284","potions_obtained":[{"floor":1.0,"key":"Dexterity Potion"}],"is_trial":false,"path_per_floor":["M","M","?","?","PTL","PTL","?","R","E"],"character_chosen":"DOCTOR_CLASS","items_purchased":[],"campfire_rested":0,"item_purchase_floors":[],"current_hp_per_floor":[55,44,4,4,4,4,39,39,0,0],"gold":314,"neow_bonus":"ONE_RARE_RELIC","is_daily":false,"chose_seed":false,"campfire_upgraded":1,"win_rate":0.0,"timestamp":1614322317,"path_taken":["M","M","?","?","PTL","PTL","?","R","E"],"items_purchased_type":[],"build_version":"2020-12-22","purchased_purges":0,"victory":false,"max_hp_per_floor":[72,102,102,102,102,102,137,137,137,137],"card_choices":[{"not_picked":["ats:Support Order","ats:Flame Of Heaven"],"picked":"ats:Shell Defense","floor":1.0},{"not_picked":["ats:Burning Ground","ats:Leaping Hammer"],"picked":"ats:Magnetic Hammer","floor":2.0},{"not_picked":["ats:Assault Order","ats:Very Hot Blade"],"picked":"ats:Curse Doll","floor":3.0},{"not_picked":["ats:Powerful Strike","ats:Assault Order"],"picked":"ats:Sword Rain","floor":3.0}],"player_experience":276397,"relics_obtained":[{"floor":1.0,"key":"Baka"},{"floor":3.0,"key":"ReplayFunnel"}],"event_choices":[],"is_beta":false,"boss_relics":[],"items_purged_floors":[],"is_endless":false,"potions_floor_spawned":[1],"killed_by":"Gensokyo:Aya","ascension_level":13}}