{"host":"5n1fl7z5i1vf7jan","time":1614318100,"event":{"mods":["BaseMod","Minty Spire (QoL Compilation)","Quick Restart","Relic Stats"],"gold_per_floor":[119,119,44,61,77,77,108,128,155,155,181,193,0,16,16,90,90,102,102,117,128,128,128],"floor_reached":22,"language":"ENG","playtime":1001,"items_purged":["Pain"],"score":396,"play_id":"f596891e-1940-4e4e-8b1a-392023ad8602","local_time":"20210225214140","is_ascension_mode":true,"campfire_choices":[{"data":"Dagger Spray","floor":6.0,"key":"SMITH"},{"floor":10.0,"key":"REST"},{"floor":15.0,"key":"REST"}],"circlet_count":0,"master_deck":["AscendersBane","Strike_G","Strike_G","Strike_G","Strike_G","Defend_G","Defend_G","Defend_G","Defend_G","Survivor","Neutralize","Backstab","Bouncing Flask+1","Blur","Dagger Spray+1","Dash","Bane","Terror","Predator","Backflip","Footwork","Venomology","Bouncing Flask+1","Backflip"],"relics":["Ring of the Snake","Bronze Scales","Omamori","Potion Belt","SacredBark"],"acts_visited":["TheCity"],"potions_floor_usage":[22],"damage_taken":[{"damage":5.0,"enemies":"2 Louse","floor":1.0,"turns":3.0},{"damage":1.0,"enemies":"Cultist","floor":4.0,"turns":3.0},{"damage":0.0,"enemies":"Jaw Worm","floor":5.0,"turns":3.0},{"damage":16.0,"enemies":"Lagavulin","floor":7.0,"turns":8.0},{"damage":12.0,"enemies":"Exordium Thugs","floor":8.0,"turns":4.0},{"damage":14.0,"enemies":"Gremlin Nob","floor":11.0,"turns":4.0},{"damage":8.0,"enemies":"Blue Slaver","floor":12.0,"turns":2.0},{"damage":0.0,"enemies":"Exordium Wildlife","floor":14.0,"turns":2.0},{"damage":16.0,"enemies":"Hexaghost","floor":16.0,"turns":9.0},{"damage":25.0,"enemies":"Chosen","floor":18.0,"turns":5.0},{"damage":11.0,"enemies":"2 Thieves","floor":20.0,"turns":4.0},{"damage":7.0,"enemies":"Snake Plant","floor":21.0,"turns":6.0},{"damage":13,"enemies":"Sentry and Sphere","floor":22,"turns":4}],"seed_played":"8392184903347151320","potions_obtained":[{"floor":7.0,"key":"Strength Potion"},{"floor":12.0,"key":"Strength Potion"},{"floor":14.0,"key":"Poison Potion"},{"floor":18.0,"key":"GamblersBrew"}],"is_trial":false,"path_per_floor":["M","?","$","M","M","R","E","M","T","R","E","M","$","M","R","B",null,"M","?","M","M","M"],"character_chosen":"THE_SILENT","items_purchased":["Footwork","Weak Potion","Dexterity Potion"],"campfire_rested":2,"item_purchase_floors":[13,13,13],"current_hp_per_floor":[54,54,54,53,53,53,37,25,25,44,30,22,22,22,41,25,56,31,31,20,13,0,0],"gold":128,"neow_bonus":"TRANSFORM_TWO_CARDS","is_daily":false,"chose_seed":false,"campfire_upgraded":1,"win_rate":0.0,"timestamp":1614318100,"path_taken":["M","?","$","M","M","R","E","M","T","R","E","?","?","M","R","BOSS","M","?","M","?","M"],"items_purchased_type":["Card","Potion","Potion"],"build_version":"2020-12-22","purchased_purges":1,"victory":false,"max_hp_per_floor":[66,66,66,66,66,66,66,66,66,66,66,66,66,66,66,66,66,66,66,66,66,66,66],"relic_stats":{"counters":[13,57],"Bronze Scales":[117],"obtain_stats":[{"Potion Belt":11,"Bronze Scales":7,"SacredBark":17,"Omamori":9,"Ring of the Snake":0},{"Potion Belt":6,"Bronze Scales":4,"SacredBark":9,"Omamori":5,"Ring of the Snake":0},{"Potion Belt":25,"Bronze Scales":17,"SacredBark":38,"Omamori":21,"Ring of the Snake":0}],"Ring of the Snake":[26]},"card_choices":[{"not_picked":["Dodge and Roll","Cloak And Dagger"],"picked":"Blur","floor":1.0},{"not_picked":["Poisoned Stab","Predator"],"picked":"Dagger Spray","floor":4.0},{"not_picked":["Reflex","Cloak And Dagger"],"picked":"Dash","floor":5.0},{"not_picked":["Well Laid Plans","All Out Attack"],"picked":"Bane","floor":7.0},{"not_picked":["Quick Slash","Acrobatics"],"picked":"Terror","floor":8.0},{"not_picked":["Poisoned Stab","Escape Plan"],"picked":"Predator","floor":11.0},{"not_picked":["Doppelganger","Dodge and Roll"],"picked":"Backflip","floor":12.0},{"not_picked":["Backflip","Terror","Deadly Poison"],"picked":"SKIP","floor":14.0},{"not_picked":["Storm of Steel","Grand Finale"],"picked":"Venomology","floor":16.0},{"not_picked":["Outmaneuver","Backstab","Prepared"],"picked":"SKIP","floor":18.0},{"not_picked":["Dagger Throw","Slice"],"picked":"Backflip","floor":20.0},{"not_picked":["Sucker Punch","Bane","Dodge and Roll"],"picked":"SKIP","floor":21.0}],"player_experience":437291,"relics_obtained":[{"floor":7.0,"key":"Bronze Scales"},{"floor":9.0,"key":"Omamori"},{"floor":11.0,"key":"Potion Belt"}],"event_choices":[{"damage_healed":0.0,"max_hp_gain":0.0,"max_hp_loss":0.0,"gold_gain":0.0,"event_name":"Accursed Blacksmith","player_choice":"Forge","floor":2.0,"gold_loss":0.0,"damage_taken":0.0,"cards_upgraded":["Bouncing Flask"]},{"damage_healed":0.0,"max_hp_gain":0.0,"max_hp_loss":0.0,"gold_gain":0.0,"event_name":"Duplicator","player_choice":"Copied","floor":19.0,"gold_loss":0.0,"damage_taken":0.0,"cards_obtained":["Bouncing Flask"]}],"is_beta":false,"boss_relics":[{"not_picked":["Black Star","Empty Cage"],"picked":"SacredBark"}],"items_purged_floors":[3],"is_endless":false,"potions_floor_spawned":[7,12,14,18],"killed_by":"Sentry and Sphere","ascension_level":20}}