{"host":"61y0z9o9vf3ujftj","time":1614319714,"event":{"mods":["BaseMod","Colored Map","Colored Powertips","GifTheSpireLib","HexUI Lib","Highlight Path","Minty Spire (QoL Compilation)","Permanent Neow","Relic Stats","StSLib","ojb\u0027s Info Mod"],"gold_per_floor":[212,231,381,399,417,447,463,463,541,541,305,338,28,41,41,41,41],"floor_reached":16,"language":"ENG","playtime":853,"items_purged":["Strike_R"],"score":218,"play_id":"b873a814-48ed-479b-b3bb-70c667cdb2e3","local_time":"20210226000834","is_ascension_mode":true,"campfire_choices":[{"data":"True Grit","floor":8.0,"key":"SMITH"},{"data":"Clothesline","floor":10.0,"key":"SMITH"},{"data":"Evolve","floor":15,"key":"SMITH"}],"circlet_count":0,"master_deck":["AscendersBane","Strike_R","Strike_R","Strike_R","Strike_R","Defend_R","Defend_R","Defend_R","Defend_R","Bash","Clothesline+1","True Grit+1","Doubt","Reckless Charge","Twin Strike","Second Wind","Ghostly Armor","Evolve+1","Pommel Strike","Wild Strike","Armaments"],"relics":["Burning Blood","Strawberry","Darkstone Periapt","OrangePellets","Ginger","Lantern"],"acts_visited":["Exordium"],"potions_floor_usage":[12,16],"damage_taken":[{"damage":4.0,"enemies":"2 Louse","floor":1.0,"turns":4.0},{"damage":4.0,"enemies":"Jaw Worm","floor":2.0,"turns":4.0},{"damage":6.0,"enemies":"Cultist","floor":4.0,"turns":3.0},{"damage":10.0,"enemies":"2 Fungi Beasts","floor":5.0,"turns":4.0},{"damage":35.0,"enemies":"Lagavulin","floor":6.0,"turns":6.0},{"damage":13.0,"enemies":"Lots of Slimes","floor":7.0,"turns":6.0},{"damage":24,"enemies":"Gremlin Nob","floor":12,"turns":4},{"damage":6,"enemies":"Looter","floor":14,"turns":4},{"damage":37,"enemies":"The Guardian","floor":16,"turns":12}],"seed_played":"-4503453985822802927","potions_obtained":[{"floor":2.0,"key":"Strength Potion"},{"floor":5.0,"key":"ElixirPotion"},{"floor":7.0,"key":"CultistPotion"},{"floor":12,"key":"Regen Potion"}],"is_trial":false,"path_per_floor":["M","M","?","M","M","E","M","R","T","R","$","E","$","M","R","B"],"character_chosen":"IRONCLAD","items_purchased":["Evolve","OrangePellets","Lantern","Pommel Strike","Wild Strike"],"campfire_rested":0,"item_purchase_floors":[11,11,13,13,13],"current_hp_per_floor":[70,72,72,72,68,46,39,39,39,39,39,21,21,21,21,0,0],"gold":41,"neow_bonus":"HUNDRED_GOLD","is_daily":false,"chose_seed":false,"campfire_upgraded":3,"win_rate":0.0,"timestamp":1614319714,"path_taken":["M","M","?","M","M","E","M","R","T","R","$","E","$","M","R","BOSS"],"items_purchased_type":["Card","Relic","Relic","Card","Card"],"build_version":"2020-12-22","purchased_purges":1,"victory":false,"max_hp_per_floor":[75,75,75,75,75,82,82,82,82,82,82,82,82,82,82,82,82],"relic_stats":{"Darkstone Periapt":0,"OrangePellets":[0],"counters":[9,47],"Ginger":[0],"obtain_stats":[{"Darkstone Periapt":9,"OrangePellets":11,"Lantern":13,"Strawberry":6,"Ginger":12,"Burning Blood":0},{"Darkstone Periapt":6,"OrangePellets":6,"Lantern":7,"Strawberry":5,"Ginger":7,"Burning Blood":0},{"Darkstone Periapt":27,"OrangePellets":27,"Lantern":31,"Strawberry":21,"Ginger":31,"Burning Blood":0}],"Burning Blood":48},"card_choices":[{"not_picked":["Thunderclap","Flex"],"picked":"Clothesline","floor":1.0},{"not_picked":["Perfected Strike","Armaments"],"picked":"True Grit","floor":2.0},{"not_picked":["Body Slam","Clash"],"picked":"Reckless Charge","floor":4.0},{"not_picked":["Dropkick","Berserk"],"picked":"Twin Strike","floor":5.0},{"not_picked":["Wild Strike","True Grit"],"picked":"Second Wind","floor":6.0},{"not_picked":["Body Slam","Rage"],"picked":"Ghostly Armor","floor":7.0},{"not_picked":["Dual Wield","Havoc","Blood for Blood"],"picked":"SKIP","floor":12},{"not_picked":["Sword Boomerang","Pummel"],"picked":"Armaments","floor":14}],"player_experience":571138,"relics_obtained":[{"floor":6.0,"key":"Strawberry"},{"floor":9.0,"key":"Darkstone Periapt"},{"floor":12,"key":"Ginger"}],"event_choices":[{"damage_healed":0.0,"max_hp_gain":0.0,"max_hp_loss":0.0,"gold_gain":150.0,"event_name":"Liars Game","player_choice":"AGREE","floor":3.0,"gold_loss":0.0,"damage_taken":0.0,"cards_obtained":["Doubt"]}],"is_beta":false,"boss_relics":[],"items_purged_floors":[13],"is_endless":false,"potions_floor_spawned":[2,5,7,12],"killed_by":"The Guardian","ascension_level":19}}