{"host":"0tl58ol8nhobbddc","time":1614320900,"event":{"mods":["AchievementEnabler","BaseMod","Bestiary","Block Reminder","Colored Map","Colored Powertips","Highlight Path","Minty Spire (QoL Compilation)"],"gold_per_floor":[111,111,131,30,30,30,60,79,102,112,127,127,127,77,77,181,181,193,204,216,141,65,65,65,65,65,78,78,39,39,49,49,49,49],"floor_reached":33,"language":"ENG","playtime":2309,"items_purged":["Strike_B"],"score":245,"play_id":"ec595392-164d-4765-aa20-a30129312393","local_time":"20210225222820","is_ascension_mode":false,"campfire_choices":[{"data":"Zap","floor":6,"key":"SMITH"},{"data":"Double Energy","floor":13,"key":"SMITH"},{"data":"Coolheaded","floor":15,"key":"SMITH"},{"data":"Electrodynamics","floor":23,"key":"SMITH"},{"data":"Fission","floor":28,"key":"SMITH"},{"data":"Coolheaded","floor":32,"key":"SMITH"}],"circlet_count":0,"master_deck":["Strike_B","Strike_B","Defend_B","Defend_B","Defend_B","Zap+1","Dualcast","Melter","Static Discharge","Stack","Ball Lightning","Coolheaded+1","Double Energy+1","Leap","Parasite","Fission+1","Coolheaded+1","Rip and Tear+1","Electrodynamics+1","Self Repair","Loop","BootSequence","Go for the Eyes"],"relics":["Cracked Core","Nunchaku","Inserter","FaceOfCleric","Sundial","Nloth\u0027s Gift"],"acts_visited":["Exordium","TheCity"],"potions_floor_usage":[11,16,27,27,33],"damage_taken":[{"damage":2,"enemies":"Small Slimes","floor":1,"turns":4},{"damage":7,"enemies":"Jaw Worm","floor":3,"turns":4},{"damage":40,"enemies":"Lagavulin","floor":7,"turns":5},{"damage":1,"enemies":"Cultist","floor":8,"turns":3},{"damage":9,"enemies":"3 Louse","floor":10,"turns":3},{"damage":10,"enemies":"Lots of Slimes","floor":11,"turns":3},{"damage":18,"enemies":"The Guardian","floor":16,"turns":11},{"damage":8,"enemies":"3 Byrds","floor":18,"turns":3},{"damage":3,"enemies":"Spheric Guardian","floor":19,"turns":3},{"damage":28,"enemies":"Snecko","floor":20,"turns":7},{"damage":27,"enemies":"Snake Plant","floor":27,"turns":4},{"damage":2,"enemies":"Sentry and Sphere","floor":31,"turns":3},{"damage":31,"enemies":"Collector","floor":33,"turns":5}],"seed_played":"-6932623476169612523","potions_obtained":[{"floor":1,"key":"Explosive Potion"},{"floor":3,"key":"Energy Potion"},{"floor":8,"key":"Dexterity Potion"},{"floor":10,"key":"Weak Potion"},{"floor":19,"key":"Fire Potion"},{"floor":27,"key":"Energy Potion"}],"is_trial":false,"path_per_floor":["M","?","M","$","?","R","E","M","T","M","M","?","R","?","R","B",null,"M","M","M","?","$","R","?","?","T","M","R","$","?","M","R","B"],"character_chosen":"DEFECT","items_purchased":["Stack","Self Repair","BootSequence"],"campfire_rested":0,"item_purchase_floors":[4,22,29],"current_hp_per_floor":[80,85,78,78,78,78,38,37,37,28,18,39,39,39,39,21,87,79,76,48,48,48,48,48,48,48,29,29,29,29,28,28,0,0],"gold":49,"neow_bonus":"TEN_PERCENT_HP_BONUS","is_daily":false,"chose_seed":false,"campfire_upgraded":6,"win_rate":0.0,"timestamp":1614320900,"path_taken":["M","?","M","$","?","R","E","M","T","M","M","?","R","?","R","BOSS","M","M","M","?","$","R","?","?","T","M","R","$","?","M","R","BOSS"],"items_purchased_type":["Card","Card","Card"],"build_version":"2020-12-22","purchased_purges":1,"victory":false,"max_hp_per_floor":[82,87,87,87,87,87,87,87,87,87,87,87,87,87,87,87,87,87,87,87,87,87,87,87,87,87,88,88,88,88,89,89,89,89],"card_choices":[{"not_picked":["Defragment","Sweeping Beam"],"picked":"Melter","floor":1},{"not_picked":["Genetic Algorithm","Beam Cell"],"picked":"Static Discharge","floor":3},{"not_picked":["Heatsinks","Streamline"],"picked":"Ball Lightning","floor":7},{"not_picked":["Storm","Beam Cell"],"picked":"Coolheaded","floor":8},{"not_picked":["Coolheaded","Gash"],"picked":"Double Energy","floor":10},{"not_picked":["Go for the Eyes","Beam Cell"],"picked":"Leap","floor":11},{"not_picked":["Buffer","Reboot"],"picked":"Fission","floor":16},{"not_picked":["Leap","Heatsinks"],"picked":"Coolheaded","floor":18},{"not_picked":["Stack","Gash+1"],"picked":"Rip and Tear+1","floor":19},{"not_picked":["Storm","Steam Power"],"picked":"Electrodynamics","floor":20},{"not_picked":["Steam","Leap+1"],"picked":"Loop","floor":27},{"not_picked":["Compile Driver","Leap"],"picked":"Go for the Eyes","floor":31}],"player_experience":86537,"relics_obtained":[{"floor":7,"key":"Nunchaku"},{"floor":9,"key":"Juzu Bracelet"},{"floor":26,"key":"Sundial"}],"event_choices":[{"damage_healed":0,"gold_gain":0,"player_choice":"Donut","damage_taken":0,"max_hp_gain":5,"max_hp_loss":0,"event_name":"Big Fish","floor":2,"gold_loss":0},{"damage_healed":0,"gold_gain":0,"player_choice":"Ignored","damage_taken":0,"max_hp_gain":0,"max_hp_loss":0,"event_name":"NoteForYourself","floor":5,"gold_loss":0},{"damage_healed":21,"gold_gain":0,"player_choice":"Healed and dodged fight","damage_taken":0,"max_hp_gain":0,"max_hp_loss":0,"event_name":"Mushrooms","floor":12,"gold_loss":0,"cards_obtained":["Parasite"]},{"cards_removed":["Defend_B"],"damage_healed":0,"gold_gain":0,"player_choice":"Card Removal","damage_taken":0,"max_hp_gain":0,"max_hp_loss":0,"event_name":"The Cleric","floor":14,"gold_loss":50},{"cards_removed":["Strike_B"],"damage_healed":0,"gold_gain":0,"player_choice":"Gave Gold","damage_taken":0,"max_hp_gain":0,"max_hp_loss":0,"event_name":"Beggar","floor":21,"gold_loss":75},{"damage_healed":0,"gold_gain":0,"player_choice":"Trade","damage_taken":0,"relics_obtained":["FaceOfCleric"],"max_hp_gain":0,"max_hp_loss":0,"event_name":"FaceTrader","floor":24,"gold_loss":0},{"damage_healed":0,"gold_gain":0,"player_choice":"Ignored","damage_taken":0,"max_hp_gain":0,"max_hp_loss":0,"event_name":"Ghosts","floor":25,"gold_loss":0},{"damage_healed":0,"gold_gain":0,"player_choice":"Traded Relic","damage_taken":0,"relics_obtained":["Nloth\u0027s Gift"],"max_hp_gain":0,"max_hp_loss":0,"event_name":"N\u0027loth","floor":30,"relics_lost":["Juzu Bracelet"],"gold_loss":0}],"is_beta":false,"boss_relics":[{"not_picked":["Busted Crown","SacredBark"],"picked":"Inserter"}],"items_purged_floors":[4],"is_endless":false,"potions_floor_spawned":[1,3,8,10,19,27],"killed_by":"Collector","ascension_level":0}}