{"host":"1xo5g347e5o4auts","time":1614334634,"event":{"mods":["BaseMod","Minty Spire (QoL Compilation)","Permanent Neow","StSLib"],"gold_per_floor":[109,128,142,152,171,171,198,198,198,41,68,68,68,98,98,175,175,187,112,131,146,159,187,187,220,299,299,319,347,360,392,392,463,463,475,502,3,3,3,31,56,101,185,224,255,282,294,318,330,342,354,366,378,44,76,76],"floor_reached":57,"language":"ENG","playtime":2705,"items_purged":["Blood for Blood","Cleave+1"],"score":2934,"play_id":"17bca9cc-72ee-409b-862b-6f06cc1f279a","local_time":"20210226121714","is_ascension_mode":true,"campfire_choices":[{"data":"Bash","floor":6.0,"key":"SMITH"},{"data":"Immolate","floor":8.0,"key":"SMITH"},{"data":"Anger","floor":12.0,"key":"SMITH"},{"data":"Cleave","floor":15.0,"key":"SMITH"},{"data":"Demon Form","floor":24.0,"key":"SMITH"},{"floor":27.0,"key":"REST"},{"floor":32.0,"key":"RECALL"},{"data":"Corruption","floor":49.0,"key":"SMITH"},{"data":"Reaper","floor":53.0,"key":"SMITH"}],"circlet_count":0,"master_deck":["AscendersBane","Bash+1","Reaper+1","Rampage","Anger+1","Immolate+1","Reaper","Flex+1","Demon Form+1","Shrug It Off+1","Burning Pact+1","Impervious+1","Burning Pact+1","Shrug It Off+1","True Grit+1","Limit Break+1","Immolate","Thunderclap","Second Wind+1","Carnage","Corruption+1","Reaper","Heavy Blade+1","Trip+1","Master of Strategy+1","Blind+1","Pommel Strike+1","Offering+1","Shrug It Off+1"],"relics":["Burning Blood","Toxic Egg 2","InkBottle","DollysMirror","Pen Nib","Lizard Tail","SlaversCollar","Incense Burner","Ginger","HornCleat","Charon\u0027s Ashes","Smiling Mask","Pandora\u0027s Box","Centennial Puzzle","Mummified Hand","Medical Kit","StrikeDummy","MawBank","Shuriken","Red Skull","Lee\u0027s Waffle","Bird Faced Urn"],"acts_visited":["Exordium","TheCity","TheBeyond","TheEnding"],"potions_floor_usage":[56,56],"damage_taken":[{"damage":12.0,"enemies":"Cultist","floor":1.0,"turns":4.0},{"damage":7.0,"enemies":"Small Slimes","floor":2.0,"turns":5.0},{"damage":0.0,"enemies":"2 Louse","floor":3.0,"turns":2.0},{"damage":14.0,"enemies":"Blue Slaver","floor":4.0,"turns":4.0},{"damage":17.0,"enemies":"Red Slaver","floor":5.0,"turns":5.0},{"damage":8.0,"enemies":"Gremlin Nob","floor":7.0,"turns":3.0},{"damage":10.0,"enemies":"3 Sentries","floor":11.0,"turns":4.0},{"damage":13.0,"enemies":"Lagavulin","floor":14.0,"turns":6.0},{"damage":20.0,"enemies":"Slime Boss","floor":16.0,"turns":7.0},{"damage":0.0,"enemies":"2 Thieves","floor":18.0,"turns":2.0},{"damage":30.0,"enemies":"Chosen","floor":20.0,"turns":5.0},{"damage":25.0,"enemies":"Snecko","floor":21.0,"turns":5.0},{"damage":7.0,"enemies":"3 Cultists","floor":22.0,"turns":4.0},{"damage":81.0,"enemies":"Gremlin Leader","floor":23.0,"turns":6.0},{"damage":43.0,"enemies":"Slavers","floor":25.0,"turns":5.0},{"damage":23.0,"enemies":"Sentry and Sphere","floor":28.0,"turns":6.0},{"damage":30.0,"enemies":"Book of Stabbing","floor":29.0,"turns":5.0},{"damage":10.0,"enemies":"Centurion and Healer","floor":30.0,"turns":7.0},{"damage":14.0,"enemies":"Gremlin Leader","floor":31.0,"turns":6.0},{"damage":66.0,"enemies":"Collector","floor":33.0,"turns":8.0},{"damage":40.0,"enemies":"3 Shapes","floor":35.0,"turns":6.0},{"damage":0.0,"enemies":"Reptomancer","floor":40.0,"turns":4.0},{"damage":0.0,"enemies":"3 Darklings","floor":41.0,"turns":2.0},{"damage":41.0,"enemies":"Giant Head","floor":42.0,"turns":7.0},{"damage":41.0,"enemies":"Nemesis","floor":44.0,"turns":5.0},{"damage":10.0,"enemies":"4 Shapes","floor":45.0,"turns":5.0},{"damage":25.0,"enemies":"Transient","floor":46.0,"turns":6.0},{"damage":9.0,"enemies":"Sphere and 2 Shapes","floor":48.0,"turns":5.0},{"damage":56.0,"enemies":"Awakened One","floor":50.0,"turns":9.0},{"damage":23.0,"enemies":"Time Eater","floor":51.0,"turns":7.0},{"damage":51.0,"enemies":"Shield and Spear","floor":55.0,"turns":6.0},{"damage":124,"enemies":"The Heart","floor":56,"turns":7}],"seed_played":"-3767735595774776968","potions_obtained":[{"floor":1.0,"key":"Dexterity Potion"},{"floor":2.0,"key":"DuplicationPotion"},{"floor":11.0,"key":"ColorlessPotion"},{"floor":16.0,"key":"Swift Potion"},{"floor":22.0,"key":"BlessingOfTheForge"},{"floor":28.0,"key":"Fruit Juice"},{"floor":30.0,"key":"Strength Potion"},{"floor":31.0,"key":"PowerPotion"},{"floor":33.0,"key":"Swift Potion"},{"floor":42.0,"key":"DistilledChaos"}],"is_trial":false,"path_per_floor":["M","M","M","M","M","R","E","R","T","$","E","R","$","E","R","B",null,"M","?","M","M","M","E","R","E","T","R","M","E","M","E","R","B",null,"M","T","$","?","?","E","M","E","T","E","M","M","?","M","R","B","B",null,"R","$","E","B",null],"character_chosen":"IRONCLAD","items_purchased":["DollysMirror","Mummified Hand","Medical Kit","Shrug It Off+1","DistilledChaos","Lee\u0027s Waffle"],"campfire_rested":1,"item_purchase_floors":[10,37,37,54,54,54],"current_hp_per_floor":[68,68,68,60,49,49,47,47,47,47,47,47,47,40,40,34,60,68,68,59,50,68,54,54,17,17,37,41,51,67,68,68,73,73,73,73,73,63,63,73,73,51,51,73,73,73,73,70,70,73,73,73,73,80,80,75],"gold":76,"neow_bonus":"THREE_RARE_CARDS","is_daily":false,"chose_seed":false,"campfire_upgraded":7,"win_rate":0.0,"timestamp":1614334634,"path_taken":["M","M","?","M","M","R","E","R","T","$","E","R","$","E","R","BOSS","M","?","M","?","M","E","R","E","T","R","M","E","?","E","R","BOSS","M","?","$","?","?","E","?","E","T","E","M","M","?","M","R","BOSS","BOSS","R","$","E","BOSS"],"items_purchased_type":["Relic","Relic","Relic","Card","Potion","Relic"],"build_version":"2020-12-22","purchased_purges":2,"victory":true,"max_hp_per_floor":[68,68,68,68,68,68,68,68,68,68,68,68,68,68,68,68,68,68,68,68,68,68,68,68,68,68,68,68,68,68,68,68,73,73,73,73,73,73,73,73,73,73,73,73,73,73,73,73,73,73,73,73,73,80,80,80],"card_choices":[{"not_picked":["Berserk","Exhume"],"picked":"Reaper","floor":0.0},{"not_picked":["Sever Soul","Shrug It Off"],"picked":"Rampage","floor":1.0},{"not_picked":["Pommel Strike","Warcry"],"picked":"Cleave","floor":2.0},{"not_picked":["Wild Strike","Headbutt"],"picked":"Anger","floor":3.0},{"not_picked":["Burning Pact","Body Slam","Dropkick"],"picked":"SKIP","floor":4.0},{"not_picked":["Cleave","Rupture","Warcry"],"picked":"SKIP","floor":5.0},{"not_picked":["Reaper","Pommel Strike"],"picked":"Immolate","floor":7.0},{"not_picked":["Twin Strike","Clothesline","Whirlwind"],"picked":"SKIP","floor":11.0},{"not_picked":["Uppercut","Headbutt"],"picked":"Flex+1","floor":14.0},{"not_picked":["Impervious+1","Feed"],"picked":"Demon Form","floor":16.0},{"not_picked":["Inflame","Blood for Blood","Heavy Blade"],"picked":"SKIP","floor":18.0},{"not_picked":["Flex+1","Warcry+1"],"picked":"Shrug It Off+1","floor":20.0},{"not_picked":["Warcry+1","Body Slam","Clash"],"picked":"SKIP","floor":21.0},{"not_picked":["Fire Breathing","Uppercut"],"picked":"Burning Pact+1","floor":22.0},{"not_picked":["Double Tap+1","Ghostly Armor+1"],"picked":"Impervious+1","floor":23.0},{"not_picked":["Iron Wave","Rage+1"],"picked":"Burning Pact+1","floor":25.0},{"not_picked":["Sword Boomerang","Pummel"],"picked":"Shrug It Off+1","floor":28.0},{"not_picked":["Twin Strike+1","Havoc+1"],"picked":"True Grit+1","floor":29.0},{"not_picked":["Dropkick","Rampage","Warcry+1"],"picked":"SKIP","floor":30.0},{"not_picked":["Fire Breathing","Heavy Blade","Iron Wave"],"picked":"SKIP","floor":31.0},{"not_picked":["Berserk","Reaper"],"picked":"Limit Break+1","floor":33.0},{"not_picked":["Iron Wave","Uppercut"],"picked":"Heavy Blade+1","floor":35.0},{"not_picked":["Enlightenment+1","Bandage Up+1"],"picked":"Trip+1","floor":38.0},{"not_picked":["Bandage Up+1","Jack Of All Trades+1"],"picked":"Master of Strategy+1","floor":38.0},{"not_picked":["Forethought+1","Apotheosis+1"],"picked":"Blind+1","floor":38.0},{"not_picked":["Havoc+1","Juggernaut","Body Slam+1"],"picked":"SKIP","floor":40.0},{"not_picked":["Ghostly Armor+1","Metallicize","Sever Soul"],"picked":"SKIP","floor":41.0},{"not_picked":["Hemokinesis","Seeing Red+1"],"picked":"Pommel Strike+1","floor":42.0},{"not_picked":["Headbutt","Clothesline","Evolve"],"picked":"SKIP","floor":44.0},{"not_picked":["Headbutt","Clothesline","Evolve"],"picked":"SKIP","floor":44.0},{"not_picked":["Perfected Strike","Second Wind+1","Reckless Charge"],"picked":"SKIP","floor":45.0},{"not_picked":["Clothesline+1","Rage+1"],"picked":"Bloodletting+1","floor":46.0},{"not_picked":["Clash","Wild Strike"],"picked":"Offering+1","floor":48.0},{"not_picked":["Havoc+1","Anger","Clash"],"picked":"SKIP","floor":55.0}],"player_experience":1516902,"relics_obtained":[{"floor":7.0,"key":"Toxic Egg 2"},{"floor":9.0,"key":"InkBottle"},{"floor":11.0,"key":"Pen Nib"},{"floor":14.0,"key":"Lizard Tail"},{"floor":23.0,"key":"Incense Burner"},{"floor":25.0,"key":"Ginger"},{"floor":26.0,"key":"HornCleat"},{"floor":29.0,"key":"Charon\u0027s Ashes"},{"floor":31.0,"key":"Smiling Mask"},{"floor":36.0,"key":"Centennial Puzzle"},{"floor":40.0,"key":"MawBank"},{"floor":42.0,"key":"Shuriken"},{"floor":44.0,"key":"Red Skull"},{"floor":55.0,"key":"Bird Faced Urn"}],"event_choices":[{"cards_removed":["Strike_R"],"damage_healed":0.0,"max_hp_gain":0.0,"max_hp_loss":0.0,"gold_gain":0.0,"event_name":"Designer","player_choice":"Single Remove","floor":19.0,"gold_loss":75.0,"damage_taken":0.0},{"damage_healed":0.0,"max_hp_gain":0.0,"max_hp_loss":0.0,"gold_gain":0.0,"event_name":"SensoryStone","player_choice":"Memory 3","floor":38.0,"gold_loss":0.0,"damage_taken":10.0},{"cards_removed":["Flex"],"damage_healed":0.0,"max_hp_gain":0.0,"max_hp_loss":0.0,"gold_gain":0.0,"event_name":"WeMeetAgain","player_choice":"Gave Card","floor":39.0,"gold_loss":0.0,"damage_taken":0.0,"relics_obtained":["StrikeDummy"]},{"cards_removed":["Bloodletting"],"damage_healed":0.0,"max_hp_gain":0.0,"max_hp_loss":0.0,"gold_gain":0.0,"event_name":"Falling","player_choice":"Removed Skill","floor":47.0,"gold_loss":0.0,"damage_taken":0.0}],"is_beta":false,"boss_relics":[{"not_picked":["Runic Dome","Busted Crown"],"picked":"SlaversCollar"},{"not_picked":["Tiny House","SacredBark"],"picked":"Pandora\u0027s Box"}],"items_purged_floors":[37,54],"is_endless":false,"potions_floor_spawned":[1,2,11,16,22,28,30,31,33,41,42,45,55],"ascension_level":20}}