{"host":"mi0eibewekhugwl1","time":1614346375,"event":{"mods":["AchievementEnabler","BaseMod","Colored Map","Colored Powertips","DeckTracker","Keyboard Shortcuts","Minty Spire (QoL Compilation)","Quick Restart","Rare Cards Sparkle","Relic Stats","StSLib","SuperFastMode","everything is the same but u backflip on backflip"],"gold_per_floor":[217,232,243,261,275,275,200,200,224,286,286,286,286,319,319,319,319],"floor_reached":16,"language":"KOR","playtime":215,"items_purged":[],"score":200,"play_id":"c9dd69ad-b4f2-4398-b5f1-af86fac5ee22","local_time":"20210226223255","is_ascension_mode":true,"campfire_choices":[{"data":"Zap","floor":6,"key":"SMITH"},{"floor":8,"key":"REST"},{"floor":12,"key":"REST"},{"floor":15,"key":"REST"}],"circlet_count":0,"master_deck":["AscendersBane","Strike_B","Strike_B","Defend_B+1","Defend_B","Defend_B","Defend_B","Zap+1","Dualcast","Streamline","Conserve Battery+1","Ball Lightning","Melter","Redo"],"relics":["Cracked Core","Strawberry","War Paint","Golden Idol","Pen Nib"],"acts_visited":["Exordium"],"potions_floor_usage":[10,10,16],"damage_taken":[{"damage":3,"enemies":"2 Louse","floor":1,"turns":2},{"damage":2,"enemies":"Jaw Worm","floor":2,"turns":3},{"damage":3,"enemies":"Small Slimes","floor":3,"turns":3},{"damage":16,"enemies":"2 Fungi Beasts","floor":4,"turns":3},{"damage":15,"enemies":"Exordium Thugs","floor":5,"turns":3},{"damage":25,"enemies":"Lagavulin Event","floor":10,"turns":5},{"damage":32,"enemies":"Gremlin Nob","floor":14,"turns":4},{"damage":40,"enemies":"Slime Boss","floor":16,"turns":8}],"seed_played":"-7190234352176776400","potions_obtained":[{"floor":1,"key":"Ancient Potion"},{"floor":2,"key":"PotionOfCapacity"},{"floor":5,"key":"Fire Potion"},{"floor":14,"key":"Weak Potion"}],"is_trial":false,"path_per_floor":["M","M","M","M","M","R","?","R","T","?","?","R","?","E","R","B"],"character_chosen":"DEFECT","items_purchased":[],"campfire_rested":3,"item_purchase_floors":[],"current_hp_per_floor":[61,59,56,40,25,25,25,46,53,28,28,49,49,17,38,0,0],"gold":319,"neow_bonus":"HUNDRED_GOLD","is_daily":false,"chose_seed":false,"campfire_upgraded":1,"win_rate":0.0,"timestamp":1614346375,"path_taken":["M","M","M","M","M","R","?","R","T","?","?","R","?","E","R","BOSS"],"items_purchased_type":[],"build_version":"2020-12-22","purchased_purges":0,"victory":false,"max_hp_per_floor":[71,71,71,71,71,71,71,71,78,78,71,71,71,71,71,71,71],"relic_stats":{"counters":[8,31],"Golden Idol":7,"Pen Nib":[0],"War Paint":["Defend_B","Conserve Battery"],"obtain_stats":[{"Golden Idol":11,"Strawberry":9,"Pen Nib":14,"War Paint":10,"Cracked Core":0},{"Golden Idol":6,"Strawberry":5,"Pen Nib":7,"War Paint":6,"Cracked Core":0},{"Golden Idol":19,"Strawberry":14,"Pen Nib":23,"War Paint":19,"Cracked Core":0}]},"card_choices":[{"not_picked":["Redo","Steam"],"picked":"Streamline","floor":1},{"not_picked":["Hello World","Static Discharge"],"picked":"Conserve Battery","floor":2},{"not_picked":["Redo","Loop"],"picked":"Ball Lightning","floor":3},{"not_picked":["Stack","Go for the Eyes"],"picked":"Melter","floor":4},{"not_picked":["Streamline","Go for the Eyes","Blizzard"],"picked":"SKIP","floor":5},{"not_picked":["Steam Power","Multi-Cast","Conserve Battery"],"picked":"SKIP","floor":14}],"player_experience":1833388,"relics_obtained":[{"floor":9,"key":"Strawberry"},{"floor":10,"key":"War Paint"},{"floor":14,"key":"Pen Nib"}],"event_choices":[{"cards_removed":["Strike_B"],"damage_healed":0,"gold_gain":0,"player_choice":"Card Removal","damage_taken":0,"max_hp_gain":0,"max_hp_loss":0,"event_name":"The Cleric","floor":7,"gold_loss":75},{"damage_healed":0,"gold_gain":0,"player_choice":"Searched \u00271\u0027 times","damage_taken":0,"max_hp_gain":0,"max_hp_loss":0,"event_name":"Dead Adventurer","floor":10,"gold_loss":0},{"damage_healed":0,"gold_gain":0,"player_choice":"Lose Max HP","damage_taken":0,"relics_obtained":["Golden Idol"],"max_hp_gain":0,"max_hp_loss":7,"event_name":"Golden Idol","floor":11,"gold_loss":0},{"damage_healed":0,"gold_gain":0,"cards_transformed":["Strike_B"],"player_choice":"Transformed","damage_taken":0,"max_hp_gain":0,"max_hp_loss":0,"event_name":"Transmorgrifier","floor":13,"gold_loss":0,"cards_obtained":["Redo"]}],"is_beta":false,"boss_relics":[],"items_purged_floors":[],"is_endless":false,"potions_floor_spawned":[1,2,5,14],"killed_by":"Slime Boss","ascension_level":20}}