{"host":"zkqorkqsr6o67e8b","time":1614353813,"event":{"mods":["Aya Shameimaru","BaseMod","Minty Spire (QoL Compilation)","Quick Restart","StSLib","Waifu the Spire","¡¾ÒÅÎï¿¨ÅÆ¡¿REMEMod"],"gold_per_floor":[117,117,117,137,153,183,194,194,194,194,80,115,129,139,139,238,238,249,249,266,101,116,149,149,179,206,121,135,155,178,208,208,305,305,317,317,329,83,83,114,114,169,169,185,0,35,35,62,62,62],"floor_reached":51,"language":"ZHS","playtime":2894,"items_purged":["shameimaru:Strike","REME_BattleFury"],"score":953,"play_id":"2d89fffe-e4eb-4df5-b105-e925442de395","local_time":"20210226233653","is_ascension_mode":false,"campfire_choices":[{"data":"shameimaru:SnapshotStrike","floor":8.0,"key":"SMITH"},{"data":"shameimaru:LibraryResearch","floor":10.0,"key":"SMITH"},{"data":"shameimaru:Photoshoot","floor":15,"key":"SMITH"},{"data":"shameimaru:ShootTheBullet","floor":24,"key":"SMITH"},{"data":"shameimaru:SpiralingTempest","floor":32,"key":"SMITH"},{"data":"shameimaru:OutburstingGust","floor":41,"key":"SMITH"},{"data":"shameimaru:WindsOfChange","floor":49,"key":"SMITH"}],"circlet_count":0,"master_deck":["shameimaru:Strike","shameimaru:Defend","shameimaru:Defend","shameimaru:Defend","shameimaru:Defend","shameimaru:SnapshotStrike+1","Self Repair+1","shameimaru:LibraryResearch+1","shameimaru:Opportunity","shameimaru:ShootTheBullet+1","shameimaru:SpiralingTempest+1","shameimaru:Photoshoot+1","shameimaru:WindsOfChange+1","shameimaru:OutburstingGust+1","Blind","shameimaru:FranticSearch+1"],"relics":["shameimaru:blackbirdfeather","REME_ComplimentaryCards","NeowsBlessing","Strawberry","Ornamental Fan","Singing Bowl","White Beast Statue","Empty Cage","Happy Flower","Juzu Bracelet","Vajra","Pantograph","Anchor","StoneCalendar","REME_ChargedStone","Oddly Smooth Stone","Ginger","Mango","Red Mask","Mummified Hand","REME_LimitBreaker"],"acts_visited":["Exordium","TheCity","TheBeyond"],"potions_floor_usage":[17,23,23,23,28,28,31,33,33,42,42,44,48,50,50,50],"damage_taken":[{"damage":0.0,"enemies":"Small Slimes","floor":1.0,"turns":1.0},{"damage":0.0,"enemies":"2 Louse","floor":4.0,"turns":1.0},{"damage":0.0,"enemies":"Jaw Worm","floor":5.0,"turns":2.0},{"damage":37.0,"enemies":"Gremlin Nob","floor":6.0,"turns":8.0},{"damage":1.0,"enemies":"Blue Slaver","floor":7.0,"turns":8.0},{"damage":15,"enemies":"3 Sentries","floor":12,"turns":9},{"damage":0,"enemies":"Large Slime","floor":13,"turns":4},{"damage":5,"enemies":"3 Louse","floor":14,"turns":4},{"damage":1,"enemies":"The Guardian","floor":16,"turns":9},{"damage":3,"enemies":"Shell Parasite","floor":18,"turns":6},{"damage":6,"enemies":"3 Byrds","floor":20,"turns":7},{"damage":10,"enemies":"Snecko","floor":22,"turns":4},{"damage":54,"enemies":"Slavers","floor":23,"turns":7},{"damage":35,"enemies":"Book of Stabbing","floor":25,"turns":5},{"damage":16,"enemies":"Snake Plant","floor":28,"turns":4},{"damage":7,"enemies":"3 Cultists","floor":29,"turns":5},{"damage":16,"enemies":"Gremlin Leader","floor":31,"turns":4},{"damage":33,"enemies":"Automaton","floor":33,"turns":8},{"damage":2,"enemies":"Orb Walker","floor":35,"turns":4},{"damage":8,"enemies":"3 Darklings","floor":37,"turns":4},{"damage":22,"enemies":"Nemesis","floor":40,"turns":5},{"damage":10,"enemies":"2 Orb Walkers","floor":42,"turns":3},{"damage":0,"enemies":"Transient","floor":44,"turns":5},{"damage":9,"enemies":"Giant Head","floor":46,"turns":6},{"damage":27,"enemies":"Reptomancer","floor":48,"turns":3},{"damage":52,"enemies":"Time Eater","floor":50,"turns":9}],"seed_played":"6148454525747468399","potions_obtained":[{"floor":5.0,"key":"SteroidPotion"},{"floor":6.0,"key":"PowerPotion"},{"floor":13,"key":"SpeedPotion"},{"floor":16,"key":"REME_GoldPotion"},{"floor":18,"key":"Fire Potion"},{"floor":23,"key":"Regen Potion"},{"floor":25,"key":"Fire Potion"},{"floor":28,"key":"Swift Potion"},{"floor":29,"key":"BlessingOfTheForge"},{"floor":31,"key":"Fire Potion"},{"floor":33,"key":"ColorlessPotion"},{"floor":35,"key":"Ancient Potion"},{"floor":37,"key":"SteroidPotion"},{"floor":42,"key":"AttackPotion"},{"floor":44,"key":"Block Potion"},{"floor":46,"key":"DuplicationPotion"},{"floor":48,"key":"SkillPotion"}],"is_trial":false,"path_per_floor":["M","?","?","M","M","E","M","R","T","R","$","E","M","M","R","B",null,"M","?","M","$","M","E","R","E","T","?","M","M","T","E","R","B",null,"M","?","M","$","?","E","R","?","T","M","?","E","?","E","R","B",null],"character_chosen":"AYA","items_purchased":["shameimaru:ShootTheBullet","REME_BattleFury","Oddly Smooth Stone"],"campfire_rested":0,"item_purchase_floors":[11,21,38],"current_hp_per_floor":[80,64,46,56,66,39,48,48,48,48,48,43,55,60,60,71,91,93,75,81,81,83,41,41,18,18,18,26,31,31,25,25,27,110,112,112,114,114,108,98,98,114,114,124,124,127,127,112,112,91],"gold":62,"neow_bonus":"THREE_ENEMY_KILL","is_daily":false,"chose_seed":false,"campfire_upgraded":7,"win_rate":0.0,"timestamp":1614353813,"path_taken":["M","?","?","M","M","E","M","R","T","R","$","E","M","M","R","BOSS","M","?","M","$","M","E","R","E","T","?","M","M","?","E","R","BOSS","M","?","M","$","?","E","R","?","T","M","?","E","?","E","R","BOSS"],"items_purchased_type":["Card","Card","Relic"],"build_version":"2020-12-22","purchased_purges":2,"victory":true,"max_hp_per_floor":[80,80,87,87,87,87,87,87,87,87,87,87,89,89,89,91,91,93,98,100,100,102,104,104,106,106,106,108,110,110,110,110,110,110,112,112,114,114,118,120,120,136,136,136,136,138,131,133,133,133],"card_choices":[{"not_picked":["shameimaru:Foresight","shameimaru:Persuade","shameimaru:Preparation"],"picked":"SKIP","floor":1.0},{"not_picked":["shameimaru:ForseenReaction","shameimaru:RapidFirePhotography"],"picked":"shameimaru:LibraryResearch","floor":4.0},{"not_picked":["shameimaru:ReporterInstinct","shameimaru:OpeningWindAdvent"],"picked":"shameimaru:Opportunity","floor":5.0},{"not_picked":["shameimaru:MassDeletion","shameimaru:DashingDomination","shameimaru:GaleBullet"],"picked":"SKIP","floor":6.0},{"not_picked":["shameimaru:SuddenOutburst","shameimaru:Imitation","shameimaru:AirCutter"],"picked":"SKIP","floor":7.0},{"not_picked":["shameimaru:BreezeOfReminiscence","shameimaru:DashingDomination"],"picked":"shameimaru:SpiralingTempest","floor":12},{"not_picked":["shameimaru:GuidingBreeze","shameimaru:WidespreadPropaganda","shameimaru:InstantShotJournalist"],"picked":"Singing Bowl","floor":13},{"not_picked":["shameimaru:LoadedStatement","shameimaru:Persuade"],"picked":"shameimaru:Photoshoot","floor":14},{"not_picked":["shameimaru:GatherEvidence","shameimaru:DeadlineDay","shameimaru:Plagiarism"],"picked":"Singing Bowl","floor":16},{"not_picked":["shameimaru:FreezeFrame","shameimaru:AirSlash","shameimaru:SuddenOutburst"],"picked":"Singing Bowl","floor":18},{"not_picked":["shameimaru:PeerlessWind","shameimaru:MassDeletion+1","shameimaru:Preparation"],"picked":"Singing Bowl","floor":20},{"not_picked":["shameimaru:Persuade+1","shameimaru:EvasiveManeuver+1","shameimaru:DashingGrace"],"picked":"Singing Bowl","floor":22},{"not_picked":["shameimaru:GustFan","shameimaru:Foresight","shameimaru:RapidFirePhotography"],"picked":"Singing Bowl","floor":23},{"not_picked":["shameimaru:ReporterInstinct+1","shameimaru:MountainProcession","shameimaru:Plagiarism"],"picked":"Singing Bowl","floor":25},{"not_picked":["shameimaru:Imitation","shameimaru:LibraryResearch","shameimaru:WhispersOfTheWind"],"picked":"Singing Bowl","floor":28},{"not_picked":["shameimaru:LoadedStatement","shameimaru:ReporterInstinct","shameimaru:GaleBullet"],"picked":"Singing Bowl","floor":29},{"not_picked":["shameimaru:GustFan","shameimaru:Tailwind+1"],"picked":"shameimaru:WindsOfChange","floor":31},{"not_picked":["shameimaru:AutumnalFallWind","shameimaru:OpeningWindAdvent"],"picked":"shameimaru:OutburstingGust","floor":33},{"not_picked":["shameimaru:ShootTheBullet","shameimaru:EvasiveManeuver+1","shameimaru:SuddenOutburst"],"picked":"Singing Bowl","floor":35},{"not_picked":["shameimaru:GaleBullet","shameimaru:GuidingBreeze+1","shameimaru:Persuade"],"picked":"Singing Bowl","floor":37},{"not_picked":["Magnetism","Dramatic Entrance"],"picked":"Blind","floor":39},{"not_picked":["Purity","Discovery","Thinking Ahead"],"picked":"Singing Bowl","floor":39},{"not_picked":["Good Instincts","Enlightenment","Forethought"],"picked":"Singing Bowl","floor":39},{"not_picked":["shameimaru:InstantShotJournalist","shameimaru:CandidShot","shameimaru:SkywardSonnet+1"],"picked":"Singing Bowl","floor":40},{"not_picked":["shameimaru:BlindingSpeed","shameimaru:GaleBullet","shameimaru:Foresight+1"],"picked":"Singing Bowl","floor":42},{"not_picked":["shameimaru:WhispersOfTheWind","shameimaru:Opportunity"],"picked":"shameimaru:FranticSearch+1","floor":44},{"not_picked":["shameimaru:CandidShot+1","shameimaru:GaleBullet+1","shameimaru:SuddenOutburst"],"picked":"Singing Bowl","floor":46},{"not_picked":["shameimaru:Persuade+1","shameimaru:WindSickleVeiling","shameimaru:WidespreadPropaganda+1"],"picked":"Singing Bowl","floor":48}],"player_experience":291613,"relics_obtained":[{"floor":6.0,"key":"Ornamental Fan"},{"floor":9.0,"key":"Singing Bowl"},{"floor":12,"key":"White Beast Statue"},{"floor":23,"key":"Happy Flower"},{"floor":25,"key":"Juzu Bracelet"},{"floor":26,"key":"Vajra"},{"floor":30,"key":"Anchor"},{"floor":31,"key":"StoneCalendar"},{"floor":40,"key":"Ginger"},{"floor":42,"key":"Mango"},{"floor":46,"key":"Mummified Hand"},{"floor":48,"key":"REME_LimitBreaker"}],"event_choices":[{"damage_healed":0.0,"max_hp_gain":0.0,"max_hp_loss":0.0,"gold_gain":0.0,"event_name":"Shining Light","player_choice":"Entered Light","floor":2.0,"gold_loss":0.0,"damage_taken":16.0,"cards_upgraded":["shameimaru:PlayfulTaunt","Self Repair"]},{"damage_healed":0.0,"max_hp_gain":0.0,"max_hp_loss":0.0,"gold_gain":0.0,"event_name":"Scrap Ooze","player_choice":"Success","floor":3.0,"gold_loss":0.0,"damage_taken":25.0,"relics_obtained":["Strawberry"]},{"damage_healed":0,"gold_gain":0,"player_choice":"Shed Blood","damage_taken":23,"max_hp_gain":5,"max_hp_loss":0,"event_name":"Forgotten Altar","floor":19,"gold_loss":0},{"damage_healed":0,"gold_gain":0,"player_choice":"Obtained Relic","damage_taken":0,"relics_obtained":["Pantograph"],"max_hp_gain":0,"max_hp_loss":0,"event_name":"Addict","floor":27,"gold_loss":85},{"cards_removed":["shameimaru:PlayfulTaunt"],"damage_healed":0,"gold_gain":0,"player_choice":"Removed Skill","damage_taken":0,"max_hp_gain":0,"max_hp_loss":0,"event_name":"Falling","floor":36,"gold_loss":0},{"damage_healed":0,"gold_gain":0,"player_choice":"Memory 3","damage_taken":10,"max_hp_gain":0,"max_hp_loss":0,"event_name":"SensoryStone","floor":39,"gold_loss":0},{"damage_healed":0,"gold_gain":0,"player_choice":"Fight","damage_taken":0,"max_hp_gain":0,"max_hp_loss":0,"event_name":"Mysterious Sphere","floor":42,"gold_loss":0},{"damage_healed":0,"gold_gain":0,"player_choice":"Paid","damage_taken":0,"relics_obtained":["Red Mask"],"max_hp_gain":0,"max_hp_loss":0,"event_name":"Tomb of Lord Red Mask","floor":45,"gold_loss":185},{"damage_healed":0,"gold_gain":0,"player_choice":"Max HP","damage_taken":0,"max_hp_gain":0,"max_hp_loss":7,"event_name":"Winding Halls","floor":47,"gold_loss":0}],"is_beta":false,"boss_relics":[{"not_picked":["Philosopher\u0027s Stone","Velvet Choker"],"picked":"Empty Cage"},{"not_picked":["Fusion Hammer","Runic Dome"],"picked":"REME_ChargedStone"}],"items_purged_floors":[11,38],"is_endless":false,"potions_floor_spawned":[5,6,13,14,16,18,20,22,23,25,28,29,31,33,35,37,40,42,44,46,48],"ascension_level":0}}