{"host":"x3tdtn2vw0frar62","time":1614310762,"event":{"mods":["100% Spire Juice","Aspiration","BaseMod","Better Note","Better Sensory Stone","Better Third Choice","BetterRewards","CatGirl Mod","Hermit","Hubris","LagranYue(???·?)","Marisa????????","Minty Spire (QoL Compilation)","Morshu Shopkeeper","Morshu Shopkeeper - ENHANCED","Practice Mode","Railgun Mod","Relic Stats","Reliquary","Remilia??????","Replay The Spire","Robot Space Explorer","Shade Mod","Shop Mod","Spicy Shops","Spire Arcade","StSLib","The Cursed","The Dragon Tamer","The Marked","The Runesmith","The Sage","The Senshi","The Servant 0.9.4"],"gold_per_floor":[119,294,310,505,227,227,241,260,340,353,379,379,479,511,511,608,608,619,632,647,510,527,527,544,246,246,266,266,266],"floor_reached":28,"language":"ENG","playtime":1471,"items_purged":["Doubt"],"score":283,"play_id":"9de38019-64f7-41b6-bd03-87965ed39d16","local_time":"20210225223922","is_ascension_mode":true,"campfire_choices":[{"data":"Perfected Strike","floor":6.0,"key":"SMITH"},{"floor":12.0,"key":"REST"},{"data":"Heavy Blade","floor":15.0,"key":"SMITH"},{"floor":23.0,"key":"REST"}],"circlet_count":0,"master_deck":["Strike_R","Strike_R","Strike_R","Strike_R","Strike_R","Defend_R","Defend_R","Defend_R","Defend_R","Bash","Dual Wield","Perfected Strike+1","Spot Weakness","Heavy Blade+1","Heavy Blade","Sword Boomerang+1"],"relics":["Burning Blood","NeowsBlessing","hubris:OldNail","Chameleon Ring","reliquary:ExpiredCoupon","Mummified Hand","LagranYue:SoulBurningRelic","Replay:Arrowhead","reliquary:RosewoodLute"],"acts_visited":["Exordium","TheCity"],"potions_floor_usage":[],"damage_taken":[{"damage":0.0,"enemies":"Cultist","floor":1.0,"turns":1.0},{"damage":0.0,"enemies":"2 Louse","floor":3.0,"turns":1.0},{"damage":0.0,"enemies":"Jaw Worm","floor":7.0,"turns":1.0},{"damage":21.0,"enemies":"Blue Slaver","floor":8.0,"turns":3.0},{"damage":0.0,"enemies":"Gremlin Gang","floor":10.0,"turns":3.0},{"damage":31.0,"enemies":"Lagavulin","floor":11.0,"turns":6.0},{"damage":30.0,"enemies":"3 Sentries","floor":14.0,"turns":7.0},{"damage":30.0,"enemies":"Slime Boss","floor":16.0,"turns":11.0},{"damage":2.0,"enemies":"Spheric Guardian","floor":18.0,"turns":4.0},{"damage":30.0,"enemies":"3 Byrds","floor":19.0,"turns":6.0},{"damage":46.0,"enemies":"Centurion and Healer","floor":20.0,"turns":4.0},{"damage":6.0,"enemies":"Snecko","floor":22.0,"turns":3.0},{"damage":32.0,"enemies":"Sentry and Sphere","floor":24.0,"turns":5.0},{"damage":2.0,"enemies":"Chosen and Byrds","floor":27.0,"turns":4.0},{"damage":15,"enemies":"Replay:Snechameleon","floor":28,"turns":1}],"seed_played":"2646192209077181510","potions_obtained":[{"floor":3.0,"key":"ColorlessPotion"},{"floor":7.0,"key":"AttackPotion"},{"floor":8.0,"key":"Swift Potion"},{"floor":16.0,"key":"LifebloodPotion"},{"floor":18.0,"key":"Dexterity Potion"},{"floor":24.0,"key":"AttackPotion"}],"is_trial":false,"path_per_floor":["M","?","M","?","$","R","M","M","T","M","E","R","?","E","R","B",null,"M","M","M","$","M","R","M","$","T","M","E"],"character_chosen":"IRONCLAD","items_purchased":["hubris:OldNail","Perfected Strike","Death Potion","Replay:Arrowhead"],"campfire_rested":2,"item_purchase_floors":[5,5,21,25],"current_hp_per_floor":[80,80,80,60,60,60,66,51,51,57,32,56,56,32,32,8,80,80,55,14,14,13,36,9,9,9,12,0,0],"gold":266,"neow_bonus":"THREE_ENEMY_KILL","is_daily":false,"chose_seed":false,"campfire_upgraded":2,"win_rate":0.0,"timestamp":1614310762,"path_taken":["M","?","M","?","$","R","M","M","T","M","E","R","?","E","R","BOSS","M","M","M","$","?","R","M","$","T","M","E"],"items_purchased_type":["Relic","Card","Potion","Relic"],"build_version":"2020-12-22","purchased_purges":1,"victory":false,"max_hp_per_floor":[80,80,80,80,80,80,80,80,80,80,80,80,80,80,80,80,80,80,80,80,80,80,80,80,80,80,80,80,80],"relic_stats":{"counters":[15,60],"Mummified Hand":[0],"obtain_stats":[{"reliquary:ExpiredCoupon":11,"Chameleon Ring":9,"NeowsBlessing":0,"Mummified Hand":14,"LagranYue:SoulBurningRelic":17,"reliquary:RosewoodLute":26,"Burning Blood":0,"hubris:OldNail":5,"Replay:Arrowhead":25},{"reliquary:ExpiredCoupon":6,"Chameleon Ring":4,"NeowsBlessing":0,"Mummified Hand":7,"LagranYue:SoulBurningRelic":8,"reliquary:RosewoodLute":13,"Burning Blood":0,"hubris:OldNail":2,"Replay:Arrowhead":13},{"reliquary:ExpiredCoupon":15,"Chameleon Ring":6,"NeowsBlessing":0,"Mummified Hand":22,"LagranYue:SoulBurningRelic":33,"reliquary:RosewoodLute":55,"Burning Blood":0,"hubris:OldNail":2,"Replay:Arrowhead":55}],"Burning Blood":63},"card_choices":[{"not_picked":["Twin Strike","Headbutt"],"picked":"Dual Wield","floor":1.0},{"not_picked":["Iron Wave","Havoc","ReplayTheSpireMod:Stacked"],"picked":"SKIP","floor":3.0},{"not_picked":["Clash","Hemokinesis","True Grit"],"picked":"SKIP","floor":7.0},{"not_picked":["Combust","ReplayTheSpireMod:Limb From Limb"],"picked":"Spot Weakness","floor":8.0},{"not_picked":["Defy Death","Iron Wave"],"picked":"Heavy Blade","floor":10.0},{"not_picked":["Armaments","Bloodletting"],"picked":"Heavy Blade","floor":11.0},{"not_picked":["Warcry","Pummel","ReplayTheSpireMod:LeadingStrike"],"picked":"SKIP","floor":14.0},{"not_picked":["Run Through+1","Seeing Red","Feel No Pain"],"picked":"SKIP","floor":18.0},{"not_picked":["Abandon+1","Run Through","Body Slam"],"picked":"SKIP","floor":19.0},{"not_picked":["Clothesline","True Grit"],"picked":"Sword Boomerang+1","floor":20.0},{"not_picked":["True Grit","Pommel Strike+1","ReplayTheSpireMod:Strike From Hell"],"picked":"SKIP","floor":22.0},{"not_picked":["Evolve","Shrug It Off","Clothesline"],"picked":"SKIP","floor":24.0},{"not_picked":["Sword Boomerang","Immolate","Pummel"],"picked":"SKIP","floor":27.0}],"player_experience":229818,"relics_obtained":[{"floor":9.0,"key":"Chameleon Ring"},{"floor":11.0,"key":"reliquary:ExpiredCoupon"},{"floor":14.0,"key":"Mummified Hand"},{"floor":26.0,"key":"reliquary:RosewoodLute"}],"event_choices":[{"damage_healed":0.0,"max_hp_gain":0.0,"max_hp_loss":0.0,"gold_gain":175.0,"event_name":"betterThird:BetterSerpent","player_choice":"AGREE","floor":2.0,"gold_loss":0.0,"damage_taken":119.0},{"damage_healed":0.0,"max_hp_gain":0.0,"max_hp_loss":0.0,"gold_gain":100.0,"event_name":"Golden Shrine","player_choice":"Pray","floor":13.0,"gold_loss":0.0,"damage_taken":0.0}],"is_beta":false,"boss_relics":[{"not_picked":["Velvet Choker","hubris:GrandSneckoEye"],"picked":"LagranYue:SoulBurningRelic"}],"items_purged_floors":[5],"is_endless":false,"potions_floor_spawned":[3,7,8,16,18,24],"killed_by":"Replay:Snechameleon","ascension_level":2}}