{"host":"v0dnu0zs4qo0v13s","time":1614382335,"event":{"mods":["BaseMod","Colored Map","Colored Powertips","Minty Spire (QoL Compilation)","Relic Stats","StSLib","SuperFastMode","everything is the same but u backflip on backflip"],"gold_per_floor":[115,115,115,135,147,175,175,175,198,234,272,302,338,371,383,485,497,525,452,464,35,48,89,89,124,124,124,124],"floor_reached":27,"language":"ENG","playtime":1319,"items_purged":[],"score":457,"play_id":"feea194b-0590-469e-9eaf-b9c6bc774b63","local_time":"20210226183215","is_ascension_mode":true,"campfire_choices":[{"floor":8.0,"key":"REST"},{"data":"Armaments","floor":15.0,"key":"SMITH"},{"floor":24,"key":"REST"}],"circlet_count":0,"master_deck":["AscendersBane","Strike_R+1","Strike_R+1","Strike_R+1","Strike_R+1","Strike_R+1","Defend_R+1","Defend_R+1","Defend_R+1","Defend_R+1","Bash","Rupture","Shrug It Off+1","Intimidate+1","Wild Strike","Cleave","Armaments+1","Pommel Strike","Thunderclap","Double Tap","Rampage","Bandage Up","True Grit","Sentinel","Warcry","Second Wind"],"relics":["SlaversCollar","Bronze Scales","Omamori","Golden Idol","War Paint","MawBank","Blood Vial","Black Star","Bag of Marbles","Regal Pillow","Anchor","Happy Flower","Bottled Flame","Boot","Strawberry","Magic Flower"],"acts_visited":["Exordium","TheCity"],"potions_floor_usage":[16,25],"damage_taken":[{"damage":5.0,"enemies":"Cultist","floor":1.0,"turns":4.0},{"damage":8.0,"enemies":"Small Slimes","floor":4.0,"turns":3.0},{"damage":3.0,"enemies":"2 Louse","floor":5.0,"turns":3.0},{"damage":20.0,"enemies":"3 Sentries","floor":6.0,"turns":8.0},{"damage":4.0,"enemies":"Lagavulin","floor":10.0,"turns":5.0},{"damage":4.0,"enemies":"Blue Slaver","floor":12.0,"turns":4.0},{"damage":1.0,"enemies":"Looter","floor":13.0,"turns":3.0},{"damage":0.0,"enemies":"2 Fungi Beasts","floor":14.0,"turns":3.0},{"damage":7,"enemies":"Slime Boss","floor":16,"turns":6},{"damage":25,"enemies":"Spheric Guardian","floor":18,"turns":4},{"damage":0,"enemies":"3 Byrds","floor":22,"turns":2},{"damage":35,"enemies":"Gremlin Leader","floor":23,"turns":8},{"damage":29,"enemies":"Book of Stabbing","floor":25,"turns":5},{"damage":32,"enemies":"Slavers","floor":27,"turns":3}],"seed_played":"5781138247849602967","potions_obtained":[{"floor":1.0,"key":"Block Potion"},{"floor":3.0,"key":"Explosive Potion"},{"floor":3.0,"key":"CultistPotion"},{"floor":6.0,"key":"Swift Potion"},{"floor":12.0,"key":"Regen Potion"},{"floor":13.0,"key":"CultistPotion"},{"floor":18,"key":"Weak Potion"}],"is_trial":false,"path_per_floor":["M","T","?","M","M","E","?","R","T","E","T","M","M","M","R","B",null,"M","?","?","$","M","E","R","E","T","E"],"character_chosen":"IRONCLAD","items_purchased":["Bandage Up","True Grit","Regal Pillow","Anchor"],"campfire_rested":2,"item_purchase_floors":[21,21,21,21],"current_hp_per_floor":[63,63,63,55,52,32,32,52,52,48,48,46,56,58,58,53,64,41,41,41,41,43,14,49,33,33,4,4],"gold":124,"neow_bonus":"BOSS_RELIC","is_daily":false,"chose_seed":false,"campfire_upgraded":1,"win_rate":0.0,"timestamp":1614382335,"path_taken":["M","?","?","?","M","E","?","R","T","E","?","M","M","M","R","BOSS","M","?","?","?","M","E","R","E","T","E"],"items_purchased_type":["Card","Card","Relic","Relic"],"build_version":"2020-12-22","purchased_purges":0,"victory":false,"max_hp_per_floor":[75,75,75,75,75,75,68,68,68,68,68,68,68,68,68,68,68,68,68,68,68,68,68,68,75,75,75,75],"relic_stats":{"Blood Vial":19,"Regal Pillow":15,"Happy Flower":[2],"counters":[14,61],"Golden Idol":59,"Bronze Scales":[206],"Magic Flower":[1],"Black Star":2,"War Paint":["Intimidate","Shrug It Off"],"MawBank":132,"Boot":[3],"obtain_stats":[{"Regal Pillow":21,"Happy Flower":23,"Golden Idol":7,"Magic Flower":26,"Omamori":6,"War Paint":9,"MawBank":10,"Boot":25,"Burning Blood":0,"Blood Vial":11,"SlaversCollar":0,"Anchor":21,"Bottled Flame":23,"Bronze Scales":2,"Strawberry":25,"Black Star":17,"Bag of Marbles":19},{"Regal Pillow":10,"Happy Flower":12,"Golden Idol":4,"Magic Flower":13,"Omamori":4,"War Paint":4,"MawBank":5,"Boot":13,"Burning Blood":0,"Blood Vial":5,"SlaversCollar":0,"Anchor":10,"Bottled Flame":12,"Bronze Scales":1,"Strawberry":13,"Black Star":9,"Bag of Marbles":10},{"Regal Pillow":43,"Happy Flower":53,"Golden Idol":18,"Magic Flower":58,"Omamori":18,"War Paint":18,"MawBank":23,"Boot":58,"Burning Blood":0,"Blood Vial":23,"SlaversCollar":0,"Anchor":43,"Bottled Flame":53,"Bronze Scales":4,"Strawberry":58,"Black Star":39,"Bag of Marbles":43}]},"card_choices":[{"not_picked":["Body Slam","Clothesline"],"picked":"Rupture","floor":1.0},{"not_picked":["Anger","Rupture"],"picked":"Shrug It Off","floor":4.0},{"not_picked":["Sword Boomerang","Clothesline"],"picked":"Intimidate","floor":5.0},{"not_picked":["Clothesline","Impervious"],"picked":"Wild Strike","floor":6.0},{"not_picked":["Pummel","Twin Strike"],"picked":"Cleave","floor":10.0},{"not_picked":["Twin Strike","Havoc"],"picked":"Armaments","floor":12.0},{"not_picked":["Armaments","Flex"],"picked":"Pommel Strike","floor":13.0},{"not_picked":["Clash","Iron Wave"],"picked":"Thunderclap","floor":14.0},{"not_picked":["Barricade","Limit Break"],"picked":"Double Tap","floor":16},{"not_picked":["Warcry","Perfected Strike"],"picked":"Rampage","floor":18},{"not_picked":["Armaments","Anger"],"picked":"Sentinel","floor":22},{"not_picked":["Juggernaut","Sword Boomerang"],"picked":"Warcry","floor":23},{"not_picked":["Body Slam+1","Juggernaut"],"picked":"Second Wind","floor":25}],"player_experience":786354,"relics_obtained":[{"floor":2.0,"key":"Bronze Scales"},{"floor":6.0,"key":"Omamori"},{"floor":9.0,"key":"War Paint"},{"floor":10.0,"key":"MawBank"},{"floor":11.0,"key":"Blood Vial"},{"floor":23,"key":"Happy Flower"},{"floor":23,"key":"Bottled Flame"},{"floor":25,"key":"Boot"},{"floor":25,"key":"Strawberry"},{"floor":26,"key":"Magic Flower"}],"event_choices":[{"damage_healed":0.0,"max_hp_gain":0.0,"max_hp_loss":0.0,"gold_gain":0.0,"event_name":"Lab","player_choice":"Got Potions","floor":3.0,"gold_loss":0.0,"damage_taken":0.0},{"damage_healed":0.0,"max_hp_gain":0.0,"max_hp_loss":7.0,"gold_gain":0.0,"event_name":"Golden Idol","player_choice":"Lose Max HP","floor":7.0,"gold_loss":0.0,"damage_taken":0.0,"relics_obtained":["Golden Idol"]},{"damage_healed":0,"gold_gain":0,"player_choice":"Obtained Relic","damage_taken":0,"relics_obtained":["Bag of Marbles"],"max_hp_gain":0,"max_hp_loss":0,"event_name":"Addict","floor":19,"gold_loss":85},{"damage_healed":0,"gold_gain":0,"player_choice":"Simplicity","damage_taken":0,"max_hp_gain":0,"max_hp_loss":0,"event_name":"Back to Basics","floor":20,"gold_loss":0,"cards_upgraded":["Strike_R","Strike_R","Strike_R","Strike_R","Strike_R","Defend_R","Defend_R","Defend_R","Defend_R"]}],"is_beta":false,"boss_relics":[{"not_picked":["SacredBark","Velvet Choker"],"picked":"Black Star"}],"items_purged_floors":[],"is_endless":false,"potions_floor_spawned":[1,6,12,13,18],"killed_by":"Slavers","ascension_level":15}}