{"host":"l3xrug4zqg5ym5g5","time":1614310624,"event":{"mods":["AchievementEnabler","BaseMod","Colored Map","Highlight Path","Minty Spire (QoL Compilation)","Quick Restart","Rare Cards Sparkle","Relic Sorter","Relic Stats","StSLib","SuperFastMode"],"gold_per_floor":[110,56,67,67,83,111,111,111,138,138,153,182,29,44,44,149,149,159,159,170,170,189,202,10,21,21,21,21],"floor_reached":27,"language":"ENG","playtime":757,"items_purged":[],"score":250,"play_id":"0671f575-d61c-414c-b8fb-ba773d2c4d84","local_time":"20210225223704","is_ascension_mode":false,"campfire_choices":[{"floor":7,"key":"REST"},{"floor":10,"key":"REST"},{"floor":15,"key":"REST"}],"circlet_count":0,"master_deck":["Strike_G+1","Strike_G","Strike_G","Strike_G","Strike_G","Defend_G","Defend_G","Defend_G","Defend_G","Defend_G","Survivor","Neutralize","Cloak And Dagger","Poisoned Stab","Poisoned Stab+1","Caltrops","Slice","Caltrops","Quick Slash","Outmaneuver","Deflect","Storm of Steel","Poisoned Stab","Terror","Escape Plan","Deadly Poison","Caltrops","Deflect","Storm of Steel"],"relics":["Ring of the Snake","Oddly Smooth Stone","Dream Catcher","Anchor","Strawberry","Snake Skull","Nunchaku","Whetstone","HoveringKite","Lantern","Molten Egg 2"],"acts_visited":["Exordium","TheCity"],"potions_floor_usage":[16,16,16,20,22,25,25],"damage_taken":[{"damage":7,"enemies":"Jaw Worm","floor":1,"turns":4},{"damage":4,"enemies":"Cultist","floor":3,"turns":4},{"damage":0,"enemies":"Small Slimes","floor":5,"turns":3},{"damage":30,"enemies":"Gremlin Nob","floor":6,"turns":5},{"damage":0,"enemies":"Looter","floor":11,"turns":3},{"damage":26,"enemies":"3 Sentries","floor":12,"turns":8},{"damage":5,"enemies":"3 Louse","floor":14,"turns":4},{"damage":40,"enemies":"The Guardian","floor":16,"turns":9},{"damage":13,"enemies":"Chosen","floor":18,"turns":6},{"damage":25,"enemies":"Spheric Guardian","floor":20,"turns":5},{"damage":29,"enemies":"Snake Plant","floor":22,"turns":3},{"damage":60,"enemies":"3 Cultists","floor":23,"turns":7},{"damage":3,"enemies":"Centurion and Healer","floor":25,"turns":7},{"damage":17,"enemies":"Snake Plant","floor":27,"turns":2}],"seed_played":"5057164526530318816","potions_obtained":[{"floor":5,"key":"EssenceOfSteel"},{"floor":12,"key":"PowerPotion"},{"floor":14,"key":"PowerPotion"},{"floor":18,"key":"Energy Potion"},{"floor":20,"key":"Regen Potion"},{"floor":23,"key":"LiquidBronze"}],"is_trial":false,"path_per_floor":["M","?","M","T","M","E","R","?","T","R","M","E","$","M","R","B",null,"M","T","M","?","M","M","$","M","T","M"],"character_chosen":"THE_SILENT","items_purchased":["Whetstone","Caltrops","Regen Potion","Deflect"],"campfire_rested":3,"item_purchase_floors":[13,24,24,24],"current_hp_per_floor":[63,63,59,59,59,36,59,59,59,77,77,51,51,46,69,29,77,64,64,39,87,63,3,3,15,15,0,0],"gold":21,"neow_bonus":"RANDOM_COMMON_RELIC","is_daily":false,"chose_seed":false,"campfire_upgraded":0,"win_rate":0.0,"timestamp":1614310624,"path_taken":["M","?","?","?","M","E","R","?","T","R","M","E","$","M","R","BOSS","M","?","M","?","?","M","$","M","T","M"],"items_purchased_type":["Relic","Card","Potion","Card"],"build_version":"2020-12-22","purchased_purges":0,"victory":false,"max_hp_per_floor":[70,70,70,70,70,77,77,77,77,77,77,77,77,77,77,77,77,77,77,77,87,87,87,87,87,87,87,87],"relic_stats":{"Dream Catcher":3,"Nunchaku":[10],"counters":[14,70],"HoveringKite":[10],"Snake Skull":[29],"Whetstone":["Poisoned Stab","Strike_G"],"obtain_stats":[{"Dream Catcher":2,"Anchor":4,"Nunchaku":12,"Lantern":19,"Strawberry":6,"Oddly Smooth Stone":0,"HoveringKite":17,"Molten Egg 2":26,"Snake Skull":9,"Whetstone":13,"Ring of the Snake":0},{"Dream Catcher":1,"Anchor":2,"Nunchaku":6,"Lantern":9,"Strawberry":4,"Oddly Smooth Stone":0,"HoveringKite":8,"Molten Egg 2":13,"Snake Skull":4,"Whetstone":6,"Ring of the Snake":0},{"Dream Catcher":4,"Anchor":8,"Nunchaku":27,"Lantern":46,"Strawberry":16,"Oddly Smooth Stone":0,"HoveringKite":40,"Molten Egg 2":68,"Snake Skull":16,"Whetstone":27,"Ring of the Snake":0}],"Ring of the Snake":[28]},"card_choices":[{"not_picked":["Acrobatics","Escape Plan"],"picked":"Cloak And Dagger","floor":1},{"not_picked":["Underhanded Strike","Predator"],"picked":"Poisoned Stab","floor":3},{"not_picked":["Distraction","Acrobatics"],"picked":"Poisoned Stab","floor":5},{"not_picked":["Prepared","Crippling Poison"],"picked":"Caltrops","floor":6},{"not_picked":["Outmaneuver","Glass Knife"],"picked":"Slice","floor":7},{"not_picked":["Prepared","Expertise"],"picked":"Caltrops","floor":10},{"not_picked":["Calculated Gamble","Outmaneuver"],"picked":"Quick Slash","floor":11},{"not_picked":["Reflex","Distraction"],"picked":"Outmaneuver","floor":12},{"not_picked":["Dodge and Roll","Cloak And Dagger"],"picked":"Deflect","floor":14},{"not_picked":["Poisoned Stab","Dagger Spray"],"picked":"Die Die Die","floor":15},{"not_picked":["Doppelganger","Burst"],"picked":"Storm of Steel","floor":16},{"not_picked":["Prepared","PiercingWail"],"picked":"Poisoned Stab","floor":18},{"not_picked":["Cloak And Dagger","Prepared"],"picked":"Terror","floor":20},{"not_picked":["Expertise+1","Blur"],"picked":"Escape Plan","floor":22},{"not_picked":["Finisher","Expertise+1"],"picked":"Deadly Poison","floor":23},{"not_picked":["Bane","PiercingWail"],"picked":"Storm of Steel","floor":25}],"player_experience":106300,"relics_obtained":[{"floor":4,"key":"Anchor"},{"floor":6,"key":"Strawberry"},{"floor":9,"key":"Snake Skull"},{"floor":12,"key":"Nunchaku"},{"floor":19,"key":"Lantern"},{"floor":26,"key":"Molten Egg 2"}],"event_choices":[{"damage_healed":0,"gold_gain":0,"player_choice":"Paid Gold","damage_taken":0,"relics_obtained":["Dream Catcher"],"max_hp_gain":0,"max_hp_loss":0,"event_name":"WeMeetAgain","floor":2,"gold_loss":54},{"damage_healed":0,"gold_gain":0,"player_choice":"0 cards matched","damage_taken":0,"max_hp_gain":0,"max_hp_loss":0,"event_name":"Match and Keep!","floor":8,"gold_loss":0,"cards_obtained":[]},{"cards_removed":["Die Die Die"],"damage_healed":38,"gold_gain":0,"player_choice":"Offered Rare","damage_taken":0,"max_hp_gain":10,"max_hp_loss":0,"event_name":"Bonfire Elementals","floor":21,"gold_loss":0}],"is_beta":false,"boss_relics":[{"not_picked":["Runic Dome","Velvet Choker"],"picked":"HoveringKite"}],"items_purged_floors":[],"is_endless":false,"potions_floor_spawned":[5,12,14,18,20,23],"killed_by":"Snake Plant","ascension_level":0}}