{"host":"wik2u884rt5bbues","time":1614365878,"event":{"mods":["AchievementEnabler","BaseMod","Colored Map","Colored Powertips","DeckTracker","Googly Eyes","Minty Spire (QoL Compilation)","Permanent Neow","Quick Restart","Shop Mod","StSLib","SuperFastMode"],"gold_per_floor":[114,114,124,124,49,49,49,69,69,87,112,135,35,69,69,190,190,213,213,312,412,265,265,280,280,306,322,347,371,406,111,111,240,240,258,282,134,153,153,153,176,76,149,165,165,165],"floor_reached":45,"language":"ENG","playtime":3026,"items_purged":["Strike_R","Strike_R","Defend_R","Strike_R","Defend_R","Defend_R"],"score":512,"play_id":"6ee74be2-aff4-4490-9308-f33d75804597","local_time":"20210226185758","is_ascension_mode":false,"campfire_choices":[{"data":"Flex","floor":6.0,"key":"SMITH"},{"data":"Heavy Blade","floor":15.0,"key":"SMITH"},{"data":"Limit Break","floor":23.0,"key":"SMITH"},{"floor":25.0,"key":"RECALL"},{"data":"Flex","floor":32.0,"key":"SMITH"},{"data":"Shrug It Off","floor":40.0,"key":"SMITH"}],"circlet_count":0,"master_deck":["Strike_R+1","Defend_R+1","Bash","Flex+1","Heavy Blade+1","Limit Break+1","Shrug It Off+1","Flex+1","Corruption"],"relics":["Burning Blood","Mango","Golden Idol","Anchor","Magic Flower","Sozu","The Courier","Membership Card","Sundial","Philosopher\u0027s Stone","Juzu Bracelet","Letter Opener"],"acts_visited":["Exordium","TheCity","TheBeyond"],"potions_floor_usage":[45,45],"damage_taken":[{"damage":13.0,"enemies":"Jaw Worm","floor":1.0,"turns":3.0},{"damage":5.0,"enemies":"Cultist","floor":3.0,"turns":4.0},{"damage":0.0,"enemies":"2 Louse","floor":8.0,"turns":3.0},{"damage":0.0,"enemies":"Blue Slaver","floor":10.0,"turns":3.0},{"damage":2.0,"enemies":"Looter","floor":11.0,"turns":3.0},{"damage":0.0,"enemies":"Large Slime","floor":12.0,"turns":3.0},{"damage":28.0,"enemies":"Lagavulin","floor":14.0,"turns":5.0},{"damage":0.0,"enemies":"Slime Boss","floor":16.0,"turns":6.0},{"damage":11.0,"enemies":"Spheric Guardian","floor":18.0,"turns":4.0},{"damage":0.0,"enemies":"Chosen","floor":24.0,"turns":3.0},{"damage":3.0,"enemies":"Snake Plant","floor":27.0,"turns":2.0},{"damage":8.0,"enemies":"Shelled Parasite and Fungi","floor":28.0,"turns":4.0},{"damage":0.0,"enemies":"Snecko","floor":29.0,"turns":2.0},{"damage":50.0,"enemies":"Gremlin Leader","floor":30.0,"turns":5.0},{"damage":1.0,"enemies":"Automaton","floor":33.0,"turns":6.0},{"damage":1.0,"enemies":"Orb Walker","floor":35.0,"turns":3.0},{"damage":13.0,"enemies":"3 Darklings","floor":36.0,"turns":6.0},{"damage":26.0,"enemies":"Writhing Mass","floor":38.0,"turns":3.0},{"damage":13.0,"enemies":"Jaw Worm Horde","floor":41.0,"turns":3.0},{"damage":0.0,"enemies":"3 Darklings","floor":44.0,"turns":3.0},{"damage":79,"enemies":"Nemesis","floor":45,"turns":5}],"seed_played":"5967577631108029625","potions_obtained":[{"floor":8.0,"key":"ColorlessPotion"},{"floor":11.0,"key":"PowerPotion"},{"floor":12.0,"key":"HeartOfIron"},{"floor":14.0,"key":"EssenceOfSteel"}],"is_trial":false,"path_per_floor":["M","?","M","?","$","R","?","M","T","M","M","M","$","E","R","B",null,"M","?","?","?","$","R","M","R","T","M","M","M","E","$","R","B",null,"M","M","$","M","?","R","M","$","T","M","E"],"character_chosen":"IRONCLAD","items_purchased":["Shrug It Off","Membership Card","Sundial","Juzu Bracelet"],"campfire_rested":0,"item_purchase_floors":[22,31,31,37],"current_hp_per_floor":[79,79,80,63,63,63,42,48,48,54,58,64,64,42,42,51,86,84,84,84,84,84,84,86,86,86,86,86,86,45,45,45,53,86,86,82,82,65,65,65,61,61,61,70,0,0],"gold":165,"neow_bonus":"ONE_RARE_RELIC","is_daily":false,"chose_seed":false,"campfire_upgraded":5,"win_rate":0.0,"timestamp":1614365878,"path_taken":["M","?","?","?","$","R","?","M","T","M","M","M","$","E","R","BOSS","M","?","?","?","$","R","M","R","T","?","M","M","E","$","R","BOSS","M","M","$","M","?","R","M","$","T","M","E"],"items_purchased_type":["Card","Relic","Relic","Relic"],"build_version":"2020-12-22","purchased_purges":6,"victory":false,"max_hp_per_floor":[86,86,86,86,86,86,86,86,86,86,86,86,86,86,86,86,86,86,86,86,86,86,86,86,86,86,86,86,86,86,86,86,86,86,86,86,86,86,86,86,86,86,86,86,86,86],"card_choices":[{"not_picked":["Warcry","Wild Strike"],"picked":"Flex","floor":1.0},{"not_picked":["Flame Barrier","Whirlwind","Perfected Strike"],"picked":"SKIP","floor":3.0},{"not_picked":["Feel No Pain","Second Wind","Armaments"],"picked":"SKIP","floor":8.0},{"not_picked":["Armaments","Clothesline","Disarm"],"picked":"SKIP","floor":10.0},{"not_picked":["Rampage","Wild Strike"],"picked":"Heavy Blade","floor":11.0},{"not_picked":["Thunderclap","Hemokinesis","Intimidate"],"picked":"SKIP","floor":12.0},{"not_picked":["Corruption","Dark Embrace","Dropkick"],"picked":"SKIP","floor":14.0},{"not_picked":["Impervious","Barricade"],"picked":"Limit Break","floor":16.0},{"not_picked":["Havoc","Anger","Body Slam"],"picked":"SKIP","floor":18.0},{"not_picked":["True Grit","Wild Strike","Perfected Strike+1"],"picked":"SKIP","floor":24.0},{"not_picked":["True Grit","Wild Strike","Perfected Strike+1"],"picked":"SKIP","floor":24.0},{"not_picked":["True Grit","Pommel Strike+1","Thunderclap"],"picked":"SKIP","floor":27.0},{"not_picked":["Blood for Blood","Uppercut"],"picked":"Flex","floor":28.0},{"not_picked":["Clothesline","Body Slam+1","Blood for Blood"],"picked":"SKIP","floor":29.0},{"not_picked":["Limit Break","Body Slam+1","Sever Soul"],"picked":"SKIP","floor":30.0},{"not_picked":["Sentinel+1","Blood for Blood+1","Clash+1"],"picked":"SKIP","floor":35.0},{"not_picked":["Headbutt+1","Anger","Wild Strike"],"picked":"SKIP","floor":36.0},{"not_picked":["Clothesline","Armaments+1","Perfected Strike+1"],"picked":"SKIP","floor":38.0},{"not_picked":["Feel No Pain+1","Headbutt+1","True Grit+1"],"picked":"SKIP","floor":41.0},{"not_picked":["Burning Pact+1","Cleave+1","Clothesline"],"picked":"SKIP","floor":44.0}],"player_experience":748419,"relics_obtained":[{"floor":9.0,"key":"Anchor"},{"floor":14.0,"key":"Magic Flower"},{"floor":30.0,"key":"The Courier"},{"floor":43.0,"key":"Letter Opener"}],"event_choices":[{"damage_healed":0.0,"max_hp_gain":0.0,"max_hp_loss":0.0,"gold_gain":0.0,"event_name":"WeMeetAgain","player_choice":"Ignored","floor":2.0,"gold_loss":0.0,"damage_taken":0.0},{"damage_healed":0.0,"max_hp_gain":0.0,"max_hp_loss":0.0,"gold_gain":0.0,"event_name":"Shining Light","player_choice":"Entered Light","floor":4.0,"gold_loss":0.0,"damage_taken":17.0,"cards_upgraded":["Strike_R","Defend_R"]},{"damage_healed":0.0,"max_hp_gain":0.0,"max_hp_loss":0.0,"gold_gain":0.0,"event_name":"Golden Idol","player_choice":"Take Damage","floor":7.0,"gold_loss":0.0,"damage_taken":21.0,"relics_obtained":["Golden Idol"]},{"damage_healed":0.0,"max_hp_gain":0.0,"max_hp_loss":0.0,"gold_gain":0.0,"event_name":"Vampires","player_choice":"Ignored","floor":19.0,"gold_loss":0.0,"damage_taken":0.0},{"damage_healed":0.0,"max_hp_gain":0.0,"max_hp_loss":0.0,"gold_gain":99.0,"event_name":"Nest","player_choice":"Stole From Cult","floor":20.0,"gold_loss":0.0,"damage_taken":0.0},{"damage_healed":0.0,"max_hp_gain":0.0,"max_hp_loss":0.0,"gold_gain":100.0,"event_name":"Golden Shrine","player_choice":"Pray","floor":21.0,"gold_loss":0.0,"damage_taken":0.0},{"damage_healed":0.0,"max_hp_gain":0.0,"max_hp_loss":0.0,"gold_gain":0.0,"cards_transformed":["Strike_R"],"event_name":"Transmorgrifier","player_choice":"Transformed","floor":39.0,"gold_loss":0.0,"damage_taken":0.0,"cards_obtained":["Corruption"]}],"is_beta":false,"boss_relics":[{"not_picked":["Runic Pyramid","SlaversCollar"],"picked":"Sozu"},{"not_picked":["SacredBark","Snecko Eye"],"picked":"Philosopher\u0027s Stone"}],"items_purged_floors":[5,13,22,31,37,42],"is_endless":false,"potions_floor_spawned":[8,11,12,14,28,35,36],"killed_by":"Nemesis","ascension_level":0}}