{"host":"y0i0tbisecj7yjyn","time":1614326838,"event":{"mods":["2.2 Compatiblity","AchievementEnabler","AlwaysNeverKeys","BaseMod","Better Third Choice","BetterRewards","Colored Map","Curses Come First","Disable Question Mark Monsters","Displayed Cursed Tome","Highlight Path","Keyboard Shortcuts","Minty Spire (QoL Compilation)","Quick Restart","Random Character Button","Rare Cards Sparkle","Reliquary","Smile Girya","StSLib","Transform Curses","Weighted Paths"],"gold_per_floor":[25,25,25,37,47,82,101,101,101,101,101,136,213,13,13,108,108,124,124,124,139,154,154,185,185,209,243,243,262,262,281,281,377,377,392,447,447,797,815,842,842,842,842],"floor_reached":42,"language":"ENG","playtime":2797,"items_purged":[],"score":787,"play_id":"17979eae-4af6-4484-ab74-ddcfbe5bcdc0","local_time":"20210226020718","is_ascension_mode":true,"campfire_choices":[{"data":"Perfected Strike","floor":8.0,"key":"SMITH"},{"data":"Iron Wave","floor":10.0,"key":"SMITH"},{"floor":15.0,"key":"REST"},{"data":"Perfected Strike","floor":23,"key":"SMITH"},{"data":"Perfected Strike","floor":25,"key":"SMITH"},{"data":"Twin Strike","floor":30,"key":"SMITH"},{"data":"Wild Strike","floor":32,"key":"SMITH"},{"floor":41,"key":"DIG"}],"circlet_count":0,"master_deck":["Strike_R","Strike_R","Strike_R","Strike_R","Strike_R","Defend_R","Defend_R","Defend_R","Defend_R","Bash","Perfected Strike+1","Carnage","Iron Wave+1","Blood for Blood","Wild Strike+1","Double Tap+1","Perfected Strike+1","Perfected Strike+1","Rage+1","Twin Strike+1","Twin Strike+1","Armaments+1","Wild Strike+1","Wild Strike","Madness+1","Madness+1","Wild Strike+1"],"relics":["Burning Blood","Thread and Needle","Mango","Pantograph","Toxic Egg 2","Omamori","Pocketwatch","reliquary:Stiletto","Coffee Dripper","MutagenicStrength","Calipers","Strawberry","reliquary:RustamsPendant","Ice Cream","Old Coin","Shovel","Paper Frog"],"acts_visited":["Exordium","TheCity","TheBeyond"],"potions_floor_usage":[21,24,27,36,42,42],"damage_taken":[{"damage":4.0,"enemies":"Small Slimes","floor":1.0,"turns":4.0},{"damage":2.0,"enemies":"Cultist","floor":4.0,"turns":3.0},{"damage":0.0,"enemies":"2 Louse","floor":5.0,"turns":3.0},{"damage":29.0,"enemies":"3 Sentries","floor":6.0,"turns":11.0},{"damage":1.0,"enemies":"2 Fungi Beasts","floor":7.0,"turns":4.0},{"damage":3.0,"enemies":"Gremlin Nob","floor":12.0,"turns":3.0},{"damage":54.0,"enemies":"The Guardian","floor":16.0,"turns":9.0},{"damage":8.0,"enemies":"Shell Parasite","floor":18.0,"turns":2.0},{"damage":0,"enemies":"3 Byrds","floor":21,"turns":4},{"damage":1,"enemies":"Centurion and Healer","floor":22,"turns":3},{"damage":14,"enemies":"Book of Stabbing","floor":24,"turns":3},{"damage":0,"enemies":"Slavers","floor":27,"turns":3},{"damage":3,"enemies":"Sentry and Sphere","floor":29,"turns":3},{"damage":0,"enemies":"Snecko","floor":31,"turns":2},{"damage":56,"enemies":"Champ","floor":33,"turns":7},{"damage":8,"enemies":"3 Darklings","floor":35,"turns":4},{"damage":13,"enemies":"2 Orb Walkers","floor":36,"turns":2},{"damage":24,"enemies":"Mind Bloom Boss Battle","floor":38,"turns":5},{"damage":2,"enemies":"Orb Walker","floor":39,"turns":2},{"damage":60,"enemies":"Giant Head","floor":40,"turns":8},{"damage":53,"enemies":"Reptomancer","floor":42,"turns":2}],"seed_played":"8214972310804348248","potions_obtained":[{"floor":4.0,"key":"Strength Potion"},{"floor":7.0,"key":"SkillPotion"},{"floor":12.0,"key":"SteroidPotion"},{"floor":21,"key":"BlessingOfTheForge"},{"floor":24,"key":"DistilledChaos"},{"floor":27,"key":"FearPotion"},{"floor":33,"key":"Energy Potion"},{"floor":35,"key":"Explosive Potion"}],"is_trial":false,"path_per_floor":["M","?","$","M","M","E","M","R","T","R","?","E","?","$","R","B",null,"M","?","?","M","M","R","E","R","T","E","?","M","R","M","R","B",null,"M","?","?","?","M","E","R","E"],"character_chosen":"IRONCLAD","items_purchased":["Thread and Needle","reliquary:Stiletto","Wild Strike"],"campfire_rested":1,"item_purchase_floors":[0,14,14],"current_hp_per_floor":[74,74,74,78,84,61,66,66,66,66,33,36,36,36,64,41,94,92,92,92,94,94,94,86,86,93,99,99,101,101,101,101,51,101,99,92,79,83,87,33,33,0,0],"gold":842,"neow_bonus":"","is_daily":false,"chose_seed":false,"campfire_upgraded":6,"win_rate":0.0,"timestamp":1614326838,"path_taken":["M","?","$","?","M","E","M","R","T","R","?","E","?","$","R","BOSS","M","?","?","M","M","R","E","R","T","E","?","M","R","?","R","BOSS","M","?","?","?","?","E","R","E"],"items_purchased_type":["Relic","Relic","Card"],"build_version":"2020-12-22","purchased_purges":0,"victory":false,"max_hp_per_floor":[94,94,94,94,94,94,94,94,94,94,94,94,94,94,94,94,94,94,94,94,94,94,94,94,94,101,101,101,101,101,101,101,101,101,101,101,101,101,101,101,101,101,101],"card_choices":[{"not_picked":["Pommel Strike","Hemokinesis","Pummel"],"picked":"SKIP","floor":1.0},{"not_picked":["Twin Strike","Headbutt","Rage"],"picked":"SKIP","floor":4.0},{"not_picked":["Headbutt","Reckless Charge","Clothesline"],"picked":"SKIP","floor":5.0},{"not_picked":["Reckless Charge","Reaper"],"picked":"Carnage","floor":6.0},{"not_picked":["Havoc","Clothesline"],"picked":"Iron Wave","floor":7.0},{"not_picked":["Clothesline","True Grit+1"],"picked":"Blood for Blood","floor":12.0},{"not_picked":["Limit Break+1","Impervious+1"],"picked":"Double Tap+1","floor":16.0},{"not_picked":["Metallicize","Clothesline"],"picked":"Perfected Strike","floor":18},{"not_picked":["Reckless Charge","Wild Strike"],"picked":"Perfected Strike","floor":21},{"not_picked":["Combust","Sentinel+1"],"picked":"Rage+1","floor":22},{"not_picked":["Feel No Pain","Sever Soul","Clash"],"picked":"SKIP","floor":24},{"not_picked":["Flex+1","Pommel Strike"],"picked":"Twin Strike+1","floor":27},{"not_picked":["Exhume+1","Dropkick+1"],"picked":"Twin Strike","floor":29},{"not_picked":["Anger","Shrug It Off+1"],"picked":"Armaments+1","floor":31},{"not_picked":["Heavy Blade+1","Clash"],"picked":"Wild Strike+1","floor":35},{"not_picked":["Sentinel+1","Cleave+1"],"picked":"Wild Strike","floor":36},{"not_picked":["Clothesline+1","Thunderclap+1"],"picked":"Wild Strike+1","floor":39},{"not_picked":["Headbutt","Whirlwind","Feel No Pain"],"picked":"SKIP","floor":40}],"player_experience":564416,"relics_obtained":[{"floor":6.0,"key":"Pantograph"},{"floor":9.0,"key":"Toxic Egg 2"},{"floor":12.0,"key":"Pocketwatch"},{"floor":24,"key":"Calipers"},{"floor":26,"key":"Strawberry"},{"floor":36,"key":"Ice Cream"},{"floor":38,"key":"Old Coin"},{"floor":40,"key":"Shovel"},{"floor":41,"key":"Paper Frog"}],"event_choices":[{"damage_healed":0.0,"max_hp_gain":0.0,"max_hp_loss":0.0,"gold_gain":0.0,"event_name":"Match and Keep!","player_choice":"1 cards matched","floor":2.0,"gold_loss":0.0,"damage_taken":0.0,"cards_obtained":["Perfected Strike"]},{"damage_healed":0.0,"max_hp_gain":0.0,"max_hp_loss":0.0,"gold_gain":0.0,"event_name":"betterThird:BetterScrap","player_choice":"Relic ","floor":11.0,"gold_loss":0.0,"damage_taken":33.0,"cards_obtained":["Scrawl"]},{"damage_healed":0.0,"max_hp_gain":0.0,"max_hp_loss":0.0,"gold_gain":77.0,"event_name":"Golden Wing","player_choice":"Gained Gold","floor":13.0,"gold_loss":0.0,"damage_taken":0.0},{"damage_healed":0,"gold_gain":0,"player_choice":"Inject Mutagens","damage_taken":0,"relics_obtained":["MutagenicStrength"],"max_hp_gain":0,"max_hp_loss":0,"event_name":"Drug Dealer","floor":19,"gold_loss":0},{"damage_healed":0,"gold_gain":0,"player_choice":"Ignored","damage_taken":0,"max_hp_gain":0,"max_hp_loss":0,"event_name":"Vampires","floor":20,"gold_loss":0},{"damage_healed":0,"gold_gain":0,"player_choice":"Ignored","damage_taken":0,"max_hp_gain":0,"max_hp_loss":0,"event_name":"Purifier","floor":28,"gold_loss":0},{"damage_healed":0,"gold_gain":0,"player_choice":"Fight","damage_taken":0,"max_hp_gain":0,"max_hp_loss":0,"event_name":"Mysterious Sphere","floor":36,"gold_loss":0},{"damage_healed":0,"gold_gain":0,"player_choice":"Embrace Madness","damage_taken":13,"max_hp_gain":0,"max_hp_loss":0,"event_name":"Winding Halls","floor":37,"gold_loss":0,"cards_obtained":["Madness","Madness"]},{"damage_healed":0,"gold_gain":0,"player_choice":"Fight","damage_taken":0,"max_hp_gain":0,"max_hp_loss":0,"event_name":"MindBloom","floor":38,"gold_loss":0}],"is_beta":false,"boss_relics":[{"not_picked":["reliquary:Ember","reliquary:RedCape"],"picked":"Coffee Dripper"},{"not_picked":["Busted Crown","Philosopher\u0027s Stone"],"picked":"reliquary:RustamsPendant"}],"items_purged_floors":[],"is_endless":false,"potions_floor_spawned":[4,7,12,21,24,27,33,35],"killed_by":"Reptomancer","ascension_level":2}}