{"host":"dowi7cgbhepuzvpj","time":1614314556,"event":{"mods":["AchievementEnabler","BaseMod","Colored Map","Keyboard Shortcuts","Minty Spire (QoL Compilation)","Permanent Neow","Quick Restart","StSLib","SuperFastMode"],"gold_per_floor":[114,264,105,120,45,45,60,60,60,60,76,76,109,126,126,203,203,216,226,226,52,52,52,68,97,124,124,124,158,177,197,197,276,276,289,299,299,279,501,501,521,521,591,626,644,657,657,684,684,684],"floor_reached":51,"language":"KOR","playtime":1479,"items_purged":["Doubt"],"score":1560,"play_id":"139c0c05-4f75-4a4b-abbf-5d1c7d65a1a5","local_time":"20210226134235","is_ascension_mode":true,"campfire_choices":[{"data":"Eruption","floor":6.0,"key":"SMITH"},{"data":"Vigilance","floor":8.0,"key":"SMITH"},{"data":"Adaptation","floor":10.0,"key":"SMITH"},{"data":"TalkToTheHand","floor":15.0,"key":"SMITH"},{"data":"Scrawl","floor":23.0,"key":"SMITH"},{"data":"Vault","floor":28.0,"key":"SMITH"},{"floor":32.0,"key":"REST"},{"data":"1","floor":40.0,"key":"LIFT"},{"data":"2","floor":47.0,"key":"LIFT"},{"data":"3","floor":49.0,"key":"LIFT"}],"circlet_count":0,"master_deck":["AscendersBane","Strike_P","Strike_P","Defend_P","Defend_P","Defend_P","Eruption+1","Vigilance+1","BattleHymn","Adaptation+1","FollowUp","TalkToTheHand+1","Scrawl+1","Tantrum","FlurryOfBlows","MasterReality","Vault+1","FlurryOfBlows","EmptyMind","EmptyFist+1","Vault","CurseOfTheBell","FlurryOfBlows+1","Scrawl"],"relics":["PureWater","Juzu Bracelet","Akabeko","Sozu","Anchor","Pen Nib","Red Mask","Calling Bell","Boot","Darkstone Periapt","Girya","HornCleat","Ice Cream","Meat on the Bone"],"acts_visited":["Exordium","TheCity","TheBeyond"],"potions_floor_usage":[],"damage_taken":[{"damage":7.0,"enemies":"2 Louse","floor":1.0,"turns":4.0},{"damage":13.0,"enemies":"Small Slimes","floor":4.0,"turns":3.0},{"damage":2.0,"enemies":"Cultist","floor":7.0,"turns":4.0},{"damage":0.0,"enemies":"Looter","floor":11.0,"turns":1.0},{"damage":6.0,"enemies":"Gremlin Nob","floor":13.0,"turns":3.0},{"damage":0.0,"enemies":"2 Fungi Beasts","floor":14.0,"turns":1.0},{"damage":0.0,"enemies":"Slime Boss","floor":16.0,"turns":4.0},{"damage":8.0,"enemies":"Shell Parasite","floor":18.0,"turns":3.0},{"damage":10.0,"enemies":"2 Thieves","floor":19.0,"turns":3.0},{"damage":7.0,"enemies":"Cultist and Chosen","floor":24.0,"turns":3.0},{"damage":49.0,"enemies":"Gremlin Leader","floor":25.0,"turns":5.0},{"damage":0.0,"enemies":"Masked Bandits","floor":29.0,"turns":3.0},{"damage":0.0,"enemies":"Centurion and Healer","floor":30.0,"turns":3.0},{"damage":4.0,"enemies":"Chosen and Byrds","floor":31.0,"turns":3.0},{"damage":0.0,"enemies":"Champ","floor":33.0,"turns":6.0},{"damage":0.0,"enemies":"Orb Walker","floor":35.0,"turns":2.0},{"damage":6.0,"enemies":"3 Shapes","floor":36.0,"turns":3.0},{"damage":0.0,"enemies":"Spire Growth","floor":41.0,"turns":3.0},{"damage":0.0,"enemies":"Nemesis","floor":44.0,"turns":4.0},{"damage":12.0,"enemies":"Writhing Mass","floor":45.0,"turns":5.0},{"damage":3.0,"enemies":"Transient","floor":46.0,"turns":5.0},{"damage":0.0,"enemies":"Giant Head","floor":48.0,"turns":5.0},{"damage":27,"enemies":"Donu and Deca","floor":50,"turns":6}],"seed_played":"2471552224930870118","potions_obtained":[{"floor":7.0,"key":"LiquidMemories"},{"floor":11.0,"key":"Swift Potion"},{"floor":14.0,"key":"FairyPotion"}],"is_trial":false,"path_per_floor":["M","?","$","M","?","R","M","R","T","R","M","?","E","M","R","B",null,"M","M","?","$","?","R","M","E","T","?","R","?","M","M","R","B",null,"M","M","?","?","?","R","M","?","T","E","M","M","R","E","R","B",null],"character_chosen":"WATCHER","items_purchased":["Adaptation","Vault"],"campfire_rested":1,"item_purchase_floors":[3,21],"current_hp_per_floor":[54,54,54,41,41,41,39,39,39,39,39,39,33,33,33,33,55,47,37,37,37,49,49,42,18,18,18,18,18,18,14,32,32,55,55,49,49,49,49,49,49,49,49,49,37,34,34,34,34,19],"gold":684,"neow_bonus":"REMOVE_TWO","is_daily":false,"chose_seed":false,"campfire_upgraded":6,"win_rate":0.0,"timestamp":1614314555,"path_taken":["M","?","$","M","?","R","M","R","T","R","M","?","E","M","R","BOSS","M","M","?","$","?","R","M","E","T","?","R","?","M","M","R","BOSS","M","M","?","?","?","R","M","?","T","E","M","M","R","E","R","BOSS"],"items_purchased_type":["Card","Card"],"build_version":"2020-12-22","purchased_purges":1,"victory":true,"max_hp_per_floor":[62,62,62,62,62,62,62,62,62,62,62,62,62,62,62,62,62,62,62,62,62,62,62,62,62,62,62,62,62,62,62,62,62,62,62,62,62,62,62,62,62,62,62,62,62,62,62,62,62,62],"card_choices":[{"not_picked":["ThirdEye","PathToVictory"],"picked":"BattleHymn","floor":1.0},{"not_picked":["SashWhip","CrushJoints"],"picked":"FollowUp","floor":4.0},{"not_picked":["Consecrate","PathToVictory","Crescendo"],"picked":"SKIP","floor":7.0},{"not_picked":["Establishment","PathToVictory"],"picked":"TalkToTheHand","floor":11.0},{"not_picked":["ThirdEye","EmptyFist","Prostrate"],"picked":"SKIP","floor":13.0},{"not_picked":["EmptyFist","FearNoEvil"],"picked":"FlurryOfBlows","floor":14.0},{"not_picked":["Wish","DeusExMachina"],"picked":"MasterReality","floor":16.0},{"not_picked":["ForeignInfluence","CarveReality","Consecrate"],"picked":"SKIP","floor":18.0},{"not_picked":["Protect","PathToVictory","EmptyFist"],"picked":"SKIP","floor":19.0},{"not_picked":["EmptyBody","CarveReality"],"picked":"FlurryOfBlows","floor":24.0},{"not_picked":["FollowUp","Swivel","ClearTheMind"],"picked":"SKIP","floor":25.0},{"not_picked":["Pray+1","FollowUp"],"picked":"EmptyMind","floor":29.0},{"not_picked":["ConjureBlade","Prostrate","CarveReality"],"picked":"SKIP","floor":30.0},{"not_picked":["Consecrate","EmptyFist+1","CrushJoints"],"picked":"SKIP","floor":31.0},{"not_picked":["Consecrate","CrushJoints"],"picked":"EmptyFist+1","floor":31.0},{"not_picked":["Omniscience","DevaForm"],"picked":"Vault","floor":33.0},{"not_picked":["FlyingSleeves","ClearTheMind","CutThroughFate"],"picked":"SKIP","floor":35.0},{"not_picked":["SashWhip","Evaluate+1"],"picked":"FlurryOfBlows+1","floor":36.0},{"not_picked":["CutThroughFate","CrushJoints","Consecrate+1"],"picked":"SKIP","floor":41.0},{"not_picked":["EmptyBody","Perseverance+1"],"picked":"Scrawl","floor":44.0},{"not_picked":["ForeignInfluence","Protect","LikeWater+1"],"picked":"SKIP","floor":45.0},{"not_picked":["WindmillStrike+1","WheelKick","FollowUp"],"picked":"SKIP","floor":46.0},{"not_picked":["FlyingSleeves+1","EmptyBody+1","Wireheading"],"picked":"SKIP","floor":48.0}],"player_experience":912190,"relics_obtained":[{"floor":9.0,"key":"Juzu Bracelet"},{"floor":13.0,"key":"Akabeko"},{"floor":25.0,"key":"Anchor"},{"floor":26.0,"key":"Pen Nib"},{"floor":29.0,"key":"Red Mask"},{"floor":34.0,"key":"Boot"},{"floor":34.0,"key":"Darkstone Periapt"},{"floor":34.0,"key":"Girya"},{"floor":43.0,"key":"HornCleat"},{"floor":44.0,"key":"Ice Cream"},{"floor":48.0,"key":"Meat on the Bone"}],"event_choices":[{"damage_healed":0.0,"max_hp_gain":0.0,"max_hp_loss":0.0,"gold_gain":150.0,"event_name":"Liars Game","player_choice":"AGREE","floor":2.0,"gold_loss":0.0,"damage_taken":0.0,"cards_obtained":["Doubt"]},{"cards_removed":["Strike_P"],"damage_healed":0.0,"max_hp_gain":0.0,"max_hp_loss":0.0,"gold_gain":0.0,"event_name":"The Cleric","player_choice":"Card Removal","floor":5.0,"gold_loss":75.0,"damage_taken":0.0},{"damage_healed":0.0,"max_hp_gain":0.0,"max_hp_loss":0.0,"gold_gain":0.0,"event_name":"Match and Keep!","player_choice":"2 cards matched","floor":12.0,"gold_loss":0.0,"damage_taken":0.0,"cards_obtained":["Scrawl","Tantrum"]},{"damage_healed":0.0,"max_hp_gain":0.0,"max_hp_loss":0.0,"gold_gain":0.0,"event_name":"The Mausoleum","player_choice":"Ignored","floor":20.0,"gold_loss":0.0,"damage_taken":0.0},{"damage_healed":12.0,"max_hp_gain":0.0,"max_hp_loss":0.0,"gold_gain":0.0,"event_name":"The Library","player_choice":"Heal","floor":22.0,"gold_loss":0.0,"damage_taken":0.0},{"damage_healed":0.0,"max_hp_gain":0.0,"max_hp_loss":0.0,"gold_gain":0.0,"event_name":"Ghosts","player_choice":"Ignored","floor":27.0,"gold_loss":0.0,"damage_taken":0.0},{"damage_healed":0.0,"max_hp_gain":0.0,"max_hp_loss":0.0,"gold_gain":0.0,"event_name":"Masked Bandits","player_choice":"Fought Bandits","floor":29.0,"gold_loss":0.0,"damage_taken":0.0},{"damage_healed":0.0,"max_hp_gain":0.0,"max_hp_loss":0.0,"gold_gain":0.0,"event_name":"Mysterious Sphere","player_choice":"Ignored","floor":37.0,"gold_loss":0.0,"damage_taken":0.0},{"damage_healed":0.0,"max_hp_gain":0.0,"max_hp_loss":0.0,"gold_gain":0.0,"event_name":"The Woman in Blue","player_choice":"Bought 1 Potion","floor":38.0,"gold_loss":0.0,"damage_taken":0.0},{"damage_healed":0.0,"max_hp_gain":0.0,"max_hp_loss":0.0,"gold_gain":222.0,"event_name":"Tomb of Lord Red Mask","player_choice":"Wore Mask","floor":39.0,"gold_loss":0.0,"damage_taken":0.0},{"damage_healed":0.0,"max_hp_gain":0.0,"max_hp_loss":0.0,"gold_gain":0.0,"event_name":"SensoryStone","player_choice":"Memory 1","floor":42.0,"gold_loss":0.0,"damage_taken":0.0}],"is_beta":false,"boss_relics":[{"not_picked":["Empty Cage","HolyWater"],"picked":"Sozu"},{"not_picked":["Velvet Choker","Runic Pyramid"],"picked":"Calling Bell"}],"items_purged_floors":[3],"is_endless":false,"potions_floor_spawned":[7,11,14,24,29,30,35,44,45,48],"ascension_level":16}}