{"host":"b8coxh3nmoxcbj3m","time":1614324619,"event":{"mods":["AchievementEnabler","BaseMod","Colored Map","Downfall","Minty Spire (QoL Compilation)","Replay The Spire","StSLib","SuperFastMode"],"gold_per_floor":[99,109,109,120,131,144,144,54,54,74,59,59,73,58,70,171,171,171,171,171,171],"floor_reached":19,"language":"ZHS","playtime":1099,"items_purged":["hexamod:Strike"],"score":159,"play_id":"c129b8c3-d0c0-4e00-8593-e465961eaab8","local_time":"20210226153019","is_ascension_mode":false,"campfire_choices":[{"data":"hexamod:Defend","floor":1,"key":"PURGE"},{"data":"hexamod:NecessarySacrifice","floor":9,"key":"SMITH"},{"floor":12,"key":"REST"},{"floor":18,"key":"DIG"}],"circlet_count":0,"master_deck":["hexamod:Strike","hexamod:Defend","hexamod:Sear","hexamod:Float","hexamod:NecessarySacrifice+1","hexamod:SpectersWail","hexamod:ApocalypticArmor","hexamod:FlamesFromBeyond","hexamod:SkipABeat","hexamod:ForkedFlame","Normality","Looming Evil"],"relics":["hexamod:SpiritBrand","bronze:DecasWashers","Kintsugi","Replay:Kaleidoscope"],"acts_visited":["Exordium","TheCity"],"potions_floor_usage":[16,16],"damage_taken":[{"damage":14,"enemies":"Jaw Worm","floor":2,"turns":5},{"damage":0,"enemies":"Cultist","floor":4,"turns":3},{"damage":2,"enemies":"Small Slimes","floor":5,"turns":4},{"damage":0,"enemies":"downfall:LooterAlt","floor":6,"turns":3},{"damage":5,"enemies":"downfall:FleeingMerchant","floor":8,"turns":4},{"damage":14,"enemies":"Blue Slaver","floor":10,"turns":3},{"damage":10,"enemies":"downfall:FleeingMerchant","floor":11,"turns":4},{"damage":6,"enemies":"Large Slime","floor":13,"turns":2},{"damage":10,"enemies":"downfall:FleeingMerchant","floor":14,"turns":4},{"damage":3,"enemies":"Lots of Slimes","floor":15,"turns":2},{"damage":27,"enemies":"WA_ARCHETYPE_RETAIN","floor":16,"turns":6},{"damage":77,"enemies":"3 Byrds","floor":19,"turns":4}],"seed_played":"-1841900000837701082","potions_obtained":[{"floor":3,"key":"EssenceOfSteel"},{"floor":3,"key":"SteroidPotion"},{"floor":3,"key":"Cursed Concoction"},{"floor":13,"key":"Fire Potion"}],"is_trial":false,"path_per_floor":["R_BF","M","?","M","M","M","T","$","R","M","$","R","M","$","M","B",null,"R_BF","M"],"character_chosen":"THE_SPIRIT","items_purchased":[],"campfire_rested":1,"item_purchase_floors":[],"current_hp_per_floor":[77,63,63,63,61,61,61,56,56,42,32,55,49,39,36,9,77,77,0,0,0],"gold":171,"neow_bonus":"TEN_PERCENT_HP_BONUS","is_daily":false,"chose_seed":false,"campfire_upgraded":1,"win_rate":0.0,"timestamp":1614324619,"path_taken":["R_BF","M","?","M","M","M","T","$","R","?","?","R","M","$","M","BOSS","R_BF","M"],"items_purchased_type":[],"build_version":"2020-12-22","purchased_purges":1,"victory":false,"max_hp_per_floor":[77,77,77,77,77,77,77,77,77,77,77,77,77,77,77,77,77,77,77,77,77],"card_choices":[{"not_picked":["hexamod:ShieldOfDarkness","hexamod:GhostOfSpirePast","hexamod:GhostflameBarrier"],"picked":"SKIP","floor":2},{"not_picked":["hexamod:GhostShield","hexamod:PhantomFireball"],"picked":"hexamod:NecessarySacrifice","floor":4},{"not_picked":["hexamod:ThermalTransfer","hexamod:BurningTouch"],"picked":"hexamod:SpectersWail","floor":5},{"not_picked":["hexamod:SpectralSpark","hexamod:ShieldOfDarkness"],"picked":"hexamod:ApocalypticArmor","floor":6},{"not_picked":["hexamod:AdvancingGuard","hexamod:InspiringFlames","hexamod:BurningTouch"],"picked":"SKIP","floor":8},{"not_picked":["hexamod:SpectralAdrenaline","hexamod:RetreatToShadows","hexamod:NightmareStrike"],"picked":"SKIP","floor":10},{"not_picked":["hexamod:HauntingEcho","hexamod:BacktrackSmack"],"picked":"hexamod:FlamesFromBeyond","floor":11},{"not_picked":["hexamod:HauntingEcho","hexamod:ExtraCrispy","hexamod:HeatMetal"],"picked":"SKIP","floor":13},{"not_picked":["hexamod:HauntingEcho","hexamod:PowerFromBeyond"],"picked":"hexamod:SkipABeat","floor":14},{"not_picked":["hexamod:DynamicBlow","hexamod:HauntingEcho"],"picked":"hexamod:GhostflameInferno","floor":15},{"not_picked":["hexamod:FlameSwitch","hexamod:GhostOfSpirePresent"],"picked":"hexamod:ForkedFlame","floor":16}],"player_experience":43874,"relics_obtained":[{"floor":7,"key":"bronze:DecasWashers"},{"floor":18,"key":"Replay:Kaleidoscope"}],"event_choices":[{"damage_healed":0,"gold_gain":0,"player_choice":"Got Potions","damage_taken":0,"max_hp_gain":0,"max_hp_loss":0,"event_name":"Lab","floor":3,"gold_loss":0}],"is_beta":false,"boss_relics":[{"not_picked":["ReplayTheSpireMod:DimensionalGlitch","SacredBark"],"picked":"Kintsugi"}],"items_purged_floors":[8],"is_endless":false,"potions_floor_spawned":[4,5,13,15],"killed_by":"3 Byrds","ascension_level":0}}