{"host":"insagfzijja1377g","time":1614377775,"event":{"mods":["BaseMod","Bestiary","Highlight Path","Minty Spire (QoL Compilation)","Relic Stats","Slay the Relics Exporter"],"gold_per_floor":[112,132,149,162,6,6,32,32,32,32,62,96,96,110,110,183,183,193,212,227,227,237,237,256,289,313,20,20,61,61,86,86,163,163,183,268,268,308,348,348,348,348,372,372,400,400,444,474,474,474,474,474,26,51,51],"floor_reached":56,"language":"ENG","playtime":3775,"items_purged":["Evaluate","Defend_P"],"score":1916,"play_id":"cf83b959-4c2b-44c2-9bed-5e19ce6e98d9","local_time":"20210226161615","is_ascension_mode":true,"campfire_choices":[{"data":"CrushJoints","floor":6.0,"key":"SMITH"},{"data":"Wireheading","floor":8.0,"key":"SMITH"},{"data":"BowlingBash","floor":10.0,"key":"SMITH"},{"data":"TalkToTheHand","floor":13.0,"key":"SMITH"},{"data":"SashWhip","floor":15.0,"key":"SMITH"},{"data":"Wallop","floor":23.0,"key":"SMITH"},{"data":"Wish","floor":28.0,"key":"SMITH"},{"data":"Wallop","floor":32.0,"key":"SMITH"},{"floor":40.0,"key":"RECALL"},{"data":"DeusExMachina","floor":42.0,"key":"SMITH"},{"data":"Vigilance","floor":46.0,"key":"SMITH"},{"floor":49,"key":"REST"},{"data":"Indignation","floor":52,"key":"SMITH"}],"circlet_count":0,"master_deck":["AscendersBane","Strike_P","Strike_P","Strike_P","Strike_P","Eruption","Vigilance+1","CrushJoints+1","BowlingBash+1","ClearTheMind","Crescendo","Wireheading+1","SashWhip+1","TalkToTheHand+1","Vault","Wallop+1","Consecrate+1","EmptyBody+1","DeusExMachina+1","Wish+1","Shame","Wallop+1","Vault","TalkToTheHand+1","SashWhip","ThirdEye+1","Indignation+1","Worship","Scrawl"],"relics":["PureWater","NeowsBlessing","Bag of Preparation","Shuriken","Odd Mushroom","Meat on the Bone","Snecko Eye","Strawberry","Smiling Mask","Nunchaku","Pocketwatch","SlaversCollar","Gambling Chip","MealTicket","Akabeko","Ancient Tea Set","ClockworkSouvenir","Kunai","Bronze Scales"],"acts_visited":["Exordium","TheCity","TheBeyond","TheEnding"],"potions_floor_usage":[55,55],"damage_taken":[{"damage":0.0,"enemies":"Cultist","floor":1.0,"turns":1.0},{"damage":0.0,"enemies":"Small Slimes","floor":2.0,"turns":1.0},{"damage":0.0,"enemies":"Jaw Worm","floor":3.0,"turns":1.0},{"damage":2.0,"enemies":"2 Fungi Beasts","floor":4.0,"turns":4.0},{"damage":12.0,"enemies":"Lagavulin","floor":7.0,"turns":5.0},{"damage":18.0,"enemies":"The Mushroom Lair","floor":11.0,"turns":4.0},{"damage":10.0,"enemies":"Gremlin Nob","floor":12.0,"turns":3.0},{"damage":5.0,"enemies":"3 Louse","floor":14.0,"turns":3.0},{"damage":13.0,"enemies":"The Guardian","floor":16.0,"turns":8.0},{"damage":0.0,"enemies":"Chosen","floor":18.0,"turns":4.0},{"damage":0.0,"enemies":"3 Byrds","floor":19.0,"turns":4.0},{"damage":1.0,"enemies":"3 Cultists","floor":20.0,"turns":5.0},{"damage":14.0,"enemies":"Snake Plant","floor":22.0,"turns":4.0},{"damage":0.0,"enemies":"Sentry and Sphere","floor":24.0,"turns":3.0},{"damage":10.0,"enemies":"Gremlin Leader","floor":25.0,"turns":7.0},{"damage":0.0,"enemies":"3 Cultists","floor":29.0,"turns":5.0},{"damage":18.0,"enemies":"Slavers","floor":31.0,"turns":5.0},{"damage":14.0,"enemies":"Automaton","floor":33.0,"turns":6.0},{"damage":0.0,"enemies":"Orb Walker","floor":35.0,"turns":4.0},{"damage":16.0,"enemies":"2 Orb Walkers","floor":36.0,"turns":5.0},{"damage":0.0,"enemies":"3 Darklings","floor":38.0,"turns":4.0},{"damage":0.0,"enemies":"Jaw Worm Horde","floor":39.0,"turns":3.0},{"damage":9.0,"enemies":"Nemesis","floor":45.0,"turns":6.0},{"damage":0.0,"enemies":"Spire Growth","floor":47.0,"turns":4.0},{"damage":0,"enemies":"Giant Head","floor":48,"turns":4},{"damage":26,"enemies":"Donu and Deca","floor":50,"turns":10},{"damage":54,"enemies":"Shield and Spear","floor":54,"turns":9},{"damage":21,"enemies":"The Heart","floor":55,"turns":10}],"seed_played":"-704952637713245188","potions_obtained":[{"floor":4.0,"key":"StancePotion"},{"floor":7.0,"key":"SteroidPotion"},{"floor":11.0,"key":"BottledMiracle"},{"floor":18.0,"key":"Energy Potion"},{"floor":22.0,"key":"FearPotion"},{"floor":33.0,"key":"AttackPotion"},{"floor":35.0,"key":"SkillPotion"},{"floor":47,"key":"Fire Potion"},{"floor":48,"key":"SteroidPotion"}],"is_trial":false,"path_per_floor":["M","M","M","M","$","R","E","R","T","R","?","E","R","M","R","B",null,"M","M","M","?","M","R","M","E","T","$","R","M","?","E","R","B",null,"M","?","?","M","M","R","?","R","T","?","E","R","M","E","R","B",null,"R","$","E","B",null],"character_chosen":"WATCHER","items_purchased":["Bag of Preparation","Wish","The Bomb","ClockworkSouvenir","Kunai"],"campfire_rested":1,"item_purchase_floors":[5,27,27,53,53],"current_hp_per_floor":[61,61,61,59,59,59,47,47,47,47,29,19,19,26,26,25,57,57,57,56,56,42,42,42,51,51,51,51,51,51,45,45,43,67,67,51,51,51,51,51,51,51,51,51,42,42,42,42,64,38,66,66,75,33,24],"gold":51,"neow_bonus":"THREE_ENEMY_KILL","is_daily":false,"chose_seed":false,"campfire_upgraded":11,"win_rate":0.0,"timestamp":1614377775,"path_taken":["M","?","M","M","?","R","E","R","T","R","?","E","R","M","R","BOSS","M","M","M","?","M","R","M","E","T","$","R","M","?","E","R","BOSS","M","?","?","?","M","R","?","R","T","?","E","R","M","E","R","BOSS","R","$","E","BOSS"],"items_purchased_type":["Relic","Card","Card","Relic","Relic"],"build_version":"2020-12-22","purchased_purges":2,"victory":true,"max_hp_per_floor":[68,68,68,68,68,68,68,68,68,68,68,68,68,68,68,68,68,68,68,68,68,68,68,68,75,75,75,75,75,75,75,75,75,75,75,75,75,75,75,75,75,75,75,75,75,75,75,75,75,75,75,75,75,75,75],"relic_stats":{"counters":[28,132],"Bag of Preparation":[44],"Smiling Mask":75,"Nunchaku":[16],"Shuriken":[49],"Gambling Chip":[34],"Bronze Scales":[96],"Snecko Eye":[184,172,184,178],"MealTicket":9,"Kunai":[7],"obtain_stats":[{"NeowsBlessing":0,"Bag of Preparation":5,"Odd Mushroom":11,"Smiling Mask":26,"Ancient Tea Set":48,"Akabeko":45,"ClockworkSouvenir":53,"SlaversCollar":34,"Nunchaku":30,"Shuriken":7,"Strawberry":25,"Gambling Chip":36,"Bronze Scales":54,"Snecko Eye":17,"MealTicket":43,"Kunai":53,"PureWater":0,"Meat on the Bone":12,"Pocketwatch":31},{"NeowsBlessing":0,"Bag of Preparation":4,"Odd Mushroom":6,"Smiling Mask":15,"Ancient Tea Set":25,"Akabeko":23,"ClockworkSouvenir":26,"SlaversCollar":18,"Nunchaku":16,"Shuriken":5,"Strawberry":15,"Gambling Chip":20,"Bronze Scales":27,"Snecko Eye":9,"MealTicket":22,"Kunai":26,"PureWater":0,"Meat on the Bone":7,"Pocketwatch":17},{"NeowsBlessing":0,"Bag of Preparation":7,"Odd Mushroom":16,"Smiling Mask":57,"Ancient Tea Set":103,"Akabeko":95,"ClockworkSouvenir":113,"SlaversCollar":73,"Nunchaku":62,"Shuriken":12,"Strawberry":57,"Gambling Chip":82,"Bronze Scales":122,"Snecko Eye":30,"MealTicket":89,"Kunai":113,"PureWater":0,"Meat on the Bone":19,"Pocketwatch":67}],"Meat on the Bone":84,"Pocketwatch":[12]},"card_choices":[{"not_picked":["EmptyBody","ClearTheMind"],"picked":"CrushJoints","floor":1.0},{"not_picked":["Weave","PathToVictory"],"picked":"BowlingBash","floor":2.0},{"not_picked":["PathToVictory","Evaluate"],"picked":"ClearTheMind","floor":3.0},{"not_picked":["Nirvana","Swivel"],"picked":"Crescendo","floor":4.0},{"not_picked":["FlyingSleeves","SashWhip"],"picked":"Wireheading","floor":7.0},{"not_picked":["ClearTheMind","Prostrate"],"picked":"SashWhip","floor":11.0},{"not_picked":["Vault","Worship"],"picked":"TalkToTheHand","floor":12.0},{"not_picked":["FlyingSleeves","ClearTheMind","Collect"],"picked":"SKIP","floor":14.0},{"not_picked":["DevaForm","Devotion"],"picked":"Vault","floor":16.0},{"not_picked":["BowlingBash","CrushJoints","Wireheading"],"picked":"SKIP","floor":18.0},{"not_picked":["ClearTheMind","SashWhip","Study"],"picked":"SKIP","floor":19.0},{"not_picked":["ThirdEye","InnerPeace"],"picked":"Wallop","floor":20.0},{"not_picked":["Weave","InnerPeace"],"picked":"EmptyBody+1","floor":22.0},{"not_picked":["Study","Sanctity","CrushJoints"],"picked":"SKIP","floor":24.0},{"not_picked":["ForeignInfluence+1","EmptyFist"],"picked":"DeusExMachina","floor":25.0},{"not_picked":["EmptyFist+1","Prostrate","CutThroughFate"],"picked":"SKIP","floor":29.0},{"not_picked":["WaveOfTheHand","SignatureMove"],"picked":"Wallop","floor":31.0},{"not_picked":["Scrawl","Alpha"],"picked":"Vault","floor":33.0},{"not_picked":["FlurryOfBlows+1","Evaluate+1","Protect"],"picked":"SKIP","floor":35.0},{"not_picked":["EmptyFist+1","Adaptation"],"picked":"TalkToTheHand+1","floor":36.0},{"not_picked":["JustLucky","FollowUp","CutThroughFate"],"picked":"SKIP","floor":38.0},{"not_picked":["WreathOfFlame","Crescendo"],"picked":"ThirdEye+1","floor":39.0},{"not_picked":["Weave","EmptyFist+1"],"picked":"Indignation","floor":45.0},{"not_picked":["Halt","Crescendo","FlyingSleeves"],"picked":"SKIP","floor":47},{"not_picked":["Halt","Consecrate"],"picked":"Worship","floor":48},{"not_picked":["Swivel","FlurryOfBlows"],"picked":"Scrawl","floor":54}],"player_experience":2247207,"relics_obtained":[{"floor":7.0,"key":"Shuriken"},{"floor":11.0,"key":"Odd Mushroom"},{"floor":12.0,"key":"Meat on the Bone"},{"floor":25.0,"key":"Strawberry"},{"floor":26.0,"key":"Smiling Mask"},{"floor":31.0,"key":"Pocketwatch"},{"floor":36.0,"key":"Gambling Chip"},{"floor":43.0,"key":"MealTicket"},{"floor":45.0,"key":"Akabeko"},{"floor":48,"key":"Ancient Tea Set"},{"floor":54,"key":"Bronze Scales"}],"event_choices":[{"damage_healed":0.0,"max_hp_gain":0.0,"max_hp_loss":0.0,"gold_gain":0.0,"event_name":"Mushrooms","player_choice":"Fought Mushrooms","floor":11.0,"gold_loss":0.0,"damage_taken":0.0},{"damage_healed":0.0,"max_hp_gain":0.0,"max_hp_loss":0.0,"gold_gain":0.0,"cards_transformed":["Defend_P","Defend_P"],"event_name":"Drug Dealer","player_choice":"Became Test Subject","floor":21.0,"gold_loss":0.0,"damage_taken":0.0,"cards_obtained":["Consecrate","Evaluate"]},{"damage_healed":0.0,"max_hp_gain":0.0,"max_hp_loss":0.0,"gold_gain":0.0,"event_name":"Addict","player_choice":"Stole Relic","floor":30.0,"gold_loss":0.0,"damage_taken":0.0,"relics_obtained":["Nunchaku"],"cards_obtained":["Shame"]},{"damage_healed":0.0,"max_hp_gain":0.0,"max_hp_loss":0.0,"gold_gain":0.0,"event_name":"Mysterious Sphere","player_choice":"Fight","floor":36.0,"gold_loss":0.0,"damage_taken":0.0},{"damage_healed":0.0,"max_hp_gain":0.0,"max_hp_loss":0.0,"gold_gain":0.0,"cards_transformed":["Defend_P"],"event_name":"Transmorgrifier","player_choice":"Transformed","floor":37.0,"gold_loss":0.0,"damage_taken":0.0,"cards_obtained":["SashWhip"]},{"cards_removed":["The Bomb"],"damage_healed":0.0,"max_hp_gain":0.0,"max_hp_loss":0.0,"gold_gain":0.0,"event_name":"Falling","player_choice":"Removed Skill","floor":41.0,"gold_loss":0.0,"damage_taken":0.0},{"damage_healed":0.0,"max_hp_gain":0.0,"max_hp_loss":0.0,"gold_gain":0.0,"event_name":"Upgrade Shrine","player_choice":"Upgraded","floor":44.0,"gold_loss":0.0,"damage_taken":0.0,"cards_upgraded":["Consecrate"]}],"is_beta":false,"boss_relics":[{"not_picked":["Tiny House","Calling Bell"],"picked":"Snecko Eye"},{"not_picked":["Fusion Hammer","Busted Crown"],"picked":"SlaversCollar"}],"items_purged_floors":[27,53],"is_endless":false,"potions_floor_spawned":[4,7,11,18,22,33,35,47,48],"ascension_level":14}}