{"host":"qhbbxt9nia1s4hz5","time":1614374733,"event":{"mods":["2.2 Compatiblity","Act Like it!","AlwaysNeverKeys","Aya Shameimaru","BaseMod","Better Altar","Better Match","Better Note","Better Sensory Stone","Better Skull","Better Third Choice","Better Vampires","BetterRewards","Block Reminder","Booster Modes","Colored Map","Colored Powertips","Displayed Cursed Tome","Emptier Cage","Energized Spire","Faster Ascension Climbing","Friendly Minions","Gensokyo","GifTheSpireLib","Gold Saver","Infinite Spire","Minty Spire (QoL Compilation)","Permanent Neow","Rare Cards Sparkle","Relic Filter","Reliquary","Replay The Spire","Ruina","Shop Mod","StSLib"],"gold_per_floor":[1004,1014,1014,696,713,713,748,762,762,762,261,261,369,382,382,482,482,498,498,517,442,453,468,494,494,521,521,521,521,521,325,325,428,428,447,447,372,386,400,400,400,400,426,426,317,331,143,160,160,160],"floor_reached":51,"language":"ENG","playtime":5216,"items_purged":[],"score":1000,"play_id":"67587283-9b1e-45af-a939-aa2252ab0aef","local_time":"20210226232533","daily_mods":["SealedDeck","Heirloom"],"is_ascension_mode":true,"campfire_choices":[{"data":"infinitespire:SevenWalls","floor":6.0,"key":"SMITH"},{"data":"shameimaru:SplittingGale","floor":12.0,"key":"SMITH"},{"data":"shameimaru:IllusoryDominance","floor":15.0,"key":"SMITH"},{"data":"infinitespire:Menacing","floor":25,"key":"SMITH"},{"data":"shameimaru:GaleBullet","floor":27,"key":"SMITH"},{"data":"After Image","floor":30,"key":"SMITH"},{"data":"shameimaru:ReporterInstinct","floor":32,"key":"SMITH"},{"data":"shameimaru:GaleBullet","floor":40,"key":"SMITH"},{"data":"shameimaru:Galeforce","floor":42,"key":"SMITH"},{"data":"shameimaru:GaleBlade","floor":49,"key":"SMITH"}],"circlet_count":0,"master_deck":["Blade Dance+1","Dagger Spray+1","shameimaru:GuidingBreeze","shameimaru:GaleBullet+1","Underhanded Strike","Endless Agony","shameimaru:IllusoryDominance+1","shameimaru:ReporterInstinct+1","shameimaru:SplittingGale+1","shameimaru:Galeforce+1","shameimaru:AirCutter","infinitespire:SevenWalls+1","shameimaru:PhotographicDisposal+1","After Image+1","shameimaru:LibraryResearch+1","shameimaru:CandidShot+1","shameimaru:GaleBullet+1","shameimaru:OpeningWindAdvent+1","Slice+1","infinitespire:Menacing+1","shameimaru:GaleBlade+1","Bullet Time+1","Prepared+1","Reflex+1","ruina:BlindRage+1","shameimaru:ClangingWindchime+1","shameimaru:GroupPhoto+1","shameimaru:GaleBlade+1","shameimaru:CherishingBreeze+1","Replay:Dark Deal+1"],"relics":["Ring of the Snake","infinitespire:CursedDice","ReplayTheSpireMod:TigerMarble","Golden Egg","Gensokyo:Justice","Bag of Marbles","Medical Kit","Vajra","reliquary:FerryPass","ruina:PrescriptsGrace","Eternal Feather","reliquary:WritOfMandamus","Coffee Dripper","SacredBark","reliquary:Knoch","Oddly Smooth Stone","MerchantsRug","Replay:Rubber Ducky"],"acts_visited":["Gensokyo:Gensokyo","ruina:Briah","Gensokyo:Gensokyoest"],"potions_floor_usage":[20,24,33,38,50,50],"damage_taken":[{"damage":0.0,"enemies":"Gensokyo:2_Kodama","floor":1.0,"turns":1.0},{"damage":0.0,"enemies":"Gensokyo:3_Fairies","floor":2.0,"turns":2.0},{"damage":0.0,"enemies":"Gensokyo:Python","floor":5.0,"turns":1.0},{"damage":0.0,"enemies":"Gensokyo:Aya","floor":7.0,"turns":2.0},{"damage":0.0,"enemies":"Gensokyo:VengefulSpirit","floor":8.0,"turns":2.0},{"damage":0.0,"enemies":"Gensokyo:3_Kodama","floor":14.0,"turns":1.0},{"damage":0.0,"enemies":"Gensokyo:Kokoro","floor":16.0,"turns":4.0},{"damage":0.0,"enemies":"ruina:3_Bats","floor":18.0,"turns":1.0},{"damage":0,"enemies":"ruina:BadWolf","floor":20,"turns":2},{"damage":0,"enemies":"ruina:KnightOfDespair","floor":22,"turns":2},{"damage":0,"enemies":"ruina:KingOfGreed","floor":23,"turns":3},{"damage":6,"enemies":"ruina:ServantOfWrath","floor":24,"turns":3},{"damage":0,"enemies":"ruina:JesterOfNihil","floor":33,"turns":5},{"damage":0,"enemies":"Gensokyo:3_Bats","floor":35,"turns":1},{"damage":0,"enemies":"Gensokyo:3_Boulders","floor":38,"turns":2},{"damage":3,"enemies":"Gensokyo:AtlasGolem","floor":39,"turns":2},{"damage":4,"enemies":"Gensokyo:Sharpion","floor":46,"turns":2},{"damage":2,"enemies":"Gensokyo:Rafflesia","floor":48,"turns":3},{"damage":0,"enemies":"Gensokyo:Shinki","floor":50,"turns":5}],"seed_played":"1867486101005157099","potions_obtained":[{"floor":5.0,"key":"Block Potion"},{"floor":8.0,"key":"GamblersBrew"},{"floor":16.0,"key":"CunningPotion"},{"floor":23,"key":"Adrenaline Potion"},{"floor":24,"key":"Strength Potion"},{"floor":33,"key":"AttackPotion"},{"floor":48,"key":"Swift Potion"}],"is_trial":true,"path_per_floor":["M","M","?","$","M","R","E","M","T","?","$","R","?","M","R","B",null,"M","AVR","M","?","M","M","E","R","T","R","?","T","R","$","R","B",null,"M","?","?","M","M","R","?","R","T","T","$","M","$","M","R_BF","B",null],"character_chosen":"THE_SILENT","items_purchased":["shameimaru:PhotographicDisposal","War Paint","shameimaru:LibraryResearch","Pear","Bag of Marbles","shameimaru:CandidShot","ruina:BlindRage","MerchantsRug","Replay:Rubber Ducky","shameimaru:CherishingBreeze","Replay:Dark Deal"],"campfire_rested":0,"item_purchase_floors":[4,4,11,11,11,11,31,45,45,45,47],"current_hp_per_floor":[70,70,53,53,53,53,53,53,53,53,63,63,41,41,41,41,80,80,80,80,80,80,80,74,74,74,74,74,74,80,80,80,80,80,80,80,80,80,77,80,80,80,80,80,80,76,76,74,80,80],"gold":160,"neow_bonus":"","is_daily":false,"chose_seed":false,"campfire_upgraded":10,"win_rate":0.0,"timestamp":1614374733,"path_taken":["M","M","?","$","M","R","E","M","T","?","$","R","?","M","R","BOSS","M","AVR","M","?","M","M","E","R","T","R","?","?","R","$","R","BOSS","M","?","?","M","M","R","?","R","T","?","$","M","?","?","R_BF","BOSS"],"items_purchased_type":["Card","Relic","Card","Relic","Relic","Card","Card","Relic","Relic","Card","Card"],"build_version":"2020-12-22","purchased_purges":0,"victory":true,"max_hp_per_floor":[70,70,70,70,70,70,70,70,70,70,80,80,80,80,80,80,80,80,80,80,80,80,80,80,80,80,80,80,80,80,80,80,80,80,80,80,80,80,80,80,80,80,80,80,80,80,80,80,80,80],"card_choices":[{"not_picked":["shameimaru:ReporterInstinct","Blur"],"picked":"shameimaru:Galeforce","floor":1.0},{"not_picked":["Outmaneuver","shameimaru:CandidShot"],"picked":"shameimaru:AirCutter","floor":2.0},{"not_picked":["infinitespire:DeathsTouch","ReplayTheSpireMod:Haul"],"picked":"infinitespire:SevenWalls","floor":3.0},{"not_picked":["Flying Knee","Outmaneuver","shameimaru:ReporterInstinct"],"picked":"SKIP","floor":5.0},{"not_picked":["shameimaru:Opportunity","shameimaru:ReporterInstinct"],"picked":"After Image","floor":7.0},{"not_picked":["shameimaru:Galeforce","shameimaru:Photoshoot","shameimaru:Imitation"],"picked":"SKIP","floor":8.0},{"not_picked":["Dodge and Roll","Hidden Blade"],"picked":"shameimaru:GaleBullet","floor":14.0},{"not_picked":["shameimaru:PhotoAlbum","Doppelganger"],"picked":"shameimaru:OpeningWindAdvent","floor":16.0},{"not_picked":["shameimaru:LoadedStatement","shameimaru:ForseenReaction"],"picked":"Slice+1","floor":18.0},{"not_picked":["shameimaru:Photocopier","Dodge and Roll+1","Fluid Movement+1"],"picked":"SKIP","floor":20},{"not_picked":["shameimaru:QuickReporting","Expertise"],"picked":"shameimaru:GaleBlade","floor":21},{"not_picked":["Prepared","Backflip+1"],"picked":"Bullet Time","floor":22},{"not_picked":["shameimaru:Imitation","Expertise"],"picked":"Prepared+1","floor":23},{"not_picked":["Slice","shameimaru:EvasiveManeuver"],"picked":"Reflex+1","floor":24},{"not_picked":["shameimaru:OpeningWindAdvent","Glass Knife"],"picked":"shameimaru:ClangingWindchime","floor":33},{"not_picked":["Crippling Poison+1","Outmaneuver","Heel Hook+1"],"picked":"SKIP","floor":35},{"not_picked":["Infinite Blades+1","shameimaru:Tailwind+1"],"picked":"shameimaru:GroupPhoto+1","floor":37},{"not_picked":["shameimaru:CandidShot+1","Bullet Time"],"picked":"shameimaru:GaleBlade+1","floor":38},{"not_picked":["Well Laid Plans+1","Blur","Reflex"],"picked":"SKIP","floor":39},{"not_picked":["Dodge and Roll+1","shameimaru:GuidingBreeze","Deadly Poison+1"],"picked":"SKIP","floor":46},{"not_picked":["PiercingWail","Dodge and Roll+1","shameimaru:ShootTheBullet+1"],"picked":"SKIP","floor":48},{"not_picked":["PiercingWail","Dodge and Roll+1","shameimaru:ShootTheBullet+1"],"picked":"SKIP","floor":48}],"player_experience":875145,"relics_obtained":[{"floor":7.0,"key":"ReplayTheSpireMod:TigerMarble"},{"floor":9.0,"key":"Golden Egg"},{"floor":24,"key":"Vajra"},{"floor":26,"key":"reliquary:FerryPass"},{"floor":29,"key":"Eternal Feather"},{"floor":43,"key":"reliquary:Knoch"},{"floor":44,"key":"Oddly Smooth Stone"}],"event_choices":[{"damage_healed":0.0,"max_hp_gain":0.0,"max_hp_loss":0.0,"gold_gain":108.0,"event_name":"betterSkull:BetterSkull","player_choice":"UP GO ","floor":13.0,"gold_loss":0.0,"damage_taken":25.0,"cards_upgraded":["Dagger Spray"],"relics_obtained":[]},{"damage_healed":0,"gold_gain":0,"player_choice":"1","damage_taken":0,"max_hp_gain":0,"max_hp_loss":0,"event_name":"betterMatch:BetterMatch","floor":21,"gold_loss":0,"cards_obtained":["betterMatch:UncommonCard","betterMatch:CommonCard"]},{"damage_healed":0,"gold_gain":0,"player_choice":"2","damage_taken":0,"max_hp_gain":0,"max_hp_loss":0,"event_name":"betterMatch:BetterMatch","floor":37,"gold_loss":0,"cards_obtained":["betterMatch:UncommonCard"]}],"is_beta":false,"boss_relics":[{"not_picked":["Calling Bell","energizedSpire:SpiderWeb"],"picked":"reliquary:Ember"},{"not_picked":["energizedSpire:RedRose","Cursed Key"],"picked":"Replay:Grab Bag"},{"not_picked":["energizedSpire:OgreHead","energizedSpire:DeadBattery"],"picked":"reliquary:WritOfMandamus"},{"not_picked":["Painkiller Herb","energizedSpire:HugeHouse"],"picked":"Coffee Dripper"},{"not_picked":["Snecko Heart","Snecko Eye"],"picked":"SacredBark"}],"items_purged_floors":[],"is_endless":false,"potions_floor_spawned":[5,8,16,23,24,33,35,48],"ascension_level":4}}