{"host":"vhikgave70uorr7d","time":1614323415,"event":{"mods":["Ascension Reborn","BaseMod","Better Altar","Better Match","Better Note","Better Skull","Better Third Choice","BetterRewards","Dark Map","Defuse TimeMaze Blight","Energized Spire","Evolution","Googly Eyes","Hero for Fun","Highlight Path","Infinite Spire","Minty Spire (QoL Compilation)","MostiFishMod","Permanent Neow","Poor People Problems","Quick Restart","Rare Cards Sparkle","Remove Card Discount Mod","Small Relic Pack","Spicy Shops","Spire with Friends","StSLib","The Alterego","The Blue Laboratory","The Runesmith","The Servant 0.9.4"],"gold_per_floor":[117,129,129,129,43,78,92,121,121,121,183,183,183,195,183,183,287,287,301,78,91,41,41,41,55,73,98,98,110,110,129,129,67,67,168,168,179,101,114,114,114,144,156,194,206,233,245,272,284,313,264,276,288,300,312,81,114,114,114],"floor_reached":60,"language":"ENG","playtime":4997,"items_purged":["Defend_R","Defend_R","Shame","Strike_R","Strike_R","Strike_R","Defend_R","Bash","Defend_R","Twin Strike"],"score":1560,"play_id":"767ff456-4ad9-46de-9882-654b81e046b0","local_time":"20210226021015","is_ascension_mode":false,"campfire_choices":[{"data":"1","floor":10,"key":"LIFT"},{"data":"2","floor":13,"key":"LIFT"},{"data":"3","floor":16,"key":"LIFT"},{"floor":30,"key":"RECALL"},{"data":"MostiFishMod:HellRitual","floor":34,"key":"SMITH"},{"data":"MostiFishMod:RacingGame","floor":43,"key":"SMITH"},{"data":"Pommel Strike","floor":49,"key":"SMITH"},{"data":"Heavy Blade","floor":52,"key":"SMITH"},{"data":"Shrug It Off","floor":55,"key":"SMITH"}],"circlet_count":0,"master_deck":["Pommel Strike+1","Thunderclap","Dropkick","Inflame","Dropkick","Thunderclap","Seeing Red","Rampage","MostiFishMod:HellRitual+1","Shrug It Off+1","Heavy Blade+1","Thunderclap","Pummel+1","Dropkick","infinitespire:UltimateForm","MostiFishMod:RacingGame+1","Seeing Red+1","Thunderclap+1","infinitespire:OneForAll+1","Inflame","Dual Wield+1","Pummel+1","Thunderclap+1"],"relics":["Burning Blood","EVO:Axolotl","DaveBox","OneHitWonderSystem","SynthV:TestCard","Girya","HornCleat","Tiny Chest","Philosopher\u0027s Stone","ExusiaiGun","Ginger","Sozu","Chemical X","infinitespire:FocusingShard","MawBank","MealTicket","Red Skull","BionicSphere","TimeFreeze","Nunchaku"],"acts_visited":["Exordium","TheCity","TheBeyond","TheEnding"],"potions_floor_usage":[17],"damage_taken":[{"damage":0,"enemies":"Small Slimes","floor":1,"turns":3},{"damage":0,"enemies":"Jaw Worm","floor":2,"turns":1},{"damage":0,"enemies":"Lagavulin","floor":6,"turns":2},{"damage":0,"enemies":"Cultist","floor":7,"turns":1},{"damage":0,"enemies":"Gremlin Nob","floor":8,"turns":2},{"damage":0,"enemies":"3 Sentries","floor":11,"turns":3},{"damage":0,"enemies":"3 Louse","floor":14,"turns":1},{"damage":0,"enemies":"The Guardian","floor":17,"turns":3},{"damage":0,"enemies":"Shell Parasite","floor":19,"turns":1},{"damage":0,"enemies":"3 Byrds","floor":21,"turns":2},{"damage":0,"enemies":"Snecko","floor":25,"turns":2},{"damage":0,"enemies":"3 Cultists","floor":26,"turns":2},{"damage":0,"enemies":"Shelled Parasite and Fungi","floor":29,"turns":2},{"damage":0,"enemies":"Centurion and Healer","floor":31,"turns":2},{"damage":0,"enemies":"Collector","floor":35,"turns":1},{"damage":0,"enemies":"3 Darklings","floor":37,"turns":1},{"damage":0,"enemies":"3 Shapes","floor":39,"turns":1},{"damage":0,"enemies":"Nemesis","floor":42,"turns":1},{"damage":0,"enemies":"Reptomancer","floor":44,"turns":1},{"damage":0,"enemies":"Sphere and 2 Shapes","floor":46,"turns":1},{"damage":0,"enemies":"Jaw Worm Horde","floor":48,"turns":1},{"damage":0,"enemies":"Transient","floor":50,"turns":1},{"damage":0,"enemies":"Time Eater","floor":53,"turns":2},{"damage":0,"enemies":"Shield and Spear","floor":57,"turns":1},{"damage":0,"enemies":"The Heart","floor":59,"turns":4}],"seed_played":"6140607506137924766","potions_obtained":[{"floor":6,"key":"blueLaboratory:AbyssPotion"},{"floor":8,"key":"EssenceOfSteel"},{"floor":11,"key":"blueLaboratory:BottledHope"},{"floor":19,"key":"Fruit Juice"},{"floor":29,"key":"blueLaboratory:HorrorPotion"}],"is_trial":false,"path_per_floor":["M","M","C","-","$","E","M","E","T","R","?","?","R","M","C","R","B",null,"M","$","M","C","?","C","M","M","T","C","M","R","M","AVR","C","R","B",null,"M","$","M","T","?","E","R","E","T","M","?","M","R","M","C","R","B",null,"R","$","E","C","B",null],"character_chosen":"IRONCLAD","items_purchased":["Inflame","Self Forming Clay","Fruit Juice","Chemical X","BionicSphere","TimeFreeze"],"campfire_rested":0,"item_purchase_floors":[5,20,20,38,56,56],"current_hp_per_floor":[1,1,1,1,1,1,1,1,1,1,1,1,1,1,1,1,1,1,1,1,1,1,1,1,1,1,1,1,1,1,1,1,1,1,1,1,1,1,1,1,1,1,1,1,1,1,1,1,1,1,1,1,1,1,1,1,1,1,1],"gold":114,"neow_bonus":"","is_daily":false,"chose_seed":true,"campfire_upgraded":5,"win_rate":0.0,"timestamp":1614323415,"path_taken":["M","M","C","-","$","E","M","E","T","R","?","?","R","M","C","R","BOSS","M","$","M","C","?","C","M","M","T","C","M","R","?","AVR","C","R","BOSS","M","$","M","?","?","E","R","E","T","M","?","M","R","M","C","R","BOSS","R","$","E","C","BOSS"],"items_purchased_type":["Card","Relic","Potion","Relic","Relic","Relic"],"build_version":"2020-12-22","purchased_purges":10,"victory":true,"max_hp_per_floor":[1,1,1,1,1,1,1,1,1,1,1,1,1,1,1,1,1,1,1,1,1,1,1,1,1,1,1,1,1,1,1,1,1,1,1,1,1,1,1,1,1,1,1,1,1,1,1,1,1,1,1,1,1,1,1,1,1,1,1],"card_choices":[{"not_picked":["Warcry","Spot Weakness"],"picked":"Thunderclap","floor":1},{"not_picked":["Rupture","Entrench","Heavy Blade","Clothesline"],"picked":"Dropkick","floor":2},{"not_picked":["Carnage","Iron Wave","Clothesline","Body Slam"],"picked":"Dropkick","floor":6},{"not_picked":["Searing Blow","Battle Trance","Flex","Sword Boomerang"],"picked":"Thunderclap","floor":7},{"not_picked":["MostiFishMod:ChineseTea","True Grit","MostiFishMod:BrandingRite","Anger"],"picked":"Seeing Red","floor":8},{"not_picked":["Whirlwind","Headbutt","Hemokinesis","Thunderclap"],"picked":"Rampage","floor":11},{"not_picked":["Combust","Flex","Cleave","Warcry","Clash"],"picked":"SKIP","floor":14},{"not_picked":["MostiFishMod:KnuckleDown","MostiFishMod:PerfectStrikeMKII","MostiFishMod:TemporaryOutbreak","MostiFishMod:DoubleSword"],"picked":"MostiFishMod:HellRitual","floor":17},{"not_picked":["Twin Strike","Sever Soul","Blood for Blood","Hemokinesis"],"picked":"Shrug It Off","floor":19},{"not_picked":["Burning Pact","Sword Boomerang","Flame Barrier","Headbutt"],"picked":"Heavy Blade","floor":21},{"not_picked":["MostiFishMod:NewArrival","Twin Strike","Flex+1","Headbutt+1"],"picked":"Thunderclap","floor":25},{"not_picked":["True Grit","Warcry","Iron Wave","Carnage"],"picked":"Pummel+1","floor":26},{"not_picked":["True Grit","Combust","Hemokinesis","Clash"],"picked":"Dropkick","floor":29},{"not_picked":["Twin Strike","Body Slam","True Grit","Shrug It Off","Feed"],"picked":"SKIP","floor":31},{"not_picked":["Reaper","MostiFishMod:DoubleSword","MostiFishMod:WingOfPhoenix","MostiFishMod:Chiaki"],"picked":"MostiFishMod:RacingGame","floor":35},{"not_picked":["Clothesline","Twin Strike+1","Pommel Strike","Headbutt+1"],"picked":"Seeing Red+1","floor":37},{"not_picked":["Iron Wave","True Grit","Headbutt","Shrug It Off+1"],"picked":"Thunderclap+1","floor":39},{"not_picked":["True Grit+1","Armaments","Anger+1","MostiFishMod:BrandingRite"],"picked":"infinitespire:OneForAll+1","floor":42},{"not_picked":["Whirlwind","Searing Blow","Clothesline","Headbutt+1"],"picked":"Inflame","floor":44},{"not_picked":["Twin Strike+1","Body Slam+1","MostiFishMod:TemporaryOutbreak","Shrug It Off","Bloodletting+1"],"picked":"SKIP","floor":46},{"not_picked":["Anger+1","Metallicize","Second Wind+1","Feel No Pain"],"picked":"Dual Wield+1","floor":48},{"not_picked":["Power Through","Headbutt","True Grit+1","Clash"],"picked":"Pummel+1","floor":50},{"not_picked":["Twin Strike","Armaments+1","Heavy Blade+1","Inflame+1"],"picked":"Thunderclap+1","floor":57}],"player_experience":194393,"relics_obtained":[{"floor":1,"key":"SynthV:TestCard"},{"floor":6,"key":"Girya"},{"floor":8,"key":"HornCleat"},{"floor":27,"key":"Blood Vial"},{"floor":40,"key":"infinitespire:FocusingShard"},{"floor":42,"key":"MawBank"},{"floor":44,"key":"MealTicket"},{"floor":45,"key":"Red Skull"},{"floor":57,"key":"Nunchaku"}],"event_choices":[{"damage_healed":0,"gold_gain":0,"player_choice":"Searched \u00273\u0027 times","damage_taken":0,"relics_obtained":["Tiny Chest"],"max_hp_gain":0,"max_hp_loss":0,"event_name":"Dead Adventurer","floor":11,"gold_loss":0},{"damage_healed":0,"gold_gain":0,"player_choice":"Ignored","damage_taken":0,"max_hp_gain":0,"max_hp_loss":0,"event_name":"Golden Wing","floor":12,"gold_loss":0},{"damage_healed":0,"gold_gain":0,"player_choice":"Ignored","damage_taken":0,"max_hp_gain":0,"max_hp_loss":0,"event_name":"betterNote:BetterNote","floor":23,"gold_loss":0,"cards_obtained":["Gash"]},{"damage_healed":0,"gold_gain":0,"player_choice":"Ignored","damage_taken":0,"max_hp_gain":0,"max_hp_loss":0,"event_name":"Tomb of Lord Red Mask","floor":41,"gold_loss":0}],"is_beta":false,"boss_relics":[{"not_picked":["TimeKeys","energizedSpire:SpiderWeb"],"picked":"Philosopher\u0027s Stone"},{"not_picked":["BloodWine","HereWithMe"],"picked":"Sozu"}],"items_purged_floors":[5,5,5,5,5,5,5,5,5,20],"is_endless":false,"potions_floor_spawned":[6,8,11,19,29,44,48],"ascension_level":0}}