{"host":"a1eatafr7pisesky","time":1614326501,"event":{"mods":["AchievementEnabler","BaseMod","Colored Map","Keyboard Shortcuts","Minty Spire (QoL Compilation)","Say the Spire","StSLib","SuperFastMode","everything is the same but u backflip on backflip"],"gold_per_floor":[117,129,129,147,47,47,74,74,74,74,106,123,8,8,8,80,80,100,130,150,40,57,57,86,136,136,164,2,27,27,56,56,128,128,141,60,30,45,90,90,90],"floor_reached":40,"language":"KOR","playtime":1255,"items_purged":["Defend_P"],"score":1059,"play_id":"3c7a5874-81dc-4fee-9083-0054e10a882c","local_time":"20210226170141","is_ascension_mode":true,"campfire_choices":[{"data":"Eruption","floor":6.0,"key":"SMITH"},{"data":"Tantrum","floor":8.0,"key":"SMITH"},{"data":"MentalFortress","floor":15.0,"key":"SMITH"},{"floor":23.0,"key":"REST"},{"data":"DevaForm","floor":30,"key":"SMITH"},{"floor":32,"key":"REST"}],"circlet_count":0,"master_deck":["AscendersBane","Strike_P","Strike_P+1","Defend_P","Eruption+1","Vigilance","Tantrum+1","FlurryOfBlows","DevaForm+1","CutThroughFate","BowlingBash","MentalFortress+1","Omniscience","Swivel","EmptyFist","Omniscience","CutThroughFate","Scrawl","Indignation","InnerPeace"],"relics":["PureWater","NeowsBlessing","InkBottle","Kunai","Omamori","Snecko Eye","Red Mask","Blue Candle","Thread and Needle","DollysMirror","Darkstone Periapt","Art of War","Philosopher\u0027s Stone","Prayer Wheel"],"acts_visited":["Exordium","TheCity","TheBeyond"],"potions_floor_usage":[31,35,39,39,39,40,40],"damage_taken":[{"damage":0.0,"enemies":"Cultist","floor":1.0,"turns":1.0},{"damage":0.0,"enemies":"Small Slimes","floor":2.0,"turns":1.0},{"damage":0.0,"enemies":"2 Louse","floor":4.0,"turns":1.0},{"damage":30.0,"enemies":"Lagavulin","floor":7.0,"turns":5.0},{"damage":16.0,"enemies":"Gremlin Nob","floor":11.0,"turns":3.0},{"damage":7.0,"enemies":"Exordium Thugs","floor":12.0,"turns":5.0},{"damage":7.0,"enemies":"Hexaghost","floor":16.0,"turns":9.0},{"damage":21.0,"enemies":"2 Thieves","floor":18.0,"turns":3.0},{"damage":5.0,"enemies":"Masked Bandits","floor":19.0,"turns":4.0},{"damage":10.0,"enemies":"Chosen","floor":20.0,"turns":3.0},{"damage":0.0,"enemies":"Centurion and Healer","floor":22.0,"turns":3.0},{"damage":0.0,"enemies":"Gremlin Leader","floor":24.0,"turns":5.0},{"damage":5.0,"enemies":"Book of Stabbing","floor":27.0,"turns":4.0},{"damage":0,"enemies":"Gremlin Leader","floor":29,"turns":3},{"damage":9,"enemies":"Slavers","floor":31,"turns":3},{"damage":25,"enemies":"Collector","floor":33,"turns":9},{"damage":10,"enemies":"Orb Walker","floor":35,"turns":3},{"damage":8,"enemies":"3 Darklings","floor":38,"turns":3},{"damage":14,"enemies":"2 Orb Walkers","floor":39,"turns":2},{"damage":0,"enemies":"Reptomancer","floor":40,"turns":3}],"seed_played":"-6902810563025902580","potions_obtained":[{"floor":1.0,"key":"SkillPotion"},{"floor":11.0,"key":"SkillPotion"},{"floor":12.0,"key":"Fire Potion"},{"floor":19.0,"key":"GamblersBrew"},{"floor":24.0,"key":"LiquidBronze"},{"floor":27.0,"key":"ColorlessPotion"},{"floor":33,"key":"Ambrosia"},{"floor":37,"key":"EntropicBrew"},{"floor":39,"key":"Fire Potion"}],"is_trial":false,"path_per_floor":["M","M","?","M","$","R","E","R","T","?","E","M","$","?","R","B",null,"M","?","M","?","M","R","E","?","T","E","$","E","R","E","R","B",null,"M","$","?","M","?","E"],"character_chosen":"WATCHER","items_purchased":["Tantrum","FlurryOfBlows","MentalFortress","DollysMirror","InnerPeace"],"campfire_rested":2,"item_purchase_floors":[5,5,13,28,36],"current_hp_per_floor":[61,61,61,61,61,61,31,31,31,31,15,8,8,8,8,1,51,30,25,15,15,15,35,35,35,35,30,30,30,30,21,41,16,55,45,45,45,37,23,23,23],"gold":90,"neow_bonus":"THREE_ENEMY_KILL","is_daily":false,"chose_seed":false,"campfire_upgraded":4,"win_rate":0.0,"timestamp":1614326501,"path_taken":["M","M","?","?","$","R","E","R","T","?","E","?","$","?","R","BOSS","M","?","M","?","?","R","E","?","T","E","$","E","R","E","R","BOSS","M","$","?","?","?","E"],"items_purchased_type":["Card","Card","Card","Relic","Card"],"build_version":"2020-12-22","purchased_purges":1,"victory":false,"max_hp_per_floor":[68,68,68,68,68,68,68,68,68,68,68,68,68,68,68,68,68,68,68,68,68,68,68,68,68,68,68,68,68,68,68,68,68,68,68,68,68,68,68,68,68],"card_choices":[{"not_picked":["ForeignInfluence","EmptyBody","PathToVictory"],"picked":"SKIP","floor":1.0},{"not_picked":["Consecrate","Swivel","PathToVictory"],"picked":"SKIP","floor":2.0},{"not_picked":["Swivel","CrushJoints","ReachHeaven"],"picked":"SKIP","floor":4.0},{"not_picked":["EmptyBody","DevaForm","Crescendo"],"picked":"SKIP","floor":7.0},{"not_picked":["PathToVictory","Crescendo"],"picked":"CutThroughFate","floor":11.0},{"not_picked":["WreathOfFlame","SashWhip"],"picked":"BowlingBash","floor":12.0},{"not_picked":["Brilliance","Ragnarok"],"picked":"Omniscience","floor":16.0},{"not_picked":["Wireheading","SashWhip","Consecrate"],"picked":"SKIP","floor":18.0},{"not_picked":["CutThroughFate","Evaluate"],"picked":"Swivel","floor":19.0},{"not_picked":["FlurryOfBlows","Crescendo","Meditate"],"picked":"SKIP","floor":20.0},{"not_picked":["SignatureMove+1","Consecrate"],"picked":"EmptyFist","floor":22.0},{"not_picked":["ReachHeaven+1","Judgement","Conclude"],"picked":"SKIP","floor":24.0},{"not_picked":["ClearTheMind","Establishment","CrushJoints"],"picked":"SKIP","floor":27.0},{"not_picked":["ClearTheMind","Evaluate","CrushJoints"],"picked":"SKIP","floor":29},{"not_picked":["EmptyFist","SignatureMove"],"picked":"CutThroughFate","floor":31},{"not_picked":["LessonLearned","Devotion"],"picked":"Scrawl","floor":33},{"not_picked":["EmptyBody","ThirdEye"],"picked":"Indignation","floor":35},{"not_picked":["FlyingSleeves","FlurryOfBlows+1","Crescendo"],"picked":"SKIP","floor":38}],"player_experience":502811,"relics_obtained":[{"floor":7.0,"key":"InkBottle"},{"floor":9.0,"key":"Kunai"},{"floor":11.0,"key":"Omamori"},{"floor":19.0,"key":"Red Mask"},{"floor":24.0,"key":"Blue Candle"},{"floor":27.0,"key":"Thread and Needle"},{"floor":29,"key":"Darkstone Periapt"},{"floor":31,"key":"Art of War"},{"floor":39,"key":"Prayer Wheel"}],"event_choices":[{"cards_removed":["Defend_P"],"damage_healed":0.0,"max_hp_gain":0.0,"max_hp_loss":0.0,"gold_gain":0.0,"event_name":"Purifier","player_choice":"Purged","floor":3.0,"gold_loss":0.0,"damage_taken":0.0},{"damage_healed":0.0,"max_hp_gain":0.0,"max_hp_loss":0.0,"gold_gain":0.0,"cards_transformed":["Strike_P"],"event_name":"Transmorgrifier","player_choice":"Transformed","floor":10.0,"gold_loss":0.0,"damage_taken":0.0,"cards_obtained":["DevaForm"]},{"cards_removed":["Strike_P"],"damage_healed":0.0,"max_hp_gain":0.0,"max_hp_loss":0.0,"gold_gain":0.0,"event_name":"Bonfire Elementals","player_choice":"Offered Basic","floor":14.0,"gold_loss":0.0,"damage_taken":0.0},{"damage_healed":0.0,"max_hp_gain":0.0,"max_hp_loss":0.0,"gold_gain":0.0,"event_name":"Masked Bandits","player_choice":"Fought Bandits","floor":19.0,"gold_loss":0.0,"damage_taken":0.0},{"cards_removed":["Defend_P"],"damage_healed":0.0,"max_hp_gain":0.0,"max_hp_loss":0.0,"gold_gain":0.0,"event_name":"Designer","player_choice":"Upgrade and Remove","floor":21.0,"gold_loss":110.0,"damage_taken":0.0,"cards_upgraded":["Strike_P"]},{"damage_healed":0.0,"max_hp_gain":0.0,"max_hp_loss":0.0,"gold_gain":50.0,"event_name":"Nest","player_choice":"Stole From Cult","floor":25.0,"gold_loss":0.0,"damage_taken":0.0},{"damage_healed":0,"gold_gain":0,"player_choice":"Bought 2 Potions","damage_taken":0,"max_hp_gain":0,"max_hp_loss":0,"event_name":"The Woman in Blue","floor":37,"gold_loss":0},{"damage_healed":0,"gold_gain":0,"player_choice":"Fight","damage_taken":0,"max_hp_gain":0,"max_hp_loss":0,"event_name":"Mysterious Sphere","floor":39,"gold_loss":0}],"is_beta":false,"boss_relics":[{"not_picked":["Astrolabe","Velvet Choker"],"picked":"Snecko Eye"},{"not_picked":["Black Star","Busted Crown"],"picked":"Philosopher\u0027s Stone"}],"items_purged_floors":[13],"is_endless":false,"potions_floor_spawned":[1,11,12,19,24,27,33,39],"killed_by":"Reptomancer","ascension_level":19}}