{"host":"sqt6c5vt7d1y5xtt","time":1614318526,"event":{"mods":["AchievementEnabler","BaseMod","Block Reminder","Lobotomy","Minty Spire (QoL Compilation)","Quick Restart"],"gold_per_floor":[114,134,148,148,158,189,189,209,209,209,209],"floor_reached":10,"language":"KOR","playtime":347,"items_purged":[],"score":70,"play_id":"92edc766-3f36-42de-b89d-a3dca189b659","local_time":"20210226024846","is_ascension_mode":false,"campfire_choices":[],"circlet_count":0,"master_deck":["SpecialBullet","SpecialBullet","SpecialBullet","SpecialBullet","SpecialBullet","SpecialBullet","SpecialBullet","SpecialBullet","SecurityCode","TrainingCode","WelfareCode","MeatLantern","Lantern","GreenStem","OSAHOGD","WristCuter","UniverseFragment","RapturousDream"],"relics":["CogitoBucket","Mummified Hand","Blue Candle","AdjustmentMirror","Gambling Chip"],"acts_visited":["Exordium"],"potions_floor_usage":[6,6,6,10],"damage_taken":[{"damage":6,"enemies":"Cultist","floor":1,"turns":3},{"damage":50,"enemies":"Small Slimes","floor":2,"turns":3},{"damage":13,"enemies":"Jaw Worm","floor":3,"turns":3},{"damage":19,"enemies":"Blue Slaver","floor":5,"turns":3},{"damage":21,"enemies":"3 Sentries","floor":6,"turns":4},{"damage":15,"enemies":"Gremlin Gang","floor":8,"turns":5},{"damage":75,"enemies":"Gremlin Nob","floor":10,"turns":5}],"seed_played":"8855501231544875132","potions_obtained":[{"floor":1,"key":"EntropicBrew"},{"floor":8,"key":"ColorlessPotion"}],"is_trial":false,"path_per_floor":["M","M","M","T","M","E","R","M","T","E"],"character_chosen":"Angela","items_purchased":[],"campfire_rested":0,"item_purchase_floors":[],"current_hp_per_floor":[77,35,30,30,23,14,14,23,23,0,0],"gold":209,"neow_bonus":"TEN_PERCENT_HP_BONUS","is_daily":false,"chose_seed":false,"campfire_upgraded":0,"win_rate":0.0,"timestamp":1614318526,"path_taken":["M","M","M","?","M","E","R","M","T","E"],"items_purchased_type":[],"build_version":"2020-12-22","purchased_purges":0,"victory":false,"max_hp_per_floor":[77,77,77,77,77,77,77,77,77,77,77],"card_choices":[{"not_picked":["OSAHOGD","DespairKnight"],"picked":"MeatLantern","floor":1},{"not_picked":["Galaxy"],"picked":"Lantern","floor":1},{"not_picked":["Noise"],"picked":"GreenStem","floor":2},{"not_picked":["Horn","Tough"],"picked":"SKIP","floor":3},{"not_picked":["WallGazer","BeautyBeast"],"picked":"OSAHOGD","floor":5},{"not_picked":["CrimsonScar"],"picked":"WristCuter","floor":5},{"not_picked":["PunishingBird","Bloodbath"],"picked":"UniverseFragment","floor":6},{"not_picked":["Regret_ego"],"picked":"RapturousDream","floor":6},{"not_picked":["Amita","Horn"],"picked":"SKIP","floor":8}],"player_experience":232404,"relics_obtained":[{"floor":4,"key":"Mummified Hand"},{"floor":6,"key":"Blue Candle"},{"floor":9,"key":"Gambling Chip"}],"event_choices":[],"is_beta":false,"boss_relics":[],"items_purged_floors":[],"is_endless":false,"potions_floor_spawned":[1,8],"killed_by":"Gremlin Nob","ascension_level":0}}