{"host":"18ybagvpjbhxblmx","time":1614346328,"event":{"mods":["BaseMod","BetterRewards","Colored Map","Conspire","Friendly Minions","Hubris","Infinite Spire","Marisa????????","Minty Spire (QoL Compilation)","Quick Restart","Replay The Spire","StSLib","The Cursed","The Runesmith","The Servant 0.9.4"],"gold_per_floor":[111,61,79,16,16,50,69,69,95,126,126,126,12,43,43,148,148,165,165,77,89,89,122,139,66,90,17,28,28,63,79,79,183,183,209,237,237,267,296,296,341,341,341,373,373,373,411,465,465,590,590,632,632,632,459,492,492,160,160,160,201,201,218,239,248,248,374,374,400,400,315,335,260,308,308,353,353,381,412,412,412,443,443,573,573,622,677,724,724,724,724,599,654,654,654,728,728,728,786,786,930,930,995,995,995,1070,1070,1070,921,1019,1019,1019,881,881,965,1039,1039,1216,1216,1216,1216],"floor_reached":120,"language":"ENG","playtime":8995,"items_purged":["Strike_B","Strike_B","Strike_B","Strike_B","Dualcast","Defend_B","White Noise","Zap","Leap+1","Sweeping Beam","Capacitor+2"],"score":3293,"play_id":"d3b9c231-12d7-46da-9268-48271ca99788","local_time":"20210226143208","is_ascension_mode":true,"campfire_choices":[{"floor":8.0,"key":"REST"},{"data":"Coolheaded","floor":11.0,"key":"SMITH"},{"data":"Coolheaded","floor":29.0,"key":"SMITH"},{"data":"Fission","floor":32.0,"key":"SMITH"},{"data":"Coolheaded+1","floor":40.0,"key":"SMITH"},{"data":"infinitespire:UltimateForm","floor":42.0,"key":"SMITH"},{"data":"Loop","floor":49.0,"key":"SMITH"},{"data":"Loop+1","floor":57.0,"key":"SMITH"},{"data":"Rainbow","floor":59.0,"key":"SMITH"},{"data":"Loop+2","floor":66.0,"key":"SMITH"},{"data":"Loop+3","floor":75.0,"key":"SMITH"},{"data":"infinitespire:UltimateForm+1","floor":80.0,"key":"SMITH"},{"data":"Loop+4","floor":83.0,"key":"SMITH"},{"data":"Loop+5","floor":91.0,"key":"SMITH"},{"data":"ReplayRNGCard","floor":95.0,"key":"SMITH"},{"data":"infinitespire:UltimateForm+2","floor":98.0,"key":"SMITH"},{"data":"Capacitor+1","floor":100.0,"key":"SMITH"},{"data":"Loop+7","floor":108.0,"key":"SMITH"},{"data":"Consume","floor":112.0,"key":"SMITH"},{"data":"Consume+1","floor":117.0,"key":"SMITH"}],"circlet_count":1,"master_deck":["Loop+8","Rainbow+1","Fission+1","Coolheaded+1","infinitespire:UltimateForm+4","Double Energy+1","ReplayRNGCard+1","Consume+2","Multi-Cast+1","Fission+1"],"relics":["Cracked Core","Membership Card","FossilizedHelix","Replay:Frozen Program","conspire:InfiniteJournal","Gremlin Horn","conspire:DecoderRing","Ancient Tea Set","Juzu Bracelet","Replay:Ringing Soul","StoneCalendar","conspire:RoyalGoblet","FaceOfCleric","infinitespire:Freezer","PreservedInsect","Simple Rune","Strawberry","Blue Doll","Coffee Dripper","infinitespire:EvilPickle","Replay:Multitool","hubris:MysteriousPyramids","ReplayTheSpireMod:Shallot","CeramicFish","Golden Idol","TheAbacus","Chemical X","Sundial","Boot","Oddly Smooth Stone","ReplayTheSpireMod:Ring of Exchange","hubris:Backtick","hubris:SoftwareUpdate","hubris:BottledHeart","Omamori","hubris:ToyBattleship","Gremlin Food","Regal Pillow","hubris:Towel","Cables","conspire:IceCreamScoop","TungstenRod","hubris:Stopwatch","Circlet","ReplayFunnel","Raider\u0027s Mask","Frozen Egg 2","infinitespire:SolderingIron","Toxic Egg 2","infinitespire:Cupcake"],"acts_visited":["Exordium","TheCity","TheBeyond","Exordium","TheCity","TheBeyond","Exordium","TheCity"],"potions_floor_usage":[],"damage_taken":[{"damage":0.0,"enemies":"Cultist","floor":1.0,"turns":4.0},{"damage":0.0,"enemies":"2 Louse","floor":3.0,"turns":1.0},{"damage":19.0,"enemies":"Gremlin Nob","floor":6.0,"turns":5.0},{"damage":0.0,"enemies":"Small Slimes","floor":7.0,"turns":2.0},{"damage":12.0,"enemies":"3 Sentries","floor":10.0,"turns":7.0},{"damage":4.0,"enemies":"conspire:MimicChest","floor":14.0,"turns":6.0},{"damage":16.0,"enemies":"Fading Forest","floor":16.0,"turns":11.0},{"damage":0.0,"enemies":"Spheric Guardian","floor":18.0,"turns":4.0},{"damage":12.0,"enemies":"3 Byrds","floor":21.0,"turns":4.0},{"damage":4.0,"enemies":"Nightmare","floor":23.0,"turns":8.0},{"damage":0.0,"enemies":"Snecko","floor":24.0,"turns":6.0},{"damage":5.0,"enemies":"conspire:HollyBat","floor":28.0,"turns":7.0},{"damage":12.0,"enemies":"conspire:Head Lice","floor":30.0,"turns":5.0},{"damage":3.0,"enemies":"Snake Plant","floor":31.0,"turns":5.0},{"damage":34.0,"enemies":"Pondfish","floor":33.0,"turns":17.0},{"damage":0.0,"enemies":"3 Shapes","floor":35.0,"turns":5.0},{"damage":0.0,"enemies":"3 Darklings","floor":36.0,"turns":6.0},{"damage":0.0,"enemies":"Maw","floor":38.0,"turns":7.0},{"damage":0.0,"enemies":"Writhing Mass","floor":39.0,"turns":6.0},{"damage":0.0,"enemies":"Giant Head","floor":41.0,"turns":7.0},{"damage":0.0,"enemies":"Spire Growth","floor":44.0,"turns":4.0},{"damage":0.0,"enemies":"Sphere and 2 Shapes","floor":47.0,"turns":4.0},{"damage":6.0,"enemies":"R_Hoarder","floor":48.0,"turns":5.0},{"damage":0.0,"enemies":"Time Eater","floor":50.0,"turns":8.0},{"damage":0.0,"enemies":"Cultist","floor":52.0,"turns":3.0},{"damage":0.0,"enemies":"Small Slimes","floor":56.0,"turns":2.0},{"damage":0.0,"enemies":"Gremlin Nob","floor":61.0,"turns":3.0},{"damage":0.0,"enemies":"Jaw Worm","floor":63.0,"turns":2.0},{"damage":0.0,"enemies":"Gremlin Gang","floor":64.0,"turns":1.0},{"damage":0.0,"enemies":"The Guardian","floor":67.0,"turns":7.0},{"damage":0.0,"enemies":"Shell Parasite","floor":69.0,"turns":3.0},{"damage":0.0,"enemies":"2 Thieves","floor":72.0,"turns":3.0},{"damage":0.0,"enemies":"Book of Stabbing","floor":74.0,"turns":3.0},{"damage":0.0,"enemies":"conspire:Head Lice","floor":76.0,"turns":4.0},{"damage":0.0,"enemies":"conspire:HollyBat","floor":78.0,"turns":5.0},{"damage":0.0,"enemies":"Snecko","floor":79.0,"turns":4.0},{"damage":0.0,"enemies":"Snake Plant","floor":82.0,"turns":2.0},{"damage":0.0,"enemies":"Automaton","floor":84.0,"turns":6.0},{"damage":0.0,"enemies":"Orb Walker","floor":86.0,"turns":2.0},{"damage":0.0,"enemies":"3 Shapes","floor":87.0,"turns":3.0},{"damage":0.0,"enemies":"Spire Growth","floor":88.0,"turns":4.0},{"damage":0.0,"enemies":"R_Hoarder","floor":93.0,"turns":9.0},{"damage":0.0,"enemies":"Giant Head","floor":96.0,"turns":5.0},{"damage":0.0,"enemies":"Writhing Mass","floor":99.0,"turns":3.0},{"damage":0.0,"enemies":"infinitespire:MassOfShapes","floor":101.0,"turns":7.0},{"damage":0.0,"enemies":"Small Slimes","floor":103.0,"turns":1.0},{"damage":0.0,"enemies":"Nightmare","floor":110.0,"turns":3.0},{"damage":0.0,"enemies":"Lagavulin","floor":115.0,"turns":2.0},{"damage":0.0,"enemies":"Cultist","floor":116.0,"turns":2.0},{"damage":0.0,"enemies":"Hexaghost","floor":118.0,"turns":3.0},{"damage":0,"enemies":"3 Byrds","floor":120,"turns":1}],"seed_played":"-2005421868132527482","potions_obtained":[{"floor":1.0,"key":"Fruit Juice"},{"floor":6.0,"key":"SpeedPotion"},{"floor":7.0,"key":"Weak Potion"},{"floor":10.0,"key":"Regen Potion"},{"floor":28.0,"key":"Elixir"},{"floor":39.0,"key":"Adrenaline Potion"},{"floor":61.0,"key":"Swift Potion"},{"floor":74.0,"key":"infinitespire:BlackPotion"},{"floor":84.0,"key":"FairyPotion"},{"floor":118.0,"key":"Swift Potion"}],"is_trial":false,"path_per_floor":["M","$","M","$","?","E","M","R","T","E","R","T","$","?","R_BF","B",null,"M","?","$","M","?","NM","M","$","T","$","M","R","E","M","R","B",null,"M","M","AVR","M","M","R","E","R","T","M","?","?","M","E","R","B",null,"M","?","?","$","M","R","$","R","T","E","?","M","M","?","R","B",null,"M","?","?","M","?","E","R","E","T","M","M","R","AVR","M","R","B",null,"M","M","M","?","?","R","$","E","T","R","E","?","R","M","R","B",null,"M","?","?","?","?","R","$","NM","T","R","$","?","E","M","R","B",null,"M"],"character_chosen":"DEFECT","items_purchased":["Membership Card","Replay:Frozen Program","Gremlin Horn","Loop","PreservedInsect","Strawberry","TheAbacus","Chemical X","Sundial","Double Energy+1","ReplayFunnel","Raider\u0027s Mask"],"campfire_rested":1,"item_purchase_floors":[0,0,0,13,25,27,55,58,58,58,109,109],"current_hp_per_floor":[45,45,45,45,45,26,26,50,50,38,38,38,41,40,43,30,92,92,92,92,83,83,80,81,81,81,88,84,84,73,74,74,41,111,112,113,116,117,118,118,119,119,119,120,120,120,121,116,116,117,123,124,124,93,93,94,94,97,97,97,98,98,99,100,103,103,104,135,136,1,1,1,1,1,1,1,1,1,1,1,1,1,1,1,1,1,1,1,1,1,1,1,1,1,1,1,1,1,1,1,1,1,1,1,1,1,1,1,1,1,1,1,1,1,1,1,1,1,1,1,1],"gold":1216,"neow_bonus":"","is_daily":false,"chose_seed":false,"campfire_upgraded":19,"win_rate":0.0,"timestamp":1614346328,"path_taken":["M","?","M","$","?","E","?","R","T","E","R","?","$","?","R_BF","BOSS","M","?","$","M","?","NM","M","?","T","$","M","R","E","M","R","BOSS","M","M","AVR","M","M","R","E","R","T","M","?","?","M","E","R","BOSS","M","?","?","$","M","R","$","R","T","E","?","M","M","?","R","BOSS","M","?","?","M","?","E","R","E","T","M","M","R","AVR","M","R","BOSS","M","M","M","?","?","R","$","E","T","R","E","?","R","M","R","BOSS","M","?","?","?","?","R","$","NM","T","R","$","?","E","M","R","BOSS","M"],"items_purchased_type":["Relic","Relic","Relic","Card","Relic","Relic","Relic","Relic","Relic","Card","Relic","Relic"],"build_version":"2020-12-22","purchased_purges":11,"victory":false,"max_hp_per_floor":[80,80,80,80,80,80,80,80,80,80,80,80,83,86,89,92,92,92,92,92,95,95,96,97,97,97,104,105,105,106,110,110,111,111,112,113,116,117,118,118,119,119,119,120,120,120,121,122,122,123,123,124,124,124,124,125,125,128,128,128,129,129,130,131,134,134,135,135,136,1,1,1,1,1,1,1,1,1,1,1,1,1,1,1,1,1,1,1,1,1,1,1,1,1,1,1,1,1,1,1,1,1,1,1,1,1,1,1,1,1,1,1,1,1,1,1,1,1,1,1,1],"card_choices":[{"not_picked":["BootSequence","Beam Cell","Rebound"],"picked":"SKIP","floor":1.0},{"not_picked":["Panic Button","hubris:Ukulele"],"picked":"Sweeping Beam","floor":3.0},{"not_picked":["Recycle","Gash","Barrage"],"picked":"SKIP","floor":6.0},{"not_picked":["Consume","Cold Snap","Reprogram"],"picked":"SKIP","floor":7.0},{"not_picked":["Ball Lightning","Steam Power","Redo"],"picked":"SKIP","floor":10.0},{"not_picked":["Turbo","Auto Shields"],"picked":"White Noise","floor":14.0},{"not_picked":["Mirror Shield","hubris:DoWhile"],"picked":"Fission","floor":16.0},{"not_picked":["Redo","Go for the Eyes","Cold Snap"],"picked":"SKIP","floor":18.0},{"not_picked":["Leap","Hologram"],"picked":"Coolheaded","floor":21.0},{"not_picked":["Biased Cognition","Rebound","ReplayTheSpireMod:Reroute Power"],"picked":"SKIP","floor":23.0},{"not_picked":["Stack+1","Rebound","ReplaySort"],"picked":"SKIP","floor":24.0},{"not_picked":["Rip and Tear","Turbo+1","Scrape"],"picked":"SKIP","floor":28.0},{"not_picked":["hubris:PowerSurge+1","Go for the Eyes","Meteor Strike"],"picked":"SKIP","floor":30.0},{"not_picked":["BasicCrystalCard","Reinforced Body"],"picked":"Leap+1","floor":31.0},{"not_picked":["Static Discharge+1","Hologram","Coolheaded"],"picked":"SKIP","floor":35.0},{"not_picked":["Panic Button","Storm+1","BasicCrystalCard"],"picked":"SKIP","floor":36.0},{"not_picked":["Rip and Tear","Compile Driver+1","Scrape"],"picked":"SKIP","floor":38.0},{"not_picked":["Sunder+1","Undo","Beam Cell"],"picked":"SKIP","floor":39.0},{"not_picked":["Hello World","Rebound","Force Field"],"picked":"SKIP","floor":41.0},{"not_picked":["Redo+1","Turbo+1","Undo+1"],"picked":"SKIP","floor":44.0},{"not_picked":["Beam Cell","ReplayTheSpireMod:System Scan+1","Time Bomb"],"picked":"SKIP","floor":47.0},{"not_picked":["Beam Cell","Skim+1","Thunder Strike"],"picked":"SKIP","floor":48.0},{"not_picked":["Compile Driver","Go for the Eyes","Conserve Battery"],"picked":"SKIP","floor":52.0},{"not_picked":["ReplayGash","Rebound","Scrape"],"picked":"SKIP","floor":56.0},{"not_picked":["Ball Lightning","Rebound","Gash"],"picked":"SKIP","floor":61.0},{"not_picked":["Amplify","Rebound","Double Energy"],"picked":"SKIP","floor":63.0},{"not_picked":["Time Bomb","ReplayTheSpireMod:GoodbyeWorld","Conserve Battery"],"picked":"SKIP","floor":64.0},{"not_picked":["Crystallizer","Cold Snap","Steam"],"picked":"SKIP","floor":69.0},{"not_picked":["Coolheaded","Chill","Beam Cell"],"picked":"SKIP","floor":72.0},{"not_picked":["Panic Button","Stack"],"picked":"ReplayRNGCard","floor":74.0},{"not_picked":["Ball Lightning","Time Bomb","Hyperbeam"],"picked":"SKIP","floor":76.0},{"not_picked":["Hologram","Reinforced Body+1","hubris:PowerSurge+1"],"picked":"SKIP","floor":78.0},{"not_picked":["Coolheaded","Loop+1","Scrape"],"picked":"SKIP","floor":79.0},{"not_picked":["Sweeping Beam","Force Field","Cold Snap"],"picked":"SKIP","floor":82.0},{"not_picked":["Go for the Eyes+1","ReplayTheSpireMod:Reroute Power+1","Turbo"],"picked":"SKIP","floor":86.0},{"not_picked":["Streamline","Go for the Eyes","Skim+1"],"picked":"SKIP","floor":87.0},{"not_picked":["Ball Lightning","Sunder+1","Self Repair+1"],"picked":"SKIP","floor":88.0},{"not_picked":["Barrage+1","Ball Lightning+1","Beam Cell"],"picked":"SKIP","floor":93.0},{"not_picked":["Rebound","Hyperbeam","Fusion"],"picked":"SKIP","floor":96.0},{"not_picked":["Streamline","Stack"],"picked":"Capacitor+1","floor":99.0},{"not_picked":["Conserve Battery","Beam Cell","ReplayTheSpireMod:Repulse"],"picked":"SKIP","floor":103.0},{"not_picked":["Compile Driver","ReplayTheSpireMod:Dual Polarity"],"picked":"Consume","floor":110.0},{"not_picked":["Fusion+1","Turbo+1","Compile Driver"],"picked":"SKIP","floor":115.0},{"not_picked":["Leap+1","conspire:SharedLibrary+1"],"picked":"Multi-Cast+1","floor":116.0},{"not_picked":["Hyperbeam","Reboot+1"],"picked":"Fission+1","floor":118.0}],"player_experience":311500,"relics_obtained":[{"floor":6.0,"key":"conspire:DecoderRing"},{"floor":9.0,"key":"Ancient Tea Set"},{"floor":10.0,"key":"Juzu Bracelet"},{"floor":12.0,"key":"Replay:Ringing Soul"},{"floor":14.0,"key":"StoneCalendar"},{"floor":23.0,"key":"infinitespire:Freezer"},{"floor":26.0,"key":"Simple Rune"},{"floor":30.0,"key":"Blue Doll"},{"floor":41.0,"key":"Replay:Multitool"},{"floor":43.0,"key":"hubris:MysteriousPyramids"},{"floor":45.0,"key":"ReplayTheSpireMod:Shallot"},{"floor":48.0,"key":"CeramicFish"},{"floor":60.0,"key":"Boot"},{"floor":61.0,"key":"Oddly Smooth Stone"},{"floor":65.0,"key":"ReplayTheSpireMod:Ring of Exchange"},{"floor":74.0,"key":"hubris:ToyBattleship"},{"floor":76.0,"key":"Gremlin Food"},{"floor":77.0,"key":"Regal Pillow"},{"floor":93.0,"key":"Cables"},{"floor":94.0,"key":"conspire:IceCreamScoop"},{"floor":96.0,"key":"TungstenRod"},{"floor":110.0,"key":"Frozen Egg 2"},{"floor":111.0,"key":"infinitespire:SolderingIron"},{"floor":115.0,"key":"Toxic Egg 2"}],"event_choices":[{"damage_healed":0.0,"max_hp_gain":0.0,"max_hp_loss":0.0,"gold_gain":0.0,"event_name":"Lab","player_choice":"Got Potions","floor":19.0,"gold_loss":0.0,"damage_taken":0.0},{"damage_healed":0.0,"max_hp_gain":0.0,"max_hp_loss":0.0,"gold_gain":0.0,"event_name":"FaceTrader","player_choice":"Trade","floor":22.0,"gold_loss":0.0,"damage_taken":0.0,"relics_obtained":["FaceOfCleric"]},{"damage_healed":0.0,"max_hp_gain":0.0,"max_hp_loss":0.0,"gold_gain":0.0,"event_name":"Wheel of Change","player_choice":"Relic","floor":45.0,"gold_loss":0.0,"damage_taken":0.0},{"cards_removed":["Defend_B"],"damage_healed":0.0,"max_hp_gain":0.0,"max_hp_loss":0.0,"gold_gain":0.0,"event_name":"Purifier","player_choice":"Purged","floor":46.0,"gold_loss":0.0,"damage_taken":0.0},{"cards_removed":["Defend_B"],"damage_healed":0.0,"max_hp_gain":0.0,"max_hp_loss":0.0,"gold_gain":0.0,"event_name":"Living Wall","player_choice":"Forget","floor":53.0,"gold_loss":0.0,"damage_taken":0.0},{"damage_healed":0.0,"max_hp_gain":0.0,"max_hp_loss":0.0,"gold_gain":0.0,"event_name":"Golden Idol","player_choice":"Take Damage","floor":54.0,"gold_loss":0.0,"damage_taken":31.0,"relics_obtained":["Golden Idol"]},{"damage_healed":0.0,"max_hp_gain":0.0,"max_hp_loss":0.0,"gold_gain":0.0,"event_name":"Lab","player_choice":"Got Potions","floor":62.0,"gold_loss":0.0,"damage_taken":0.0},{"damage_healed":0.0,"max_hp_gain":0.0,"max_hp_loss":0.0,"gold_gain":0.0,"event_name":"Addict","player_choice":"Obtained Relic","floor":71.0,"gold_loss":85.0,"damage_taken":0.0,"relics_obtained":["Omamori"]},{"cards_removed":["infinitespire:Pacifist"],"damage_healed":0.0,"max_hp_gain":0.0,"max_hp_loss":0.0,"gold_gain":0.0,"event_name":"Beggar","player_choice":"Gave Gold","floor":73.0,"gold_loss":75.0,"damage_taken":0.0},{"damage_healed":0.0,"max_hp_gain":0.0,"max_hp_loss":0.0,"gold_gain":0.0,"event_name":"Match and Keep!","player_choice":"0 cards matched","floor":89.0,"gold_loss":0.0,"damage_taken":0.0,"cards_obtained":[]},{"damage_healed":0.0,"max_hp_gain":0.0,"max_hp_loss":0.0,"gold_gain":0.0,"event_name":"The Cleric","player_choice":"Leave","floor":104.0,"gold_loss":0.0,"damage_taken":0.0},{"damage_healed":0.0,"max_hp_gain":0.0,"max_hp_loss":0.0,"gold_gain":0.0,"event_name":"Golden Idol","player_choice":"Take Damage","floor":105.0,"gold_loss":0.0,"damage_taken":0.0,"relics_obtained":["Circlet"]},{"damage_healed":0.0,"max_hp_gain":0.0,"max_hp_loss":0.0,"gold_gain":75.0,"event_name":"World of Goop","player_choice":"Gather Gold","floor":106.0,"gold_loss":0.0,"damage_taken":11.0},{"damage_healed":0.0,"max_hp_gain":0.0,"max_hp_loss":0.0,"gold_gain":0.0,"event_name":"Shining Light","player_choice":"Entered Light","floor":107.0,"gold_loss":0.0,"damage_taken":0.0,"cards_upgraded":["infinitespire:UltimateForm","Loop"]}],"is_beta":false,"boss_relics":[{"not_picked":["conspire:SlowCooker","hubris:BlackHole"],"picked":"conspire:RoyalGoblet"},{"not_picked":["hubris:HollowSoul","hubris:ScarierMask"],"picked":"Coffee Dripper"},{"not_picked":["hubris:TerracottaHorce","conspire:SeveredTorchhead","Replay:Bronze Core"]},{"not_picked":["Toolbox","hubris:HollowSoul"],"picked":"hubris:Backtick"},{"not_picked":["ChewingGum","conspire:SeveredTorchhead","Astrolabe"]},{"not_picked":["Kintsugi","Calling Bell"],"picked":"hubris:Stopwatch"},{"not_picked":["hubris:TerracottaHorce","conspire:SlowCooker"],"picked":"infinitespire:Cupcake"}],"items_purged_floors":[0,2,4,13,20,37,55,58,81,92,113],"is_endless":true,"potions_floor_spawned":[1,6,7,10,21,28,31,36,39,48,50,56,61,74,78,84,88,93,99,101,103,118],"killed_by":"3 Byrds","ascension_level":3}}