{"host":"eksvfr80mef7di1h","time":1614372253,"event":{"mods":["AchievementEnabler","BaseMod","Colored Map","Minty Spire (QoL Compilation)","StSLib","SuperFastMode"],"gold_per_floor":[115,133,62,62,62,80,99,110,133,152,152,185,185,197,197,301,301,316,327,327,345,270,270,270,270],"floor_reached":24,"language":"ENG","playtime":596,"items_purged":["Strike_G"],"score":225,"play_id":"6689682c-4de3-447a-9da6-32179699762c","local_time":"20210226214413","is_ascension_mode":false,"campfire_choices":[{"data":"Blade Dance","floor":11,"key":"SMITH"},{"data":"Blade Dance","floor":13,"key":"SMITH"},{"data":"Blade Dance","floor":15,"key":"SMITH"},{"data":"A Thousand Cuts","floor":23,"key":"SMITH"}],"circlet_count":0,"master_deck":["Strike_G","Strike_G","Strike_G","Strike_G","Defend_G","Defend_G","Defend_G","Defend_G","Defend_G","Survivor","Neutralize","Escape Plan","Escape Plan","Blade Dance+1","Blade Dance+1","Slice","Backflip","Blade Dance+1","A Thousand Cuts+1","Acrobatics+1","Cloak And Dagger","Backflip+1"],"relics":["Ring of the Snake","PreservedInsect","Regal Pillow","Anchor","SlaversCollar"],"acts_visited":["Exordium","TheCity"],"potions_floor_usage":[10,12,16],"damage_taken":[{"damage":0,"enemies":"Cultist","floor":1,"turns":4},{"damage":14,"enemies":"Jaw Worm","floor":2,"turns":7},{"damage":0,"enemies":"Small Slimes","floor":6,"turns":4},{"damage":3,"enemies":"Exordium Wildlife","floor":7,"turns":4},{"damage":0,"enemies":"Large Slime","floor":8,"turns":7},{"damage":0,"enemies":"Blue Slaver","floor":10,"turns":3},{"damage":0,"enemies":"Gremlin Nob","floor":12,"turns":2},{"damage":0,"enemies":"Red Slaver","floor":14,"turns":2},{"damage":44,"enemies":"Hexaghost","floor":16,"turns":12},{"damage":5,"enemies":"Shell Parasite","floor":18,"turns":5},{"damage":9,"enemies":"2 Thieves","floor":19,"turns":3},{"damage":5,"enemies":"Snecko","floor":21,"turns":4}],"seed_played":"-7585013286659399728","potions_obtained":[{"floor":6,"key":"DistilledChaos"},{"floor":7,"key":"Block Potion"},{"floor":8,"key":"GamblersBrew"},{"floor":14,"key":"EssenceOfSteel"},{"floor":18,"key":"BlessingOfTheForge"}],"is_trial":false,"path_per_floor":["M","M","$","?","?","M","M","M","T","M","R","E","R","M","R","B",null,"M","M","?","M","$","R","M"],"character_chosen":"THE_SILENT","items_purchased":["Escape Plan"],"campfire_rested":0,"item_purchase_floors":[3],"current_hp_per_floor":[77,63,63,56,56,56,53,53,53,53,53,53,53,53,53,9,77,72,63,49,44,44,44,27,27],"gold":270,"neow_bonus":"TEN_PERCENT_HP_BONUS","is_daily":false,"chose_seed":false,"campfire_upgraded":4,"win_rate":0.0,"timestamp":1614372253,"path_taken":["M","M","?","?","?","M","M","M","T","M","R","E","R","M","R","BOSS","M","M","?","M","$","R","M"],"items_purchased_type":["Card"],"build_version":"2020-12-22","purchased_purges":1,"victory":false,"max_hp_per_floor":[77,77,77,77,77,77,77,77,77,77,77,77,77,77,77,77,77,77,77,82,82,82,82,82,82],"card_choices":[{"not_picked":["Underhanded Strike","Dodge and Roll","Flying Knee"],"picked":"SKIP","floor":1},{"not_picked":["PiercingWail","Dagger Throw"],"picked":"Escape Plan","floor":2},{"not_picked":["Poisoned Stab","Crippling Poison"],"picked":"Blade Dance","floor":6},{"not_picked":["After Image","Sucker Punch"],"picked":"Blade Dance","floor":7},{"not_picked":["Masterful Stab","Sucker Punch"],"picked":"Slice","floor":8},{"not_picked":["Deadly Poison","Flechettes","Flying Knee"],"picked":"SKIP","floor":10},{"not_picked":["Sucker Punch","Terror"],"picked":"Backflip","floor":12},{"not_picked":["Prepared","Backflip"],"picked":"Blade Dance","floor":14},{"not_picked":["Die Die Die","Corpse Explosion"],"picked":"A Thousand Cuts","floor":16},{"not_picked":["Flying Knee","Deflect"],"picked":"Acrobatics+1","floor":18},{"not_picked":["Malaise","Prepared+1"],"picked":"Cloak And Dagger","floor":19},{"not_picked":["PiercingWail","Leg Sweep"],"picked":"Backflip+1","floor":21}],"player_experience":190025,"relics_obtained":[{"floor":9,"key":"Regal Pillow"},{"floor":12,"key":"Anchor"}],"event_choices":[{"damage_healed":0,"gold_gain":0,"player_choice":"Success","damage_taken":7,"relics_obtained":["PreservedInsect"],"max_hp_gain":0,"max_hp_loss":0,"event_name":"Scrap Ooze","floor":4,"gold_loss":0},{"damage_healed":0,"gold_gain":0,"player_choice":"Ignored","damage_taken":0,"max_hp_gain":0,"max_hp_loss":0,"event_name":"Liars Game","floor":5,"gold_loss":0},{"damage_healed":0,"gold_gain":0,"player_choice":"Shed Blood","damage_taken":19,"max_hp_gain":5,"max_hp_loss":0,"event_name":"Forgotten Altar","floor":20,"gold_loss":0}],"is_beta":false,"boss_relics":[{"not_picked":["SacredBark","Pandora\u0027s Box"],"picked":"SlaversCollar"}],"items_purged_floors":[22],"is_endless":false,"potions_floor_spawned":[6,7,8,14,18],"killed_by":"Centurion and Healer","ascension_level":0}}