{"host":"6z6y4ky8uzsz1dpj","time":1614351846,"event":{"mods":["AchievementEnabler","BaseMod","BetterRewards","Challenge The Spire","Colored Map","Hubris","Minty Spire (QoL Compilation)","Quick Restart","Relic Stats","Replay The Spire","StSLib"],"gold_per_floor":[118,118,79,79,93,124,124,139,139,170,170,170,170,186,186,279,279,263,283,283,111,126,164,84,117,197,233,233,257,298,0,0,91,91,110,131,162,187,207,248,101,132,159,183,143,174,199,19,19,19,19],"floor_reached":50,"language":"ENG","playtime":2759,"items_purged":["Strike_G","Strike_G","Strike_G"],"score":1482,"play_id":"bf5e9c06-aeb9-4dc2-8637-e3b054edb1d9","local_time":"20210226100406","is_ascension_mode":true,"campfire_choices":[{"data":"Noxious Fumes","floor":7.0,"key":"SMITH"},{"data":"Deadly Poison","floor":13.0,"key":"SMITH"},{"floor":15.0,"key":"REST"},{"floor":32.0,"key":"REST"},{"floor":49,"key":"REST"}],"circlet_count":0,"master_deck":["AscendersBane","Strike_G","Defend_G+1","Defend_G","Defend_G","Defend_G+1","Defend_G+1","Survivor","Neutralize","Noxious Fumes+1","Deadly Poison","Mayhem+1","Poisoned Stab+1","Deadly Poison","Deadly Poison+1","Noxious Fumes","Adrenaline+1","ReplayTheSpireMod:Necrosis","Crippling Poison","Footwork+1","Choke+1","Bane+1","Replay:Poison Smokescreen","Footwork","After Image","Deadly Poison","Poisoned Stab+1","Corpse Explosion","Flechettes","Pot Of Greed","Pot Of Greed","Pot Of Greed","Backflip+1","Bane","Panache"],"relics":["Ring of the Snake","Thread and Needle","Golden Idol","hubris:PeanutButter","Ninja Scroll","Incense Burner","Bottled Lightning","Ring of Chaos","hubris:MysteriousPyramids","Quantum Egg","Replay:WaspNest","Centennial Puzzle","Nilry\u0027s Codex","Lantern","Philosopher\u0027s Stone","Peace Pipe","hubris:CuriousFeather","War Paint","Whetstone","Simple Rune","Grinning Jar"],"acts_visited":["Exordium","TheCity","TheBeyond"],"potions_floor_usage":[42,47,50],"damage_taken":[{"damage":0.0,"enemies":"Small Slimes","floor":1.0,"turns":5.0},{"damage":0.0,"enemies":"Jaw Worm","floor":5.0,"turns":4.0},{"damage":6.0,"enemies":"3 Sentries","floor":6.0,"turns":8.0},{"damage":0.0,"enemies":"2 Louse","floor":8.0,"turns":3.0},{"damage":24.0,"enemies":"Gremlin Nob","floor":10.0,"turns":5.0},{"damage":0.0,"enemies":"Looter","floor":14.0,"turns":3.0},{"damage":19.0,"enemies":"Slime Boss","floor":16.0,"turns":9.0},{"damage":5.0,"enemies":"2 Thieves","floor":18.0,"turns":4.0},{"damage":1.0,"enemies":"Spheric Guardian","floor":19.0,"turns":4.0},{"damage":3.0,"enemies":"Shelled Parasite and Fungi","floor":22.0,"turns":5.0},{"damage":1.0,"enemies":"Replay:Snechameleon","floor":23.0,"turns":6.0},{"damage":19.0,"enemies":"Slavers","floor":25.0,"turns":5.0},{"damage":0.0,"enemies":"Replay:Snechameleon","floor":27.0,"turns":6.0},{"damage":2.0,"enemies":"Centurion and Healer","floor":29.0,"turns":5.0},{"damage":0.0,"enemies":"Book of Stabbing","floor":30.0,"turns":5.0},{"damage":11.0,"enemies":"Pondfish","floor":33.0,"turns":12.0},{"damage":2.0,"enemies":"3 Darklings","floor":35.0,"turns":4.0},{"damage":0.0,"enemies":"3 Shapes","floor":36.0,"turns":3.0},{"damage":0.0,"enemies":"Mind Bloom Boss Battle","floor":37.0,"turns":5.0},{"damage":16.0,"enemies":"Maw","floor":38.0,"turns":7.0},{"damage":0.0,"enemies":"3 Darklings","floor":39.0,"turns":3.0},{"damage":6.0,"enemies":"R_Hoarder","floor":40.0,"turns":5.0},{"damage":5,"enemies":"Nemesis","floor":42,"turns":7},{"damage":14,"enemies":"Spire Growth","floor":44,"turns":4},{"damage":0,"enemies":"Giant Head","floor":46,"turns":7},{"damage":0,"enemies":"Sphere and 2 Shapes","floor":47,"turns":5},{"damage":60,"enemies":"Time Eater","floor":50,"turns":7}],"seed_played":"-2122909139326045838","potions_obtained":[{"floor":5.0,"key":"Dexterity Potion"},{"floor":8.0,"key":"Strength Potion"},{"floor":14.0,"key":"BlessingOfTheForge"},{"floor":16.0,"key":"Dexterity Potion"},{"floor":18.0,"key":"Elixir"},{"floor":19.0,"key":"SteroidPotion"},{"floor":27.0,"key":"Energy Potion"},{"floor":29.0,"key":"ColorlessPotion"},{"floor":30.0,"key":"Explosive Potion"},{"floor":35.0,"key":"Swift Potion"},{"floor":36.0,"key":"Elixir"},{"floor":39.0,"key":"SpeedPotion"},{"floor":44,"key":"Weak Potion"},{"floor":46,"key":"SpeedPotion"}],"is_trial":false,"path_per_floor":["M","?","$","?","M","E","R","M","T","E","?","T","R","M","R","B",null,"M","M","?","$","M","E","$","E","T","E","?","M","E","$","R","B",null,"M","M","?","M","M","E","$","E","T","M","?","E","M","$","R_BF","B"],"character_chosen":"THE_SILENT","items_purchased":["Noxious Fumes","Deadly Poison","Mayhem","Poisoned Stab+1","Crippling Poison","Footwork","After Image","Deadly Poison","Poisoned Stab","War Paint","Panache"],"campfire_rested":3,"item_purchase_floors":[0,0,0,3,21,24,31,31,31,41,48],"current_hp_per_floor":[56,56,56,56,56,50,50,50,50,26,26,26,26,26,45,26,55,50,49,49,49,46,45,45,26,26,26,10,8,8,8,27,16,53,51,51,51,35,35,29,29,24,24,10,10,10,10,10,29,0,0],"gold":19,"neow_bonus":"","is_daily":false,"chose_seed":false,"campfire_upgraded":2,"win_rate":0.0,"timestamp":1614351846,"path_taken":["M","?","$","?","M","E","R","M","T","E","?","?","R","M","R","BOSS","M","M","?","$","?","E","$","E","T","E","?","M","E","$","R","BOSS","M","M","?","M","M","E","$","E","T","M","?","E","M","$","R_BF","BOSS"],"items_purchased_type":["Card","Card","Card","Card","Card","Card","Card","Card","Card","Relic","Card"],"build_version":"2020-12-22","purchased_purges":3,"victory":false,"max_hp_per_floor":[70,65,65,65,65,65,65,65,65,65,65,65,65,65,65,65,65,65,65,65,65,65,65,65,65,65,65,65,65,65,65,65,65,65,65,65,65,65,65,65,65,65,65,65,65,65,65,65,65,65,65],"relic_stats":{"Peace Pipe":0,"Centennial Puzzle":[25],"counters":[201,934],"Golden Idol":156,"Whetstone":["Choke","Poisoned Stab"],"War Paint":["Defend_G","Adrenaline"],"obtain_stats":[{"TwistedFunnel":0,"Golden Egg":6,"Whetstone":42,"Bottled Tornado":45,"hubris:MysteriousPyramids":23,"Boot":8,"Blood Vial":47,"Replay:Ringing Soul":2,"hubris:AstralHammer":7,"Replay:Bronze Core":17,"Kunai":43,"Replay:Bottled Steam":26,"Counterbalance":0,"hubris:SphereOfDissonance":48,"Pen Nib":43,"Replay:Ancient Bell":17,"Paper Crane":9,"Akabeko":24,"SlaversCollar":34,"MutagenicStrength":21,"Pandora\u0027s Box":17,"Unceasing Top":0,"Lantern":28,"Regal Pillow":4,"hubris:Metronome":26,"StoneCalendar":0,"Blue Doll":49,"Bag of Preparation":25,"Replay:Multitool":24,"Ancient Tea Set":10,"Cursed Key":17,"Smiling Mask":28,"Pet Ghost":7,"Ninja Scroll":27,"WingedGreaves":0,"hubris:CuriousFeather":17,"Ring of the Snake":0,"hubris:GlazedTorus":47,"Golden Idol":3,"Basket Of Snakes":0,"Thread and Needle":0,"hubris:Towel":21,"Frozen Egg 2":28,"MawBank":26,"hubris:Spice":0,"Ectoplasm":17,"Turnip":0,"Bottled Lightning":12,"ReplayTheSpireMod:Lightbulb":20,"Toy Ornithopter":20,"Tiny House":17,"Calipers":0,"Gremlin Horn":23,"Nilry\u0027s Codex":28,"CeramicFish":23,"hubris:VirtuousBlindfold":17,"Centennial Puzzle":27,"HornCleat":38,"Prayer Wheel":0,"Philosopher\u0027s Stone":34,"Iron Hammer":9,"Toxic Egg 2":28,"Byrd Skull":0,"Girya":43,"ReplayTheSpireMod:CursedCoin":5,"Oddly Smooth Stone":25,"Ring of Chaos":17,"Letter Opener":2,"War Paint":41,"Question Card":19,"Du-Vu Doll":0,"hubris:Zylophone":0,"ReplayTheSpireMod:Shallot":26,"Shuriken":13,"Bronze Scales":9,"hubris:PeanutButter":28,"Onion Ring":46,"Simple Rune":43,"ReplayTheSpireMod:TigerMarble":23,"hubris:ToyBattleship":17,"Grinning Jar":46,"Pocketwatch":11,"ReplayFunnel":43,"Snake Skull":9,"hubris:SlimyHat":25,"Juzu Bracelet":40,"Incense Burner":10,"Tough Bandages":41,"Nunchaku":34,"Replay:Bandana":7,"hubris:Icosahedron":11,"Chameleon Ring":25,"Mummified Hand":40,"Pantograph":9,"Tiny Chest":31,"Red Mask":39,"Gremlin Food":8,"hubris:DisguiseKit":34,"ReplayTheSpireMod:Ninjato":6,"Replay:Towering Pillar of Hats":0,"Quantum Egg":31,"Guide Book":36,"Replay:WaspNest":26,"Orichalcum":29,"White Beast Statue":12,"Mercury Hourglass":14,"Calling Bell":34,"Peace Pipe":0,"CaptainsWheel":0,"Anchor":9,"Snack Pack":9,"Membership Card":0,"hubris:Potato":14,"hubris:OldNail":10,"TungstenRod":14},{"TwistedFunnel":147,"Golden Egg":100,"Whetstone":197,"Bottled Tornado":145,"hubris:MysteriousPyramids":185,"Boot":44,"Blood Vial":146,"Replay:Ringing Soul":119,"hubris:AstralHammer":165,"Replay:Bronze Core":79,"Kunai":39,"Replay:Bottled Steam":56,"Counterbalance":16,"hubris:SphereOfDissonance":41,"Pen Nib":115,"Replay:Ancient Bell":156,"Paper Crane":124,"Akabeko":29,"SlaversCollar":35,"MutagenicStrength":105,"Pandora\u0027s Box":93,"Unceasing Top":118,"Lantern":14,"Regal Pillow":98,"hubris:Metronome":134,"StoneCalendar":71,"Blue Doll":117,"Bag of Preparation":30,"Replay:Multitool":106,"Ancient Tea Set":90,"Cursed Key":104,"Smiling Mask":136,"Pet Ghost":4,"Ninja Scroll":107,"WingedGreaves":96,"hubris:CuriousFeather":156,"Ring of the Snake":0,"hubris:GlazedTorus":69,"Golden Idol":73,"Basket Of Snakes":42,"Thread and Needle":71,"hubris:Towel":11,"Frozen Egg 2":31,"MawBank":30,"hubris:Spice":174,"Ectoplasm":50,"Turnip":96,"Bottled Lightning":179,"ReplayTheSpireMod:Lightbulb":105,"Toy Ornithopter":130,"Tiny House":8,"Calipers":16,"Gremlin Horn":12,"Nilry\u0027s Codex":187,"CeramicFish":83,"hubris:VirtuousBlindfold":25,"Centennial Puzzle":187,"HornCleat":37,"Prayer Wheel":96,"Philosopher\u0027s Stone":190,"Iron Hammer":4,"Toxic Egg 2":58,"Byrd Skull":84,"Girya":65,"ReplayTheSpireMod:CursedCoin":149,"Oddly Smooth Stone":13,"Ring of Chaos":181,"Letter Opener":97,"War Paint":196,"Question Card":157,"Du-Vu Doll":71,"hubris:Zylophone":160,"ReplayTheSpireMod:Shallot":13,"Shuriken":77,"Bronze Scales":89,"hubris:PeanutButter":31,"Onion Ring":115,"Simple Rune":197,"ReplayTheSpireMod:TigerMarble":55,"hubris:ToyBattleship":156,"Grinning Jar":199,"Pocketwatch":101,"ReplayFunnel":143,"Snake Skull":76,"hubris:SlimyHat":56,"Juzu Bracelet":114,"Incense Burner":179,"Tough Bandages":39,"Nunchaku":60,"Replay:Bandana":76,"hubris:Icosahedron":125,"Chameleon Ring":134,"Mummified Hand":63,"Pantograph":100,"Tiny Chest":109,"Red Mask":62,"Gremlin Food":21,"hubris:DisguiseKit":60,"ReplayTheSpireMod:Ninjato":44,"Replay:Towering Pillar of Hats":96,"Quantum Egg":34,"Guide Book":36,"Replay:WaspNest":186,"Orichalcum":32,"White Beast Statue":126,"Mercury Hourglass":103,"Calling Bell":60,"Peace Pipe":160,"CaptainsWheel":0,"Anchor":44,"Snack Pack":165,"Membership Card":16,"hubris:Potato":7,"hubris:OldNail":22,"TungstenRod":49},{"TwistedFunnel":678,"Golden Egg":454,"Whetstone":911,"Bottled Tornado":665,"hubris:MysteriousPyramids":844,"Boot":251,"Blood Vial":670,"Replay:Ringing Soul":551,"hubris:AstralHammer":742,"Replay:Bronze Core":370,"Kunai":223,"Replay:Bottled Steam":294,"Counterbalance":85,"hubris:SphereOfDissonance":235,"Pen Nib":533,"Replay:Ancient Bell":708,"Paper Crane":574,"Akabeko":162,"SlaversCollar":201,"MutagenicStrength":488,"Pandora\u0027s Box":429,"Unceasing Top":546,"Lantern":76,"Regal Pillow":447,"hubris:Metronome":619,"StoneCalendar":332,"Blue Doll":540,"Bag of Preparation":168,"Replay:Multitool":493,"Ancient Tea Set":415,"Cursed Key":485,"Smiling Mask":628,"Pet Ghost":17,"Ninja Scroll":499,"WingedGreaves":441,"hubris:CuriousFeather":708,"Ring of the Snake":0,"hubris:GlazedTorus":327,"Golden Idol":338,"Basket Of Snakes":243,"Thread and Needle":332,"hubris:Towel":56,"Frozen Egg 2":173,"MawBank":168,"hubris:Spice":788,"Ectoplasm":271,"Turnip":441,"Bottled Lightning":813,"ReplayTheSpireMod:Lightbulb":488,"Toy Ornithopter":605,"Tiny House":42,"Calipers":85,"Gremlin Horn":65,"Nilry\u0027s Codex":855,"CeramicFish":384,"hubris:VirtuousBlindfold":140,"Centennial Puzzle":855,"HornCleat":211,"Prayer Wheel":441,"Philosopher\u0027s Stone":877,"Iron Hammer":17,"Toxic Egg 2":299,"Byrd Skull":388,"Girya":319,"ReplayTheSpireMod:CursedCoin":685,"Oddly Smooth Stone":70,"Ring of Chaos":825,"Letter Opener":443,"War Paint":904,"Question Card":712,"Du-Vu Doll":332,"hubris:Zylophone":721,"ReplayTheSpireMod:Shallot":70,"Shuriken":359,"Bronze Scales":409,"hubris:PeanutButter":173,"Onion Ring":533,"Simple Rune":911,"ReplayTheSpireMod:TigerMarble":291,"hubris:ToyBattleship":708,"Grinning Jar":922,"Pocketwatch":465,"ReplayFunnel":655,"Snake Skull":355,"hubris:SlimyHat":294,"Juzu Bracelet":527,"Incense Burner":813,"Tough Bandages":223,"Nunchaku":305,"Replay:Bandana":355,"hubris:Icosahedron":585,"Chameleon Ring":619,"Mummified Hand":313,"Pantograph":454,"Tiny Chest":506,"Red Mask":310,"Gremlin Food":113,"hubris:DisguiseKit":305,"ReplayTheSpireMod:Ninjato":251,"Replay:Towering Pillar of Hats":441,"Quantum Egg":190,"Guide Book":206,"Replay:WaspNest":849,"Orichalcum":179,"White Beast Statue":590,"Mercury Hourglass":472,"Calling Bell":305,"Peace Pipe":721,"CaptainsWheel":0,"Anchor":251,"Snack Pack":742,"Membership Card":85,"hubris:Potato":31,"hubris:OldNail":121,"TungstenRod":265}],"Ring of the Snake":[401]},"card_choices":[{"not_picked":["Sucker Punch","Deflect","PiercingWail"],"picked":"SKIP","floor":1.0},{"not_picked":["ReplayTheSpireMod:Speed Training","Quick Slash"],"picked":"Deadly Poison","floor":5.0},{"not_picked":["Slice","Well Laid Plans","Bane"],"picked":"SKIP","floor":6.0},{"not_picked":["Underhanded Strike","hubris:SlightOfHand","Venomology"],"picked":"SKIP","floor":8.0},{"not_picked":["Endless Agony","Outmaneuver","Finisher"],"picked":"SKIP","floor":10.0},{"not_picked":["Poisoned Stab","All Out Attack"],"picked":"Noxious Fumes","floor":14.0},{"not_picked":["Grand Finale","A Thousand Cuts"],"picked":"Adrenaline","floor":16.0},{"not_picked":["Slice","ReplayTheSpireMod:Scrap Shanks","Predator"],"picked":"SKIP","floor":18.0},{"not_picked":["hubris:SlightOfHand","Dash","PiercingWail"],"picked":"SKIP","floor":19.0},{"not_picked":["Infinite Blades","ReplayTheSpireMod:The Works","Choke+1"],"picked":"SKIP","floor":22.0},{"not_picked":["hubris:SlightOfHand","Malaise","Outmaneuver+1"],"picked":"SKIP","floor":23.0},{"not_picked":["Blur","ReplayTheSpireMod:Shiv Toss+1"],"picked":"Choke","floor":25.0},{"not_picked":["Well Laid Plans","Calculated Gamble"],"picked":"Bane+1","floor":27.0},{"not_picked":["Dagger Throw","Outmaneuver+1"],"picked":"Replay:Poison Smokescreen","floor":29.0},{"not_picked":["Reflex","Venomology"],"picked":"Footwork","floor":30.0},{"not_picked":["Glass Knife","Envenom"],"picked":"Corpse Explosion","floor":33.0},{"not_picked":["Hidden Blade+1","PiercingWail"],"picked":"Flechettes","floor":35.0},{"not_picked":["Backflip","hubris:SlightOfHand","Predator"],"picked":"SKIP","floor":36.0},{"not_picked":["Cloak And Dagger","Accuracy","Dodge and Roll"],"picked":"SKIP","floor":38.0},{"not_picked":["Bane","Dodge and Roll+1","Eviscerate+1"],"picked":"SKIP","floor":39.0},{"not_picked":["Tactician","Blade Dance","Underhanded Strike+1"],"picked":"SKIP","floor":40.0},{"not_picked":["Quick Slash","Eviscerate","Backflip"],"picked":"SKIP","floor":42},{"not_picked":["Tools of the Trade","Bane","Eviscerate"],"picked":"SKIP","floor":44},{"not_picked":["ReplayTheSpireMod:Speed Training","Cloak And Dagger"],"picked":"Backflip+1","floor":46},{"not_picked":["Accuracy+1","hubris:TrickCloak"],"picked":"Bane","floor":47}],"player_experience":654775,"relics_obtained":[{"floor":6.0,"key":"hubris:PeanutButter"},{"floor":9.0,"key":"Ninja Scroll"},{"floor":10.0,"key":"Incense Burner"},{"floor":12.0,"key":"Bottled Lightning"},{"floor":23.0,"key":"hubris:MysteriousPyramids"},{"floor":25.0,"key":"Quantum Egg"},{"floor":26.0,"key":"Replay:WaspNest"},{"floor":27.0,"key":"Centennial Puzzle"},{"floor":28.0,"key":"Nilry\u0027s Codex"},{"floor":30.0,"key":"Lantern"},{"floor":37.0,"key":"Peace Pipe"},{"floor":40.0,"key":"hubris:CuriousFeather"},{"floor":42,"key":"Whetstone"},{"floor":43,"key":"Simple Rune"},{"floor":46,"key":"Grinning Jar"}],"event_choices":[{"damage_healed":0.0,"max_hp_gain":0.0,"max_hp_loss":5.0,"gold_gain":0.0,"event_name":"Golden Idol","player_choice":"Lose Max HP","floor":2.0,"gold_loss":0.0,"damage_taken":0.0,"relics_obtained":["Golden Idol"]},{"damage_healed":0.0,"max_hp_gain":0.0,"max_hp_loss":0.0,"gold_gain":0.0,"event_name":"Living Wall","player_choice":"Grow","floor":11.0,"gold_loss":0.0,"damage_taken":0.0,"cards_upgraded":["Mayhem"]},{"damage_healed":0.0,"max_hp_gain":0.0,"max_hp_loss":0.0,"gold_gain":0.0,"cards_transformed":["Strike_G"],"event_name":"Transmorgrifier","player_choice":"Transformed","floor":20.0,"gold_loss":0.0,"damage_taken":0.0,"cards_obtained":["ReplayTheSpireMod:Necrosis"]},{"damage_healed":0.0,"max_hp_gain":0.0,"max_hp_loss":0.0,"gold_gain":0.0,"event_name":"Cursed Tome","player_choice":"Obtained Book","floor":28.0,"gold_loss":0.0,"damage_taken":16.0},{"damage_healed":0.0,"max_hp_gain":0.0,"max_hp_loss":0.0,"gold_gain":0.0,"event_name":"MindBloom","player_choice":"Fight","floor":37.0,"gold_loss":0.0,"damage_taken":0.0},{"damage_healed":0,"gold_gain":0,"player_choice":"Upgrade","damage_taken":0,"max_hp_gain":0,"max_hp_loss":0,"event_name":"Designer","floor":45,"gold_loss":40,"cards_upgraded":["Footwork"]}],"is_beta":false,"boss_relics":[{"not_picked":["ChewingGum","SacredBark"],"picked":"Ring of Chaos"},{"not_picked":["hubris:CrackedHourglass","HoveringKite"],"picked":"Philosopher\u0027s Stone"}],"items_purged_floors":[0,21,31],"is_endless":false,"potions_floor_spawned":[5,8,14,16,18,19,27,29,30,35,36,39,44,46],"killed_by":"Time Eater","ascension_level":13}}