{"host":"1vxemzms76200xsp","time":1614367428,"event":{"mods":["AchievementEnabler","BaseMod","Better Synergies","Card Forge","Friendly Minions","Highlight Path","Minty Spire (QoL Compilation)","StSLib"],"gold_per_floor":[110,0,0,0,0,0,0,0,0,15,38,51,12,31,31,155,155,174,25,39,39,54,54,72,103,103,64,82,82,103,127,127,250,250,269,327,346,346,346,346],"floor_reached":39,"language":"ENG","playtime":1582,"items_purged":["Burst","Strike_G"],"score":418,"play_id":"55d2b38e-be05-4989-b34b-30adda40414b","local_time":"20210226212348","is_ascension_mode":false,"campfire_choices":[{"data":"Blade Dance","floor":6,"key":"SMITH"},{"data":"Neutralize","floor":8,"key":"SMITH"},{"data":"Accuracy","floor":15,"key":"SMITH"},{"data":"Cloak And Dagger","floor":23,"key":"SMITH"},{"floor":29,"key":"REST"},{"floor":32,"key":"REST"}],"circlet_count":0,"master_deck":["Strike_G","Strike_G","Defend_G","Defend_G","Defend_G","Defend_G","Defend_G","Survivor","Neutralize+1","Blade Dance+1","Caltrops+1","Accuracy","Cloak And Dagger+1","Accuracy+1","Phantasmal Killer","Slice","Slice","Slice","Cloak And Dagger","Infinite Blades","Slice","Slice"],"relics":["Ring of the Snake","Hammer of Thor","Seething Fire","Anvil of the Gods","Golden Idol","Ninja Scroll","WristBlade","Toxic Egg 2","Paper Crane","SacredBark","Mango"],"acts_visited":["Exordium","TheCity","TheBeyond"],"potions_floor_usage":[],"damage_taken":[{"damage":4,"enemies":"Jaw Worm","floor":1,"turns":8},{"damage":0,"enemies":"Small Slimes","floor":10,"turns":1},{"damage":0,"enemies":"Cultist","floor":11,"turns":4},{"damage":7,"enemies":"Lots of Slimes","floor":12,"turns":3},{"damage":1,"enemies":"Red Slaver","floor":14,"turns":2},{"damage":16,"enemies":"Slime Boss","floor":16,"turns":6},{"damage":10,"enemies":"Spheric Guardian","floor":18,"turns":3},{"damage":8,"enemies":"Shell Parasite","floor":20,"turns":3},{"damage":8,"enemies":"Centurion and Healer","floor":22,"turns":4},{"damage":0,"enemies":"Cultist and Chosen","floor":24,"turns":3},{"damage":21,"enemies":"Book of Stabbing","floor":25,"turns":3},{"damage":10,"enemies":"Sentry and Sphere","floor":28,"turns":3},{"damage":15,"enemies":"Snake Plant","floor":30,"turns":2},{"damage":1,"enemies":"Shelled Parasite and Fungi","floor":31,"turns":2},{"damage":35,"enemies":"Automaton","floor":33,"turns":5},{"damage":11,"enemies":"3 Darklings","floor":35,"turns":3},{"damage":55,"enemies":"2 Orb Walkers","floor":36,"turns":5},{"damage":0,"enemies":"Orb Walker","floor":37,"turns":1},{"damage":18,"enemies":"4 Shapes","floor":39,"turns":1}],"seed_played":"-3056135495532991635","potions_obtained":[{"floor":10,"key":"ColorlessPotion"},{"floor":11,"key":"Block Potion"},{"floor":18,"key":"GamblersBrew"},{"floor":24,"key":"SkillPotion"},{"floor":28,"key":"EntropicBrew"}],"is_trial":false,"path_per_floor":["M","$","?","?","?","R","?","R","T","M","M","M","$","M","R","B",null,"M","$","M","$","M","R","M","E","T","$","M","R","M","M","R","B",null,"M","?","M","?","M"],"character_chosen":"THE_SILENT","items_purchased":["Caltrops","Accuracy","Slice","Infinite Blades"],"campfire_rested":2,"item_purchase_floors":[2,13,19,27],"current_hp_per_floor":[66,66,49,70,70,70,70,70,70,70,70,63,63,62,62,46,70,60,60,52,52,44,44,44,23,23,23,13,34,19,18,39,4,70,59,18,18,18,0,0],"gold":346,"neow_bonus":"ONE_RANDOM_RARE_CARD","is_daily":false,"chose_seed":false,"campfire_upgraded":4,"win_rate":0.0,"timestamp":1614367428,"path_taken":["M","$","?","?","?","R","?","R","T","M","M","?","$","M","R","BOSS","M","$","?","?","?","R","M","E","T","?","M","R","M","M","R","BOSS","M","?","M","?","?"],"items_purchased_type":["Card","Card","Card","Card"],"build_version":"2020-12-22","purchased_purges":2,"victory":false,"max_hp_per_floor":[70,70,70,70,70,70,70,70,70,70,70,70,70,70,70,70,70,70,70,70,70,70,70,70,70,70,70,70,70,70,70,70,70,70,70,84,84,84,84,84],"card_choices":[{"not_picked":["Backflip","Sucker Punch"],"picked":"Blade Dance","floor":1},{"not_picked":["Backflip","Slice"],"picked":"Accuracy","floor":10},{"not_picked":["Underhanded Strike","Poisoned Stab"],"picked":"Cloak And Dagger","floor":11},{"not_picked":["Acrobatics","Deflect","Dagger Throw"],"picked":"SKIP","floor":12},{"not_picked":["Bane","Poisoned Stab","Dagger Throw"],"picked":"SKIP","floor":14},{"not_picked":["Corpse Explosion","Adrenaline"],"picked":"Phantasmal Killer","floor":16},{"not_picked":["Riddle With Holes","Sucker Punch"],"picked":"Slice","floor":18},{"not_picked":["Dagger Throw","Riddle With Holes"],"picked":"Slice","floor":20},{"not_picked":["Masterful Stab","Skewer","Flying Knee"],"picked":"SKIP","floor":22},{"not_picked":["Catalyst","Sucker Punch"],"picked":"Cloak And Dagger","floor":24},{"not_picked":["Dodge and Roll+1","Leg Sweep+1","Eviscerate"],"picked":"SKIP","floor":25},{"not_picked":["Backflip+1","PiercingWail+1"],"picked":"Slice","floor":28},{"not_picked":["Doppelganger+1","Footwork","Catalyst+1"],"picked":"SKIP","floor":30},{"not_picked":["Flying Knee+1","Dodge and Roll+1","Dash+1"],"picked":"SKIP","floor":31},{"not_picked":["Deadly Poison+1","Backstab","Footwork"],"picked":"SKIP","floor":35},{"not_picked":["Deadly Poison+1","Noxious Fumes+1"],"picked":"Slice","floor":36},{"not_picked":["Poisoned Stab+1","Calculated Gamble+1","Backflip+1"],"picked":"SKIP","floor":37}],"player_experience":30805,"relics_obtained":[{"floor":9,"key":"Ninja Scroll"},{"floor":25,"key":"Toxic Egg 2"},{"floor":26,"key":"Paper Crane"},{"floor":36,"key":"Mango"}],"event_choices":[{"damage_healed":0,"gold_gain":0,"player_choice":"Take Damage","damage_taken":17,"relics_obtained":["Golden Idol"],"max_hp_gain":0,"max_hp_loss":0,"event_name":"Golden Idol","floor":3,"gold_loss":0},{"damage_healed":23,"gold_gain":0,"player_choice":"Banana","damage_taken":0,"max_hp_gain":0,"max_hp_loss":0,"event_name":"Big Fish","floor":4,"gold_loss":0},{"damage_healed":0,"gold_gain":0,"player_choice":"Grow","damage_taken":0,"max_hp_gain":0,"max_hp_loss":0,"event_name":"Living Wall","floor":5,"gold_loss":0,"cards_upgraded":["Caltrops"]},{"cards_removed":["Strike_G"],"damage_healed":0,"gold_gain":0,"player_choice":"Purged","damage_taken":0,"max_hp_gain":0,"max_hp_loss":0,"event_name":"Purifier","floor":7,"gold_loss":0},{"damage_healed":0,"gold_gain":0,"player_choice":"Fight","damage_taken":0,"max_hp_gain":0,"max_hp_loss":0,"event_name":"Mysterious Sphere","floor":36,"gold_loss":0},{"cards_removed":["Strike_G"],"damage_healed":0,"gold_gain":0,"player_choice":"Purged","damage_taken":0,"max_hp_gain":0,"max_hp_loss":0,"event_name":"Purifier","floor":38,"gold_loss":0}],"is_beta":false,"boss_relics":[{"not_picked":["Runic Pyramid","Empty Cage"],"picked":"WristBlade"},{"not_picked":["Astrolabe","Coffee Dripper"],"picked":"SacredBark"}],"items_purged_floors":[2,19],"is_endless":false,"potions_floor_spawned":[10,11,18,24,28,30,31,35,37],"killed_by":"4 Shapes","ascension_level":0}}