{"host":"o221npfsfw6z66k1","time":1614358897,"event":{"mods":["BaseMod","Downfall","Googly Eyes","Hermit","Hero for Fun","Jorbs\u0027s Wanderer Trilogy","Minty Spire (QoL Compilation)","Random Character Button","Robot Space Explorer","StSLib","The Animator","The Cursed","The Hierophant","The Jungle","The Runesmith","The Servant 0.9.4"],"gold_per_floor":[115,134,134,153,219,219,219],"floor_reached":6,"language":"ENG","playtime":931,"items_purged":[],"score":52,"play_id":"f316f32f-1add-4b07-aa7b-b1fc982419e7","local_time":"20210226100137","is_ascension_mode":true,"campfire_choices":[],"circlet_count":0,"master_deck":["Strike_B","Strike_B","Strike_B","Strike_B","Defend_B","Defend_B","Defend_B","Defend_B","Zap","Dualcast","Loop","Doom and Gloom"],"relics":["Cracked Core","FossilizedHelix"],"acts_visited":["Exordium"],"potions_floor_usage":[6],"damage_taken":[{"damage":16,"enemies":"Small Slimes","floor":1,"turns":4},{"damage":12,"enemies":"Jaw Worm","floor":2,"turns":3},{"damage":7,"enemies":"2 Louse","floor":4,"turns":2},{"damage":20,"enemies":"3 Sentries","floor":6,"turns":5}],"seed_played":"-6584137421484507943","potions_obtained":[{"floor":4,"key":"Block Potion"}],"is_trial":false,"path_per_floor":["M","M","?","M","?","E"],"character_chosen":"DEFECT","items_purchased":[],"campfire_rested":0,"item_purchase_floors":[],"current_hp_per_floor":[59,47,22,15,15,0,0],"gold":219,"neow_bonus":"TEN_PERCENT_HP_BONUS","is_daily":false,"chose_seed":false,"campfire_upgraded":0,"win_rate":0.0,"timestamp":1614358897,"path_taken":["M","M","?","M","?","E"],"items_purchased_type":[],"build_version":"2020-12-22","purchased_purges":0,"victory":false,"max_hp_per_floor":[82,82,82,82,82,82,82],"card_choices":[{"not_picked":["Rebound","Beam Cell"],"picked":"Loop","floor":1},{"not_picked":["Cold Snap","Leap"],"picked":"Doom and Gloom","floor":2},{"not_picked":["Lockon","Meteor Strike","Hologram"],"picked":"SKIP","floor":4}],"player_experience":458279,"relics_obtained":[],"event_choices":[{"damage_healed":0,"gold_gain":0,"player_choice":"Success","damage_taken":25,"relics_obtained":["FossilizedHelix"],"max_hp_gain":0,"max_hp_loss":0,"event_name":"Scrap Ooze","floor":3,"gold_loss":0},{"damage_healed":0,"gold_gain":66,"player_choice":"Gained Gold","damage_taken":0,"max_hp_gain":0,"max_hp_loss":0,"event_name":"Golden Wing","floor":5,"gold_loss":0}],"is_beta":false,"boss_relics":[],"items_purged_floors":[],"is_endless":false,"potions_floor_spawned":[4],"killed_by":"3 Sentries","ascension_level":9}}