{"host":"dyzdf8svqmiivg97","time":1614337730,"event":{"mods":["AchievementEnabler","BaseMod","Colored Map","DeckTracker","Minty Spire (QoL Compilation)","Quick Restart","Rare Cards Sparkle","SuperFastMode"],"gold_per_floor":[112,129,144,160,178,178,204,204,204,279,297,297,323,0,0,83,83,103,103,115,115,115],"floor_reached":21,"language":"KOR","playtime":476,"items_purged":[],"score":353,"play_id":"731e8a1e-ffdd-4683-bc88-ecee091a390b","local_time":"20210226200850","is_ascension_mode":true,"campfire_choices":[{"data":"Eruption","floor":6,"key":"SMITH"},{"floor":8,"key":"REST"},{"floor":12,"key":"REST"},{"floor":15,"key":"REST"}],"circlet_count":0,"master_deck":["AscendersBane","Strike_P","Strike_P","Strike_P","Defend_P","Defend_P","Defend_P","Defend_P","Eruption+1","Vigilance","DeusExMachina","MentalFortress","BowlingBash","FearNoEvil","ForeignInfluence","Vault"],"relics":["PureWater","White Beast Statue","Bronze Scales","CeramicFish","Membership Card","Turnip"],"acts_visited":["Exordium","TheCity"],"potions_floor_usage":[4,7,13],"damage_taken":[{"damage":2.0,"enemies":"Jaw Worm","floor":1.0,"turns":3.0},{"damage":0.0,"enemies":"Small Slimes","floor":2.0,"turns":3.0},{"damage":2.0,"enemies":"Cultist","floor":3.0,"turns":3.0},{"damage":20,"enemies":"Exordium Wildlife","floor":4,"turns":5},{"damage":0,"enemies":"Red Slaver","floor":5,"turns":5},{"damage":29,"enemies":"Gremlin Nob","floor":7,"turns":4},{"damage":14,"enemies":"3 Louse","floor":11,"turns":2},{"damage":10,"enemies":"Lagavulin","floor":13,"turns":5},{"damage":22,"enemies":"The Guardian","floor":16,"turns":11},{"damage":20,"enemies":"3 Byrds","floor":18,"turns":5},{"damage":0,"enemies":"Chosen","floor":20,"turns":3},{"damage":0,"enemies":"Snake Plant","floor":21,"turns":1}],"seed_played":"1230825974074788351","potions_obtained":[{"floor":2.0,"key":"SpeedPotion"},{"floor":3.0,"key":"Swift Potion"},{"floor":7,"key":"AttackPotion"},{"floor":11,"key":"Ancient Potion"},{"floor":13,"key":"SteroidPotion"},{"floor":18,"key":"Fire Potion"},{"floor":20,"key":"StancePotion"}],"is_trial":false,"path_per_floor":["M","M","M","M","M","R","E","R","T","?","M","R","E","$","R","B",null,"M","?","M","M"],"character_chosen":"WATCHER","items_purchased":["Membership Card","Turnip"],"campfire_rested":3,"item_purchase_floors":[14,14],"current_hp_per_floor":[59,59,57,37,37,37,8,28,28,17,3,23,13,13,33,11,54,34,15,15,15,15],"gold":115,"neow_bonus":"TRANSFORM_CARD","is_daily":false,"chose_seed":false,"campfire_upgraded":1,"win_rate":0.0,"timestamp":1614337730,"path_taken":["M","M","M","M","M","R","E","R","T","?","M","R","E","$","R","BOSS","M","?","M","M"],"items_purchased_type":["Relic","Relic"],"build_version":"2020-12-22","purchased_purges":0,"victory":false,"max_hp_per_floor":[68,68,68,68,68,68,68,68,68,68,68,68,68,68,68,68,68,68,73,73,73,73],"card_choices":[{"not_picked":["FlyingSleeves","FearNoEvil"],"picked":"MentalFortress","floor":1.0},{"not_picked":["PathToVictory","EmptyBody"],"picked":"BowlingBash","floor":2.0},{"not_picked":["ThirdEye","Study","FollowUp"],"picked":"SKIP","floor":3.0},{"not_picked":["Prostrate","SashWhip"],"picked":"FearNoEvil","floor":4},{"not_picked":["Weave","SashWhip","JustLucky"],"picked":"SKIP","floor":5},{"not_picked":["WreathOfFlame","ClearTheMind"],"picked":"ForeignInfluence","floor":7},{"not_picked":["Crescendo","DeceiveReality","CrushJoints"],"picked":"SKIP","floor":11},{"not_picked":["ForeignInfluence","Perseverance","Consecrate"],"picked":"SKIP","floor":13},{"not_picked":["SpiritShield","Omniscience"],"picked":"Vault","floor":16},{"not_picked":["Weave","FlurryOfBlows","ThirdEye"],"picked":"SKIP","floor":18},{"not_picked":["CutThroughFate","ThirdEye","EmptyMind"],"picked":"SKIP","floor":20}],"player_experience":613896,"relics_obtained":[{"floor":7,"key":"White Beast Statue"},{"floor":9,"key":"Bronze Scales"},{"floor":13,"key":"CeramicFish"}],"event_choices":[{"damage_healed":0,"gold_gain":75,"player_choice":"Gather Gold","damage_taken":11,"max_hp_gain":0,"max_hp_loss":0,"event_name":"World of Goop","floor":10,"gold_loss":0},{"damage_healed":0,"gold_gain":0,"player_choice":"Shed Blood","damage_taken":24,"max_hp_gain":5,"max_hp_loss":0,"event_name":"Forgotten Altar","floor":19,"gold_loss":0}],"is_beta":false,"boss_relics":[{"not_picked":["Snecko Eye","Ectoplasm","Velvet Choker"]}],"items_purged_floors":[],"is_endless":false,"potions_floor_spawned":[2,3,7,11,13,16,18,20],"killed_by":"Snake Plant","ascension_level":17}}