{"host":"k7udt7atmcuzf6l0","time":1614339956,"event":{"mods":["Act Like it!","BaseMod","Colored Map","Colored Powertips","Highlight Path","Minty Spire (QoL Compilation)","Quick Restart","Rare Cards Sparkle","Relic Stats","StSLib","UnlockEverythingMod"],"gold_per_floor":[110,110,121,121,138,170,170,184,184,184,204,222,6,17,17,118,118,132,132,47,63,76,76,87,87,87,20,33,68,68,86,86,187,187,205,221,2,25,37,71,71,98,171,171,181,181,181,181],"floor_reached":47,"language":"ZHS","playtime":1276,"items_purged":[],"score":534,"play_id":"d0267dce-3e67-430a-8cd9-cf14e74a0acc","local_time":"20210226194556","is_ascension_mode":false,"campfire_choices":[{"data":"Uppercut","floor":7.0,"key":"SMITH"},{"data":"Infernal Blade","floor":10.0,"key":"SMITH"},{"data":"Berserk","floor":15.0,"key":"SMITH"},{"data":"Inflame","floor":23.0,"key":"SMITH"},{"data":"Shockwave","floor":32.0,"key":"SMITH"},{"data":"Brutality","floor":41.0,"key":"SMITH"},{"data":"Rage","floor":44.0,"key":"SMITH"},{"data":"Bludgeon","floor":46,"key":"SMITH"}],"circlet_count":0,"master_deck":["Strike_R","Defend_R","Defend_R","Defend_R","Defend_R","Bash","Clash","Uppercut+1","Infernal Blade+1","Pommel Strike","Anger","Rage+1","Berserk+1","Feed","Battle Trance+1","Impervious+1","Disarm+1","Sword Boomerang","Inflame+1","Whirlwind+1","Bloodletting","Rupture+1","Shockwave+1","Carnage+1","Warcry+1","Bludgeon+1","CurseOfTheBell","Cleave+1","Dark Embrace+1","Combust","Brutality+1","Dropkick","Dropkick+1","Iron Wave+1"],"relics":["Burning Blood","NeowsBlessing","Lantern","Blue Candle","Akabeko","Astrolabe","Ornamental Fan","Champion Belt","Du-Vu Doll","Boot","Calling Bell","MealTicket","Mercury Hourglass","Bird Faced Urn","TheAbacus","Bronze Scales","Prayer Wheel","Toxic Egg 2","Kunai"],"acts_visited":["Exordium","TheCity","TheBeyond"],"potions_floor_usage":[],"damage_taken":[{"damage":0.0,"enemies":"Small Slimes","floor":1.0,"turns":1.0},{"damage":0.0,"enemies":"2 Louse","floor":3.0,"turns":1.0},{"damage":0.0,"enemies":"Cultist","floor":5.0,"turns":1.0},{"damage":8.0,"enemies":"3 Sentries","floor":6.0,"turns":8.0},{"damage":11.0,"enemies":"Exordium Wildlife","floor":8.0,"turns":2.0},{"damage":9.0,"enemies":"Blue Slaver","floor":11.0,"turns":3.0},{"damage":0.0,"enemies":"Large Slime","floor":12.0,"turns":2.0},{"damage":0.0,"enemies":"Gremlin Gang","floor":14.0,"turns":3.0},{"damage":52.0,"enemies":"Hexaghost","floor":16.0,"turns":8.0},{"damage":0.0,"enemies":"2 Thieves","floor":18.0,"turns":3.0},{"damage":4.0,"enemies":"Chosen","floor":21.0,"turns":3.0},{"damage":8.0,"enemies":"Snecko","floor":22.0,"turns":4.0},{"damage":18.0,"enemies":"Centurion and Healer","floor":24.0,"turns":3.0},{"damage":13.0,"enemies":"Shelled Parasite and Fungi","floor":28.0,"turns":5.0},{"damage":12.0,"enemies":"Gremlin Leader","floor":29.0,"turns":3.0},{"damage":3.0,"enemies":"Snecko","floor":31.0,"turns":1.0},{"damage":12.0,"enemies":"Champ","floor":33.0,"turns":9.0},{"damage":6.0,"enemies":"Orb Walker","floor":35.0,"turns":3.0},{"damage":15.0,"enemies":"3 Shapes","floor":36.0,"turns":3.0},{"damage":21.0,"enemies":"Transient","floor":39.0,"turns":5.0},{"damage":16.0,"enemies":"Giant Head","floor":40.0,"turns":6.0},{"damage":52.0,"enemies":"Reptomancer","floor":42.0,"turns":5.0},{"damage":41.0,"enemies":"Writhing Mass","floor":45.0,"turns":5.0},{"damage":39,"enemies":"Spire Growth","floor":47,"turns":3}],"seed_played":"-337539553857624187","potions_obtained":[{"floor":1.0,"key":"BlessingOfTheForge"},{"floor":5.0,"key":"Explosive Potion"},{"floor":14.0,"key":"EssenceOfSteel"},{"floor":16.0,"key":"PowerPotion"},{"floor":18.0,"key":"Fruit Juice"},{"floor":29.0,"key":"BlessingOfTheForge"},{"floor":31.0,"key":"Weak Potion"},{"floor":42.0,"key":"Ancient Potion"}],"is_trial":false,"path_per_floor":["M","?","M","?","M","E","R","M","T","R","M","M","$","M","R","B",null,"M","?","?","M","M","R","M","?","T","$","M","E","$","M","R","B",null,"M","M","$","T","M","E","R","E","T","R","M","R","M"],"character_chosen":"IRONCLAD","items_purchased":["Akabeko","Rage","Shockwave","Combust","TheAbacus"],"campfire_rested":0,"item_purchase_floors":[13,13,27,37,37],"current_hp_per_floor":[80,85,85,85,85,83,83,78,78,78,75,81,81,85,85,39,85,88,88,88,93,91,91,79,79,79,79,72,66,66,69,69,66,96,96,89,96,96,84,87,87,49,49,49,20,20,0,0],"gold":181,"neow_bonus":"THREE_ENEMY_KILL","is_daily":false,"chose_seed":false,"campfire_upgraded":8,"win_rate":0.0,"timestamp":1614339956,"path_taken":["M","?","M","?","M","E","R","M","T","R","?","M","$","M","R","BOSS","M","?","?","?","M","R","M","?","T","$","?","E","$","M","R","BOSS","M","M","$","?","M","E","R","E","T","R","?","R","M"],"items_purchased_type":["Relic","Card","Card","Card","Relic"],"build_version":"2020-12-22","purchased_purges":0,"victory":false,"max_hp_per_floor":[80,85,85,85,85,85,85,85,85,85,85,85,85,85,85,85,85,88,88,88,93,93,93,93,93,93,93,93,93,93,93,93,96,96,96,96,96,96,96,99,99,99,99,99,99,99,99,99],"relic_stats":{"counters":[24,90],"Blue Candle":[4],"Astrolabe":["Battle Trance","Impervious","Disarm"],"Boot":[14],"Burning Blood":108,"Mercury Hourglass":[105],"TheAbacus":[24],"Ornamental Fan":[76],"Bird Faced Urn":[39],"Bronze Scales":[57],"MealTicket":7,"Prayer Wheel":2,"Champion Belt":[24],"Kunai":[2],"obtain_stats":[{"Lantern":6,"NeowsBlessing":0,"Blue Candle":9,"Astrolabe":17,"Boot":29,"Burning Blood":0,"Akabeko":13,"Mercury Hourglass":34,"Du-Vu Doll":26,"Calling Bell":34,"TheAbacus":37,"Ornamental Fan":20,"Bird Faced Urn":34,"Bronze Scales":38,"MealTicket":34,"Prayer Wheel":40,"Champion Belt":25,"Kunai":43,"Toxic Egg 2":42},{"Lantern":4,"NeowsBlessing":0,"Blue Candle":5,"Astrolabe":9,"Boot":15,"Burning Blood":0,"Akabeko":7,"Mercury Hourglass":17,"Du-Vu Doll":13,"Calling Bell":17,"TheAbacus":19,"Ornamental Fan":10,"Bird Faced Urn":17,"Bronze Scales":19,"MealTicket":17,"Prayer Wheel":21,"Champion Belt":13,"Kunai":22,"Toxic Egg 2":22},{"Lantern":11,"NeowsBlessing":0,"Blue Candle":13,"Astrolabe":29,"Boot":50,"Burning Blood":0,"Akabeko":18,"Mercury Hourglass":60,"Du-Vu Doll":42,"Calling Bell":60,"TheAbacus":66,"Ornamental Fan":32,"Bird Faced Urn":60,"Bronze Scales":66,"MealTicket":60,"Prayer Wheel":77,"Champion Belt":42,"Kunai":82,"Toxic Egg 2":82}]},"card_choices":[{"not_picked":["Searing Blow","Heavy Blade","Ghostly Armor"],"picked":"SKIP","floor":1.0},{"not_picked":["Wild Strike","Twin Strike"],"picked":"Clash","floor":3.0},{"not_picked":["Rupture","Blood for Blood"],"picked":"Uppercut","floor":5.0},{"not_picked":["Wild Strike","Blood for Blood","Reckless Charge"],"picked":"SKIP","floor":6.0},{"not_picked":["Evolve","Rampage"],"picked":"Infernal Blade","floor":8.0},{"not_picked":["Wild Strike","Warcry"],"picked":"Pommel Strike","floor":11.0},{"not_picked":["Perfected Strike","Uppercut"],"picked":"Anger","floor":12.0},{"not_picked":["Sword Boomerang","Metallicize"],"picked":"Berserk","floor":14.0},{"not_picked":["Reaper","Demon Form"],"picked":"Feed","floor":16.0},{"not_picked":["Clash","Perfected Strike+1"],"picked":"Sword Boomerang","floor":18.0},{"not_picked":["Metallicize+1","Headbutt+1"],"picked":"Whirlwind+1","floor":21.0},{"not_picked":["Sentinel","Demon Form"],"picked":"Bloodletting","floor":22.0},{"not_picked":["Armaments","Battle Trance+1"],"picked":"Rupture+1","floor":24.0},{"not_picked":["Havoc","Twin Strike","Clash"],"picked":"SKIP","floor":28.0},{"not_picked":["Iron Wave","Evolve"],"picked":"Carnage+1","floor":29.0},{"not_picked":["Perfected Strike+1","Clothesline"],"picked":"Warcry+1","floor":31.0},{"not_picked":["Corruption","Demon Form"],"picked":"Bludgeon","floor":33.0},{"not_picked":["Heavy Blade+1","Carnage"],"picked":"Cleave+1","floor":35.0},{"not_picked":["Havoc","Sword Boomerang"],"picked":"Dark Embrace+1","floor":36.0},{"not_picked":["Sword Boomerang","Iron Wave+1"],"picked":"Brutality","floor":39.0},{"not_picked":["Burning Pact","Headbutt","Perfected Strike+1"],"picked":"SKIP","floor":40.0},{"not_picked":["Carnage","Shockwave+1"],"picked":"Dropkick","floor":42.0},{"not_picked":["Fire Breathing","Shrug It Off+1"],"picked":"Dropkick+1","floor":45},{"not_picked":["Searing Blow","Headbutt+1"],"picked":"Iron Wave+1","floor":45}],"player_experience":165849,"relics_obtained":[{"floor":6.0,"key":"Lantern"},{"floor":9.0,"key":"Blue Candle"},{"floor":26.0,"key":"Du-Vu Doll"},{"floor":29.0,"key":"Boot"},{"floor":34.0,"key":"MealTicket"},{"floor":34.0,"key":"Mercury Hourglass"},{"floor":34.0,"key":"Bird Faced Urn"},{"floor":38.0,"key":"Bronze Scales"},{"floor":40.0,"key":"Prayer Wheel"},{"floor":42.0,"key":"Toxic Egg 2"},{"floor":43.0,"key":"Kunai"}],"event_choices":[{"damage_healed":0.0,"max_hp_gain":5.0,"max_hp_loss":0.0,"gold_gain":0.0,"event_name":"Big Fish","player_choice":"Donut","floor":2.0,"gold_loss":0.0,"damage_taken":0.0},{"cards_removed":["Strike_R"],"damage_healed":0.0,"max_hp_gain":0.0,"max_hp_loss":0.0,"gold_gain":0.0,"event_name":"Purifier","player_choice":"Purged","floor":4.0,"gold_loss":0.0,"damage_taken":0.0},{"damage_healed":0.0,"max_hp_gain":0.0,"max_hp_loss":0.0,"gold_gain":0.0,"event_name":"The Library","player_choice":"Read","floor":19.0,"gold_loss":0.0,"damage_taken":0.0,"cards_obtained":["Inflame"]},{"damage_healed":0.0,"max_hp_gain":0.0,"max_hp_loss":0.0,"gold_gain":0.0,"event_name":"Addict","player_choice":"Obtained Relic","floor":20.0,"gold_loss":85.0,"damage_taken":0.0,"relics_obtained":["Ornamental Fan"]},{"damage_healed":0.0,"max_hp_gain":0.0,"max_hp_loss":0.0,"gold_gain":0.0,"event_name":"WeMeetAgain","player_choice":"Gave Potion","floor":25.0,"gold_loss":0.0,"damage_taken":0.0,"relics_obtained":["Champion Belt"]}],"is_beta":false,"boss_relics":[{"not_picked":["Busted Crown","Fusion Hammer"],"picked":"Astrolabe"},{"not_picked":["Cursed Key","SlaversCollar"],"picked":"Calling Bell"}],"items_purged_floors":[],"is_endless":false,"potions_floor_spawned":[1,5,14,16,18,29,31,42],"killed_by":"Spire Growth","ascension_level":0}}