{"host":"¿à÷økuyou","time":1614358062,"event":{"mods":["ATMod(°¢èªMod)","Act Like it!","BaseMod","BetterRewards","Minty Spire (QoL Compilation)","Quick Restart","StSLib"],"gold_per_floor":[115,290,290,303,303,303,317,344,420,446,472,472,487,101,101,196,196,208,27,45,45,63,63,97,97,123,48,48,48,83,128,128,236,236,256,271,146,146,146,179,179,206,206,234,234,234,80,130,130,130,130,130,26,61,61],"floor_reached":56,"language":"ZHS","playtime":1871,"items_purged":["Strike_P","Defend_P","Writhe"],"score":1497,"play_id":"dc676e78-c53c-4fc5-b837-9945ae362ad3","local_time":"20210227004742","is_ascension_mode":true,"campfire_choices":[{"data":"AT_ChampionStep","floor":6.0,"key":"SMITH"},{"floor":12.0,"key":"RECALL"},{"floor":15.0,"key":"REST"},{"floor":23.0,"key":"REST"},{"floor":29.0,"key":"REST"},{"data":"Ghostly","floor":32.0,"key":"SMITH"},{"data":"Ghostly","floor":41,"key":"SMITH"},{"data":"MasterReality","floor":45,"key":"SMITH"},{"data":"Ghostly","floor":49,"key":"SMITH"},{"data":"Ghostly","floor":52,"key":"SMITH"}],"circlet_count":0,"master_deck":["Defend_P+1","Eruption+1","Vigilance+1","AT_ChampionStep+1","BattleHymn","CutThroughFate+1","Wallop+1","Ragnarok+1","Establishment","Devotion+1","Study+1","DeceiveReality+1","Fasting2+1","Adaptation+1","Adaptation+1","Ghostly+1","Ghostly+1","Ghostly+1","Ghostly+1","Ghostly+1","Omniscience","FlurryOfBlows+1","MasterReality+1","TalkToTheHand+1"],"relics":["AT_ATBox","VioletLotus","Vajra","AT_SilvercatRing","Ancient Tea Set","Odd Mushroom","Medical Kit","Astrolabe","Akabeko","Regal Pillow","Orichalcum","CeramicFish","Black Star","Pantograph","AT_GoldPhoenixTree","HornCleat","Singing Bowl","Orrery","Bird Faced Urn","Toy Ornithopter","Bag of Marbles"],"acts_visited":["Exordium","TheCity","TheBeyond","TheEnding"],"potions_floor_usage":[55,55,55],"damage_taken":[{"damage":2.0,"enemies":"2 Louse","floor":1.0,"turns":3.0},{"damage":1.0,"enemies":"Small Slimes","floor":4.0,"turns":3.0},{"damage":1.0,"enemies":"Cultist","floor":7.0,"turns":3.0},{"damage":21.0,"enemies":"3 Sentries","floor":8.0,"turns":7.0},{"damage":18.0,"enemies":"The Mushroom Lair","floor":11.0,"turns":3.0},{"damage":6.0,"enemies":"Looter","floor":13.0,"turns":3.0},{"damage":30.0,"enemies":"The Guardian","floor":16.0,"turns":7.0},{"damage":48.0,"enemies":"3 Byrds","floor":18.0,"turns":5.0},{"damage":0.0,"enemies":"Chosen","floor":20.0,"turns":3.0},{"damage":21.0,"enemies":"Snake Plant","floor":22.0,"turns":6.0},{"damage":28.0,"enemies":"Slavers","floor":24.0,"turns":3.0},{"damage":13.0,"enemies":"Book of Stabbing","floor":30.0,"turns":3.0},{"damage":8.0,"enemies":"Automaton","floor":33.0,"turns":8.0},{"damage":0.0,"enemies":"3 Darklings","floor":35.0,"turns":5.0},{"damage":0.0,"enemies":"Orb Walker","floor":36.0,"turns":3.0},{"damage":0,"enemies":"Nemesis","floor":40,"turns":5},{"damage":0,"enemies":"Transient","floor":42,"turns":5},{"damage":6,"enemies":"Giant Head","floor":44,"turns":8},{"damage":0,"enemies":"Mind Bloom Boss Battle","floor":48,"turns":5},{"damage":6,"enemies":"Time Eater","floor":50,"turns":7},{"damage":3,"enemies":"Shield and Spear","floor":54,"turns":8},{"damage":49,"enemies":"The Heart","floor":55,"turns":8}],"seed_played":"6614264209892890092","potions_obtained":[{"floor":1.0,"key":"FearPotion"},{"floor":4.0,"key":"SteroidPotion"},{"floor":13.0,"key":"Swift Potion"},{"floor":20.0,"key":"BottledMiracle"},{"floor":22.0,"key":"FairyPotion"},{"floor":24.0,"key":"BlessingOfTheForge"},{"floor":35.0,"key":"EssenceOfSteel"},{"floor":40,"key":"Fire Potion"}],"is_trial":false,"path_per_floor":["M","?","?","M","?","R","M","E","T","T","?","R","M","$","R","B",null,"M","$","M","?","M","R","E","?","T","?","?","R","E","?","R","B",null,"M","M","$","?","$","E","R","M","T","E","R","?","$","?","R","B",null,"R","$","E","B",null],"character_chosen":"WATCHER","items_purchased":["Ragnarok","Medical Kit","Fasting2","Orrery","Ambrosia"],"campfire_rested":3,"item_purchase_floors":[14,14,19,47,53],"current_hp_per_floor":[70,70,70,69,69,69,68,47,47,47,29,29,23,23,44,14,72,24,24,24,24,3,24,21,8,8,8,8,46,33,33,33,25,38,38,38,38,38,38,38,38,38,38,34,34,34,44,50,50,48,50,50,50,47,34],"gold":61,"neow_bonus":"BOSS_RELIC","is_daily":false,"chose_seed":false,"campfire_upgraded":6,"win_rate":0.0,"timestamp":1614358062,"path_taken":["M","?","?","?","?","R","M","E","T","?","?","R","M","?","R","BOSS","M","$","M","?","M","R","E","?","T","?","?","R","E","?","R","BOSS","M","M","$","?","$","E","R","M","T","E","R","?","$","?","R","BOSS","R","$","E","BOSS"],"items_purchased_type":["Card","Relic","Card","Relic","Potion"],"build_version":"2020-12-18","purchased_purges":3,"victory":true,"max_hp_per_floor":[72,72,72,72,72,72,72,72,72,72,72,72,72,72,72,72,72,72,72,72,72,72,72,72,77,77,77,77,77,77,38,38,38,38,38,38,38,38,38,38,38,38,38,40,40,38,48,50,50,50,50,50,50,50,50],"card_choices":[{"not_picked":["Halt","Prostrate"],"picked":"BattleHymn","floor":1.0},{"not_picked":["Evaluate","LikeWater"],"picked":"CutThroughFate","floor":4.0},{"not_picked":["SashWhip","CutThroughFate","ReachHeaven"],"picked":"SKIP","floor":7.0},{"not_picked":["WreathOfFlame","JustLucky","Nirvana"],"picked":"SKIP","floor":8.0},{"not_picked":["ThirdEye","Meditate"],"picked":"Wallop","floor":13.0},{"not_picked":["AT_ChampionKick","Blasphemy"],"picked":"Establishment","floor":16.0},{"not_picked":["FollowUp","ForeignInfluence","EmptyFist"],"picked":"SKIP","floor":18.0},{"not_picked":["Consecrate","FearNoEvil"],"picked":"Adaptation","floor":20.0},{"not_picked":["ThirdEye","PathToVictory","Wireheading"],"picked":"SKIP","floor":22.0},{"not_picked":["Weave","WaveOfTheHand"],"picked":"Adaptation+1","floor":24.0},{"not_picked":["ConjureBlade","Consecrate","PathToVictory"],"picked":"SKIP","floor":30.0},{"not_picked":["Scrawl","Devotion"],"picked":"Omniscience","floor":33.0},{"not_picked":["JustLucky+1","PathToVictory"],"picked":"FlurryOfBlows+1","floor":35.0},{"not_picked":["Halt+1","SashWhip","FlyingSleeves+1"],"picked":"SKIP","floor":36.0},{"not_picked":["Pray+1","CutThroughFate+1","Protect"],"picked":"SKIP","floor":40},{"not_picked":["WreathOfFlame+1","Crescendo+1"],"picked":"MasterReality","floor":42},{"not_picked":["CarveReality+1","Worship","Vault"],"picked":"Singing Bowl","floor":44},{"not_picked":["Prostrate+1","Crescendo+1","EmptyFist+1"],"picked":"Singing Bowl","floor":47},{"not_picked":["Establishment","ClearTheMind+1","ReachHeaven"],"picked":"Singing Bowl","floor":47},{"not_picked":["AT_RealFormLess+1","Vengeance+1","ClearTheMind"],"picked":"Singing Bowl","floor":47},{"not_picked":["WheelKick+1","Protect+1","Prostrate"],"picked":"Singing Bowl","floor":47},{"not_picked":["AT_DivineConfetti+1","JustLucky","CutThroughFate"],"picked":"Singing Bowl","floor":47},{"not_picked":["FollowUp","BattleHymn+1","Halt+1"],"picked":"Singing Bowl","floor":48},{"not_picked":["Adaptation","InnerPeace"],"picked":"TalkToTheHand+1","floor":54}],"player_experience":228730,"relics_obtained":[{"floor":8.0,"key":"Vajra"},{"floor":9.0,"key":"AT_SilvercatRing"},{"floor":10.0,"key":"Ancient Tea Set"},{"floor":11.0,"key":"Odd Mushroom"},{"floor":24.0,"key":"Regal Pillow"},{"floor":26.0,"key":"Orichalcum"},{"floor":30.0,"key":"CeramicFish"},{"floor":40,"key":"Pantograph"},{"floor":40,"key":"AT_GoldPhoenixTree"},{"floor":44,"key":"HornCleat"},{"floor":44,"key":"Singing Bowl"},{"floor":48,"key":"Bird Faced Urn"},{"floor":54,"key":"Toy Ornithopter"},{"floor":54,"key":"Bag of Marbles"}],"event_choices":[{"damage_healed":0.0,"max_hp_gain":0.0,"max_hp_loss":0.0,"gold_gain":175.0,"event_name":"Liars Game","player_choice":"AGREE","floor":2.0,"gold_loss":0.0,"damage_taken":0.0,"cards_obtained":["Doubt"]},{"damage_healed":0.0,"max_hp_gain":0.0,"max_hp_loss":0.0,"gold_gain":0.0,"event_name":"Upgrade Shrine","player_choice":"Upgraded","floor":3.0,"gold_loss":0.0,"damage_taken":0.0,"cards_upgraded":["Eruption"]},{"cards_removed":["Doubt"],"damage_healed":0.0,"max_hp_gain":0.0,"max_hp_loss":0.0,"gold_gain":0.0,"event_name":"Living Wall","player_choice":"Forget","floor":5.0,"gold_loss":0.0,"damage_taken":0.0},{"damage_healed":0.0,"max_hp_gain":0.0,"max_hp_loss":0.0,"gold_gain":0.0,"event_name":"Mushrooms","player_choice":"Fought Mushrooms","floor":11.0,"gold_loss":0.0,"damage_taken":0.0},{"damage_healed":0.0,"max_hp_gain":0.0,"max_hp_loss":0.0,"gold_gain":0.0,"event_name":"The Mausoleum","player_choice":"Opened","floor":21.0,"gold_loss":0.0,"damage_taken":0.0,"relics_obtained":["Akabeko"],"cards_obtained":["Writhe"]},{"damage_healed":0.0,"max_hp_gain":5.0,"max_hp_loss":0.0,"gold_gain":0.0,"event_name":"Forgotten Altar","player_choice":"Shed Blood","floor":25.0,"gold_loss":0.0,"damage_taken":18.0},{"cards_removed":["Strike_P"],"damage_healed":0.0,"max_hp_gain":0.0,"max_hp_loss":0.0,"gold_gain":0.0,"event_name":"Beggar","player_choice":"Gave Gold","floor":27.0,"gold_loss":75.0,"damage_taken":0.0},{"cards_removed":["Strike_P"],"damage_healed":0.0,"max_hp_gain":0.0,"max_hp_loss":0.0,"gold_gain":0.0,"event_name":"Back to Basics","player_choice":"Elegance","floor":28.0,"gold_loss":0.0,"damage_taken":0.0},{"damage_healed":0.0,"max_hp_gain":0.0,"max_hp_loss":39.0,"gold_gain":0.0,"event_name":"Ghosts","player_choice":"Became a Ghost","floor":31.0,"gold_loss":0.0,"damage_taken":0.0,"cards_obtained":["Ghostly","Ghostly","Ghostly","Ghostly","Ghostly"]},{"damage_healed":0,"gold_gain":0,"player_choice":"Ignored","damage_taken":0,"max_hp_gain":0,"max_hp_loss":0,"event_name":"Mysterious Sphere","floor":38,"gold_loss":0},{"damage_healed":0,"gold_gain":0,"player_choice":"Max HP","damage_taken":0,"max_hp_gain":0,"max_hp_loss":2,"event_name":"Winding Halls","floor":46,"gold_loss":0},{"damage_healed":0,"gold_gain":0,"player_choice":"Fight","damage_taken":0,"max_hp_gain":0,"max_hp_loss":0,"event_name":"MindBloom","floor":48,"gold_loss":0}],"is_beta":true,"boss_relics":[{"not_picked":["Runic Pyramid","AT_MortalBlade"],"picked":"Astrolabe"},{"not_picked":["SlaversCollar","Runic Dome"],"picked":"Black Star"}],"items_purged_floors":[14,19,37],"is_endless":false,"potions_floor_spawned":[1,4,13,20,22,24,35,40,44,54],"ascension_level":4}}