{"host":"ktoxvvst1mwxww91","time":1614339023,"event":{"mods":["BaseMod","Downfall","Hermit","Minty Spire (QoL Compilation)","StSLib","The Hierophant","The Necromancer"],"gold_per_floor":[115,40,40,52,72,72,101,101,101,101,116,116,116,146,146,246,246,262,293,310,105,30,47,76,76,99,126,126,157,157,11,11,112,112,125,0,0,50,50,50,78,78,78,123,149,149,70,88,88,88],"floor_reached":51,"language":"ENG","playtime":1697,"items_purged":["Defend_P","Strike_P","Pain"],"score":1215,"play_id":"61612b67-9392-49b4-8b46-8affe5248103","local_time":"20210226123023","is_ascension_mode":true,"campfire_choices":[{"data":"BattleHymn","floor":6,"key":"SMITH"},{"data":"Perseverance","floor":8,"key":"SMITH"},{"data":"Tantrum","floor":13,"key":"SMITH"},{"data":"Vigilance","floor":15,"key":"SMITH"},{"floor":25,"key":"REST"},{"data":"Fasting2","floor":28,"key":"SMITH"},{"floor":32,"key":"REST"},{"data":"Ragnarok","floor":40,"key":"SMITH"},{"data":"1","floor":42,"key":"LIFT"},{"floor":46,"key":"REST"},{"data":"2","floor":49,"key":"LIFT"}],"circlet_count":0,"master_deck":["Defend_P","Defend_P","Eruption+1","Vigilance+1","Tantrum+1","ThirdEye","BattleHymn+1","Perseverance+1","Protect","Halt","Establishment","Evaluate","Sanctity+1","MentalFortress","ThirdEye","Nirvana","EmptyFist","Fasting2+1","WheelKick","SandsOfTime","Ragnarok+1","ClearTheMind","EmptyBody+1","downfall:Bewildered","Evaluate+1","Writhe","Fasting2+1"],"relics":["SacredBark","InkBottle","hexamod:BolsterEngine","Bottled Tornado","Cursed Key","Red Mask","Toy Ornithopter","Happy Flower","Shovel","Oddly Smooth Stone","Frozen Egg 2","expansioncontent:StudyCardRelic","CloakClasp","Slimebound:PreparedRelic","Girya","Gambling Chip","Prayer Wheel","Art of War"],"acts_visited":["Exordium","TheCity","TheBeyond"],"potions_floor_usage":[11,18,24,24,29,50],"damage_taken":[{"damage":6,"enemies":"Jaw Worm","floor":1,"turns":6},{"damage":0,"enemies":"Small Slimes","floor":4,"turns":2},{"damage":0,"enemies":"2 Louse","floor":5,"turns":1},{"damage":10,"enemies":"3 Sentries","floor":7,"turns":5},{"damage":7,"enemies":"Exordium Thugs","floor":11,"turns":3},{"damage":0,"enemies":"Lagavulin","floor":14,"turns":4},{"damage":0,"enemies":"Slime Boss","floor":16,"turns":4},{"damage":0,"enemies":"3 Byrds","floor":18,"turns":3},{"damage":38,"enemies":"Masked Bandits","floor":19,"turns":5},{"damage":0,"enemies":"Chosen","floor":20,"turns":4},{"damage":5,"enemies":"Centurion and Healer","floor":23,"turns":4},{"damage":0,"enemies":"Slavers","floor":24,"turns":5},{"damage":4,"enemies":"Book of Stabbing","floor":27,"turns":5},{"damage":9,"enemies":"Gremlin Leader","floor":29,"turns":5},{"damage":9,"enemies":"Champ","floor":33,"turns":7},{"damage":18,"enemies":"Orb Walker","floor":35,"turns":4},{"damage":0,"enemies":"Mind Bloom Boss Battle","floor":38,"turns":4},{"damage":0,"enemies":"Giant Head","floor":41,"turns":5},{"damage":21,"enemies":"2 Orb Walkers","floor":44,"turns":5},{"damage":8,"enemies":"Nemesis","floor":45,"turns":5},{"damage":0,"enemies":"3 Darklings","floor":48,"turns":7},{"damage":25,"enemies":"Awakened One","floor":50,"turns":9}],"seed_played":"8202543862253644278","potions_obtained":[{"floor":1,"key":"hexamod:SoulburnPotion"},{"floor":14,"key":"LiquidBronze"},{"floor":19,"key":"Ambrosia"},{"floor":23,"key":"Block Potion"},{"floor":27,"key":"Explosive Potion"},{"floor":48,"key":"AttackPotion"}],"is_trial":false,"path_per_floor":["M","$","?","M","M","R","E","R","T","?","M","?","R","E","R","B",null,"M","?","M","$","?","M","E","R","T","E","R","E","?","?","R","B",null,"M","$","?","?","T","R","E","R","T","?","E","R","$","M","R","B",null],"character_chosen":"WATCHER","items_purchased":["ThirdEye","Nirvana","Fasting2+1"],"campfire_rested":3,"item_purchase_floors":[21,21,47],"current_hp_per_floor":[59,59,45,45,45,45,35,35,35,35,28,52,52,52,52,52,67,67,29,29,29,29,24,24,45,45,41,41,37,37,37,58,49,66,48,48,48,48,48,48,48,48,48,27,19,40,40,40,40,20],"gold":88,"neow_bonus":"BOSS_RELIC","is_daily":false,"chose_seed":false,"campfire_upgraded":6,"win_rate":0.0,"timestamp":1614339023,"path_taken":["M","$","?","M","M","R","E","R","T","?","M","?","R","E","R","BOSS","M","?","M","$","?","M","E","R","T","E","R","E","?","?","R","BOSS","M","$","?","?","?","R","E","R","T","?","E","R","?","?","R","BOSS"],"items_purchased_type":["Card","Card","Card"],"build_version":"2020-12-22","purchased_purges":3,"victory":true,"max_hp_per_floor":[72,72,72,72,72,72,72,72,72,72,72,72,72,72,72,72,72,72,72,72,72,72,72,72,72,72,72,72,72,72,72,72,72,72,72,72,72,72,72,72,72,72,72,72,72,72,72,72,72,72],"card_choices":[{"not_picked":["Evaluate","CutThroughFate"],"picked":"Tantrum","floor":1},{"not_picked":["PathToVictory","Evaluate"],"picked":"ThirdEye","floor":4},{"not_picked":["FlyingSleeves","Vengeance"],"picked":"BattleHymn","floor":5},{"not_picked":["BowlingBash","WindmillStrike"],"picked":"Perseverance","floor":7},{"not_picked":["BowlingBash","Pray"],"picked":"Protect","floor":11},{"not_picked":["SignatureMove","FlyingSleeves"],"picked":"Halt","floor":14},{"not_picked":["MasterReality","Scrawl"],"picked":"Establishment","floor":16},{"not_picked":["InnerPeace","EmptyFist"],"picked":"Evaluate","floor":18},{"not_picked":["Consecrate+1","PathToVictory"],"picked":"Sanctity+1","floor":19},{"not_picked":["Consecrate","Prostrate"],"picked":"MentalFortress","floor":20},{"not_picked":["Devotion","Consecrate","JustLucky"],"picked":"SKIP","floor":23},{"not_picked":["Evaluate","WreathOfFlame"],"picked":"EmptyFist","floor":24},{"not_picked":["ClearTheMind","Halt"],"picked":"Fasting2","floor":27},{"not_picked":["MasterReality","InnerPeace+1"],"picked":"LessonLearned","floor":29},{"not_picked":["ConjureBlade","LessonLearned"],"picked":"Ragnarok","floor":33},{"not_picked":["ForeignInfluence+1","Conclude"],"picked":"ClearTheMind","floor":35},{"not_picked":["EmptyFist","FollowUp"],"picked":"EmptyBody+1","floor":38},{"not_picked":["Blasphemy","Scrawl"],"picked":"Evaluate+1","floor":41},{"not_picked":["Wireheading+1","FlyingSleeves","Crescendo"],"picked":"SKIP","floor":45},{"not_picked":["ClearTheMind","Swivel+1","FlyingSleeves+1"],"picked":"SKIP","floor":48},{"not_picked":["SashWhip","CrushJoints","Crescendo+1"],"picked":"SKIP","floor":48}],"player_experience":1179418,"relics_obtained":[{"floor":7,"key":"InkBottle"},{"floor":9,"key":"hexamod:BolsterEngine"},{"floor":14,"key":"Bottled Tornado"},{"floor":19,"key":"Red Mask"},{"floor":24,"key":"Toy Ornithopter"},{"floor":26,"key":"Happy Flower"},{"floor":27,"key":"Shovel"},{"floor":29,"key":"Oddly Smooth Stone"},{"floor":38,"key":"CloakClasp"},{"floor":39,"key":"Slimebound:PreparedRelic"},{"floor":41,"key":"Girya"},{"floor":43,"key":"Gambling Chip"},{"floor":44,"key":"Prayer Wheel"},{"floor":45,"key":"Art of War"}],"event_choices":[{"damage_healed":0,"gold_gain":0,"player_choice":"Entered Light","damage_taken":14,"max_hp_gain":0,"max_hp_loss":0,"event_name":"Shining Light","floor":3,"gold_loss":0,"cards_upgraded":["Eruption","Strike_P"]},{"cards_removed":["Defend_P"],"damage_healed":0,"gold_gain":0,"player_choice":"Forget","damage_taken":0,"max_hp_gain":0,"max_hp_loss":0,"event_name":"Living Wall","floor":10,"gold_loss":0},{"damage_healed":24,"gold_gain":0,"player_choice":"Banana","damage_taken":0,"max_hp_gain":0,"max_hp_loss":0,"event_name":"Big Fish","floor":12,"gold_loss":0},{"damage_healed":0,"gold_gain":0,"player_choice":"Fought Bandits","damage_taken":0,"max_hp_gain":0,"max_hp_loss":0,"event_name":"Masked Bandits","floor":19,"gold_loss":0},{"cards_removed":["Strike_P"],"damage_healed":0,"gold_gain":0,"player_choice":"Gave Gold","damage_taken":0,"max_hp_gain":0,"max_hp_loss":0,"event_name":"Beggar","floor":22,"gold_loss":75},{"damage_healed":0,"gold_gain":0,"cards_transformed":["Strike_P","Strike_P"],"player_choice":"Became Test Subject","damage_taken":0,"max_hp_gain":0,"max_hp_loss":0,"event_name":"Drug Dealer","floor":30,"gold_loss":0,"cards_obtained":["WheelKick","SandsOfTime"]},{"damage_healed":0,"gold_gain":0,"player_choice":"Paid Gold","damage_taken":0,"relics_obtained":["Frozen Egg 2"],"max_hp_gain":0,"max_hp_loss":0,"event_name":"WeMeetAgain","floor":31,"gold_loss":146},{"cards_removed":["LessonLearned"],"damage_healed":0,"gold_gain":0,"player_choice":"Removed Attack","damage_taken":0,"max_hp_gain":0,"max_hp_loss":0,"event_name":"Falling","floor":37,"gold_loss":0},{"damage_healed":0,"gold_gain":0,"player_choice":"Fight","damage_taken":0,"max_hp_gain":0,"max_hp_loss":0,"event_name":"MindBloom","floor":38,"gold_loss":0},{"damage_healed":0,"gold_gain":0,"player_choice":"Fight","damage_taken":0,"max_hp_gain":0,"max_hp_loss":0,"event_name":"Mysterious Sphere","floor":44,"gold_loss":0}],"is_beta":false,"boss_relics":[{"not_picked":["Velvet Choker","Runic Pyramid"],"picked":"Cursed Key"},{"not_picked":["VioletLotus","bronze:MakeshiftBattery"],"picked":"expansioncontent:StudyCardRelic"}],"items_purged_floors":[2,21,36],"is_endless":false,"potions_floor_spawned":[1,14,19,23,27,48],"ascension_level":7}}