{"host":"3l94tha3a4jgu0q4","time":1614361750,"event":{"mods":["2.2 Compatiblity","AchievementEnabler","Aspiration","BaseMod","Better Altar","Better Match","Better Note","Better Sensory Stone","Better Skull","Better Third Choice","Colored Map","Colored Powertips","Fox Events","Hermit","Highlight Path","Hubris","Humility","Minty Spire (QoL Compilation)","Monster B Gone","Permanent Neow","Relic Stats","Replay The Spire","StSLib","SuperFastMode","The IronCluck","Wandering Minibosses","slay the spire mod where everything is the same but ironclad has a cowboy hat"],"gold_per_floor":[113,93,111,124,144,144,12,41,41,41,41,41],"floor_reached":11,"language":"ENG","playtime":293,"items_purged":[],"score":142,"play_id":"56e69ee0-f2bc-43ab-a78a-0e519a780a7e","local_time":"20210226094910","is_ascension_mode":true,"campfire_choices":[{"data":"Eruption","floor":6.0,"key":"SMITH"}],"circlet_count":0,"master_deck":["AscendersBane","Strike_P","Strike_P","Strike_P","Strike_P","Defend_P","Defend_P","Defend_P","Defend_P","Eruption+1","Vigilance","AbeCurse","Vengeance","Replay:AtTheReady","Wish","EmptyFist","Wallop","Adaptation","Halt"],"relics":["Abe\u0027s Treasure","Dream Catcher","Replay:Bottled Flurry","hubris:Icosahedron"],"acts_visited":["Exordium"],"potions_floor_usage":[],"damage_taken":[{"damage":14.0,"enemies":"Small Slimes","floor":1.0,"turns":5.0},{"damage":0.0,"enemies":"Cultist","floor":3.0,"turns":2.0},{"damage":0.0,"enemies":"2 Louse","floor":4.0,"turns":2.0},{"damage":0.0,"enemies":"Exordium Wildlife","floor":5.0,"turns":4.0},{"damage":8.0,"enemies":"Lagavulin","floor":8.0,"turns":5.0},{"damage":63,"enemies":"Gremlin Nob","floor":11,"turns":3}],"seed_played":"-7057800489228497934","potions_obtained":[{"floor":1.0,"key":"PowerPotion"},{"floor":2.0,"key":"Dexterity Potion"},{"floor":5.0,"key":"Block Potion"}],"is_trial":false,"path_per_floor":["M","?","M","M","M","R","$","E","T","?","E"],"character_chosen":"WATCHER","items_purchased":["Wallop","Adaptation"],"campfire_rested":0,"item_purchase_floors":[7,7],"current_hp_per_floor":[47,47,47,47,47,47,47,39,39,39,0,0],"gold":41,"neow_bonus":"BOSS_RELIC","is_daily":false,"chose_seed":false,"campfire_upgraded":1,"win_rate":0.0,"timestamp":1614361750,"path_taken":["M","?","M","M","M","R","?","E","T","?","E"],"items_purchased_type":["Card","Card"],"build_version":"2020-12-22","purchased_purges":0,"victory":false,"max_hp_per_floor":[68,68,68,68,68,68,68,68,68,68,68,68],"relic_stats":{"Dream Catcher":0,"counters":[6,21],"obtain_stats":[{"Dream Catcher":8,"hubris:Icosahedron":10,"Replay:Bottled Flurry":9,"PureWater":0,"Abe\u0027s Treasure":0},{"Dream Catcher":5,"hubris:Icosahedron":5,"Replay:Bottled Flurry":5,"PureWater":0,"Abe\u0027s Treasure":0},{"Dream Catcher":18,"hubris:Icosahedron":18,"Replay:Bottled Flurry":18,"PureWater":0,"Abe\u0027s Treasure":0}]},"card_choices":[{"not_picked":["Replay:ManipulateFuture","Crescendo"],"picked":"Vengeance","floor":1.0},{"not_picked":["Pray","Replay:Vibes"],"picked":"Replay:AtTheReady","floor":3.0},{"not_picked":["Protect","FlyingSleeves"],"picked":"Wish","floor":4.0},{"not_picked":["Prostrate","Replay:BluntJabs"],"picked":"EmptyFist","floor":5.0},{"not_picked":["Replay:AtTheReady","WindmillStrike"],"picked":"Halt","floor":8.0}],"player_experience":1999291,"relics_obtained":[{"floor":8.0,"key":"Dream Catcher"},{"floor":9.0,"key":"Replay:Bottled Flurry"}],"event_choices":[{"damage_healed":0.0,"max_hp_gain":0.0,"max_hp_loss":0.0,"gold_gain":0.0,"event_name":"The Woman in Blue","player_choice":"Bought 1 Potion","floor":2.0,"gold_loss":0.0,"damage_taken":0.0}],"is_beta":false,"boss_relics":[],"items_purged_floors":[],"is_endless":false,"potions_floor_spawned":[1,5],"killed_by":"Gremlin Nob","ascension_level":19,"is_humility":true}}