{"host":"jt67skv49snb75sm","time":1614332026,"event":{"mods":["BaseMod","Bestiary","Minty Spire (QoL Compilation)","Relic Stats"],"gold_per_floor":[17,17,17,35,47,47,76,88,114,114,140,140,176,15,15,101,173,201,221,230,230,73,73,73,73],"floor_reached":24,"language":"ENG","playtime":762,"items_purged":[],"score":408,"play_id":"51508203-df87-45b0-9fcb-b3d41d407d81","local_time":"20210226103346","is_ascension_mode":true,"campfire_choices":[{"data":"Barrage","floor":6,"key":"SMITH"},{"floor":10,"key":"REST"},{"data":"Dualcast","floor":12,"key":"SMITH"},{"data":"Go for the Eyes","floor":15,"key":"SMITH"},{"data":"Buffer","floor":23,"key":"SMITH"}],"circlet_count":0,"master_deck":["AscendersBane","Zap","Dualcast+1","Mayhem+1","Static Discharge","Ball Lightning","Barrage+1","Go for the Eyes+1","Cold Snap","Cold Snap","Force Field","Buffer+1","Force Field","Reboot","Tempest","Sunder","Amplify","Rebound","Coolheaded","Coolheaded","Glacier","Glacier+1","Defragment+1"],"relics":["Cracked Core","Omamori","CeramicFish","Pen Nib","Lee\u0027s Waffle","Pandora\u0027s Box","OrangePellets"],"acts_visited":["Exordium","TheCity"],"potions_floor_usage":[13],"damage_taken":[{"damage":2,"enemies":"Cultist","floor":1,"turns":4},{"damage":8,"enemies":"2 Louse","floor":4,"turns":3},{"damage":2,"enemies":"Jaw Worm","floor":5,"turns":3},{"damage":31,"enemies":"Gremlin Nob","floor":7,"turns":4},{"damage":17,"enemies":"2 Fungi Beasts","floor":8,"turns":3},{"damage":10,"enemies":"Blue Slaver","floor":11,"turns":3},{"damage":8,"enemies":"3 Sentries","floor":13,"turns":5},{"damage":36,"enemies":"The Guardian","floor":16,"turns":12},{"damage":8,"enemies":"3 Byrds","floor":18,"turns":5},{"damage":19,"enemies":"Chosen","floor":19,"turns":6},{"damage":47,"enemies":"Gremlin Leader","floor":24,"turns":3}],"seed_played":"-445346999150234904","potions_obtained":[{"floor":1,"key":"EssenceOfDarkness"},{"floor":7,"key":"BlessingOfTheForge"},{"floor":16,"key":"SteroidPotion"}],"is_trial":false,"path_per_floor":["M","?","?","M","M","R","E","M","T","R","M","R","E","$","R","B",null,"M","M","?","?","$","R","E"],"character_chosen":"DEFECT","items_purchased":["Lee\u0027s Waffle","OrangePellets"],"campfire_rested":1,"item_purchase_floors":[14,22],"current_hp_per_floor":[62,62,67,59,57,57,26,9,9,31,21,21,13,83,83,47,74,66,47,47,47,47,47,0,0],"gold":73,"neow_bonus":"RANDOM_COLORLESS_2","is_daily":false,"chose_seed":false,"campfire_upgraded":4,"win_rate":0.0,"timestamp":1614332026,"path_taken":["M","?","?","M","M","R","E","?","T","R","M","R","E","$","R","BOSS","M","M","?","?","$","R","E"],"items_purchased_type":["Relic","Relic"],"build_version":"2020-12-22","purchased_purges":0,"victory":false,"max_hp_per_floor":[71,71,76,76,76,76,76,76,76,76,76,76,76,83,83,83,83,83,83,83,83,83,83,83,83],"relic_stats":{"OrangePellets":[0],"Lee\u0027s Waffle":70,"counters":[11,51],"CeramicFish":126,"Pandora\u0027s Box":["Force Field","Reboot","Tempest","Sunder","Amplify","Rebound","Coolheaded","Coolheaded"],"Pen Nib":[4],"obtain_stats":[{"OrangePellets":22,"Lee\u0027s Waffle":14,"CeramicFish":9,"Pandora\u0027s Box":17,"Pen Nib":13,"Omamori":7,"Cracked Core":0},{"OrangePellets":10,"Lee\u0027s Waffle":7,"CeramicFish":5,"Pandora\u0027s Box":8,"Pen Nib":7,"Omamori":4,"Cracked Core":0},{"OrangePellets":48,"Lee\u0027s Waffle":25,"CeramicFish":17,"Pandora\u0027s Box":37,"Pen Nib":25,"Omamori":14,"Cracked Core":0}]},"card_choices":[{"not_picked":["Sadistic Nature","Master of Strategy"],"picked":"Mayhem","floor":0},{"not_picked":["Beam Cell","Reprogram"],"picked":"Static Discharge","floor":1},{"not_picked":["Hologram","Barrage"],"picked":"Ball Lightning","floor":4},{"not_picked":["Loop","Ball Lightning"],"picked":"Barrage","floor":5},{"not_picked":["Redo","Beam Cell"],"picked":"Go for the Eyes","floor":7},{"not_picked":["Storm","Redo"],"picked":"Cold Snap","floor":8},{"not_picked":["Redo","Gash"],"picked":"Cold Snap","floor":11},{"not_picked":["Rip and Tear","Reprogram"],"picked":"Force Field","floor":13},{"not_picked":["Amplify","Fission"],"picked":"Buffer","floor":16},{"not_picked":["Double Energy","Rebound+1"],"picked":"Glacier","floor":18},{"not_picked":["Fusion","Steam"],"picked":"Glacier+1","floor":19}],"player_experience":916943,"relics_obtained":[{"floor":7,"key":"Omamori"},{"floor":9,"key":"CeramicFish"},{"floor":13,"key":"Pen Nib"}],"event_choices":[{"damage_healed":0,"gold_gain":0,"player_choice":"Grow","damage_taken":0,"max_hp_gain":0,"max_hp_loss":0,"event_name":"Living Wall","floor":2,"gold_loss":0,"cards_upgraded":["Mayhem"]},{"damage_healed":0,"gold_gain":0,"player_choice":"Donut","damage_taken":0,"max_hp_gain":5,"max_hp_loss":0,"event_name":"Big Fish","floor":3,"gold_loss":0},{"damage_healed":0,"gold_gain":0,"player_choice":"Read","damage_taken":0,"max_hp_gain":0,"max_hp_loss":0,"event_name":"The Library","floor":20,"gold_loss":0,"cards_obtained":["Defragment"]},{"damage_healed":0,"gold_gain":0,"player_choice":"Forge","damage_taken":0,"max_hp_gain":0,"max_hp_loss":0,"event_name":"Accursed Blacksmith","floor":21,"gold_loss":0,"cards_upgraded":["Defragment"]}],"is_beta":false,"boss_relics":[{"not_picked":["Snecko Eye","Runic Dome"],"picked":"Pandora\u0027s Box"}],"items_purged_floors":[],"is_endless":false,"potions_floor_spawned":[1,7,8,16],"killed_by":"Gremlin Leader","ascension_level":20}}