{"host":"vk2xyavtylxbvrfq","time":1614356775,"event":{"mods":["Bard","BaseMod","Bestiary","Better Altar","Better Match","Better Note","Better Sensory Stone","Better Skull","Better Vampires","Block Reminder","Bossed Relics","Colored Map","Curses Come First","Displayed Cursed Tome","Downfall","Extra Virgin Snecko Oil","Fox Events","Hermit","Ironclad Rager","Marked Mod","Minty Spire (QoL Compilation)","Quick Restart","Rare Cards Sparkle","Relic Sorter","Reliquary","Robot Space Explorer","StSLib","The Hayseed","The Runesmith","Unceasing Turn Reminder"],"gold_per_floor":[115,115,34,54,65,94,94,122,192,5,22,56,19,49,49,144,144,161,173,30,30,30,30],"floor_reached":22,"language":"ENG","playtime":788,"items_purged":[],"score":297,"play_id":"5d35ddc5-d3dc-4ef6-8726-f6ca012c4ed8","local_time":"20210226112615","is_ascension_mode":true,"campfire_choices":[{"floor":7.0,"key":"REST"},{"floor":15.0,"key":"REST"}],"circlet_count":0,"master_deck":["hermit:Strike_Hermit","hermit:Strike_Hermit","hermit:Strike_Hermit","hermit:Defend_Hermit","hermit:Defend_Hermit","hermit:Defend_Hermit","hermit:Defend_Hermit","hermit:Snapshot","hermit:Covet","hermit:CursedWeapon","hermit:TakeAim","hermit:Determination","hermit:Dive","hermit:Determination","hermit:Snipe","hermit:Malice","hermit:EyeOfTheStorm","hermit:Enervate","hermit:WideOpen","hermit:Horror","hermit:Combo","hermit:Deadeye","hermit:FromBeyond","hermit:CalledShot+1","hermit:NoHoldsBarred+1"],"relics":["hermit:Momento","NeowsBlessing","Ginger","reliquary:Spinner","Vajra","InkBottle","Bird Faced Urn","Black Star","Bag of Marbles","NlothsMask"],"acts_visited":["Exordium","TheCity"],"potions_floor_usage":[],"damage_taken":[{"damage":0.0,"enemies":"Cultist","floor":1.0,"turns":1.0},{"damage":0.0,"enemies":"Jaw Worm","floor":4.0,"turns":1.0},{"damage":0.0,"enemies":"2 Louse","floor":5.0,"turns":1.0},{"damage":37.0,"enemies":"Lagavulin","floor":6.0,"turns":10.0},{"damage":15.0,"enemies":"Gremlin Nob","floor":8.0,"turns":4.0},{"damage":2.0,"enemies":"Red Slaver","floor":11.0,"turns":3.0},{"damage":18.0,"enemies":"3 Sentries","floor":12.0,"turns":5.0},{"damage":22.0,"enemies":"Lagavulin","floor":14.0,"turns":4.0},{"damage":26.0,"enemies":"The Guardian","floor":16.0,"turns":9.0},{"damage":36,"enemies":"3 Byrds","floor":18,"turns":5},{"damage":20,"enemies":"Shell Parasite","floor":19,"turns":4},{"damage":0,"enemies":"Shelled Parasite and Fungi","floor":22,"turns":1}],"seed_played":"240836518456584389","potions_obtained":[{"floor":6.0,"key":"FearPotion"},{"floor":8.0,"key":"Regen Potion"},{"floor":19,"key":"hexamod:SoulburnPotion"}],"is_trial":false,"path_per_floor":["M","?","$","M","M","E","R","E","T","$","M","E","$","E","R","B",null,"M","M","$","?","M"],"character_chosen":"HERMIT","items_purchased":["hermit:Determination","hermit:Dive","hermit:Enervate","Vajra","hermit:Combo","Bag of Marbles"],"campfire_rested":2,"item_purchase_floors":[3,3,10,10,13,20],"current_hp_per_floor":[68,68,68,68,68,31,53,38,38,38,36,32,32,10,32,12,59,29,11,11,11,11,11],"gold":30,"neow_bonus":"THREE_ENEMY_KILL","is_daily":false,"chose_seed":false,"campfire_upgraded":0,"win_rate":0.0,"timestamp":1614356775,"path_taken":["M","?","?","?","M","E","R","E","T","$","?","E","$","E","R","BOSS","M","M","$","?","?"],"items_purchased_type":["Card","Card","Card","Relic","Card","Relic"],"build_version":"2020-12-22","purchased_purges":0,"victory":false,"max_hp_per_floor":[75,75,75,75,75,75,75,75,75,75,75,75,75,75,75,75,75,75,75,75,75,75,75],"card_choices":[{"not_picked":["hermit:Desperado","hermit:ItchyTrigger"],"picked":"hermit:CursedWeapon","floor":1.0},{"not_picked":["hermit:Gestalt","hermit:Brawl"],"picked":"hermit:Determination","floor":4.0},{"not_picked":["hermit:HoleUp","hermit:Feint"],"picked":"hermit:Snipe","floor":5.0},{"not_picked":["hermit:Cheat","hermit:Feint"],"picked":"hermit:Malice","floor":6.0},{"not_picked":["hermit:Purgatory","hermit:BodyArmor"],"picked":"hermit:EyeOfTheStorm","floor":8.0},{"not_picked":["hermit:PistolWhip","hermit:Manifest"],"picked":"hermit:WideOpen","floor":11.0},{"not_picked":["hermit:Vantage","hermit:PistolWhip"],"picked":"hermit:Horror","floor":12.0},{"not_picked":["hermit:Showdown","hermit:Purgatory"],"picked":"hermit:Deadeye","floor":14.0},{"not_picked":["hermit:Reprieve","hermit:Roughhouse"],"picked":"hermit:FromBeyond","floor":16.0},{"not_picked":["hermit:TrackingShot","hermit:NoHoldsBarred"],"picked":"hermit:CalledShot+1","floor":18},{"not_picked":["hermit:ShadowCloak","hermit:Midnight"],"picked":"hermit:NoHoldsBarred+1","floor":19}],"player_experience":1492619,"relics_obtained":[{"floor":6.0,"key":"Ginger"},{"floor":8.0,"key":"reliquary:Spinner"},{"floor":12.0,"key":"InkBottle"},{"floor":14.0,"key":"Bird Faced Urn"}],"event_choices":[{"damage_healed":0.0,"max_hp_gain":0.0,"max_hp_loss":0.0,"gold_gain":0.0,"cards_transformed":["hermit:Strike_Hermit"],"event_name":"Transmorgrifier","player_choice":"Transformed","floor":2.0,"gold_loss":0.0,"damage_taken":0.0,"cards_obtained":["hermit:TakeAim"]},{"damage_healed":0,"gold_gain":0,"player_choice":"Trade","damage_taken":0,"relics_obtained":["NlothsMask"],"max_hp_gain":0,"max_hp_loss":0,"event_name":"FaceTrader","floor":21,"gold_loss":0}],"is_beta":false,"boss_relics":[{"not_picked":["Philosopher\u0027s Stone","reliquary:ThirdArm"],"picked":"Black Star"}],"items_purged_floors":[],"is_endless":false,"potions_floor_spawned":[6,8,19],"killed_by":"Shelled Parasite and Fungi","ascension_level":8}}