{"host":"24vdok87ydm8sokm","time":1614317249,"event":{"mods":["AchievementEnabler","BaseMod","Colored Map","Colored Powertips","Minty Spire (QoL Compilation)","StSLib"],"gold_per_floor":[112,132,147,164,179,179,254,254,278,278,309,13,30,30,30,127,127,142,142,158,178,190,224,224,242,311,328,328,328,360,360,360,462,462,478,478,528,544,562,562,24,57,127,127,127,147,198,226,226,226,226,226,4,31,31,31],"floor_reached":55,"language":"ENG","playtime":4894,"items_purged":[],"score":861,"play_id":"ca7775d2-b761-40c8-befc-ee0f3f7856fd","local_time":"20210225232729","is_ascension_mode":true,"campfire_choices":[{"data":"Skewer","floor":6,"key":"SMITH"},{"data":"Footwork","floor":8,"key":"SMITH"},{"data":"Survivor","floor":10,"key":"SMITH"},{"floor":15,"key":"REST"},{"floor":24,"key":"REST"},{"floor":28,"key":"RECALL"},{"floor":32,"key":"REST"},{"floor":45,"key":"REST"},{"floor":49,"key":"REST"},{"floor":52,"key":"DIG"}],"circlet_count":0,"master_deck":["Strike_G+1","Strike_G","Strike_G","Strike_G","Strike_G","Defend_G","Defend_G+1","Defend_G","Defend_G+1","Defend_G","Survivor+1","Neutralize","PiercingWail","Footwork+1","Skewer+1","Backstab+1","Footwork","Blur","Leg Sweep","Corpse Explosion","Backflip","Leg Sweep","Deadly Poison+1","Night Terror","Footwork","Deadly Poison","Noxious Fumes","J.A.X.","Adrenaline","Calculated Gamble","Backflip+1","Deadly Poison+1","Bouncing Flask+1","Enlightenment","Blur"],"relics":["Ring of the Snake","Nunchaku","Snake Skull","Bag of Preparation","Fusion Hammer","Oddly Smooth Stone","HornCleat","Vajra","Bronze Scales","Black Star","The Specimen","War Paint","Ninja Scroll","Paper Crane","Shovel","Blood Vial","Whetstone","Boot","StoneCalendar","Anchor","Sundial","Cauldron","Lizard Tail","Centennial Puzzle"],"acts_visited":["Exordium","TheCity","TheBeyond","TheEnding"],"potions_floor_usage":[16,23,30,37,38,46,48,50,55,55,55],"damage_taken":[{"damage":1,"enemies":"Small Slimes","floor":1,"turns":4},{"damage":1,"enemies":"Cultist","floor":2,"turns":4},{"damage":2,"enemies":"2 Louse","floor":3,"turns":4},{"damage":4,"enemies":"Looter","floor":4,"turns":4},{"damage":1,"enemies":"3 Louse","floor":5,"turns":4},{"damage":14,"enemies":"Gremlin Nob","floor":11,"turns":4},{"damage":0,"enemies":"2 Fungi Beasts","floor":13,"turns":3},{"damage":38,"enemies":"The Guardian","floor":16,"turns":20},{"damage":0,"enemies":"3 Byrds","floor":18,"turns":2},{"damage":0,"enemies":"Chosen","floor":20,"turns":7},{"damage":0,"enemies":"Centurion and Healer","floor":21,"turns":5},{"damage":0,"enemies":"3 Cultists","floor":22,"turns":3},{"damage":1,"enemies":"Gremlin Leader","floor":23,"turns":8},{"damage":0,"enemies":"Snake Plant","floor":25,"turns":4},{"damage":0,"enemies":"Shelled Parasite and Fungi","floor":27,"turns":7},{"damage":27,"enemies":"Slavers","floor":30,"turns":2},{"damage":21,"enemies":"Collector","floor":33,"turns":9},{"damage":0,"enemies":"3 Shapes","floor":35,"turns":3},{"damage":0,"enemies":"Mind Bloom Boss Battle","floor":37,"turns":7},{"damage":0,"enemies":"3 Darklings","floor":38,"turns":3},{"damage":5,"enemies":"Spire Growth","floor":39,"turns":6},{"damage":33,"enemies":"Reptomancer","floor":40,"turns":6},{"damage":37,"enemies":"Giant Head","floor":42,"turns":11},{"damage":0,"enemies":"4 Shapes","floor":46,"turns":3},{"damage":13,"enemies":"Nemesis","floor":48,"turns":7},{"damage":15,"enemies":"Donu and Deca","floor":50,"turns":7},{"damage":27,"enemies":"Shield and Spear","floor":54,"turns":7},{"damage":87,"enemies":"The Heart","floor":55,"turns":9}],"seed_played":"7874398977388064556","potions_obtained":[{"floor":2,"key":"BlessingOfTheForge"},{"floor":4,"key":"Swift Potion"},{"floor":5,"key":"SpeedPotion"},{"floor":14,"key":"FairyPotion"},{"floor":20,"key":"ColorlessPotion"},{"floor":21,"key":"DuplicationPotion"},{"floor":23,"key":"SpeedPotion"},{"floor":33,"key":"Weak Potion"},{"floor":35,"key":"Poison Potion"},{"floor":37,"key":"Strength Potion"},{"floor":39,"key":"Swift Potion"},{"floor":48,"key":"Strength Potion"},{"floor":53,"key":"Poison Potion"},{"floor":53,"key":"Strength Potion"},{"floor":53,"key":"SpeedPotion"}],"is_trial":false,"path_per_floor":["M","M","M","M","M","R","?","R","T","R","E","$","M","?","R","B",null,"M","?","M","M","M","E","R","M","T","M","R","?","E","?","R","B",null,"M","?","?","M","M","E","$","E","T","?","R","M","T","E","R","B",null,"R","$","E","B"],"character_chosen":"THE_SILENT","items_purchased":["Bag of Preparation","Blur","Leg Sweep","Paper Crane","Shovel","Blur","Cauldron"],"campfire_rested":5,"item_purchase_floors":[12,12,12,41,41,53,53],"current_hp_per_floor":[69,68,66,62,61,61,50,50,50,50,36,36,36,36,57,19,70,70,70,70,70,70,69,70,70,70,70,70,70,43,43,64,43,70,70,70,70,70,65,32,32,21,21,21,42,44,44,33,54,41,70,70,70,43,0,0],"gold":31,"neow_bonus":"THREE_CARDS","is_daily":false,"chose_seed":false,"campfire_upgraded":3,"win_rate":0.0,"timestamp":1614317249,"path_taken":["M","M","M","M","M","R","?","R","T","R","E","$","M","?","R","BOSS","M","?","M","M","M","E","R","M","T","M","R","?","E","?","R","BOSS","M","?","?","M","M","E","?","E","T","?","R","M","?","E","R","BOSS","R","$","E","BOSS"],"items_purchased_type":["Relic","Card","Card","Relic","Relic","Card","Relic"],"build_version":"2020-12-22","purchased_purges":0,"victory":false,"max_hp_per_floor":[70,70,70,70,70,70,70,70,70,70,70,70,70,70,70,70,70,70,70,70,70,70,70,70,70,70,70,70,70,70,70,70,70,70,70,70,70,70,70,70,70,70,70,70,70,70,70,70,70,70,70,70,70,70,70,70],"card_choices":[{"not_picked":["Deadly Poison","Cloak And Dagger"],"picked":"PiercingWail","floor":0},{"not_picked":["Bane","Flechettes","Sucker Punch"],"picked":"SKIP","floor":1},{"not_picked":["Cloak And Dagger","Eviscerate","Slice"],"picked":"SKIP","floor":2},{"not_picked":["Dash","Flying Knee"],"picked":"Footwork","floor":3},{"not_picked":["Dagger Spray","Tactician"],"picked":"Skewer","floor":4},{"not_picked":["Flechettes","Cloak And Dagger"],"picked":"Backstab","floor":5},{"not_picked":["Leg Sweep","Heel Hook"],"picked":"Footwork","floor":11},{"not_picked":["Distraction","Slice","Die Die Die"],"picked":"SKIP","floor":13},{"not_picked":["After Image","Unload"],"picked":"Corpse Explosion","floor":16},{"not_picked":["Predator","Poisoned Stab"],"picked":"Backflip","floor":18},{"not_picked":["Cloak And Dagger","Underhanded Strike"],"picked":"Prepared+1","floor":20},{"not_picked":["Flying Knee","Poisoned Stab"],"picked":"Leg Sweep","floor":21},{"not_picked":["Acrobatics","Dagger Throw"],"picked":"Deadly Poison+1","floor":22},{"not_picked":["Poisoned Stab","Terror"],"picked":"Night Terror","floor":23},{"not_picked":["Bane","Cloak And Dagger+1"],"picked":"Footwork","floor":25},{"not_picked":["Backflip","Riddle With Holes+1"],"picked":"Deadly Poison","floor":27},{"not_picked":["Bane","Outmaneuver"],"picked":"Noxious Fumes","floor":30},{"not_picked":["Storm of Steel","Tools of the Trade"],"picked":"Adrenaline","floor":33},{"not_picked":["Underhanded Strike","Cloak And Dagger","Dagger Throw+1"],"picked":"SKIP","floor":35},{"not_picked":["Flying Knee+1","Endless Agony"],"picked":"Calculated Gamble","floor":37},{"not_picked":["Dagger Throw+1","Dagger Spray"],"picked":"Backflip+1","floor":38},{"not_picked":["Leg Sweep","Masterful Stab"],"picked":"Deadly Poison+1","floor":39},{"not_picked":["Deadly Poison+1","Caltrops+1"],"picked":"Bouncing Flask+1","floor":40},{"not_picked":["Masterful Stab+1","Tactician","PiercingWail"],"picked":"SKIP","floor":42},{"not_picked":["Discovery","Dark Shackles"],"picked":"Enlightenment","floor":44},{"not_picked":["Cloak And Dagger+1","Finisher","Slice"],"picked":"SKIP","floor":46},{"not_picked":["Flechettes+1","Poisoned Stab","Prepared"],"picked":"SKIP","floor":48},{"not_picked":["Skewer","Bane","Quick Slash"],"picked":"SKIP","floor":54}],"player_experience":133118,"relics_obtained":[{"floor":9,"key":"Nunchaku"},{"floor":11,"key":"Snake Skull"},{"floor":23,"key":"Oddly Smooth Stone"},{"floor":26,"key":"HornCleat"},{"floor":30,"key":"Bronze Scales"},{"floor":37,"key":"The Specimen"},{"floor":40,"key":"War Paint"},{"floor":40,"key":"Ninja Scroll"},{"floor":42,"key":"Blood Vial"},{"floor":42,"key":"Whetstone"},{"floor":47,"key":"Boot"},{"floor":48,"key":"StoneCalendar"},{"floor":48,"key":"Anchor"},{"floor":52,"key":"Sundial"},{"floor":54,"key":"Lizard Tail"},{"floor":54,"key":"Centennial Puzzle"}],"event_choices":[{"damage_healed":0,"gold_gain":75,"player_choice":"Gather Gold","damage_taken":11,"max_hp_gain":0,"max_hp_loss":0,"event_name":"World of Goop","floor":7,"gold_loss":0},{"damage_healed":0,"gold_gain":0,"player_choice":"Got Potions","damage_taken":0,"max_hp_gain":0,"max_hp_loss":0,"event_name":"Lab","floor":14,"gold_loss":0},{"damage_healed":0,"gold_gain":0,"player_choice":"Ignored","damage_taken":0,"max_hp_gain":0,"max_hp_loss":0,"event_name":"Ghosts","floor":19,"gold_loss":0},{"damage_healed":0,"gold_gain":0,"player_choice":"Opened","damage_taken":0,"relics_obtained":["Vajra"],"max_hp_gain":0,"max_hp_loss":0,"event_name":"The Mausoleum","floor":29,"gold_loss":0},{"damage_healed":0,"gold_gain":0,"player_choice":"Obtain J.A.X.","damage_taken":0,"max_hp_gain":0,"max_hp_loss":0,"event_name":"Drug Dealer","floor":31,"gold_loss":0,"cards_obtained":["J.A.X."]},{"cards_removed":["Prepared"],"damage_healed":0,"gold_gain":0,"player_choice":"Removed Skill","damage_taken":0,"max_hp_gain":0,"max_hp_loss":0,"event_name":"Falling","floor":36,"gold_loss":0},{"damage_healed":0,"gold_gain":0,"player_choice":"Fight","damage_taken":0,"max_hp_gain":0,"max_hp_loss":0,"event_name":"MindBloom","floor":37,"gold_loss":0},{"damage_healed":0,"gold_gain":0,"player_choice":"Memory 1","damage_taken":0,"max_hp_gain":0,"max_hp_loss":0,"event_name":"SensoryStone","floor":44,"gold_loss":0}],"is_beta":false,"boss_relics":[{"not_picked":["Ectoplasm","Runic Pyramid"],"picked":"Fusion Hammer"},{"not_picked":["Tiny House","Busted Crown"],"picked":"Black Star"}],"items_purged_floors":[],"is_endless":false,"potions_floor_spawned":[2,4,5,20,21,23,33,35,37,39,48],"killed_by":"The Heart","ascension_level":1}}