{"host":"30jsp143e4v19aze","time":1614350486,"event":{"mods":["BaseMod","Colored Map","Colored Powertips","Curses Come First","DeckTracker","Highlight Path","Minty Spire (QoL Compilation)","Quick Restart","Relic Stats","StSLib","everything is the same but u backflip on backflip","slay the spire mod where everything is the same but ironclad has a cowboy hat"],"gold_per_floor":[109,34,34,34,34,61,21,56,56,91,104,122,142,160,160,239,239,250,264,264,274,28,58,86,117,129,176,188,200,229,9,9,9,9],"floor_reached":33,"language":"ENG","playtime":1098,"items_purged":["Defend_R","Defend_R"],"score":764,"play_id":"345dd5d4-8648-445f-b858-ec54bfab64a5","local_time":"20210226154126","is_ascension_mode":true,"campfire_choices":[{"data":"Fiend Fire","floor":15,"key":"SMITH"},{"floor":28,"key":"REST"},{"data":"Limit Break","floor":32,"key":"SMITH"}],"circlet_count":0,"master_deck":["AscendersBane","Strike_R","Strike_R","Strike_R","Strike_R","Defend_R","Defend_R","Bash+1","Flame Barrier","Wild Strike","Perfected Strike","Fiend Fire+1","Reaper","Immolate","Spot Weakness","Flame Barrier","Burning Pact","Pommel Strike","Pommel Strike","Limit Break+1","True Grit","Shockwave","Corruption","Pommel Strike","Evolve","Second Wind"],"relics":["Burning Blood","NeowsBlessing","StrikeDummy","HornCleat","Red Skull","Gremlin Horn","Nunchaku","Sozu","Orrery","MawBank","Kunai","Tiny Chest"],"acts_visited":["Exordium","TheCity"],"potions_floor_usage":[],"damage_taken":[{"damage":0,"enemies":"Small Slimes","floor":1,"turns":1},{"damage":0,"enemies":"3 Sentries","floor":6,"turns":2},{"damage":0,"enemies":"Lagavulin","floor":8,"turns":1},{"damage":5,"enemies":"3 Sentries","floor":10,"turns":6},{"damage":7,"enemies":"Jaw Worm","floor":11,"turns":2},{"damage":0,"enemies":"2 Louse","floor":12,"turns":2},{"damage":6,"enemies":"Lots of Slimes","floor":13,"turns":2},{"damage":8,"enemies":"Large Slime","floor":14,"turns":5},{"damage":50,"enemies":"The Guardian","floor":16,"turns":8},{"damage":20,"enemies":"3 Byrds","floor":18,"turns":4},{"damage":9,"enemies":"Shell Parasite","floor":19,"turns":3},{"damage":40,"enemies":"Shelled Parasite and Fungi","floor":21,"turns":4},{"damage":34,"enemies":"Book of Stabbing","floor":23,"turns":5},{"damage":34,"enemies":"Cultist and Chosen","floor":24,"turns":5},{"damage":0,"enemies":"Snake Plant","floor":25,"turns":2},{"damage":0,"enemies":"Gremlin Leader","floor":27,"turns":3},{"damage":13,"enemies":"Centurion and Healer","floor":30,"turns":5},{"damage":50,"enemies":"Champ","floor":33,"turns":6}],"seed_played":"-6282161973300411213","potions_obtained":[{"floor":7,"key":"FairyPotion"},{"floor":7,"key":"EssenceOfSteel"},{"floor":12,"key":"Fire Potion"}],"is_trial":false,"path_per_floor":["M","?","$","?","T","E","?","E","T","E","M","M","M","M","R","B",null,"M","M","?","M","$","E","M","M","T","E","R","?","M","$","R","B"],"character_chosen":"IRONCLAD","items_purchased":["Orrery","Evolve","Second Wind"],"campfire_rested":1,"item_purchase_floors":[22,31,31],"current_hp_per_floor":[74,74,74,74,74,75,75,75,75,75,74,75,75,73,73,29,64,56,53,53,19,19,14,11,17,17,23,45,45,44,44,44,0,0],"gold":9,"neow_bonus":"THREE_ENEMY_KILL","is_daily":false,"chose_seed":false,"campfire_upgraded":2,"win_rate":0.0,"timestamp":1614350486,"path_taken":["M","?","$","?","?","E","?","E","T","E","M","?","M","M","R","BOSS","M","M","?","M","$","E","M","?","T","E","R","?","M","?","R","BOSS"],"items_purchased_type":["Relic","Card","Card"],"build_version":"2020-12-22","purchased_purges":2,"victory":false,"max_hp_per_floor":[75,75,75,75,75,75,75,75,75,75,75,75,75,75,75,75,75,75,75,75,75,75,75,75,75,75,75,75,75,75,75,75,75,75],"relic_stats":{"Sozu":3,"Nunchaku":[10],"Gremlin Horn":[16,16],"counters":[18,66],"Tiny Chest":0,"Kunai":[4],"MawBank":96,"obtain_stats":[{"Sozu":17,"Nunchaku":10,"HornCleat":6,"NeowsBlessing":0,"Gremlin Horn":9,"Orrery":22,"Tiny Chest":27,"Kunai":26,"StrikeDummy":5,"MawBank":23,"Burning Blood":0,"Red Skull":8},{"Sozu":9,"Nunchaku":4,"HornCleat":2,"NeowsBlessing":0,"Gremlin Horn":3,"Orrery":12,"Tiny Chest":16,"Kunai":15,"StrikeDummy":1,"MawBank":13,"Burning Blood":0,"Red Skull":3},{"Sozu":29,"Nunchaku":10,"HornCleat":3,"NeowsBlessing":0,"Gremlin Horn":4,"Orrery":40,"Tiny Chest":55,"Kunai":52,"StrikeDummy":1,"MawBank":45,"Burning Blood":0,"Red Skull":4}],"Burning Blood":85},"card_choices":[{"not_picked":["Perfected Strike","Sword Boomerang"],"picked":"Cleave","floor":1},{"not_picked":["Rampage","Cleave"],"picked":"Flame Barrier","floor":6},{"not_picked":["Perfected Strike","Rupture"],"picked":"Wild Strike","floor":8},{"not_picked":["Sword Boomerang","Blood for Blood","Fire Breathing"],"picked":"SKIP","floor":10},{"not_picked":["Dropkick","Wild Strike"],"picked":"Perfected Strike","floor":11},{"not_picked":["Iron Wave","Shrug It Off"],"picked":"Fiend Fire","floor":12},{"not_picked":["Thunderclap","Iron Wave","Searing Blow"],"picked":"SKIP","floor":13},{"not_picked":["Armaments","Iron Wave","Anger"],"picked":"SKIP","floor":14},{"not_picked":["Brutality","Exhume"],"picked":"Reaper","floor":16},{"not_picked":["Wild Strike","Heavy Blade","Cleave"],"picked":"SKIP","floor":18},{"not_picked":["Sword Boomerang","Wild Strike"],"picked":"Immolate","floor":19},{"not_picked":["Seeing Red","Havoc"],"picked":"Spot Weakness","floor":21},{"not_picked":["True Grit","Dual Wield"],"picked":"Flame Barrier","floor":22},{"not_picked":["Ghostly Armor","Thunderclap"],"picked":"Burning Pact","floor":22},{"not_picked":["Flex","True Grit"],"picked":"Pommel Strike","floor":22},{"not_picked":["Rage","Warcry"],"picked":"Pommel Strike","floor":22},{"not_picked":["Havoc","Rupture"],"picked":"Limit Break","floor":23},{"not_picked":["Headbutt","Armaments"],"picked":"True Grit","floor":24},{"not_picked":["Body Slam","Warcry"],"picked":"Shockwave","floor":25},{"not_picked":["Heavy Blade","Sentinel+1"],"picked":"Corruption","floor":27},{"not_picked":["Thunderclap","Clash"],"picked":"Pommel Strike","floor":30}],"player_experience":3306633,"relics_obtained":[{"floor":5,"key":"StrikeDummy"},{"floor":6,"key":"HornCleat"},{"floor":8,"key":"Red Skull"},{"floor":9,"key":"Gremlin Horn"},{"floor":10,"key":"Nunchaku"},{"floor":23,"key":"MawBank"},{"floor":26,"key":"Kunai"},{"floor":27,"key":"Tiny Chest"}],"event_choices":[{"cards_removed":["Strike_R"],"damage_healed":0,"gold_gain":0,"player_choice":"Card Removal","damage_taken":0,"max_hp_gain":0,"max_hp_loss":0,"event_name":"The Cleric","floor":2,"gold_loss":75},{"damage_healed":0,"gold_gain":0,"player_choice":"Grow","damage_taken":0,"max_hp_gain":0,"max_hp_loss":0,"event_name":"Living Wall","floor":4,"gold_loss":0,"cards_upgraded":["Bash"]},{"damage_healed":0,"gold_gain":0,"player_choice":"Bought 3 Potions","damage_taken":0,"max_hp_gain":0,"max_hp_loss":0,"event_name":"The Woman in Blue","floor":7,"gold_loss":0},{"cards_removed":["Cleave"],"damage_healed":0,"gold_gain":0,"player_choice":"Purged","damage_taken":0,"max_hp_gain":0,"max_hp_loss":0,"event_name":"Purifier","floor":20,"gold_loss":0},{"damage_healed":0,"gold_gain":0,"player_choice":"Got Potions","damage_taken":0,"max_hp_gain":0,"max_hp_loss":0,"event_name":"Lab","floor":29,"gold_loss":0}],"is_beta":false,"boss_relics":[{"not_picked":["Tiny House","Cursed Key"],"picked":"Sozu"}],"items_purged_floors":[22,31],"is_endless":false,"potions_floor_spawned":[8,12,13,16,23,24,30],"killed_by":"Champ","ascension_level":20}}