{"host":"snggrqcauaf0m8fe","time":1614344371,"event":{"mods":["BaseMod","Minty Spire (QoL Compilation)","Quick Restart"],"gold_per_floor":[118,68,243,89,103,103,103,117,143,143,176,176,20,84,84,188,238,251,251,166,176,30,60,60,71,116,116,116],"floor_reached":27,"language":"ENG","playtime":510,"items_purged":["Doubt"],"score":272,"play_id":"d7e6ce7f-c0b4-4fae-910f-63cb4427c043","local_time":"20210226135931","is_ascension_mode":true,"campfire_choices":[{"data":"Defragment","floor":6,"key":"SMITH"},{"data":"Redo","floor":10,"key":"SMITH"},{"floor":12,"key":"REST"},{"floor":15,"key":"REST"},{"floor":24,"key":"REST"}],"circlet_count":0,"master_deck":["Strike_B","Strike_B","Strike_B","Defend_B","Defend_B","Defend_B","Defend_B+1","Zap","Dualcast","Capacitor","Defragment+1","Redo+1","Redo","Buffer","Barrage","Tempest","Echo Form","Consume"],"relics":["Cracked Core","NeowsBlessing","Strawberry","Happy Flower","Runic Capacitor","Gremlin Horn","Tiny House","Torii","Membership Card","Akabeko","Tiny Chest"],"acts_visited":["Exordium","TheCity"],"potions_floor_usage":[11,18,27],"damage_taken":[{"damage":0,"enemies":"Jaw Worm","floor":1,"turns":1},{"damage":0,"enemies":"2 Louse","floor":5,"turns":1},{"damage":0,"enemies":"Small Slimes","floor":8,"turns":1},{"damage":37,"enemies":"Gremlin Nob","floor":11,"turns":4},{"damage":36,"enemies":"Lagavulin Event","floor":14,"turns":5},{"damage":41,"enemies":"Slime Boss","floor":16,"turns":8},{"damage":35,"enemies":"3 Byrds","floor":18,"turns":5},{"damage":7,"enemies":"Chosen","floor":21,"turns":4},{"damage":72,"enemies":"Book of Stabbing","floor":23,"turns":5},{"damage":24,"enemies":"Snake Plant","floor":25,"turns":3},{"damage":0,"enemies":"Slavers","floor":27,"turns":1}],"seed_played":"3585219897314038138","potions_obtained":[{"floor":5,"key":"Energy Potion"},{"floor":16,"key":"DistilledChaos"},{"floor":17,"key":"CultistPotion"}],"is_trial":false,"path_per_floor":["M","?","?","$","M","R","?","M","T","R","E","R","$","?","R","B",null,"M","?","?","M","$","E","R","M","T","E"],"character_chosen":"DEFECT","items_purchased":["Defragment","Runic Capacitor","Membership Card"],"campfire_rested":3,"item_purchase_floors":[4,13,22],"current_hp_per_floor":[75,75,75,75,75,75,75,75,82,82,45,69,69,33,57,16,87,52,81,81,74,74,2,28,4,4,4,4],"gold":116,"neow_bonus":"THREE_ENEMY_KILL","is_daily":false,"chose_seed":false,"campfire_upgraded":2,"win_rate":0.0,"timestamp":1614344371,"path_taken":["M","?","?","$","M","R","?","?","T","R","E","R","$","?","R","BOSS","M","?","?","M","$","E","R","M","T","E"],"items_purchased_type":["Card","Relic","Relic"],"build_version":"2020-12-22","purchased_purges":1,"victory":false,"max_hp_per_floor":[75,75,75,75,75,75,75,75,82,82,82,82,82,82,82,82,87,87,87,87,87,87,87,87,87,87,87,87],"card_choices":[{"not_picked":["Go for the Eyes","Sunder"],"picked":"Capacitor","floor":1},{"not_picked":["Steam","Scrape","Conserve Battery"],"picked":"SKIP","floor":5},{"not_picked":["Gash","Barrage"],"picked":"Redo","floor":8},{"not_picked":["Hologram","Streamline","Ball Lightning"],"picked":"SKIP","floor":11},{"not_picked":["Darkness","Reprogram"],"picked":"Redo","floor":14},{"not_picked":["Rainbow","Machine Learning"],"picked":"Buffer","floor":16},{"not_picked":["Turbo","Hologram"],"picked":"Barrage","floor":17},{"not_picked":["Steam","Conserve Battery"],"picked":"Tempest","floor":18},{"not_picked":["Steam","Rebound","Doom and Gloom+1"],"picked":"SKIP","floor":21},{"not_picked":["Sunder","Hello World+1"],"picked":"Echo Form","floor":23},{"not_picked":["Steam","Conserve Battery+1"],"picked":"Consume","floor":25}],"player_experience":826231,"relics_obtained":[{"floor":9,"key":"Strawberry"},{"floor":11,"key":"Happy Flower"},{"floor":14,"key":"Gremlin Horn"},{"floor":23,"key":"Akabeko"},{"floor":26,"key":"Tiny Chest"}],"event_choices":[{"cards_removed":["Strike_B"],"damage_healed":0,"gold_gain":0,"player_choice":"Card Removal","damage_taken":0,"max_hp_gain":0,"max_hp_loss":0,"event_name":"The Cleric","floor":2,"gold_loss":50},{"damage_healed":0,"gold_gain":175,"player_choice":"AGREE","damage_taken":0,"max_hp_gain":0,"max_hp_loss":0,"event_name":"Liars Game","floor":3,"gold_loss":0,"cards_obtained":["Doubt"]},{"damage_healed":0,"gold_gain":0,"player_choice":"0 cards matched","damage_taken":0,"max_hp_gain":0,"max_hp_loss":0,"event_name":"Match and Keep!","floor":7,"gold_loss":0,"cards_obtained":[]},{"damage_healed":0,"gold_gain":0,"player_choice":"Searched \u00271\u0027 times","damage_taken":0,"max_hp_gain":0,"max_hp_loss":0,"event_name":"Dead Adventurer","floor":14,"gold_loss":0},{"damage_healed":29,"gold_gain":0,"player_choice":"Heal","damage_taken":0,"max_hp_gain":0,"max_hp_loss":0,"event_name":"The Library","floor":19,"gold_loss":0},{"damage_healed":0,"gold_gain":0,"player_choice":"Obtained Relic","damage_taken":0,"relics_obtained":["Torii"],"max_hp_gain":0,"max_hp_loss":0,"event_name":"Addict","floor":20,"gold_loss":85}],"is_beta":false,"boss_relics":[{"not_picked":["Ectoplasm","Pandora\u0027s Box"],"picked":"Tiny House"}],"items_purged_floors":[4],"is_endless":false,"potions_floor_spawned":[5,16],"killed_by":"Slavers","ascension_level":4}}