{"host":"6706kntd0vtj8hnw","time":1614316249,"event":{"mods":["BaseMod","Colored Powertips","Downfall","Hermit","HololiveMod","Hubris","Infinite Spire","KinomotoSakuraMod(????)","Mad Scientist","Marisa????????","Minty Spire (QoL Compilation)","Quick Restart","StSLib","The Blackbeard","The Forsaken","The Wild Card"],"gold_per_floor":[110,120,134,154,154,182,228,282,360,415,427,495,531,586,598,734,746,800,858,349,397,397,397,455,455,455],"floor_reached":25,"language":"ENG","playtime":2956,"items_purged":[],"score":363,"play_id":"95956add-1369-4165-98c8-39a3a0e9a7de","local_time":"20210225211049","daily_mods":["SealedDeck","Heirloom","DeadlyEvents","Elite Swarm"],"is_ascension_mode":false,"campfire_choices":[{"floor":11,"key":"REST"},{"floor":15,"key":"REST"},{"floor":23,"key":"REST"}],"circlet_count":0,"master_deck":["MadScienceMod:ExtractOil","MadScienceMod:NowOrNever","MadScienceMod:Lightbulb","MadScienceMod:FlameThrower","MadScienceMod:RadioactiveSword","MadScienceMod:BandageBot","MadScienceMod:Browse","MadScienceMod:RadioactiveSword","MadScienceMod:SelfDestruct","MadScienceMod:FlexibleSpear","MadScienceMod:MechanicalClaw","MadScienceMod:PowerArmor","MadScienceMod:JunkLaser","MadScienceMod:CondenseVapors","MadScienceMod:Generator","MadScienceMod:Liquify","MadScienceMod:Tinker+1","MadScienceMod:Tinker+1","MadScienceMod:Redesign+1","MadScienceMod:ExtractOil","MadScienceMod:Generator","MadScienceMod:Bombardment+1","MadScienceMod:ExploreOptions+1","MadScienceMod:MinatureWeapons","Impatience+1","MadScienceMod:Refuel+1","Chrysalis+1","MadScienceMod:RecyclingStation","MadScienceMod:Reconstitute+1"],"relics":["MadScienceMod:FuelTank","Lizard Tail","infinitespire:Satchel","Oddly Smooth Stone","Matryoshka","MawBank","Toxic Egg 2","CeramicFish","Turnip","theForsaken:PaleLantern","Membership Card","Bronze Scales","hubris:CrystalStatue","Ancient Tea Set"],"acts_visited":["Exordium","TheCity"],"potions_floor_usage":[4,6,7,7,7,12,16,21,21],"damage_taken":[{"damage":1,"enemies":"infinitespire:Voidling","floor":1,"turns":2},{"damage":0,"enemies":"Jaw Worm","floor":2,"turns":1},{"damage":0,"enemies":"2 Louse","floor":3,"turns":1},{"damage":10,"enemies":"Gremlin Gang","floor":4,"turns":2},{"damage":24,"enemies":"Lagavulin","floor":6,"turns":4},{"damage":6,"enemies":"3 Sentries","floor":7,"turns":2},{"damage":15,"enemies":"Lagavulin","floor":8,"turns":4},{"damage":15,"enemies":"3 Sentries","floor":10,"turns":3},{"damage":13,"enemies":"Lagavulin","floor":12,"turns":3},{"damage":0,"enemies":"Looter","floor":13,"turns":1},{"damage":7,"enemies":"Blue Slaver","floor":14,"turns":3},{"damage":0,"enemies":"Slime Boss","floor":16,"turns":5},{"damage":75,"enemies":"3 Byrds","floor":18,"turns":11},{"damage":16,"enemies":"Chosen","floor":19,"turns":4},{"damage":11,"enemies":"Snake Plant","floor":21,"turns":4},{"damage":84,"enemies":"Slavers","floor":24,"turns":5},{"damage":16,"enemies":"Snecko","floor":25,"turns":4}],"seed_played":"-2939539908150275229","potions_obtained":[{"floor":1,"key":"MadScienceMod:TrinketPotion"},{"floor":3,"key":"BlessingOfTheForge"},{"floor":5,"key":"LiquidMemories"},{"floor":5,"key":"Strength Potion"},{"floor":6,"key":"MadScienceMod:FuelPotion"},{"floor":10,"key":"ColorlessPotion"},{"floor":14,"key":"LiquidBronze"},{"floor":18,"key":"sneckomod:MuddlingPotion"},{"floor":19,"key":"Block Potion"}],"is_trial":true,"path_per_floor":["M","M","M","M","?","E","E","E","T","E","R","E","M","M","R","B",null,"M","M","$","M","?","R","E","M"],"character_chosen":"MAD_SCIENTIST","items_purchased":["Membership Card","Bronze Scales","hubris:CrystalStatue","MadScienceMod:MinatureWeapons","Impatience+1","MadScienceMod:Refuel+1","Chrysalis+1"],"campfire_rested":3,"item_purchase_floors":[20,20,20,20,20,20,20],"current_hp_per_floor":[74,74,74,64,64,43,37,25,25,10,32,19,19,15,37,37,75,54,38,38,33,33,55,16,0,0],"gold":455,"neow_bonus":"","is_daily":false,"chose_seed":false,"campfire_upgraded":0,"win_rate":0.0,"timestamp":1614316249,"path_taken":["M","?","M","M","?","E","?","E","T","E","R","E","M","M","R","BOSS","M","M","$","M","?","R","E","M"],"items_purchased_type":["Relic","Relic","Relic","Card","Card","Card","Card"],"build_version":"2020-12-22","purchased_purges":0,"victory":false,"max_hp_per_floor":[75,75,75,75,75,75,75,75,75,75,75,75,75,75,75,75,75,75,75,75,75,75,75,75,75,75],"card_choices":[{"not_picked":["MadScienceMod:ShrinkRay","MadScienceMod:FragmentationGrenade"],"picked":"MadScienceMod:FlexibleSpear","floor":1},{"not_picked":["MadScienceMod:EnergyBarrier","MadScienceMod:ShrinkRay"],"picked":"MadScienceMod:MechanicalClaw","floor":2},{"not_picked":["MadScienceMod:FlameCannon","MadScienceMod:AutoStrike"],"picked":"MadScienceMod:PowerArmor","floor":3},{"not_picked":["MadScienceMod:Refuel","MadScienceMod:OmniHammer"],"picked":"MadScienceMod:JunkLaser","floor":4},{"not_picked":["MadScienceMod:Liquify","MadScienceMod:Postpone"],"picked":"MadScienceMod:CondenseVapors","floor":6},{"not_picked":["MadScienceMod:Jetpack","MadScienceMod:FumeHood"],"picked":"MadScienceMod:Generator","floor":7},{"not_picked":["MadScienceMod:CondenseVapors","MadScienceMod:LabAccident"],"picked":"MadScienceMod:Liquify","floor":8},{"not_picked":["MadScienceMod:MechanicalSnecko","MadScienceMod:ClockworkAssistant"],"picked":"MadScienceMod:Tinker+1","floor":10},{"not_picked":["MadScienceMod:ClockworkAssistant","MadScienceMod:GoldenGun"],"picked":"MadScienceMod:Tinker+1","floor":12},{"not_picked":["MadScienceMod:Strafe","MadScienceMod:MechanicalClaw"],"picked":"MadScienceMod:Redesign+1","floor":13},{"not_picked":["MadScienceMod:MechanicalClaw","MadScienceMod:Probe"],"picked":"MadScienceMod:ExtractOil","floor":14},{"not_picked":["MadScienceMod:GlassCannon","MadScienceMod:Liquify+1"],"picked":"MadScienceMod:Generator","floor":16},{"not_picked":["MadScienceMod:FlammableWall+1","MadScienceMod:Inflate+1"],"picked":"MadScienceMod:Bombardment+1","floor":18},{"not_picked":["MadScienceMod:AcidSpray+1","MadScienceMod:RadioactiveSword"],"picked":"MadScienceMod:ExploreOptions+1","floor":19},{"not_picked":["MadScienceMod:FragmentationGrenade","MadScienceMod:CaptureMomentum+1"],"picked":"MadScienceMod:RecyclingStation","floor":21},{"not_picked":["MadScienceMod:ClockworkAssistant","MadScienceMod:CloneVats"],"picked":"MadScienceMod:Reconstitute+1","floor":24}],"player_experience":263178,"relics_obtained":[{"floor":6,"key":"infinitespire:Satchel"},{"floor":7,"key":"Oddly Smooth Stone"},{"floor":8,"key":"Matryoshka"},{"floor":9,"key":"MawBank"},{"floor":9,"key":"Toxic Egg 2"},{"floor":10,"key":"CeramicFish"},{"floor":12,"key":"Turnip"},{"floor":24,"key":"Ancient Tea Set"}],"event_choices":[{"damage_healed":0,"gold_gain":0,"player_choice":"Got Potions","damage_taken":0,"max_hp_gain":0,"max_hp_loss":0,"event_name":"Lab","floor":5,"gold_loss":0},{"cards_removed":["MadScienceMod:AutoStrike"],"damage_healed":0,"gold_gain":0,"player_choice":"Elegance","damage_taken":0,"max_hp_gain":0,"max_hp_loss":0,"event_name":"Back to Basics","floor":22,"gold_loss":0}],"is_beta":false,"boss_relics":[{"not_picked":["Astrolabe","Runic Dome"],"picked":"theForsaken:PaleLantern"}],"items_purged_floors":[],"is_endless":false,"potions_floor_spawned":[1,3,6,10,14,18,19],"killed_by":"Snecko","ascension_level":0}}