{"host":"eketvm4dld8igxnv","time":1614322711,"event":{"mods":["BaseMod","Better Skull","Better Third Choice","Downfall","Googly Eyes","Minty Spire (QoL Compilation)","Replay The Spire","StSLib"],"gold_per_floor":[110,126,126,137,148,148,28,41,94,94,106,71,71,90,90,187,187,174,99,0,0,13,46,46,66,66,66,66],"floor_reached":27,"language":"ENG","playtime":2331,"items_purged":["SandsOfTime"],"score":225,"play_id":"1a52511f-8359-4212-a341-1c64cb0804db","local_time":"20210226015831","is_ascension_mode":false,"campfire_choices":[{"data":"Replay:AllIn","floor":6,"key":"SMITH"},{"data":"Vigilance","floor":13,"key":"SMITH"},{"data":"ClearTheMind","floor":15,"key":"SMITH"},{"data":"Alpha","floor":24,"key":"SMITH"}],"circlet_count":0,"master_deck":["Strike_P","Strike_P","Strike_P","Strike_P","Defend_P","Defend_P","Defend_P","Defend_P","Eruption+1","Vigilance+1","SignatureMove","Replay:AtTheReady","FollowUp","MentalFortress","LikeWater","Replay:AllIn+1","Consecrate","BowlingBash","Perseverance","TalkToTheHand","JustLucky","ClearTheMind+1","FlurryOfBlows","Blasphemy","BowlingBash","Wallop","EmptyFist","Alpha+1","CrushJoints"],"relics":["PureWater","Prayer Wheel","Ring of Peace","Busted Crown","Nloth\u0027s Gift","ReplayTheSpireMod:TigerMarble","ReplayTheSpireMod:Ninjato"],"acts_visited":["Exordium","TheCity"],"potions_floor_usage":[16,16,18,25],"damage_taken":[{"damage":0,"enemies":"Cultist","floor":1,"turns":2},{"damage":1,"enemies":"2 Louse","floor":2,"turns":2},{"damage":0,"enemies":"Small Slimes","floor":4,"turns":3},{"damage":4,"enemies":"3 Louse","floor":5,"turns":5},{"damage":32,"enemies":"Large Slime","floor":8,"turns":2},{"damage":0,"enemies":"Lots of Slimes","floor":11,"turns":4},{"damage":0,"enemies":"Looter","floor":14,"turns":4},{"damage":36,"enemies":"Fading Forest","floor":16,"turns":11},{"damage":7,"enemies":"2 Thieves","floor":18,"turns":4},{"damage":4,"enemies":"Chosen","floor":22,"turns":5},{"damage":10,"enemies":"Slavers","floor":23,"turns":7},{"damage":36,"enemies":"Shelled Parasite and Fungi","floor":25,"turns":4},{"damage":9,"enemies":"Book of Stabbing","floor":27,"turns":2}],"seed_played":"-8626986357699668642","potions_obtained":[{"floor":1,"key":"SpeedPotion"},{"floor":8,"key":"Block Potion"},{"floor":14,"key":"Elixir"},{"floor":23,"key":"champ:CounterPotion"},{"floor":25,"key":"Energy Potion"}],"is_trial":false,"path_per_floor":["M","M","?","M","M","R","$","M","T","?","M","?","R","M","R","B",null,"M","?","?","?","M","E","R","M","T","E"],"character_chosen":"WATCHER","items_purchased":["BowlingBash"],"campfire_rested":0,"item_purchase_floors":[7],"current_hp_per_floor":[65,64,64,64,60,60,60,28,28,28,28,44,44,44,44,16,65,58,58,58,58,54,44,44,8,8,0,0],"gold":66,"neow_bonus":"ONE_RARE_RELIC","is_daily":false,"chose_seed":false,"campfire_upgraded":4,"win_rate":0.0,"timestamp":1614322711,"path_taken":["M","?","?","?","M","R","$","M","T","?","M","?","R","M","R","BOSS","M","?","?","?","?","E","R","M","T","E"],"items_purchased_type":["Card"],"build_version":"2020-12-22","purchased_purges":1,"victory":false,"max_hp_per_floor":[65,65,65,65,65,65,65,65,65,65,65,65,65,65,65,65,65,65,65,65,65,65,65,65,65,65,65,65],"card_choices":[{"not_picked":["Indignation","JustLucky"],"picked":"SignatureMove","floor":1},{"not_picked":["ClearTheMind","SignatureMove"],"picked":"Replay:AtTheReady","floor":1},{"not_picked":["Nirvana","Tantrum"],"picked":"FollowUp","floor":2},{"not_picked":["Study","EmptyFist"],"picked":"MentalFortress","floor":2},{"not_picked":["EmptyFist","Protect"],"picked":"LikeWater","floor":4},{"not_picked":["Halt","FollowUp"],"picked":"SandsOfTime","floor":4},{"not_picked":["Consecrate","Replay:BluntJabs"],"picked":"Replay:AllIn","floor":5},{"not_picked":["Replay:AtTheReady","ClearTheMind"],"picked":"Consecrate","floor":5},{"not_picked":["Prostrate","MentalFortress"],"picked":"Perseverance","floor":8},{"not_picked":["Prostrate","Crescendo"],"picked":"TalkToTheHand","floor":8},{"not_picked":["BowlingBash","SignatureMove"],"picked":"JustLucky","floor":11},{"not_picked":["Collect","Weave","FlyingSleeves"],"picked":"SKIP","floor":11},{"not_picked":["Vengeance","Collect"],"picked":"ClearTheMind","floor":14},{"not_picked":["CarveReality","Tantrum"],"picked":"FlurryOfBlows","floor":14},{"not_picked":["Brilliance","DevaForm"],"picked":"Blasphemy","floor":16},{"not_picked":[],"picked":"BowlingBash","floor":18},{"not_picked":[],"picked":"Wallop","floor":18},{"not_picked":[],"picked":"EmptyFist","floor":22},{"not_picked":[],"picked":"Alpha","floor":22},{"not_picked":["WindmillStrike"],"picked":"SKIP","floor":23},{"not_picked":[],"picked":"CrushJoints","floor":25},{"not_picked":["Worship+1"],"picked":"SKIP","floor":25}],"player_experience":337654,"relics_obtained":[{"floor":10,"key":"Ring of Peace"},{"floor":10,"key":"Ring of Misfortune"},{"floor":23,"key":"ReplayTheSpireMod:TigerMarble"},{"floor":26,"key":"ReplayTheSpireMod:Ninjato"}],"event_choices":[{"damage_healed":0,"gold_gain":0,"player_choice":"Upgraded","damage_taken":0,"max_hp_gain":0,"max_hp_loss":0,"event_name":"Upgrade Shrine","floor":3,"gold_loss":0,"cards_upgraded":["Eruption"]},{"damage_healed":16,"gold_gain":0,"player_choice":"Healed","damage_taken":0,"max_hp_gain":0,"max_hp_loss":0,"event_name":"The Cleric","floor":12,"gold_loss":35},{"cards_removed":["Looming Evil"],"damage_healed":0,"gold_gain":0,"player_choice":"Gave Gold","damage_taken":0,"max_hp_gain":0,"max_hp_loss":0,"event_name":"Beggar","floor":19,"gold_loss":75},{"damage_healed":0,"gold_gain":0,"player_choice":"Paid Fearfully","damage_taken":0,"max_hp_gain":0,"max_hp_loss":0,"event_name":"Masked Bandits","floor":20,"gold_loss":99},{"damage_healed":0,"gold_gain":0,"player_choice":"Traded Relic","damage_taken":0,"relics_obtained":["Nloth\u0027s Gift"],"max_hp_gain":0,"max_hp_loss":0,"event_name":"N\u0027loth","floor":21,"relics_lost":["Ring of Misfortune"],"gold_loss":0}],"is_beta":false,"boss_relics":[{"not_picked":["Velvet Choker","Replay:Wanted Poster"],"picked":"Busted Crown"}],"items_purged_floors":[7],"is_endless":false,"potions_floor_spawned":[1,8,14,23,25],"killed_by":"Book of Stabbing","ascension_level":0}}