{"host":"2vsfvi9pm0ilma55","time":1614355628,"event":{"mods":["BaseMod","Bestiary","Highlight Path","Minty Spire (QoL Compilation)","Relic Stats","StSLib","The Marked","The Warlock"],"gold_per_floor":[119,136,154,168,185,214,214,229,252,252,252],"floor_reached":10,"language":"ENG","playtime":732,"items_purged":[],"score":144,"play_id":"c6227be2-798d-4a31-9288-3cf3bf7e2ea9","local_time":"20210226080708","is_ascension_mode":true,"campfire_choices":[],"circlet_count":0,"master_deck":["AscendersBane","Ritualist:StrikeMagenta","Ritualist:StrikeMagenta","Ritualist:StrikeMagenta","Ritualist:StrikeMagenta","Ritualist:DefendMagenta","Ritualist:DefendMagenta","Ritualist:DefendMagenta","Ritualist:DefendMagenta","Ritualist:InitiationRite","Ritualist:SummonAgiel","Ritualist:StrategicCut","Ritualist:DeepReserves","Ritualist:DuskSeeker","Ritualist:Impale","Ritualist:StygianWellspring","Ritualist:SmokeRises","Ritualist:ScoutAhead"],"relics":["Velvet Choker","Vajra","GremlinMask","Ancient Tea Set"],"acts_visited":["Exordium"],"potions_floor_usage":[5,6,10],"damage_taken":[{"damage":7,"enemies":"Small Slimes","floor":1,"turns":4},{"damage":0,"enemies":"Cultist","floor":2,"turns":3},{"damage":2,"enemies":"Jaw Worm","floor":3,"turns":4},{"damage":9,"enemies":"2 Fungi Beasts","floor":4,"turns":3},{"damage":8,"enemies":"3 Louse","floor":5,"turns":2},{"damage":25,"enemies":"3 Sentries","floor":6,"turns":8},{"damage":14,"enemies":"Exordium Wildlife","floor":8,"turns":4},{"damage":35,"enemies":"Gremlin Nob","floor":10,"turns":3}],"seed_played":"842280584731966797","potions_obtained":[{"floor":2,"key":"GamblersBrew"},{"floor":3,"key":"EssenceOfSteel"},{"floor":4,"key":"Regen Potion"},{"floor":6,"key":"DistilledChaos"}],"is_trial":false,"path_per_floor":["M","M","M","M","M","E","?","M","T","E"],"character_chosen":"RITUALIST","items_purchased":[],"campfire_rested":0,"item_purchase_floors":[],"current_hp_per_floor":[60,60,58,49,41,31,31,17,17,0,0],"gold":252,"neow_bonus":"BOSS_RELIC","is_daily":false,"chose_seed":false,"campfire_upgraded":0,"win_rate":0.0,"timestamp":1614355628,"path_taken":["M","M","M","M","M","E","?","M","T","E"],"items_purchased_type":[],"build_version":"2020-12-22","purchased_purges":0,"victory":false,"max_hp_per_floor":[74,74,74,74,74,74,74,74,74,74,74],"relic_stats":{"counters":[8,31],"obtain_stats":[{"Velvet Choker":0,"Vajra":6,"GremlinMask":7,"Ritualist:StarterRelic":0,"Ancient Tea Set":9},{"Velvet Choker":0,"Vajra":6,"GremlinMask":6,"Ritualist:StarterRelic":0,"Ancient Tea Set":7},{"Velvet Choker":0,"Vajra":24,"GremlinMask":24,"Ritualist:StarterRelic":0,"Ancient Tea Set":28}]},"card_choices":[{"not_picked":["Ritualist:TwinWave","Ritualist:ScoutAhead"],"picked":"Ritualist:StrategicCut","floor":1},{"not_picked":["Ritualist:SoulOpening","Ritualist:Hex"],"picked":"Ritualist:DeepReserves","floor":2},{"not_picked":["Ritualist:DeliriumWill","Ritualist:ScoutAhead"],"picked":"Ritualist:DuskSeeker","floor":3},{"not_picked":["Ritualist:DeadlyVelocity","Ritualist:LongCon"],"picked":"Ritualist:Impale","floor":4},{"not_picked":["Ritualist:DeliriumWill","Ritualist:TwinWave"],"picked":"Ritualist:StygianWellspring","floor":5},{"not_picked":["Ritualist:Tenderize","Ritualist:ScaryShank"],"picked":"Ritualist:SmokeRises","floor":6},{"not_picked":["Ritualist:BookOfNames","Ritualist:Hex"],"picked":"Ritualist:ScoutAhead","floor":8}],"player_experience":636089,"relics_obtained":[{"floor":6,"key":"Vajra"},{"floor":9,"key":"Ancient Tea Set"}],"event_choices":[{"damage_healed":0,"gold_gain":0,"player_choice":"Trade","damage_taken":0,"relics_obtained":["GremlinMask"],"max_hp_gain":0,"max_hp_loss":0,"event_name":"FaceTrader","floor":7,"gold_loss":0}],"is_beta":false,"boss_relics":[],"items_purged_floors":[],"is_endless":false,"potions_floor_spawned":[2,3,4,6],"killed_by":"Gremlin Nob","ascension_level":20}}