{"host":"029ju9bxe3h4e27y","time":1614300214,"event":{"mods":["BaseMod","Friendly Minions","Grow up Mod","KinomotoSakuraMod(木之本樱)","Marisa（F雨　魔理沙）","Minty Spire (QoL Compilation)","Reliquary","Remilia（蕾米莉亚）","StSLib","The Fake Hero","The Servant 0.9.4","UnlockEverythingMod"],"gold_per_floor":[109,127,127,127,127,154,166,199,223,233,244,244,47,72,72,175,175,191,218,143,158,58,84,84,111,136,136,149,168,168,196,196,294,294,309,321,321,337,60,75,107,157,157,157,186,0,29,40,40,40,40,40,40,40],"floor_reached":55,"language":"ZHS","playtime":2277,"items_purged":["Decay","Defend_RM","VampirishNight"],"score":1948,"play_id":"1e79437e-742b-458e-8cae-d0b3fbbbdc10","local_time":"20210226084334","is_ascension_mode":true,"campfire_choices":[{"data":"MastersStateliness","floor":15,"key":"SMITH"},{"floor":32,"key":"RECALL"},{"data":"MastersStateliness","floor":44,"key":"SMITH"},{"data":"BloodyCatastrophe","floor":49,"key":"SMITH"},{"data":"ScarletShoot","floor":52,"key":"SMITH"}],"circlet_count":0,"master_deck":["Strike_RM","Strike_RM","Defend_RM+1","Defend_RM+1","RedMoon","ScarletShoot+1","VampireSweep","MastersStateliness+1","MastersStateliness+1","MillenniumVampire","BloodyCatastrophe+1","BombardNight+1","BatForm+1","MastersStateliness+1"],"relics":["ScarletHat","Unceasing Top","War Paint","Happy Flower","Nunchaku","reliquary:PartyBalloon","reliquary:RoseTintedGlasses","Coffee Dripper","Akabeko","reliquary:Knoch","Frozen Egg 2","Omamori","Busted Crown","Medical Kit","reliquary:ExpiredCoupon","Torii","reliquary:BoilingFlask","Bag of Marbles","Red Mask","ScarletDevilRocket"],"acts_visited":["Exordium","TheCity","TheBeyond","TheEnding"],"potions_floor_usage":[38],"damage_taken":[{"damage":2.0,"enemies":"Small Slimes","floor":1.0,"turns":4.0},{"damage":5.0,"enemies":"2 Louse","floor":2.0,"turns":4.0},{"damage":55.0,"enemies":"Lagavulin","floor":6.0,"turns":12.0},{"damage":0.0,"enemies":"Jaw Worm","floor":7.0,"turns":3.0},{"damage":61.0,"enemies":"Gremlin Nob","floor":8.0,"turns":7.0},{"damage":5.0,"enemies":"Large Slime","floor":10.0,"turns":9.0},{"damage":6.0,"enemies":"Exordium Thugs","floor":11.0,"turns":7.0},{"damage":8,"enemies":"Lagavulin","floor":14,"turns":6},{"damage":17,"enemies":"Slime Boss","floor":16,"turns":9},{"damage":0,"enemies":"Chosen","floor":18,"turns":3},{"damage":4,"enemies":"Spheric Guardian","floor":21,"turns":3},{"damage":4,"enemies":"Gremlin Leader","floor":23,"turns":3},{"damage":0,"enemies":"Book of Stabbing","floor":25,"turns":3},{"damage":0,"enemies":"Snake Plant","floor":28,"turns":1},{"damage":0,"enemies":"Shelled Parasite and Fungi","floor":29,"turns":2},{"damage":4,"enemies":"Gremlin Leader","floor":31,"turns":3},{"damage":4,"enemies":"Automaton","floor":33,"turns":4},{"damage":16,"enemies":"3 Shapes","floor":35,"turns":2},{"damage":4,"enemies":"Orb Walker","floor":36,"turns":2},{"damage":4,"enemies":"Transient","floor":38,"turns":5},{"damage":4,"enemies":"Jaw Worm Horde","floor":40,"turns":1},{"damage":4,"enemies":"Giant Head","floor":41,"turns":3},{"damage":4,"enemies":"2 Orb Walkers","floor":42,"turns":2},{"damage":4,"enemies":"Reptomancer","floor":45,"turns":2},{"damage":0,"enemies":"Nemesis","floor":47,"turns":3},{"damage":23,"enemies":"4 Shapes","floor":48,"turns":2},{"damage":4,"enemies":"Donu and Deca","floor":50,"turns":2},{"damage":26,"enemies":"The Heart","floor":54,"turns":5}],"seed_played":"7954943771245560634","potions_obtained":[{"floor":7.0,"key":"Strength Potion"},{"floor":8.0,"key":"SkillPotion"},{"floor":10.0,"key":"BlessingOfTheForge"},{"floor":14,"key":"LiquidMemories"},{"floor":16,"key":"DistilledChaos"},{"floor":38,"key":"Fruit Juice"},{"floor":45,"key":"ColorlessPotion"},{"floor":48,"key":"Strength Potion"}],"is_trial":false,"path_per_floor":["M","M","?","?","?","E","M","E","T","M","M","?","$","E","R","B",null,"M","T","$","M","$","E","$","E","T","?","M","M","?","E","R","B",null,"M","M","?","M","$","M","E","?","T","R","E","?","E","M","R","B",null,"R","$","B",null],"character_chosen":"REMILIA","items_purchased":["reliquary:PartyBalloon","MastersStateliness","Medical Kit"],"campfire_rested":0,"item_purchase_floors":[13,13,39],"current_hp_per_floor":[93,100,110,113,123,82,92,41,51,58,64,74,84,88,98,103,220,235,245,255,261,271,281,291,308,318,328,340,350,360,378,388,397,421,419,428,438,470,480,486,500,506,516,526,532,542,554,541,551,557,592,602,612,629],"gold":40,"neow_bonus":"ONE_RARE_RELIC","is_daily":false,"chose_seed":false,"campfire_upgraded":4,"win_rate":0.0,"timestamp":1614300214,"path_taken":["M","M","?","?","?","E","?","E","T","M","M","?","?","E","R","BOSS","M","?","?","?","$","E","$","E","T","?","M","?","?","E","R","BOSS","M","M","?","M","$","?","E","?","T","R","E","?","E","M","R","BOSS","R","$","BOSS"],"items_purchased_type":["Relic","Card","Relic"],"build_version":"2020-12-22","purchased_purges":3,"victory":true,"max_hp_per_floor":[95,105,115,125,135,145,155,165,175,185,195,205,215,225,235,245,255,265,275,285,295,305,315,325,335,345,355,365,375,385,395,405,415,425,435,445,455,470,480,490,500,510,520,530,540,550,560,570,580,590,600,610,620,630],"card_choices":[{"not_picked":["BombardNight","ScarletImprint","UnderTheZenith"],"picked":"SKIP","floor":1.0},{"not_picked":["NightDance","GlobalNightmare","ScarletImprint"],"picked":"SKIP","floor":2.0},{"not_picked":["ScarletDevilSign","EndlessAdversity","ScarletSymphony"],"picked":"SKIP","floor":6.0},{"not_picked":["NightDance","ScarletImprint","FitfulNightmare"],"picked":"SKIP","floor":7.0},{"not_picked":["CharismaGuard","ChaoticDestiny","HunterOfTheNight"],"picked":"SKIP","floor":8.0},{"not_picked":["BloodyMagicSquare","BombardNight"],"picked":"VampireSweep","floor":10.0},{"not_picked":["VampireSweep","RedRainbow"],"picked":"MastersStateliness","floor":11.0},{"not_picked":["ChainGang","FavorOfDestiny"],"picked":"MillenniumVampire","floor":14},{"not_picked":["BloodySeventeenLaser","BloodyHallows"],"picked":"BloodyCatastrophe","floor":16},{"not_picked":["UnderTheZenith+1","ScarletNetherworld","VampirishNight+1"],"picked":"SKIP","floor":18},{"not_picked":["FitfulNightmare+1","BloodHunter+1","BlasphemousPunishment+1"],"picked":"SKIP","floor":21},{"not_picked":["NightDance","RedRainbow+1","NightLord"],"picked":"SKIP","floor":23},{"not_picked":["ScarletImprint","ForbiddenFruit+1"],"picked":"BombardNight+1","floor":25},{"not_picked":["ScarletImprint+1","EternalNight","ChainGang"],"picked":"SKIP","floor":28},{"not_picked":["DiffusionOfMisfortune+1","MiserableFate+1","ReincarnationDial"],"picked":"SKIP","floor":29},{"not_picked":["BombardNight","BloodHunter","VampireKiss+1"],"picked":"SKIP","floor":31},{"not_picked":["BombardNight+1"],"picked":"SKIP","floor":35},{"not_picked":["ScarletImprint"],"picked":"SKIP","floor":36},{"not_picked":["SuperhumanBloodyKnife"],"picked":"SKIP","floor":38},{"not_picked":["VampireKiss"],"picked":"SKIP","floor":40},{"not_picked":[],"picked":"BatForm+1","floor":41},{"not_picked":["ScarletDevilSign"],"picked":"SKIP","floor":45},{"not_picked":["Stigmanizer+1"],"picked":"SKIP","floor":47},{"not_picked":[],"picked":"MastersStateliness+1","floor":48}],"player_experience":115815,"relics_obtained":[{"floor":6.0,"key":"War Paint"},{"floor":8.0,"key":"Happy Flower"},{"floor":9.0,"key":"Nunchaku"},{"floor":14,"key":"reliquary:RoseTintedGlasses"},{"floor":19,"key":"Akabeko"},{"floor":23,"key":"reliquary:Knoch"},{"floor":25,"key":"Frozen Egg 2"},{"floor":31,"key":"Omamori"},{"floor":41,"key":"reliquary:ExpiredCoupon"},{"floor":42,"key":"Torii"},{"floor":43,"key":"reliquary:BoilingFlask"},{"floor":45,"key":"Bag of Marbles"},{"floor":47,"key":"ScarletDevilRocket"}],"event_choices":[{"cards_removed":["Regret"],"damage_healed":0.0,"max_hp_gain":0.0,"max_hp_loss":0.0,"gold_gain":0.0,"event_name":"Living Wall","player_choice":"Forget","floor":3.0,"gold_loss":0.0,"damage_taken":0.0},{"cards_removed":["Strike_RM"],"damage_healed":0.0,"max_hp_gain":0.0,"max_hp_loss":0.0,"gold_gain":0.0,"event_name":"Golden Wing","player_choice":"Card Removal","floor":4.0,"gold_loss":0.0,"damage_taken":7.0},{"damage_healed":0.0,"max_hp_gain":0.0,"max_hp_loss":0.0,"gold_gain":0.0,"event_name":"Liars Game","player_choice":"Ignored","floor":5.0,"gold_loss":0.0,"damage_taken":0.0},{"damage_healed":0,"gold_gain":0,"player_choice":"Cursed","damage_taken":0,"max_hp_gain":0,"max_hp_loss":0,"event_name":"Wheel of Change","floor":12,"gold_loss":0,"cards_obtained":["Decay"]},{"damage_healed":0,"gold_gain":0,"player_choice":"Bought 0 Potions","damage_taken":0,"max_hp_gain":0,"max_hp_loss":0,"event_name":"The Woman in Blue","floor":27,"gold_loss":0},{"damage_healed":0,"gold_gain":0,"cards_transformed":["Strike_RM"],"player_choice":"Transformed","damage_taken":0,"max_hp_gain":0,"max_hp_loss":0,"event_name":"Transmorgrifier","floor":30,"gold_loss":0,"cards_obtained":["VampirishNight"]},{"cards_removed":["Defend_RM"],"damage_healed":0,"gold_gain":0,"player_choice":"Purged","damage_taken":0,"max_hp_gain":0,"max_hp_loss":0,"event_name":"Purifier","floor":37,"gold_loss":0},{"damage_healed":0,"gold_gain":0,"player_choice":"Fight","damage_taken":0,"max_hp_gain":0,"max_hp_loss":0,"event_name":"Mysterious Sphere","floor":42,"gold_loss":0},{"damage_healed":0,"gold_gain":0,"player_choice":"Paid","damage_taken":0,"relics_obtained":["Red Mask"],"max_hp_gain":0,"max_hp_loss":0,"event_name":"Tomb of Lord Red Mask","floor":46,"gold_loss":186}],"is_beta":false,"boss_relics":[{"not_picked":["Calling Bell","reliquary:Craggleroot"],"picked":"Coffee Dripper"},{"not_picked":["Fusion Hammer","Pandora\u0027s Box"],"picked":"Busted Crown"}],"items_purged_floors":[20,22,39],"is_endless":false,"potions_floor_spawned":[7,8,10,14,16,18,28,31,35,38,45,48],"ascension_level":5}}