{"host":"epc8efk9vrywpcsw","time":1614351575,"event":{"mods":["BaseMod","Minty Spire (QoL Compilation)","Relic Stats","StSLib"],"gold_per_floor":[111,111,111,134,134,169,169,169,249,263,278,301,325,363,363,363,363],"floor_reached":16,"language":"ENG","playtime":409,"items_purged":[],"score":273,"play_id":"da13b3c5-3aed-480e-824d-af1996ef58e2","local_time":"20210226155935","is_ascension_mode":true,"campfire_choices":[{"data":"Neutralize","floor":7.0,"key":"SMITH"},{"floor":15.0,"key":"REST"}],"circlet_count":0,"master_deck":["AscendersBane","Strike_G","Strike_G","Strike_G","Strike_G+1","Strike_G+1","Defend_G","Defend_G","Defend_G","Defend_G","Defend_G","Survivor","Neutralize+1","Dagger Throw","Dagger Spray","Heel Hook","Acrobatics","Tactician","Underhanded Strike"],"relics":["Ring of the Snake","NeowsBlessing","Golden Idol","Tingsha","Spirit Poop","Juzu Bracelet","Paper Crane","Tough Bandages"],"acts_visited":["Exordium"],"potions_floor_usage":[16,16],"damage_taken":[{"damage":0.0,"enemies":"Jaw Worm","floor":1.0,"turns":1.0},{"damage":0.0,"enemies":"2 Louse","floor":4.0,"turns":1.0},{"damage":0.0,"enemies":"Gremlin Nob","floor":6.0,"turns":1.0},{"damage":2.0,"enemies":"Small Slimes","floor":10.0,"turns":2.0},{"damage":0.0,"enemies":"3 Louse","floor":11.0,"turns":1.0},{"damage":1.0,"enemies":"2 Fungi Beasts","floor":12.0,"turns":3.0},{"damage":13.0,"enemies":"Lots of Slimes","floor":13.0,"turns":4.0},{"damage":4.0,"enemies":"Lagavulin","floor":14.0,"turns":6.0},{"damage":48,"enemies":"Slime Boss","floor":16,"turns":10}],"seed_played":"-1597286958026469900","potions_obtained":[{"floor":4.0,"key":"Explosive Potion"},{"floor":6.0,"key":"DuplicationPotion"},{"floor":11.0,"key":"DuplicationPotion"},{"floor":14.0,"key":"Energy Potion"}],"is_trial":false,"path_per_floor":["M","?","?","M","?","E","R","?","T","M","M","M","M","E","R","B"],"character_chosen":"THE_SILENT","items_purchased":[],"campfire_rested":1,"item_purchase_floors":[],"current_hp_per_floor":[59,59,59,59,59,59,59,41,41,39,39,38,25,21,39,0,0],"gold":363,"neow_bonus":"THREE_ENEMY_KILL","is_daily":false,"chose_seed":false,"campfire_upgraded":1,"win_rate":0.0,"timestamp":1614351575,"path_taken":["M","?","?","M","?","E","R","?","T","M","M","M","M","E","R","BOSS"],"items_purchased_type":[],"build_version":"2020-12-22","purchased_purges":0,"victory":false,"max_hp_per_floor":[66,60,60,60,60,60,60,60,60,60,60,60,60,60,60,60,60],"relic_stats":{"Tough Bandages":[18],"counters":[9,29],"Golden Idol":36,"Tingsha":[46],"Juzu Bracelet":1,"obtain_stats":[{"Tough Bandages":14,"NeowsBlessing":0,"Golden Idol":2,"Spirit Poop":5,"Tingsha":3,"Juzu Bracelet":6,"Paper Crane":9,"Ring of the Snake":0},{"Tough Bandages":8,"NeowsBlessing":0,"Golden Idol":1,"Spirit Poop":2,"Tingsha":1,"Juzu Bracelet":3,"Paper Crane":3,"Ring of the Snake":0},{"Tough Bandages":19,"NeowsBlessing":0,"Golden Idol":1,"Spirit Poop":2,"Tingsha":1,"Juzu Bracelet":3,"Paper Crane":3,"Ring of the Snake":0}],"Ring of the Snake":[18]},"card_choices":[{"not_picked":["Caltrops","Reflex"],"picked":"Dagger Throw","floor":1.0},{"not_picked":["Masterful Stab","PiercingWail"],"picked":"Dagger Spray","floor":4.0},{"not_picked":["Deflect","PiercingWail"],"picked":"Heel Hook","floor":6.0},{"not_picked":["Crippling Poison","Distraction"],"picked":"Acrobatics","floor":10.0},{"not_picked":["Deflect","Slice"],"picked":"Tactician","floor":11.0},{"not_picked":["Sucker Punch","Slice","Blade Dance"],"picked":"SKIP","floor":12.0},{"not_picked":["Dagger Spray","Blade Dance"],"picked":"Underhanded Strike","floor":13.0},{"not_picked":["Bane","Corpse Explosion","Infinite Blades"],"picked":"SKIP","floor":14.0}],"player_experience":545684,"relics_obtained":[{"floor":6.0,"key":"Juzu Bracelet"},{"floor":9.0,"key":"Paper Crane"},{"floor":14.0,"key":"Tough Bandages"}],"event_choices":[{"damage_healed":0.0,"max_hp_gain":0.0,"max_hp_loss":6.0,"gold_gain":0.0,"event_name":"Golden Idol","player_choice":"Lose Max HP","floor":2.0,"gold_loss":0.0,"damage_taken":0.0,"relics_obtained":["Golden Idol"]},{"damage_healed":0.0,"max_hp_gain":0.0,"max_hp_loss":0.0,"gold_gain":0.0,"event_name":"Big Fish","player_choice":"Box","floor":3.0,"gold_loss":0.0,"damage_taken":0.0,"relics_obtained":["Tingsha"],"cards_obtained":["Regret"]},{"cards_removed":["Regret"],"damage_healed":0.0,"max_hp_gain":0.0,"max_hp_loss":0.0,"gold_gain":0.0,"event_name":"Bonfire Elementals","player_choice":"Offered Curse","floor":5.0,"gold_loss":0.0,"damage_taken":0.0,"relics_obtained":["Spirit Poop"]},{"damage_healed":0.0,"max_hp_gain":0.0,"max_hp_loss":0.0,"gold_gain":0.0,"event_name":"Shining Light","player_choice":"Entered Light","floor":8.0,"gold_loss":0.0,"damage_taken":18.0,"cards_upgraded":["Strike_G","Strike_G"]}],"is_beta":false,"boss_relics":[],"items_purged_floors":[],"is_endless":false,"potions_floor_spawned":[4,6,11,14],"killed_by":"Slime Boss","ascension_level":20}}