{"host":"i0avyit1s6jb1siw","time":1614371094,"event":{"mods":["BaseMod","DeckTracker","Dota2Spire","Minty Spire (QoL Compilation)","Quick Restart","StSLib","SuperFastMode"],"gold_per_floor":[117,137,148,163,177,177,102,137,137,191,191,191,204,204,204,204],"floor_reached":15,"language":"ENG","playtime":217,"items_purged":[],"score":194,"play_id":"3a402e4c-020c-4473-a416-797c72ca89a7","local_time":"20210226212454","is_ascension_mode":true,"campfire_choices":[{"data":"Whirlwind","floor":6,"key":"SMITH"},{"floor":12,"key":"REST"},{"data":"Flex","floor":14,"key":"SMITH"}],"circlet_count":0,"master_deck":["AscendersBane","Strike_R","Strike_R","Strike_R","Strike_R","Defend_R","Defend_R","Defend_R","Defend_R","Bash","Flame Barrier","Whirlwind+1","Anger","Flex+1","Spot Weakness"],"relics":["Burning Blood","NeowsBlessing","Bottled Lightning","Lantern","Champion Belt"],"acts_visited":["Exordium"],"potions_floor_usage":[8],"damage_taken":[{"damage":0,"enemies":"Cultist","floor":1,"turns":1},{"damage":0,"enemies":"Small Slimes","floor":2,"turns":1},{"damage":0,"enemies":"2 Louse","floor":3,"turns":1},{"damage":34,"enemies":"Large Slime","floor":4,"turns":9},{"damage":6,"enemies":"2 Fungi Beasts","floor":5,"turns":3},{"damage":44,"enemies":"Lagavulin","floor":8,"turns":8},{"damage":0,"enemies":"Looter","floor":13,"turns":2},{"damage":56,"enemies":"Gremlin Nob","floor":15,"turns":4}],"seed_played":"-3890857174600777038","potions_obtained":[{"floor":1,"key":"Swift Potion"},{"floor":5,"key":"Fire Potion"},{"floor":8,"key":"DuplicationPotion"}],"is_trial":false,"path_per_floor":["M","M","M","M","M","R","?","E","?","T","T","R","M","R","E"],"character_chosen":"IRONCLAD","items_purchased":[],"campfire_rested":1,"item_purchase_floors":[],"current_hp_per_floor":[74,75,75,47,47,47,47,9,9,9,9,31,37,37,0,0],"gold":204,"neow_bonus":"THREE_ENEMY_KILL","is_daily":false,"chose_seed":false,"campfire_upgraded":2,"win_rate":0.0,"timestamp":1614371094,"path_taken":["M","M","M","M","M","R","?","E","?","T","T","R","M","R","E"],"items_purchased_type":[],"build_version":"2020-12-22","purchased_purges":0,"victory":false,"max_hp_per_floor":[75,75,75,75,75,75,75,75,75,75,75,75,75,75,75,75],"card_choices":[{"not_picked":["Dropkick","Havoc"],"picked":"Flame Barrier","floor":1},{"not_picked":["Heavy Blade","Clash","Bloodletting"],"picked":"SKIP","floor":2},{"not_picked":["Body Slam","Headbutt"],"picked":"Whirlwind","floor":3},{"not_picked":["Clash","Iron Wave","Anger"],"picked":"SKIP","floor":4},{"not_picked":["Heavy Blade","Demon Form"],"picked":"Anger","floor":5},{"not_picked":["Cleave","Warcry"],"picked":"Flex","floor":8},{"not_picked":["Heavy Blade","Clash"],"picked":"Spot Weakness","floor":13}],"player_experience":2527267,"relics_obtained":[{"floor":8,"key":"Bottled Lightning"},{"floor":10,"key":"Lantern"},{"floor":11,"key":"Champion Belt"}],"event_choices":[{"cards_removed":["Strike_R"],"damage_healed":0,"gold_gain":0,"player_choice":"Card Removal","damage_taken":0,"max_hp_gain":0,"max_hp_loss":0,"event_name":"The Cleric","floor":7,"gold_loss":75},{"damage_healed":0,"gold_gain":0,"player_choice":"Ignored","damage_taken":0,"max_hp_gain":0,"max_hp_loss":0,"event_name":"Liars Game","floor":9,"gold_loss":0}],"is_beta":false,"boss_relics":[],"items_purged_floors":[],"is_endless":false,"potions_floor_spawned":[1,5,8],"killed_by":"Gremlin Nob","ascension_level":20}}