{"host":"2c84cb4cp1emursg","time":1614382282,"event":{"mods":["Act Like it!","BaseMod","Better Third Choice","Bossed Relics","Hermit","Minty Spire (QoL Compilation)","Permanent Neow","Reliquary","StSLib","The Blue Laboratory"],"gold_per_floor":[111,128,146,156,331,395,395,395,446,521,34,34,170,200,200,403,403,419,379,82,112,143,143,194,228,228,327,342,40,116,116,116,312,312,343,366,699,101,130,195,195,257,282,282,297,297,341,353,353,353,353],"floor_reached":50,"language":"ENG","playtime":3567,"items_purged":["Doubt"],"score":873,"play_id":"af29df66-b75b-4dc8-9f34-6ed4c1a42275","local_time":"20210226163122","is_ascension_mode":true,"campfire_choices":[{"data":"hermit:FullyLoaded","floor":8,"key":"SMITH"},{"data":"Metamorphosis","floor":12,"key":"SMITH"},{"data":"hermit:LuckOfTheDraw","floor":15,"key":"SMITH"},{"data":"hermit:HighNoon","floor":23,"key":"SMITH"},{"data":"hermit:Reprieve","floor":32,"key":"SMITH"},{"data":"hermit:Coalescence","floor":41,"key":"SMITH"},{"data":"Forethought","floor":46,"key":"SMITH"},{"floor":49,"key":"RECALL"}],"circlet_count":0,"master_deck":["hermit:Strike_Hermit","hermit:Strike_Hermit","hermit:Strike_Hermit+1","hermit:Strike_Hermit","hermit:Defend_Hermit+1","hermit:Defend_Hermit","hermit:Defend_Hermit","hermit:Defend_Hermit","hermit:Snapshot","hermit:Covet+1","hermit:CursedWeapon+1","hermit:FullyLoaded+1","hermit:Horror","hermit:DeadOrAlive","hermit:LuckOfTheDraw+1","hermit:DeadOrAlive","Metamorphosis+1","hermit:HighNoon+1","hermit:Coalescence+1","hermit:Quickdraw+1","hermit:Coalescence+1","Parasite","hermit:Snipe+1","hermit:Reprieve+1","Ghostly","Ghostly","Ghostly","Ghostly","Ghostly","hermit:Grudge","hermit:Brawl","hermit:Misfire","hermit:BodyArmor+1","Clumsy","Forethought+1","hermit:FullyLoaded+1"],"relics":["reliquary:RedCape","Mummified Hand","reliquary:Aerogel","Whetstone","PreservedInsect","Oddly Smooth Stone","Happy Flower","Cursed Key","reliquary:BrokenClock","hermit:CharredGlove","MealTicket","Busted Crown","Strawberry","Boot","Ancient Tea Set","Orichalcum","Bag of Preparation"],"acts_visited":["Exordium","TheCity","TheBeyond"],"potions_floor_usage":[6,10,16,22,30,33,42,50],"damage_taken":[{"damage":2,"enemies":"Small Slimes","floor":1,"turns":3},{"damage":2,"enemies":"2 Louse","floor":2,"turns":3},{"damage":3,"enemies":"Cultist","floor":3,"turns":3},{"damage":2,"enemies":"Blue Slaver","floor":4,"turns":1},{"damage":2,"enemies":"Gremlin Nob","floor":6,"turns":2},{"damage":12,"enemies":"Lagavulin","floor":10,"turns":7},{"damage":12,"enemies":"3 Sentries","floor":13,"turns":4},{"damage":2,"enemies":"2 Fungi Beasts","floor":14,"turns":2},{"damage":2,"enemies":"Hexaghost","floor":16,"turns":3},{"damage":28,"enemies":"3 Byrds","floor":18,"turns":3},{"damage":2,"enemies":"Chosen","floor":21,"turns":1},{"damage":2,"enemies":"Snecko","floor":22,"turns":2},{"damage":2,"enemies":"Centurion and Healer","floor":24,"turns":3},{"damage":2,"enemies":"Cultist and Chosen","floor":25,"turns":2},{"damage":2,"enemies":"Snake Plant","floor":28,"turns":3},{"damage":2,"enemies":"Book of Stabbing","floor":30,"turns":2},{"damage":31,"enemies":"Collector","floor":33,"turns":6},{"damage":2,"enemies":"3 Shapes","floor":35,"turns":6},{"damage":31,"enemies":"3 Darklings","floor":36,"turns":5},{"damage":5,"enemies":"Sphere and 2 Shapes","floor":39,"turns":6},{"damage":2,"enemies":"Nemesis","floor":40,"turns":3},{"damage":2,"enemies":"Reptomancer","floor":42,"turns":2},{"damage":0,"enemies":"Transient","floor":45,"turns":5},{"damage":2,"enemies":"Jaw Worm Horde","floor":47,"turns":3},{"damage":7,"enemies":"Sphere and 2 Shapes","floor":48,"turns":5},{"damage":62,"enemies":"Awakened One","floor":50,"turns":10}],"seed_played":"-282357937864195800","potions_obtained":[{"floor":1,"key":"blueLaboratory:ArtificerPotion"},{"floor":2,"key":"Fire Potion"},{"floor":6,"key":"blueLaboratory:FrostheartPotion"},{"floor":13,"key":"FearPotion"},{"floor":14,"key":"blueLaboratory:PolymorphPotion"},{"floor":21,"key":"blueLaboratory:BubblePotion"},{"floor":22,"key":"Fruit Juice"},{"floor":25,"key":"hermit:Tonic"},{"floor":36,"key":"blueLaboratory:AbyssPotion"},{"floor":48,"key":"blueLaboratory:FruitPreserves"}],"is_trial":false,"path_per_floor":["M","M","M","M","?","E","?","R","T","E","$","R","E","M","R","B",null,"M","?","$","M","M","R","M","M","T","?","M","$","E","?","R","B",null,"M","M","?","$","M","E","R","E","T","?","M","R","M","M","R","B"],"character_chosen":"HERMIT","items_purchased":["PreservedInsect","Metamorphosis","Oddly Smooth Stone","reliquary:BrokenClock","FairyPotion","hermit:Coalescence","hermit:CharredGlove","hermit:Brawl","Strawberry","blueLaboratory:RecallPotion","hermit:Misfire","Boot"],"campfire_rested":0,"item_purchase_floors":[11,11,11,20,20,20,29,38,38,38,38,38],"current_hp_per_floor":[73,71,68,66,66,64,46,46,46,34,34,34,22,20,20,18,75,47,47,47,45,48,48,46,44,44,44,42,42,40,40,40,13,40,38,11,11,33,32,30,30,32,32,32,36,36,34,31,31,0,0],"gold":353,"neow_bonus":"BOSS_RELIC","is_daily":false,"chose_seed":false,"campfire_upgraded":7,"win_rate":0.0,"timestamp":1614382282,"path_taken":["M","M","M","M","?","E","?","R","T","E","$","R","E","M","R","BOSS","M","?","$","M","M","R","?","M","T","?","M","$","E","?","R","BOSS","M","M","?","$","M","E","R","E","T","?","M","R","M","M","R","BOSS"],"items_purchased_type":["Relic","Card","Relic","Relic","Potion","Card","Relic","Card","Relic","Potion","Card","Relic"],"build_version":"2020-12-22","purchased_purges":1,"victory":false,"max_hp_per_floor":[75,75,75,75,75,75,75,75,75,75,75,75,75,75,75,75,75,75,75,75,75,80,80,80,80,80,80,80,80,80,40,40,40,40,40,40,40,47,47,47,47,47,47,47,47,47,47,47,47,47,47],"card_choices":[{"not_picked":["hermit:Cheat","hermit:LowProfile"],"picked":"hermit:CursedWeapon","floor":1},{"not_picked":["hermit:HighCaliber","hermit:BigShot"],"picked":"hermit:FullyLoaded","floor":2},{"not_picked":["hermit:Glare","hermit:Cheat"],"picked":"hermit:Horror","floor":3},{"not_picked":["hermit:BodyArmor","hermit:HighCaliber"],"picked":"hermit:DeadOrAlive","floor":4},{"not_picked":["hermit:FullyLoaded","hermit:TakeAim"],"picked":"hermit:LuckOfTheDraw","floor":6},{"not_picked":["hermit:ShadowCloak","hermit:Grudge"],"picked":"hermit:DeadOrAlive","floor":10},{"not_picked":["hermit:Roulette","hermit:Ricochet","hermit:BodyArmor"],"picked":"SKIP","floor":13},{"not_picked":["hermit:SprayPray","hermit:WideOpen","hermit:Roulette"],"picked":"SKIP","floor":14},{"not_picked":["hermit:Gambit","hermit:Adapt"],"picked":"hermit:HighNoon","floor":16},{"not_picked":["hermit:Malice","hermit:ItchyTrigger","hermit:Vantage"],"picked":"SKIP","floor":18},{"not_picked":["hermit:Roulette","hermit:Manifest","hermit:CursedWeapon"],"picked":"SKIP","floor":21},{"not_picked":["hermit:HighCaliber","hermit:Scavenge"],"picked":"hermit:Quickdraw+1","floor":22},{"not_picked":["hermit:Headshot","hermit:TrackingShot","hermit:Dive+1"],"picked":"SKIP","floor":24},{"not_picked":["hermit:Feint","hermit:Glare"],"picked":"hermit:Coalescence+1","floor":25},{"not_picked":["hermit:DeadMansHand","hermit:BigShot"],"picked":"hermit:Snipe+1","floor":28},{"not_picked":["hermit:FullyLoaded+1","hermit:Snipe+1"],"picked":"hermit:Reprieve","floor":30},{"not_picked":[],"picked":"hermit:Grudge","floor":35},{"not_picked":["hermit:Scavenge+1"],"picked":"SKIP","floor":36},{"not_picked":["hermit:BodyArmor"],"picked":"SKIP","floor":39},{"not_picked":["hermit:HoleUp+1"],"picked":"SKIP","floor":40},{"not_picked":[],"picked":"hermit:BodyArmor+1","floor":42},{"not_picked":[],"picked":"Forethought","floor":44},{"not_picked":[],"picked":"hermit:FullyLoaded+1","floor":45},{"not_picked":["hermit:Desperado"],"picked":"SKIP","floor":47},{"not_picked":["hermit:Manifest"],"picked":"SKIP","floor":48}],"player_experience":569307,"relics_obtained":[{"floor":6,"key":"Mummified Hand"},{"floor":9,"key":"reliquary:Aerogel"},{"floor":10,"key":"Whetstone"},{"floor":13,"key":"Happy Flower"},{"floor":30,"key":"MealTicket"},{"floor":40,"key":"Ancient Tea Set"},{"floor":42,"key":"Orichalcum"},{"floor":43,"key":"Bag of Preparation"}],"event_choices":[{"damage_healed":0,"gold_gain":175,"player_choice":"AGREE","damage_taken":156,"max_hp_gain":0,"max_hp_loss":0,"event_name":"betterThird:BetterSerpent","floor":5,"gold_loss":0},{"damage_healed":0,"gold_gain":0,"player_choice":"Take Damage","damage_taken":18,"relics_obtained":["Golden Idol"],"max_hp_gain":0,"max_hp_loss":0,"event_name":"Golden Idol","floor":7,"gold_loss":0},{"damage_healed":0,"gold_gain":0,"player_choice":"Upgraded Two","damage_taken":0,"max_hp_gain":0,"max_hp_loss":0,"event_name":"Designer","floor":19,"gold_loss":40,"cards_upgraded":["hermit:Covet","hermit:Defend_Hermit"]},{"damage_healed":0,"gold_gain":99,"player_choice":"Steal","damage_taken":0,"max_hp_gain":0,"max_hp_loss":0,"event_name":"betterThird:BetterNest","floor":27,"gold_loss":0},{"damage_healed":0,"gold_gain":0,"player_choice":"Became a Ghost","damage_taken":0,"max_hp_gain":0,"max_hp_loss":40,"event_name":"Ghosts","floor":31,"gold_loss":0,"cards_obtained":["Ghostly","Ghostly","Ghostly","Ghostly","Ghostly"]},{"damage_healed":0,"gold_gain":333,"player_choice":"Gave Idol","damage_taken":0,"max_hp_gain":0,"max_hp_loss":0,"event_name":"The Moai Head","floor":37,"relics_lost":["Golden Idol"],"gold_loss":0},{"damage_healed":0,"gold_gain":0,"player_choice":"Memory 1","damage_taken":0,"max_hp_gain":0,"max_hp_loss":0,"event_name":"SensoryStone","floor":44,"gold_loss":0}],"is_beta":false,"boss_relics":[{"not_picked":["Tiny House","hermit:DentedPlate"],"picked":"Cursed Key"},{"not_picked":["Astrolabe","Black Star"],"picked":"Busted Crown"}],"items_purged_floors":[38],"is_endless":false,"potions_floor_spawned":[1,2,6,13,14,21,22,25,36,39,48],"killed_by":"Awakened One","ascension_level":3}}