{"host":"rm0ctv8qd8mnbkg1","time":1614350004,"event":{"mods":["Act Like it!","Aspiration","BaseMod","Beaked The Cultist","BetterRewards","Colored Map","DNKmod","Dark Map","Defuse TimeMaze Blight","Downfall","Friendly Minions","Gensokyo","Hubris","Library of Ruina","Library of Ruina Extra","Marisa????????","Minty Spire (QoL Compilation)","MostiFishMod","Permanent Neow","Rare Cards Sparkle","Relic Sorter","Reliquary","Replay The Spire","Ruina","RumiaBox-????????","Shade Mod","Shop Mod","Spicy Shops","Spire Arcade","StSLib","The Animator","The Construct","The Servant 0.9.4","TheVacant","Wandering Minibosses","??????REMEMod"],"gold_per_floor":[10018,10018,9948,8695,8711,8711,7899,7934,7934,7934,7948,7948,7799,7829,7829,7926,7926,8683,8695,8077,8096,8107,8107,8141,8141,8141,8141,8141,8021,7557,7557,7557,7652,7652,7670,7660,7677,7677,7689,7724,7724,7743,7792,7702,7702,7716,6501,6529,6529,6529,6529],"floor_reached":52,"language":"ENG","playtime":1392,"items_purged":["downfall:Aged","Shame"],"score":1084,"play_id":"2aab6b75-97ab-49f1-a611-33aa3f9ad7ee","local_time":"20210226143324","is_ascension_mode":false,"campfire_choices":[{"data":"theVacant:Gloom","floor":6,"key":"SMITH"},{"data":"theVacant:Rejection","floor":10,"key":"SMITH"},{"data":"theVacant:Rejection","floor":12,"key":"SMITH"},{"data":"theVacant:EyePoke","floor":15,"key":"SMITH"},{"data":"theVacant:Threat","floor":23,"key":"SMITH"},{"data":"theVacant:ShutAway","floor":25,"key":"SMITH"},{"data":"theVacant:VoidForm","floor":32,"key":"SMITH"},{"data":"theVacant:SpiritOrb","floor":45,"key":"SMITH"},{"data":"ReplayTheSpireMod:Private Reserves","floor":49,"key":"SMITH"}],"circlet_count":0,"master_deck":["theVacant:VacantStarterStrike","theVacant:VacantStarterStrike","theVacant:VacantStarterStrike+1","theVacant:VacantStarterStrike","theVacant:VacantStarterDefend","theVacant:VacantStarterDefend","theVacant:VacantStarterDefend","theVacant:VacantStarterDefend","theVacant:Release+1","beaked:KnowThyFoe+1","theVacant:Carve+1","theVacant:CleanseSoul","theVacant:Gloom+1","theVacant:Rejection+1","theVacant:EyePoke+1","theVacant:Barrage+1","theVacant:GraveDigger","theVacant:Acceptance","theVacant:Carve","theVacant:GraveWave","theVacant:Enrage","theVacant:VoidForm+1","theVacant:Barrage+1","theVacant:Threat+1","theVacant:Recover+1","theVacant:ShutAway+1","theVacant:ShriekingBlast","theVacant:IntoTheAbyss+1","beaked:Ceremony+1","theVacant:VoidForm","theVacant:DarkStrike","theVacant:TwistFate+1","theVacant:ShutAway","theVacant:TwistFate","Gensokyo:UnhurriedMind+1","theVacant:BellToll+1","theVacant:SpiritOrb+1","Gensokyo:CustomPotion","theVacant:Enrage+1","REME_BattleFury","ReplayTheSpireMod:Private Reserves+1","theVacant:Sneeze"],"relics":["theVacant:BrassGoblet","REME_ComplimentaryCards","DaveBox","ImprovedEquipment","champ:DeflectingBracers","Gremlin Food","Bird Faced Urn","GodSword5","LastBattle","PageOfPinocchio","hubris:ToyBattleship","Whetstone","reliquary:ExpiredCoupon","ClockworkSouvenir","bronze:DecasWashers","SacredBark","wanderingMiniBosses:MasterThiefsPresence","Potion Belt","PageOfLittleHelper","Frozen Eye","PreservedInsect","hubris:TinFlute","Gensokyo:DemonMask","REME_LimitBreaker","Sling","Counterbalance","REME_ChargedStone","BargainBundle","ReplayTheSpireMod:CursedCoin","Akabeko","hubris:TenFootPole","GodSword1","PageOfApocalypseBird","Centennial Puzzle","HandDrill","GodSword3","Pantograph","ThornShield","Du-Vu Doll"],"acts_visited":["Exordium","Gensokyo:Gensokyo","Gensokyo:Gensokyoer"],"potions_floor_usage":[36],"damage_taken":[{"damage":2,"enemies":"Gensokyo:2_Kodama","floor":1,"turns":3},{"damage":0,"enemies":"Gensokyo:Gryphon","floor":5,"turns":2},{"damage":12,"enemies":"Gensokyo:Aya","floor":8,"turns":3},{"damage":0,"enemies":"Gensokyo:Python","floor":11,"turns":1},{"damage":0,"enemies":"Gensokyo:Cirno","floor":14,"turns":5},{"damage":0,"enemies":"Gensokyo:Yukari","floor":16,"turns":4},{"damage":9,"enemies":"Gensokyo:AngelMirror","floor":18,"turns":4},{"damage":0,"enemies":"Gensokyo:Chomper","floor":19,"turns":1},{"damage":3,"enemies":"Gensokyo:Swordslinger","floor":21,"turns":2},{"damage":14,"enemies":"Gensokyo:Wraith","floor":22,"turns":3},{"damage":0,"enemies":"Gensokyo:Tenshi","floor":24,"turns":1},{"damage":26,"enemies":"Gensokyo:Eternal_Rivals","floor":33,"turns":6},{"damage":0,"enemies":"Gensokyo:AncientGuardian","floor":35,"turns":1},{"damage":8,"enemies":"Gensokyo:3_Boulders","floor":37,"turns":3},{"damage":10,"enemies":"Gensokyo:3_Boulders","floor":38,"turns":3},{"damage":0,"enemies":"Gensokyo:SeedOfUnknown","floor":39,"turns":1},{"damage":0,"enemies":"Gensokyo:Doremy","floor":40,"turns":1},{"damage":0,"enemies":"Gensokyo:Sharpion","floor":42,"turns":1},{"damage":0,"enemies":"Gensokyo:AtlasGolem","floor":46,"turns":1},{"damage":0,"enemies":"Gensokyo:Marisa","floor":48,"turns":1},{"damage":0,"enemies":"Gensokyo:Scarlet_Devils","floor":50,"turns":3}],"seed_played":"-2925626099268629087","potions_obtained":[{"floor":14,"key":"Venom Potion"},{"floor":16,"key":"FairyPotion"},{"floor":22,"key":"LifebloodPotion"},{"floor":35,"key":"BlessingOfTheForge"},{"floor":37,"key":"FearPotion"},{"floor":46,"key":"EssenceOfSteel"}],"is_trial":false,"path_per_floor":["M","?","?","$","M","R","$","E","T","R","M","R","COS","E","R","B",null,"M","M","$","M","M","R","E","R","T","?","?","?","$","?","R","B",null,"M","$","M","?","M","E","?","M","T","?","R","M","$","E","R","B",null,null],"character_chosen":"THE_VACANT","items_purchased":["champ:DeflectingBracers","Gremlin Food","Bird Faced Urn","theVacant:Rejection","theVacant:EyePoke","theVacant:Barrage","GodSword5","LastBattle","PageOfPinocchio","theVacant:Acceptance","theVacant:Carve","BlessingOfTheForge","hubris:ToyBattleship","Potion Belt","theVacant:Recover","PageOfLittleHelper","Frozen Eye","REME_LimitBreaker","Sling","Counterbalance","BargainBundle","ReplayTheSpireMod:CursedCoin","Akabeko","hubris:TenFootPole","Fruit Juice","theVacant:ShutAway","GodSword1","HandDrill","GodSword3","Pantograph","ThornShield","REME_BattleFury","ReplayTheSpireMod:Private Reserves"],"campfire_rested":0,"item_purchase_floors":[4,4,4,4,4,4,4,7,7,7,7,7,7,20,20,20,20,30,30,30,36,36,36,36,36,36,36,47,47,47,47,47,47],"current_hp_per_floor":[1098,1098,1098,1098,1100,1100,1100,1090,1090,1090,1092,1092,1092,1100,1100,1100,1100,1095,1095,1095,1097,1086,1086,1088,1088,1088,1088,1088,1088,1088,1088,1088,1074,1100,1100,1114,1108,1108,1110,1112,1112,1114,1114,1114,1114,1114,1114,1114,1114,1114,1114],"gold":6529,"neow_bonus":"TEN_PERCENT_HP_BONUS","is_daily":false,"chose_seed":false,"campfire_upgraded":9,"win_rate":0.0,"timestamp":1614350004,"path_taken":["M","?","?","?","M","R","$","E","T","R","M","R","COS","E","R","BOSS","M","M","$","M","M","R","E","R","T","?","?","?","$","?","R","BOSS","M","$","M","?","M","E","?","?","T","?","R","M","?","E","R","BOSS"],"items_purchased_type":["Relic","Relic","Relic","Card","Card","Card","Relic","Relic","Relic","Card","Card","Potion","Relic","Relic","Card","Relic","Relic","Relic","Relic","Relic","Relic","Relic","Relic","Relic","Potion","Card","Relic","Relic","Relic","Relic","Relic","Card","Card"],"build_version":"2020-12-22","purchased_purges":2,"victory":true,"max_hp_per_floor":[1100,1100,1100,1100,1100,1100,1100,1100,1100,1100,1100,1100,1100,1100,1100,1100,1100,1100,1100,1100,1100,1100,1100,1100,1100,1100,1100,1100,1100,1100,1100,1100,1100,1100,1100,1114,1114,1114,1114,1114,1114,1114,1114,1114,1114,1114,1114,1114,1114,1114,1114],"card_choices":[{"not_picked":["theVacant:CursedBlast","theVacant:Jab"],"picked":"theVacant:Carve","floor":1},{"not_picked":["theVacant:Jab","theVacant:Soothe"],"picked":"theVacant:CleanseSoul","floor":2},{"not_picked":["theVacant:Anguish","theVacant:GraveWave"],"picked":"theVacant:Gloom","floor":2},{"not_picked":["theVacant:Dig","theVacant:BattleScars"],"picked":"theVacant:GraveDigger","floor":5},{"not_picked":["theVacant:OnSecondThought","theVacant:Dig"],"picked":"theVacant:GraveWave","floor":8},{"not_picked":["theVacant:Fling","theVacant:Barrage"],"picked":"theVacant:Rejection","floor":11},{"not_picked":["theVacant:Jab","theVacant:FranticBlow"],"picked":"theVacant:Enrage","floor":14},{"not_picked":["theVacant:WhenDarknessComes","theVacant:FiendFrost"],"picked":"theVacant:VoidForm","floor":16},{"not_picked":["theVacant:VoidEmbrace","theVacant:Enrage+1"],"picked":"theVacant:Barrage+1","floor":18},{"not_picked":["theVacant:EmptyShield","theVacant:Dig"],"picked":"theVacant:Threat","floor":19},{"not_picked":["theVacant:Immaterialize","theVacant:Soothe"],"picked":"theVacant:ShutAway","floor":21},{"not_picked":["theVacant:Dig","theVacant:EyePoke"],"picked":"theVacant:ShriekingBlast","floor":22},{"not_picked":["theVacant:Rejection","theVacant:Dig"],"picked":"theVacant:IntoTheAbyss+1","floor":24},{"not_picked":["theVacant:FiendFrost","theVacant:DimensionTear"],"picked":"theVacant:DarkStrike","floor":33},{"not_picked":["theVacant:Spinshield+1","theVacant:GraveWave"],"picked":"theVacant:TwistFate+1","floor":35},{"not_picked":["theVacant:Whip+1","theVacant:Sneeze"],"picked":"theVacant:TwistFate","floor":37},{"not_picked":["Gensokyo:Dawn+1","Gensokyo:RainbowDanmaku+1"],"picked":"Gensokyo:UnhurriedMind+1","floor":38},{"not_picked":["theVacant:Fling+1","theVacant:FranticBlow"],"picked":"theVacant:BellToll+1","floor":39},{"not_picked":["theVacant:Return","theVacant:Cower+1","theVacant:Thoughtseize+1"],"picked":"SKIP","floor":40},{"not_picked":["theVacant:BellToll","theVacant:Throttle"],"picked":"theVacant:SpiritOrb","floor":42},{"not_picked":["theVacant:GraveWave","theVacant:Spinshield+1"],"picked":"theVacant:Enrage+1","floor":46},{"not_picked":["theVacant:Cower+1","theVacant:Prevent"],"picked":"theVacant:Sneeze","floor":48}],"player_experience":452376,"relics_obtained":[{"floor":8,"key":"Whetstone"},{"floor":9,"key":"reliquary:ExpiredCoupon"},{"floor":14,"key":"bronze:DecasWashers"},{"floor":18,"key":"wanderingMiniBosses:MasterThiefsPresence"},{"floor":24,"key":"PreservedInsect"},{"floor":26,"key":"hubris:TinFlute"},{"floor":40,"key":"PageOfApocalypseBird"},{"floor":43,"key":"Centennial Puzzle"},{"floor":48,"key":"Du-Vu Doll"}],"event_choices":[],"is_beta":false,"boss_relics":[{"not_picked":["aspiration:SecretTechniqueScroll","hubris:HollowSoul"],"picked":"SacredBark"},{"not_picked":["Kintsugi","bronze:MakeshiftBattery"],"picked":"REME_ChargedStone"}],"items_purged_floors":[36,36],"is_endless":false,"potions_floor_spawned":[14,16,22,35,37,42,46],"ascension_level":0}}