{"host":"n9djqtt305zq066c","time":1614344032,"event":{"mods":["Act Like it!","BaseMod","Colored Map","Library of Ruina","Library of Ruina Extra","Minty Spire (QoL Compilation)","Rare Cards Sparkle","StSLib"],"gold_per_floor":[119,194,194,194,194,194,228,228,228,253,269,287,330,346,346,465,465,484,484,495,512,465,491,510,542,624,642,658,658,676,709,709,810,810,830,362,362,376,376,411,426,426,426,439,454,454,454,468,468,468,468,468,468,63,93,93],"floor_reached":57,"language":"ZHS","playtime":1883,"items_purged":[],"score":1708,"play_id":"33dfc926-b188-4847-8a87-92d01c27af7f","local_time":"20210226205352","is_ascension_mode":true,"campfire_choices":[{"data":"DegradedChain","floor":6,"key":"SMITH"},{"floor":8,"key":"REST"},{"data":"CleanUp","floor":15,"key":"SMITH"},{"data":"FrontalAssault","floor":32,"key":"SMITH"},{"floor":42,"key":"REST"},{"floor":49,"key":"RECALL"},{"data":"Brawl","floor":53,"key":"SMITH"}],"circlet_count":0,"master_deck":["DegradedFairy+1","DegradedFairy+1","DegradedFairy+1","DegradedChain+1","DegradedChain+1","DegradedLock+1","DegradedPillar+1","DegradedShockwave+1","SwordOfVolition+1","EnergyCycle+1","CleanUp+1","Outburst+1","TheWillOfTheCity+1","ExtractFuel+1","GuidanceOfTheGears+1","SinglePointStab+1","HandleRequest+1","UnforgettableMelody+1","Faith+1","AGoldenOpportunity+1","SwordOfVolition+1","AsThePrescriptOrders+1","FrontalAssault+1","Deflect_lor+1","FeelinGood+1","SharpenedBlade+1","Overcharge+1","Unlock1+1","SwordOfVolition+1","Brawl+1","SinglePointStab+1","Writhe","UnforgettableMelody"],"relics":["PageOfLibrarian","Oddly Smooth Stone","Bloody Idol","Regal Pillow","Meat on the Bone","Nunchaku","Runic Dome","Dream Catcher","Ginger","PageOfScarecrow","Orichalcum","SacredBark","Bottled Flame","Sling","Mark of the Bloom","PreservedInsect","Mummified Hand","PageOfBigBird"],"acts_visited":["Exordium","TheCity","TheBeyond","TheEnding"],"potions_floor_usage":[44,50],"damage_taken":[{"damage":0,"enemies":"Cultist","floor":1,"turns":2},{"damage":0,"enemies":"Gremlin Nob","floor":7,"turns":2},{"damage":0,"enemies":"Jaw Worm","floor":10,"turns":1},{"damage":0,"enemies":"2 Louse","floor":11,"turns":1},{"damage":0,"enemies":"Gremlin Gang","floor":12,"turns":2},{"damage":0,"enemies":"3 Sentries","floor":13,"turns":2},{"damage":0,"enemies":"Looter","floor":14,"turns":1},{"damage":6,"enemies":"The Guardian","floor":16,"turns":5},{"damage":0,"enemies":"3 Byrds","floor":18,"turns":2},{"damage":0,"enemies":"Shell Parasite","floor":20,"turns":1},{"damage":0,"enemies":"Snecko","floor":21,"turns":2},{"damage":0,"enemies":"Book of Stabbing","floor":23,"turns":2},{"damage":0,"enemies":"Shelled Parasite and Fungi","floor":24,"turns":2},{"damage":0,"enemies":"Gremlin Leader","floor":25,"turns":4},{"damage":0,"enemies":"Chosen and Byrds","floor":27,"turns":1},{"damage":0,"enemies":"Sentry and Sphere","floor":28,"turns":1},{"damage":0,"enemies":"Shelled Parasite and Fungi","floor":30,"turns":1},{"damage":0,"enemies":"Slavers","floor":31,"turns":1},{"damage":0,"enemies":"Champ","floor":33,"turns":1},{"damage":0,"enemies":"3 Darklings","floor":35,"turns":1},{"damage":0,"enemies":"3 Shapes","floor":38,"turns":1},{"damage":0,"enemies":"Nemesis","floor":40,"turns":1},{"damage":32,"enemies":"Writhing Mass","floor":41,"turns":3},{"damage":0,"enemies":"Transient","floor":44,"turns":3},{"damage":0,"enemies":"Spire Growth","floor":45,"turns":1},{"damage":0,"enemies":"Sphere and 2 Shapes","floor":48,"turns":1},{"damage":10,"enemies":"Awakened One","floor":50,"turns":3},{"damage":0,"enemies":"Shield and Spear","floor":55,"turns":1},{"damage":5,"enemies":"The Heart","floor":56,"turns":3}],"seed_played":"-4876053495231036455","potions_obtained":[{"floor":10,"key":"Ancient Potion"},{"floor":11,"key":"GamblersBrew"},{"floor":12,"key":"EssenceOfSteel"},{"floor":45,"key":"Fire Potion"}],"is_trial":false,"path_per_floor":["M","?","?","?","?","R","E","R","T","M","M","M","E","M","R","B",null,"M","?","M","M","$","E","M","E","T","M","M","?","M","E","R","B",null,"M","$","?","M","?","E","M","R","T","M","M","?","?","M","R","B",null,null,"R","$","E","B",null],"character_chosen":"Librarian","items_purchased":["HandleRequest","FeelinGood","Bottled Flame","Sling","UnforgettableMelody","Mummified Hand"],"campfire_rested":2,"item_purchase_floors":[22,36,36,36,54,54],"current_hp_per_floor":[60,49,27,9,9,9,9,51,51,51,51,51,51,51,51,57,90,90,90,90,90,90,90,90,90,90,90,90,90,90,90,90,90,90,90,90,90,90,81,81,49,49,49,49,49,49,49,49,49,39,39,39,39,39,39,34],"gold":93,"neow_bonus":"RANDOM_COMMON_RELIC","is_daily":false,"chose_seed":false,"campfire_upgraded":4,"win_rate":0.0,"timestamp":1614344032,"path_taken":["M","?","?","?","?","R","E","R","T","M","M","?","E","M","R","BOSS","M","?","M","M","$","E","M","E","T","M","M","?","M","E","R","BOSS","M","$","?","M","?","E","M","R","T","M","?","?","?","M","R","BOSS","R","$","E","BOSS"],"items_purchased_type":["Card","Card","Relic","Relic","Card","Relic"],"build_version":"2020-12-22","purchased_purges":0,"victory":true,"max_hp_per_floor":[90,90,90,90,90,90,90,90,90,90,90,90,90,90,90,90,90,90,90,90,90,90,90,90,90,90,90,90,90,90,90,90,90,90,90,90,90,90,90,90,90,90,90,90,90,90,90,90,90,90,90,90,90,90,90,90],"card_choices":[{"not_picked":["EndlessBattle","StrongStrike","BlindFaith","ShrineToMusic","QuickAttack","SparkingSpear","Rewind","CircusKnives","Outburst"],"picked":"SKIP","floor":1},{"not_picked":["BlazingStrike","Standoff","GuardingStance","HighKick","SuppressingShot","Parry2","FervidEmotions","GreatSerpentsImpact"],"picked":"SwordOfVolition","floor":7},{"not_picked":["PreemptiveStrike","PinpointShot","Track","Multislash","AlloutWar","Eliminate","DimensionalRift","Rewind"],"picked":"EnergyCycle","floor":10},{"not_picked":["SunsetBlade","SpearedSweep","GreatSerpentsImpact","Ripple","PreemptiveStrike","ViolentFlame","FeelinGood","YoureTooSlow"],"picked":"CleanUp","floor":11},{"not_picked":["BurningFlash","ToWhereThePrescriptPoints","TimeForALittleTest","IronWall","InnerArdor","QuickSuppression","Tailoring","Execute_lor"],"picked":"MultiBlock","floor":12},{"not_picked":["DistortedBlade","BayonetCombat","UnavoidableGaze","TheRedNotes","BiAn","IllEndYou","MultiBlock","FierceOnslaught"],"picked":"Outburst","floor":13},{"not_picked":["BindingChains","IllEndYou","ShockRound","MultiHit","FrontalAssault","EnergyCycle","GreatSerpentsImpact","Thrust"],"picked":"TheWillOfTheCity","floor":14},{"not_picked":["StructuralAnalysis","UpbeatPerformance+1","BulkyImpact","CoordinatedAssault","SerpentineBarrier","Thrust+1","DistortedBlade","Pound"],"picked":"ExtractFuel+1","floor":18},{"not_picked":["StrikeDown","Wallop_lor","HiddenBlade+1","GreatSerpentsImpact","Execute_lor","NightInTheBackstreets","DriedUp","Overpower"],"picked":"GuidanceOfTheGears","floor":20},{"not_picked":["MindWhip","TendonChords+1","RapidGashes","DefenseOrder","YourShield","Thrust","UpbeatPerformance","StrongStrike"],"picked":"SinglePointStab","floor":21},{"not_picked":["DirtyBlow","MultiBlock+1","WrathOfTorment+1","ShockingBlow","WillOfThePrescript+1","Mutilate","InkOver","Faith"],"picked":"UnforgettableMelody","floor":23},{"not_picked":["YoureAHindrance","ShrineToMusic","PinpointShot","Reload","FocusFire","SerpentSwordTechnique","FieryDragonSlash+1","Parry2"],"picked":"Faith","floor":24},{"not_picked":["CoordinatedAssault","BlindFaith","CombatPreparation+1","MultiBlock+1","Mutilate","Collision+1","DefenseOrder","HeavyPeaks"],"picked":"AGoldenOpportunity","floor":25},{"not_picked":["BizarreAttack","BlindFaith+1","MultiHit","SilentNight","CombatPreparation","StrikeDown","SpearedSweep","Thrust"],"picked":"SwordOfVolition","floor":27},{"not_picked":["Quickness","ForcefulGesture+1","PreemptiveStrike+1","SharpSwipe","BalefulBrand","ViolentFlame","EnergyStrike+1","Leap_lor","DesperateStruggle"],"picked":"SKIP","floor":28},{"not_picked":["FleetEdge+1","Mutilate","EnergyStrike","Wallop_lor","EndlessBattle","FlowOfTheSword","KeepItFresh","DarkCloud"],"picked":"AsThePrescriptOrders","floor":30},{"not_picked":["IronWall","Tttonst","HandleRequest","FleetEdge","GrazeTheGrass","UpbeatPerformance+1","AbsorbImpact","TheWillOfTheCity"],"picked":"FrontalAssault","floor":31},{"not_picked":["DistortedBlade","Decapitation"],"picked":"Deflect_lor","floor":33},{"not_picked":["FieryWaltz","GuardingStance","StrongStrike+1","Parry+1","StrikeDown+1","Endure+1","NightInTheBackstreets","SkyClearingCut+1","WillOfThePrescript+1"],"picked":"SKIP","floor":35},{"not_picked":["Multislash","ClassAndRespect+1","EnergyShield","Lock","Struggle","FieryDragonSlash+1","Bvapour+1","BladeWhirl"],"picked":"SharpenedBlade+1","floor":38},{"not_picked":["StructuralAnalysis","Retaliate+1","Wallop_lor","NightInTheBackstreets","Thrust+1","ButterflySlash","Commandeering","Diversion+1"],"picked":"Overcharge+1","floor":40},{"not_picked":["StructuralAnalysis+1","GrazeTheGrass+1","Wallop_lor","BlowItUp","SkyClearingCut","OminousPower","Transpierce","CoordinatedAssault"],"picked":"Unlock1+1","floor":41},{"not_picked":["DeepDrag+1","Eliminate+1","FierceCharge+1","BiAn+1","DevastatingThrash","GuidanceOfTheGears+1","Creak","QuickAttack"],"picked":"SwordOfVolition+1","floor":42},{"not_picked":["ChopItOff+1","QuickAttack","BiAn","Pound","DefenseOrder","HandlingWork","SnakesPrey+1","DarkCloud"],"picked":"Brawl","floor":44},{"not_picked":["Quickness","SunsetBlade","Rewind","Retaliate+1","Feast","GaleKick+1","BackAttack","MindCrush"],"picked":"SinglePointStab+1","floor":45},{"not_picked":["Leap_lor+1","WrathOfTorment+1","DesperateStruggle","AsThePrescriptOrders+1","FleetEdge+1","FierceCharge+1","StrikeDown","Multislash+1","Laceration+1"],"picked":"SKIP","floor":48},{"not_picked":["SweepTheBackstreets+1","UpbeatPerformance+1","BayonetCombat","SnakesPrey+1","BiAn+1","Parry+1","Overpower","DesperateStruggle","WillOfThePrescript+1"],"picked":"SKIP","floor":55}],"player_experience":235969,"relics_obtained":[{"floor":7,"key":"Regal Pillow"},{"floor":9,"key":"Meat on the Bone"},{"floor":13,"key":"Nunchaku"},{"floor":23,"key":"Dream Catcher"},{"floor":25,"key":"Ginger"},{"floor":26,"key":"PageOfScarecrow"},{"floor":31,"key":"Orichalcum"},{"floor":40,"key":"PreservedInsect"},{"floor":55,"key":"PageOfBigBird"}],"event_choices":[{"damage_healed":0,"gold_gain":75,"player_choice":"Gather Gold","damage_taken":11,"max_hp_gain":0,"max_hp_loss":0,"event_name":"World of Goop","floor":2,"gold_loss":0},{"damage_healed":0,"gold_gain":0,"player_choice":"Take Damage","damage_taken":22,"relics_obtained":["Golden Idol"],"max_hp_gain":0,"max_hp_loss":0,"event_name":"Golden Idol","floor":3,"gold_loss":0},{"damage_healed":0,"gold_gain":0,"player_choice":"Entered Light","damage_taken":18,"max_hp_gain":0,"max_hp_loss":0,"event_name":"Shining Light","floor":4,"gold_loss":0,"cards_upgraded":["DegradedFairy","DegradedFairy"]},{"cards_removed":["DegradedPillar"],"damage_healed":0,"gold_gain":0,"player_choice":"Purged","damage_taken":0,"max_hp_gain":0,"max_hp_loss":0,"event_name":"Purifier","floor":5,"gold_loss":0},{"damage_healed":0,"gold_gain":0,"player_choice":"Gave Idol","damage_taken":0,"relics_obtained":["Bloody Idol"],"max_hp_gain":0,"max_hp_loss":0,"event_name":"Forgotten Altar","floor":19,"relics_lost":["Golden Idol"],"gold_loss":0},{"cards_removed":["MultiBlock"],"damage_healed":0,"gold_gain":0,"player_choice":"Elegance","damage_taken":0,"max_hp_gain":0,"max_hp_loss":0,"event_name":"Back to Basics","floor":29,"gold_loss":0},{"damage_healed":0,"gold_gain":0,"player_choice":"Upgrade","damage_taken":0,"relics_obtained":["Mark of the Bloom"],"max_hp_gain":0,"max_hp_loss":0,"event_name":"MindBloom","floor":37,"gold_loss":0,"cards_upgraded":["DegradedFairy","DegradedChain","DegradedLock","DegradedPillar","DegradedShockwave","SwordOfVolition","EnergyCycle","Outburst","TheWillOfTheCity","GuidanceOfTheGears","SinglePointStab","HandleRequest","UnforgettableMelody","Faith","AGoldenOpportunity","SwordOfVolition","AsThePrescriptOrders","Deflect_lor","FeelinGood"]},{"damage_healed":0,"gold_gain":0,"player_choice":"Damaged","damage_taken":9,"max_hp_gain":0,"max_hp_loss":0,"event_name":"Wheel of Change","floor":39,"gold_loss":0},{"damage_healed":23,"gold_gain":0,"player_choice":"Writhe","damage_taken":0,"max_hp_gain":0,"max_hp_loss":0,"event_name":"Winding Halls","floor":46,"gold_loss":0,"cards_obtained":["Writhe"]},{"damage_healed":0,"gold_gain":0,"player_choice":"Got Potions","damage_taken":0,"max_hp_gain":0,"max_hp_loss":0,"event_name":"Lab","floor":47,"gold_loss":0}],"is_beta":false,"boss_relics":[{"not_picked":["PageOfBlackSwan","Astrolabe"],"picked":"Runic Dome"},{"not_picked":["Philosopher\u0027s Stone","Busted Crown"],"picked":"SacredBark"}],"items_purged_floors":[],"is_endless":false,"potions_floor_spawned":[10,11,12,13,20,24,27,41,44,45],"ascension_level":3}}