{"host":"jsd6g3c2vo13e69c","time":1614345648,"event":{"mods":["2.2 Compatiblity","Act Like it!","BaseMod","Better Altar","Better Match","Better Note","Better Sensory Stone","Better Third Choice","BetterRewards","Colored Map","Colored Powertips","Downfall","Friendly Minions","GifTheSpireLib","Googly Eyes","Gremlin Mod","Hermit","Hubris","Infinite Spire","Melee Mod","Minty Spire (QoL Compilation)","Permanent Neow","Quick Restart","Random Character Button","Replay The Spire","Shop Mod","Spire Arcade","StSLib","The Cursed","The Disciple","The Forsaken","thorton"],"gold_per_floor":[99,109,101,101,119,138,138,51,51,51,93,119,19,47,73,179,179,179,202,221,221,231,231,231,231,242,242,242,275,275,117,144,144,144,144],"floor_reached":33,"language":"ENG","playtime":2506,"items_purged":[],"score":266,"play_id":"cf3e54db-e1e6-4162-a81c-182690e5e03b","local_time":"20210226082048","is_ascension_mode":false,"campfire_choices":[{"data":"hexamod:UnlimitedPower","floor":1,"key":"SMITH"},{"data":"hexamod:Sear","floor":9,"key":"SMITH"},{"data":"hexamod:SpectralAdrenaline","floor":13,"key":"SMITH"},{"data":"hexamod:Float","floor":18,"key":"SMITH"},{"data":"hexamod:GhostOfSpirePast","floor":23,"key":"SMITH"},{"data":"hexamod:SoulSteal","floor":25,"key":"SMITH"},{"floor":27,"key":"REST"}],"circlet_count":0,"master_deck":["hexamod:Sear+1","hexamod:Float+1","hexamod:UnlimitedPower+1","hexamod:StepThrough","hexamod:FirstSeal","hexamod:SecondSeal","hexamod:SpectersWail","hexamod:ChargedBarrage","hexamod:FlamesFromBeyond+1","hexamod:FourthSeal","hexamod:DynamicBlow","hexamod:SpectralAdrenaline+1","hexamod:DynamicBlow","hexamod:GhostflameInferno+1","hexamod:TimeWarp+1","hexamod:BurningTouch","hexamod:SoulSteal+1","hexamod:GhostOfSpirePast+1","hexamod:PhantomCloak+1","Ghostly","Ghostly","Ghostly","hexamod:CouncilsJustice","hexamod:CouncilsJustice","hexamod:CouncilsJustice","hexamod:Rewind+1","Flash of Steel","Bandage Up","hexamod:Again+1","hexamod:PowerFromBeyond"],"relics":["hexamod:SpiritBrand","Golden Egg","Spirit Poop","Ancient Tea Set","downfall:HeartBlessingGreen","hubris:Backtick","Ice Cream","Omamori","Replay:WaspNest","Strange Spoon"],"acts_visited":["Exordium","TheCity"],"potions_floor_usage":[12,14,15,16,22,22,29,31,33],"damage_taken":[{"damage":4,"enemies":"Jaw Worm","floor":2,"turns":4},{"damage":12,"enemies":"Small Slimes","floor":5,"turns":4},{"damage":4,"enemies":"Cultist","floor":6,"turns":5},{"damage":5,"enemies":"downfall:FleeingMerchant","floor":8,"turns":4},{"damage":21,"enemies":"Lagavulin","floor":11,"turns":6},{"damage":26,"enemies":"Exordium Thugs","floor":12,"turns":4},{"damage":7,"enemies":"2 Fungi Beasts","floor":14,"turns":3},{"damage":1,"enemies":"3 Louse","floor":15,"turns":3},{"damage":21,"enemies":"SI_SHIV_ARCHETYPE","floor":16,"turns":7},{"damage":8,"enemies":"Shell Parasite","floor":19,"turns":3},{"damage":26,"enemies":"3 Byrds","floor":20,"turns":6},{"damage":25,"enemies":"Centurion and Healer","floor":22,"turns":4},{"damage":13,"enemies":"3 Cultists","floor":26,"turns":3},{"damage":25,"enemies":"Slavers","floor":29,"turns":4},{"damage":0,"enemies":"downfall:FleeingMerchant","floor":31,"turns":4},{"damage":0,"enemies":"Snake Plant","floor":32,"turns":5},{"damage":39,"enemies":"DF_ARCHETYPE_CLAW","floor":33,"turns":6}],"seed_played":"3432398792744806854","potions_obtained":[{"floor":5,"key":"Energy Potion"},{"floor":6,"key":"champ:CounterPotion"},{"floor":11,"key":"Reflective Coating"},{"floor":11,"key":"SkillPotion"},{"floor":12,"key":"LiquidMemories"},{"floor":14,"key":"bronze:BurnAndBuffPotion"},{"floor":14,"key":"LiquidMemories"},{"floor":15,"key":"SteroidPotion"},{"floor":16,"key":"Languid Potion"},{"floor":20,"key":"SkillPotion"},{"floor":22,"key":"Cursed Concoction"},{"floor":22,"key":"FearPotion"},{"floor":26,"key":"Swift Potion"},{"floor":29,"key":"GamblersBrew"},{"floor":29,"key":"PowerPotion"},{"floor":31,"key":"Doom Potion"},{"floor":32,"key":"hexamod:DoubleChargePotion"}],"is_trial":false,"path_per_floor":["R","M","?","?","M","M","T","$","R","?","E","M","R","M","M","B",null,"R","M","M","?","M","R","T","R","M","R","?","E","?","$","M","B"],"character_chosen":"THE_SPIRIT","items_purchased":["hexamod:FourthSeal","Strange Spoon"],"campfire_rested":1,"item_purchase_floors":[8,31],"current_hp_per_floor":[70,66,59,59,54,57,57,59,59,59,45,26,26,26,32,18,70,70,62,43,43,25,25,25,25,19,40,35,17,17,28,35,0,0,0],"gold":144,"neow_bonus":"ONE_RANDOM_RARE_CARD","is_daily":false,"chose_seed":false,"campfire_upgraded":6,"win_rate":0.0,"timestamp":1614345648,"path_taken":["R","M","?","?","?","M","T","?","R","?","E","M","R","?","M","BOSS","R","M","M","?","M","R","T","R","M","R","?","E","?","?","M","BOSS"],"items_purchased_type":["Card","Relic"],"build_version":"2020-12-22","purchased_purges":0,"victory":false,"max_hp_per_floor":[70,70,70,70,70,70,70,70,70,70,70,70,70,70,70,70,70,70,70,70,70,70,70,70,70,70,70,35,35,35,35,35,35,35,35],"card_choices":[{"not_picked":["hexamod:GhostLash","hexamod:InspiringFlames"],"picked":"hexamod:StepThrough","floor":2},{"not_picked":["hexamod:HeatMetal","hexamod:BacktrackSmack"],"picked":"hexamod:SpectersWail","floor":5},{"not_picked":["hexamod:GhostflameBarrier","hexamod:Incineration"],"picked":"hexamod:ChargedBarrage","floor":6},{"not_picked":["hexamod:RecurringNightmare","hexamod:Incineration"],"picked":"hexamod:FlamesFromBeyond","floor":8},{"not_picked":["hexamod:BurningTouch","hexamod:Again"],"picked":"hexamod:DynamicBlow","floor":11},{"not_picked":["hexamod:AdvancingGuard","hexamod:FlamesFromBeyond"],"picked":"hexamod:SpectralAdrenaline","floor":12},{"not_picked":["hexamod:FlamesFromBeyond","hexamod:FastForward"],"picked":"hexamod:DynamicBlow","floor":14},{"not_picked":["hexamod:ShieldOfDarkness","hexamod:HauntingEcho"],"picked":"hexamod:GhostflameInferno","floor":15},{"not_picked":["hexamod:UnlimitedPower","hexamod:HexaLevel"],"picked":"hexamod:TimeWarp","floor":16},{"not_picked":["hexamod:HeatMetal+1","hexamod:ThermalTransfer"],"picked":"hexamod:BurningTouch","floor":19},{"not_picked":["hexamod:FlamesFromBeyond+1","hexamod:StepThrough+1"],"picked":"hexamod:SoulSteal","floor":20},{"not_picked":["hexamod:RecurringNightmare","hexamod:Firestarter"],"picked":"hexamod:GhostOfSpirePast","floor":22},{"not_picked":["hexamod:Firestarter","hexamod:NightmareStrike"],"picked":"hexamod:PhantomCloak+1","floor":26},{"not_picked":["hexamod:ShieldOfDarkness+1","hexamod:SecondSeal"],"picked":"hexamod:Rewind+1","floor":29},{"not_picked":["Poisoned Strike","Mind Blast"],"picked":"Flash of Steel","floor":30},{"not_picked":["hubris:Ssssneak","Panacea"],"picked":"Bandage Up","floor":30},{"not_picked":["hexamod:SuperheatedStrike","hexamod:BurningTouch"],"picked":"hexamod:Again+1","floor":31},{"not_picked":["hexamod:SpectersWail","hexamod:GhostShield"],"picked":"hexamod:PowerFromBeyond","floor":32}],"player_experience":481763,"relics_obtained":[{"floor":7,"key":"Golden Egg"},{"floor":11,"key":"Ancient Tea Set"},{"floor":24,"key":"Omamori"},{"floor":29,"key":"Replay:WaspNest"}],"event_choices":[{"cards_removed":["Writhe"],"damage_healed":0,"gold_gain":0,"player_choice":"Offered Curse","damage_taken":0,"relics_obtained":["Spirit Poop"],"max_hp_gain":0,"max_hp_loss":0,"event_name":"Bonfire Elementals","floor":10,"gold_loss":0},{"damage_healed":0,"gold_gain":0,"player_choice":"Ignored","damage_taken":0,"max_hp_gain":0,"max_hp_loss":0,"event_name":"betterNote:BetterNote","floor":21,"gold_loss":0,"cards_obtained":["Slimebound:MassFeed"]},{"damage_healed":0,"gold_gain":2,"player_choice":"1","damage_taken":0,"max_hp_gain":0,"max_hp_loss":0,"event_name":"betterStone:BetterStone","floor":30,"gold_loss":0}],"is_beta":false,"boss_relics":[{"not_picked":["hexamod:IceCube","Astrolabe"],"picked":"hubris:Backtick"}],"items_purged_floors":[],"is_endless":false,"potions_floor_spawned":[5,6,11,12,14,22,26,29],"killed_by":"DF_ARCHETYPE_CLAW","ascension_level":0}}