{"host":"bvr4vhlu71s3njyz","time":1614315498,"event":{"mods":["2.2 Compatiblity","AchievementEnabler","Act Like it!","Aspiration","Astrologer","Bard","BaseMod","Beaked The Cultist","Better Altar","Better Match","Better Note","Better Sensory Stone","Better Skull","Better Third Choice","CCEM2","Conjunction","Downfall","Fiend Mod","Friendly Minions","Gremlin Mod","GungeonMod","Hallownest","Hermit","Hubris","Infinite Spire","Jorbs\u0027s Wanderer Trilogy","Library of Ruina","Mad Scientist","Mimic Mod","Minty Spire (QoL Compilation)","Potionbrewer","Quarter Circle Forward PUNCH!","QueenMod","Replay The Spire","Robot Space Explorer","Shade Mod","Shedinja","Slumbering Mod","Spire Arcade","StSLib","The Blackbeard","The Bladedancer","The Bug Knight","The Caster","The Clintock","The Construct","The Cursed","The Dragon Tamer","The Dragonkin","The Exalted","The Forsaken","The Hayseed","The Hierophant","The Judge","The Marked","The Mystic","The Necromancer","The Poker Player","The Runesmith","The Sage","The Showman","TheFirefly","TheSurvivalist","TheVacant","Trackpad","Wandering Minibosses","thorton"],"gold_per_floor":[99,99,116,32,32,42,78,107,92,117,17,27,68,68,79,179,179,79,79,79,179,195,215,239,249,275,294,313,333,333,352,366,464,464,464,474,484,484,498,398,430,444,454,454,454,471,37,41,51,51,51,51,51,51],"floor_reached":52,"language":"ENG","playtime":5563,"items_purged":["Writhe","Spreading Infection"],"score":723,"play_id":"98aaaf3d-9bd5-4f08-b143-b86e3d22adbd","local_time":"20210225235818","is_ascension_mode":false,"campfire_choices":[{"data":"bronze:Replicate","floor":1,"key":"SMITH"},{"floor":11,"key":"REST"},{"data":"bronze:CleanCode","floor":18,"key":"SMITH"},{"floor":30,"key":"REST"},{"floor":35,"key":"RECALL"},{"data":"infinitespire:Collect","floor":40,"key":"SMITH"},{"floor":45,"key":"REST"}],"circlet_count":0,"master_deck":["bronze:Strike","bronze:Strike","bronze:Strike","bronze:Strike","bronze:Defend","bronze:Defend","bronze:Defend","bronze:Defend","bronze:Replicate+1","bronze:Goto","bronze:Optimize","bronze:Shield","bronze:BronzeOrb","bronze:DelayedGuard","bronze:RecursiveStrike","bronze:FineTuning","bronze:Overheat+1","bronze:WhirlingStrike","bronze:Boost","bronze:ForceShield","bronze:CleanCode+1","infinitespire:Collect+1","bronze:DelayedSlice","bronze:Safeguard","bronze:HardenedForm+1","bronze:CutThrough","bronze:FollowUp","wanderingMiniBosses:FinaleOfPromise","bronze:BugBarrage+1","bronze:NullPointer","bronze:BitShift","bronze:Allocate+1","bronze:AlphaBuild","bronze:OilSpill","bronze:GetLatest+1","bronze:BuggyMess+1","bronze:Mutator","bronze:Repair","bronze:Branch+1","bronze:Repulsor+1","bronze:Frontload+1","expansioncontent:DashGenerateEvil","bronze:SpaghettiCode","bronze:ItsAFeature","Sadistic Nature+1"],"relics":["bronze:BronzeCore","infinitespire:Satchel","Blue Doll","downfall:HeartBlessingGreen","infinitespire:BottledMercury","Cursed Key","downfall:HeartBlessingBlue","theForsaken:PaleLantern","CCEMRelics:JestersCrown","Toy Ornithopter","trackpad:AdjectivePendant","PageOfScarecrow","wanderingMiniBosses:Blackblade","theSlumbering:EnchantedHammer","downfall:HeartBlessingRed","trackpad:ZombieHeart","construct:FoamFinger"],"acts_visited":["Exordium","TheCity","TheBeyond","TheEnding"],"potions_floor_usage":[13,16,25,33,42,46,47,49,50,50,50,52],"damage_taken":[{"damage":0,"enemies":"Small Slimes","floor":3,"turns":4},{"damage":0,"enemies":"downfall:FleeingMerchant","floor":4,"turns":4},{"damage":10,"enemies":"Jaw Worm","floor":6,"turns":7},{"damage":0,"enemies":"Cultist","floor":7,"turns":10},{"damage":19,"enemies":"Lagavulin","floor":8,"turns":9},{"damage":3,"enemies":"downfall:FleeingMerchant","floor":9,"turns":4},{"damage":22,"enemies":"3 Sentries","floor":10,"turns":15},{"damage":0,"enemies":"Cultist","floor":12,"turns":2},{"damage":16,"enemies":"Gremlin Nob","floor":13,"turns":5},{"damage":3,"enemies":"downfall:LooterAlt","floor":15,"turns":2},{"damage":11,"enemies":"WA_ARCHETYPE_RETAIN","floor":16,"turns":9},{"damage":6,"enemies":"downfall:LadyInBlue","floor":21,"turns":12},{"damage":9,"enemies":"3 Byrds","floor":22,"turns":4},{"damage":15,"enemies":"downfall:LooterAlt2","floor":23,"turns":5},{"damage":0,"enemies":"Centurion and Healer","floor":25,"turns":5},{"damage":29,"enemies":"Slavers","floor":26,"turns":5},{"damage":18,"enemies":"Sentry and Sphere","floor":27,"turns":8},{"damage":0,"enemies":"Snecko","floor":28,"turns":3},{"damage":2,"enemies":"Chosen and Byrds","floor":29,"turns":2},{"damage":9,"enemies":"Sentry and Sphere","floor":31,"turns":4},{"damage":0,"enemies":"Snake Plant","floor":32,"turns":2},{"damage":21,"enemies":"IC_MUSHROOM_ARCHETYPE","floor":33,"turns":5},{"damage":13,"enemies":"3 Darklings","floor":36,"turns":4},{"damage":16,"enemies":"Orb Walker","floor":37,"turns":5},{"damage":16,"enemies":"Sphere and 2 Shapes","floor":39,"turns":5},{"damage":21,"enemies":"Writhing Mass","floor":41,"turns":10},{"damage":48,"enemies":"Writhing Mass","floor":42,"turns":6},{"damage":6,"enemies":"Maw","floor":43,"turns":6},{"damage":31,"enemies":"Spire Growth","floor":46,"turns":6},{"damage":3,"enemies":"downfall:FleeingMerchant","floor":47,"turns":4},{"damage":1,"enemies":"downfall:FleeingMerchant","floor":48,"turns":2},{"damage":50,"enemies":"Transient","floor":49,"turns":5},{"damage":73,"enemies":"DF_ARCHETYPE_ORBS","floor":50,"turns":7},{"damage":160,"enemies":"downfall:CharBossMerchant","floor":52,"turns":8}],"seed_played":"2547562063125821626","potions_obtained":[{"floor":6,"key":"LiquidBronze"},{"floor":10,"key":"potionbrewer:EndurancePotion"},{"floor":12,"key":"potionbrewer:MidasPotion"},{"floor":13,"key":"sagemod:Wine"},{"floor":21,"key":"Flashbang"},{"floor":21,"key":"potionbrewer:BoundlessPotion"},{"floor":27,"key":"DemoMod:LeadSkinPotion"},{"floor":28,"key":"PowerPotion"},{"floor":31,"key":"bronze:FreeFunctionsPotion"},{"floor":33,"key":"BlessingOfTheForge"},{"floor":42,"key":"LifebloodPotion"},{"floor":46,"key":"bronze:CleanCodePotion"},{"floor":49,"key":"potionbrewer:ToxicPotion"}],"is_trial":false,"path_per_floor":["R","?","M","$","?","M","MIM","E","$","E","R","M","E","?","M","B",null,"R","?","AVR","?","M","M","T","M","E","M","M","M","R","M","M","B",null,"R","M","M","?","M","R","MIM","M","M","?","R","M","$","$","M","B",null,"E"],"character_chosen":"THE_AUTOMATON","items_purchased":["bronze:BronzeOrb","construct:FoamFinger","bronze:Frontload+1","expansioncontent:DashGenerateEvil","bronze:ItsAFeature","Sadistic Nature+1","Fire Potion"],"campfire_rested":3,"item_purchase_floors":[4,47,47,47,48,48,48],"current_hp_per_floor":[77,77,77,77,77,67,67,48,45,23,46,46,30,30,27,16,77,87,87,87,81,72,57,57,62,33,30,38,41,67,58,61,60,87,87,74,61,61,45,45,48,21,39,39,65,62,80,80,47,29,93,0,0,0],"gold":51,"neow_bonus":"TEN_PERCENT_HP_BONUS","is_daily":false,"chose_seed":false,"campfire_upgraded":3,"win_rate":0.0,"timestamp":1614315498,"path_taken":["R","?","M","$","?","M","MIM","E","$","E","R","M","E","?","M","BOSS","R","?","AVR","?","M","?","T","M","E","M","M","M","R","M","M","BOSS","R","M","M","?","M","R","MIM","M","M","?","R","M","?","$","M","BOSS","E"],"items_purchased_type":["Card","Relic","Card","Card","Card","Card","Potion"],"build_version":"2020-12-22","purchased_purges":2,"victory":false,"max_hp_per_floor":[77,77,77,77,77,77,77,77,77,77,77,77,77,77,77,77,77,87,87,87,87,87,87,87,87,87,87,87,87,87,87,87,87,87,87,87,87,87,87,87,87,88,89,89,89,90,90,91,92,93,93,93,93,93],"card_choices":[{"not_picked":["bronze:Branch","bronze:DelayedGuard"],"picked":"bronze:Optimize","floor":3},{"not_picked":["bronze:Backtrace","bronze:Deprecate"],"picked":"bronze:Shield","floor":4},{"not_picked":["bronze:BitShift","bronze:Overheat"],"picked":"bronze:DelayedGuard","floor":6},{"not_picked":["bronze:ForceShield","bronze:Overload"],"picked":"bronze:RecursiveStrike","floor":7},{"not_picked":["bronze:WildBeam","bronze:Philosophize"],"picked":"bronze:FineTuning","floor":8},{"not_picked":["bronze:BitShift","bronze:NullPointer"],"picked":"bronze:Overheat","floor":9},{"not_picked":["bronze:Turbo","bronze:BurnOut"],"picked":"bronze:WhirlingStrike","floor":10},{"not_picked":["bronze:Overheat","bronze:Overload"],"picked":"bronze:Boost","floor":12},{"not_picked":["bronze:Iterate","bronze:Turbo"],"picked":"bronze:ForceShield","floor":13},{"not_picked":["bronze:RecursiveStrike","bronze:Turbo","bronze:CutThrough"],"picked":"SKIP","floor":15},{"not_picked":["bronze:ThunderWave","bronze:Verify"],"picked":"bronze:CleanCode","floor":16},{"not_picked":["bronze:WildBeam","bronze:GetLatest"],"picked":"bronze:DelayedSlice","floor":21},{"not_picked":["bronze:FineTuning","bronze:BitShift"],"picked":"bronze:Safeguard","floor":22},{"not_picked":["bronze:WildBeam","bronze:Iterate+1"],"picked":"bronze:HardenedForm","floor":23},{"not_picked":["bronze:Safeguard","bronze:GetLatest"],"picked":"bronze:CutThrough","floor":25},{"not_picked":["bronze:Optimize","bronze:CutThrough+1"],"picked":"bronze:FollowUp","floor":26},{"not_picked":[],"picked":"wanderingMiniBosses:FinaleOfPromise","floor":27},{"not_picked":["bronze:DelayedGuard","bronze:Overheat"],"picked":"bronze:BugBarrage+1","floor":27},{"not_picked":["bronze:Shield","bronze:Invalidate"],"picked":"bronze:NullPointer","floor":28},{"not_picked":["bronze:Invalidate+1","bronze:DelayedGuard"],"picked":"bronze:BitShift","floor":29},{"not_picked":["bronze:FineTuning+1","bronze:Invalidate","bronze:Shield+1"],"picked":"SKIP","floor":31},{"not_picked":["bronze:Backtrace","bronze:Safeguard"],"picked":"bronze:Allocate+1","floor":32},{"not_picked":["bronze:FindAndReplace","bronze:Break"],"picked":"bronze:AlphaBuild","floor":33},{"not_picked":["bronze:Overheat+1","bronze:Invalidate"],"picked":"bronze:OilSpill","floor":36},{"not_picked":["bronze:FineTuning","bronze:FollowUp+1"],"picked":"bronze:GetLatest+1","floor":37},{"not_picked":["bronze:OilSpill+1","bronze:WhirlingStrike+1","bronze:Shield"],"picked":"SKIP","floor":39},{"not_picked":["bronze:BitShift+1","bronze:WildBeam"],"picked":"bronze:BuggyMess+1","floor":41},{"not_picked":["bronze:DelayedGuard+1","bronze:DelayedSlice"],"picked":"bronze:Mutator","floor":42},{"not_picked":["bronze:WildBeam","bronze:DelayedGuard+1"],"picked":"bronze:Repair","floor":43},{"not_picked":["bronze:ForLoop","bronze:Deprecate+1"],"picked":"bronze:Branch+1","floor":46},{"not_picked":["bronze:Branch","bronze:Optimize+1"],"picked":"bronze:Repulsor+1","floor":47},{"not_picked":["bronze:ForceShield+1","bronze:Deprecate+1"],"picked":"bronze:SpaghettiCode","floor":48},{"not_picked":["bronze:Frontload","bronze:Repair","bronze:WhirlingStrike+1"],"picked":"SKIP","floor":49}],"player_experience":1296366,"relics_obtained":[{"floor":8,"key":"infinitespire:Satchel"},{"floor":10,"key":"Blue Doll"},{"floor":13,"key":"infinitespire:BottledMercury"},{"floor":21,"key":"Toy Ornithopter"},{"floor":24,"key":"trackpad:AdjectivePendant"},{"floor":26,"key":"PageOfScarecrow"},{"floor":27,"key":"wanderingMiniBosses:Blackblade"},{"floor":41,"key":"trackpad:ZombieHeart"}],"event_choices":[{"damage_healed":0,"gold_gain":0,"player_choice":"Ignored","damage_taken":0,"max_hp_gain":0,"max_hp_loss":0,"event_name":"betterNote:BetterNote","floor":19,"gold_loss":0,"cards_obtained":["Iron Wave"]}],"is_beta":false,"boss_relics":[{"not_picked":["SlaversCollar","Philosopher\u0027s Stone"],"picked":"Cursed Key"},{"not_picked":["aspiration:RunicSpoon","Bromod:ArcaneBarrier"],"picked":"theSlumbering:EnchantedHammer"}],"items_purged_floors":[47,48],"is_endless":false,"potions_floor_spawned":[6,10,12,13,15,27,28,29,31,32,33,37,42,43,46,49],"killed_by":"downfall:CharBossMerchant","ascension_level":0}}