{"host":"1bzbl1adcbkdzqlf","time":1614318355,"event":{"mods":["BaseMod","Minty Spire (QoL Compilation)","Slay the Relics Exporter"],"gold_per_floor":[20,20,30,46,63,93,107,107,107,136,286,286,311,586,586,660,660,674,692,703,28,39,39,39,39],"floor_reached":24,"language":"ENG","playtime":2132,"items_purged":["Doubt"],"score":436,"play_id":"a7988069-c39b-4adf-9d02-b840908211d2","local_time":"20210225234555","is_ascension_mode":true,"campfire_choices":[{"data":"Armaments","floor":8,"key":"SMITH"},{"data":"Power Through","floor":12,"key":"SMITH"},{"data":"Combust","floor":15,"key":"SMITH"},{"floor":23,"key":"REST"}],"circlet_count":0,"master_deck":["AscendersBane","Strike_R","Defend_R","Defend_R","Defend_R","Defend_R","Bash","Combust+1","Pommel Strike","Anger","Spot Weakness","Armaments+1","Reaper","Power Through+1","Sword Boomerang","Sentinel+1","Regret","Demon Form","Offering+1","Burning Pact+1","Metallicize+1","Warcry+1","Burning Pact+1","Sword Boomerang","True Grit+1","Apotheosis+1"],"relics":["Burning Blood","Magic Flower","FossilizedHelix","Toxic Egg 2","The Courier","Ornamental Fan","Astrolabe","White Beast Statue","Kunai"],"acts_visited":["Exordium","TheCity"],"potions_floor_usage":[4,18,20,24,24],"damage_taken":[{"damage":2,"enemies":"Cultist","floor":1,"turns":4},{"damage":9,"enemies":"2 Louse","floor":3,"turns":3},{"damage":6,"enemies":"Small Slimes","floor":4,"turns":2},{"damage":12,"enemies":"Looter","floor":5,"turns":2},{"damage":44,"enemies":"Lagavulin","floor":6,"turns":6},{"damage":21,"enemies":"3 Louse","floor":7,"turns":4},{"damage":24,"enemies":"3 Sentries","floor":10,"turns":5},{"damage":23,"enemies":"Lagavulin","floor":13,"turns":7},{"damage":87,"enemies":"Slime Boss","floor":16,"turns":12},{"damage":57,"enemies":"3 Byrds","floor":18,"turns":5},{"damage":19,"enemies":"Spheric Guardian","floor":19,"turns":5},{"damage":26,"enemies":"Cultist and Chosen","floor":20,"turns":8},{"damage":48,"enemies":"Chosen and Byrds","floor":22,"turns":5},{"damage":67,"enemies":"Slavers","floor":24,"turns":3}],"seed_played":"-9086747372689914112","potions_obtained":[{"floor":1,"key":"LiquidMemories"},{"floor":7,"key":"FairyPotion"},{"floor":10,"key":"BloodPotion"},{"floor":16,"key":"SpeedPotion"},{"floor":19,"key":"DuplicationPotion"},{"floor":22,"key":"PowerPotion"}],"is_trial":false,"path_per_floor":["M","?","M","M","M","E","M","R","T","E","?","R","E","?","R","B",null,"M","M","M","$","M","R","E"],"character_chosen":"IRONCLAD","items_purchased":["White Beast Statue","Kunai","True Grit+1","Apotheosis+1"],"campfire_rested":1,"item_purchase_floors":[21,21,21,21],"current_hp_per_floor":[75,75,75,75,72,37,48,48,48,60,60,60,46,46,46,54,70,36,32,29,29,17,39,0,0],"gold":39,"neow_bonus":"ONE_RARE_RELIC","is_daily":false,"chose_seed":false,"campfire_upgraded":3,"win_rate":0.0,"timestamp":1614318355,"path_taken":["M","?","M","M","M","E","M","R","T","E","?","R","E","?","R","BOSS","M","M","?","$","M","R","E"],"items_purchased_type":["Relic","Relic","Card","Card"],"build_version":"2020-12-22","purchased_purges":1,"victory":false,"max_hp_per_floor":[75,75,75,75,75,75,75,75,75,75,75,75,75,75,75,75,75,75,75,75,75,75,75,75,75],"card_choices":[{"not_picked":["Spot Weakness","True Grit"],"picked":"Combust","floor":1},{"not_picked":["Heavy Blade","Perfected Strike"],"picked":"Anger","floor":3},{"not_picked":["Bloodletting","Feel No Pain"],"picked":"Spot Weakness","floor":4},{"not_picked":["Thunderclap","Clash"],"picked":"Armaments","floor":5},{"not_picked":["Warcry","Rampage"],"picked":"Reaper","floor":6},{"not_picked":["Wild Strike","Disarm"],"picked":"Power Through","floor":7},{"not_picked":["Carnage","Combust"],"picked":"Sword Boomerang","floor":10},{"not_picked":["Dropkick","Body Slam"],"picked":"Sentinel+1","floor":13},{"not_picked":["Barricade","Limit Break+1"],"picked":"Demon Form","floor":16},{"not_picked":["Anger+1","Searing Blow"],"picked":"Warcry+1","floor":18},{"not_picked":["Rampage","Cleave"],"picked":"Burning Pact+1","floor":19},{"not_picked":["Inflame","Perfected Strike"],"picked":"Sword Boomerang","floor":20},{"not_picked":["Flex+1","Clash","Pommel Strike"],"picked":"SKIP","floor":22}],"player_experience":569648,"relics_obtained":[{"floor":6,"key":"FossilizedHelix"},{"floor":9,"key":"Toxic Egg 2"},{"floor":10,"key":"The Courier"},{"floor":13,"key":"Ornamental Fan"}],"event_choices":[{"damage_healed":0,"gold_gain":0,"cards_transformed":["Strike_R"],"player_choice":"Change","damage_taken":0,"max_hp_gain":0,"max_hp_loss":0,"event_name":"Living Wall","floor":2,"gold_loss":0,"cards_obtained":["Pommel Strike"]},{"damage_healed":0,"gold_gain":150,"player_choice":"AGREE","damage_taken":0,"max_hp_gain":0,"max_hp_loss":0,"event_name":"Liars Game","floor":11,"gold_loss":0,"cards_obtained":["Doubt"]},{"damage_healed":0,"gold_gain":275,"player_choice":"Desecrate","damage_taken":0,"max_hp_gain":0,"max_hp_loss":0,"event_name":"Golden Shrine","floor":14,"gold_loss":0,"cards_obtained":["Regret"]}],"is_beta":false,"boss_relics":[{"not_picked":["Runic Pyramid","Black Star"],"picked":"Astrolabe"}],"items_purged_floors":[21],"is_endless":false,"potions_floor_spawned":[1,7,10,16,19,22],"killed_by":"Slavers","ascension_level":20}}