{"host":"jtcnb1ci7jgjs1v0","time":1614359361,"event":{"mods":["BaseMod","Minty Spire (QoL Compilation)","StSLib"],"gold_per_floor":[117,127,127,202,37,69,69,86,157,205,230,248,273,284,284,363,363,378,34,49,229,6,6,35,35,82,82,135,173,214,239,239,310,310,385,55,103,153,0,25,25,82,82,82,122,167,228,248,248,248,248,248,4,36,36,36],"floor_reached":55,"language":"ENG","playtime":2903,"items_purged":["Strike_P","Strike_P"],"score":1705,"play_id":"f06622bc-5e67-4c51-bbe5-8e79f2e2ae37","local_time":"20210226120921","is_ascension_mode":true,"campfire_choices":[{"data":"Ragnarok","floor":7,"key":"SMITH"},{"data":"Fasting2","floor":15,"key":"SMITH"},{"data":"MentalFortress","floor":23,"key":"SMITH"},{"data":"Worship","floor":27,"key":"SMITH"},{"data":"Wish","floor":32,"key":"SMITH"},{"floor":41,"key":"RECALL"},{"data":"Strike_P","floor":44,"key":"PURGE"},{"data":"Strike_P+1","floor":49,"key":"PURGE"},{"data":"Defend_P","floor":52,"key":"PURGE"}],"circlet_count":0,"master_deck":["AscendersBane","Defend_P","Defend_P","Defend_P","Eruption+1","Vigilance","SashWhip+1","Consecrate","Ragnarok+1","ThirdEye+1","ClearTheMind+1","WreathOfFlame","MentalFortress+1","Worship+1","Wallop","Fasting2+1","Wish+1","Crescendo+1","Adaptation","FlurryOfBlows+1","ThirdEye","Ghostly","Ghostly","Ghostly","LikeWater","Vengeance","Omniscience+1","Adaptation","LessonLearned","CurseOfTheBell","Wallop","Omniscience","CutThroughFate+1","Devotion"],"relics":["Coffee Dripper","Happy Flower","Mummified Hand","Bag of Marbles","Lizard Tail","VioletLotus","Shuriken","OrangePellets","Juzu Bracelet","Damaru","TeardropLocket","Du-Vu Doll","Calling Bell","Toy Ornithopter","The Courier","StoneCalendar","HornCleat","Red Mask","Peace Pipe","Anchor","Gambling Chip","Orrery","Oddly Smooth Stone","Calipers"],"acts_visited":["Exordium","TheCity","TheBeyond","TheEnding"],"potions_floor_usage":[6,16,24,31,35,50,50],"damage_taken":[{"damage":12,"enemies":"Cultist","floor":1,"turns":3},{"damage":8,"enemies":"2 Louse","floor":2,"turns":3},{"damage":0,"enemies":"Gremlin Nob","floor":6,"turns":2},{"damage":4,"enemies":"Small Slimes","floor":8,"turns":2},{"damage":0,"enemies":"3 Sentries","floor":11,"turns":2},{"damage":0,"enemies":"Blue Slaver","floor":12,"turns":2},{"damage":13,"enemies":"Gremlin Nob","floor":13,"turns":4},{"damage":0,"enemies":"Exordium Thugs","floor":14,"turns":4},{"damage":0,"enemies":"Slime Boss","floor":16,"turns":2},{"damage":0,"enemies":"3 Byrds","floor":18,"turns":1},{"damage":0,"enemies":"Chosen","floor":20,"turns":3},{"damage":35,"enemies":"Slavers","floor":24,"turns":6},{"damage":3,"enemies":"Book of Stabbing","floor":28,"turns":5},{"damage":10,"enemies":"Snecko","floor":29,"turns":6},{"damage":0,"enemies":"3 Cultists","floor":30,"turns":5},{"damage":9,"enemies":"Slavers","floor":31,"turns":3},{"damage":0,"enemies":"Champ","floor":33,"turns":7},{"damage":12,"enemies":"Orb Walker","floor":35,"turns":4},{"damage":0,"enemies":"3 Darklings","floor":37,"turns":5},{"damage":0,"enemies":"Maw","floor":38,"turns":6},{"damage":1,"enemies":"Nemesis","floor":40,"turns":5},{"damage":1,"enemies":"Reptomancer","floor":42,"turns":5},{"damage":0,"enemies":"Transient","floor":45,"turns":5},{"damage":0,"enemies":"3 Darklings","floor":46,"turns":7},{"damage":0,"enemies":"Giant Head","floor":47,"turns":5},{"damage":0,"enemies":"4 Shapes","floor":48,"turns":3},{"damage":3,"enemies":"Donu and Deca","floor":50,"turns":6},{"damage":4,"enemies":"Shield and Spear","floor":54,"turns":5},{"damage":30,"enemies":"The Heart","floor":55,"turns":2}],"seed_played":"3406060178729406362","potions_obtained":[{"floor":8,"key":"CultistPotion"},{"floor":12,"key":"DistilledChaos"},{"floor":18,"key":"PowerPotion"},{"floor":24,"key":"LiquidBronze"},{"floor":33,"key":"BlessingOfTheForge"},{"floor":40,"key":"LiquidMemories"},{"floor":54,"key":"LiquidMemories"}],"is_trial":false,"path_per_floor":["M","M","?","?","$","E","R","M","T","T","E","M","E","M","R","B",null,"M","$","M","?","$","R","E","?","T","R","E","M","M","E","R","B",null,"M","$","M","M","?","E","R","E","T","R","M","M","E","M","R","B",null,"R","$","E","B"],"character_chosen":"WATCHER","items_purchased":["Ragnarok","ThirdEye","BlessingOfTheForge","Shuriken","Adaptation","FlurryOfBlows","OrangePellets","HornCleat","SpeedPotion","Orrery","Oddly Smooth Stone"],"campfire_rested":0,"item_purchase_floors":[5,5,5,19,19,19,22,36,36,53,53],"current_hp_per_floor":[49,41,41,30,30,30,30,26,26,26,26,26,13,13,13,13,54,54,54,54,35,35,35,34,34,34,34,31,21,21,12,12,12,29,22,22,22,22,22,21,21,20,20,20,20,20,20,20,20,27,32,32,32,28,0,0],"gold":36,"neow_bonus":"BOSS_RELIC","is_daily":false,"chose_seed":false,"campfire_upgraded":5,"win_rate":0.0,"timestamp":1614359361,"path_taken":["M","?","?","?","$","E","R","M","T","?","E","M","E","?","R","BOSS","M","$","M","?","?","R","E","?","T","R","E","M","M","E","R","BOSS","M","$","M","M","?","E","R","E","T","R","M","M","E","M","R","BOSS","R","$","E","BOSS"],"items_purchased_type":["Card","Card","Potion","Relic","Card","Card","Relic","Relic","Potion","Relic","Relic"],"build_version":"2020-12-22","purchased_purges":2,"victory":false,"max_hp_per_floor":[68,68,68,68,68,68,68,68,68,68,68,68,68,68,68,68,68,68,68,68,68,68,68,68,34,34,34,34,34,34,34,34,34,34,34,34,34,34,34,34,34,34,34,34,34,34,34,34,34,34,34,34,34,34,34,34],"card_choices":[{"not_picked":["PathToVictory","Crescendo"],"picked":"SashWhip","floor":1},{"not_picked":["ThirdEye","Evaluate"],"picked":"Consecrate","floor":2},{"not_picked":["Collect","Crescendo"],"picked":"ClearTheMind","floor":6},{"not_picked":["BowlingBash","SignatureMove"],"picked":"WreathOfFlame","floor":8},{"not_picked":["Alpha","ClearTheMind"],"picked":"MentalFortress","floor":11},{"not_picked":["Protect","SignatureMove"],"picked":"Worship","floor":12},{"not_picked":["Weave","FlyingSleeves"],"picked":"Wallop","floor":13},{"not_picked":["EmptyFist","FollowUp"],"picked":"Fasting2","floor":14},{"not_picked":["Devotion","Alpha"],"picked":"Wish","floor":16},{"not_picked":["Perseverance","Consecrate"],"picked":"Crescendo+1","floor":18},{"not_picked":["Prostrate","FlurryOfBlows","Collect"],"picked":"SKIP","floor":20},{"not_picked":["WreathOfFlame","FlurryOfBlows"],"picked":"ThirdEye","floor":24},{"not_picked":["Collect","WreathOfFlame"],"picked":"LikeWater","floor":28},{"not_picked":["SashWhip+1","Prostrate"],"picked":"Vengeance","floor":29},{"not_picked":["Protect","Evaluate"],"picked":"Omniscience","floor":30},{"not_picked":["Vengeance","Evaluate"],"picked":"Adaptation","floor":31},{"not_picked":["Ragnarok","Vault"],"picked":"LessonLearned","floor":33},{"not_picked":["Evaluate+1","Halt","Consecrate"],"picked":"SKIP","floor":35},{"not_picked":["PathToVictory","SandsOfTime"],"picked":"Wallop","floor":37},{"not_picked":["CrushJoints","ReachHeaven","WheelKick+1"],"picked":"SKIP","floor":38},{"not_picked":["EmptyBody","Consecrate","Crescendo"],"picked":"SKIP","floor":40},{"not_picked":["EmptyBody","Consecrate","Crescendo"],"picked":"SKIP","floor":40},{"not_picked":["Nirvana","Pray","Sanctity+1"],"picked":"SKIP","floor":42},{"not_picked":["SandsOfTime","ReachHeaven","FollowUp+1"],"picked":"SKIP","floor":45},{"not_picked":["Nirvana","ClearTheMind"],"picked":"Omniscience","floor":46},{"not_picked":["ClearTheMind","JustLucky","SashWhip"],"picked":"SKIP","floor":47},{"not_picked":["Evaluate","Nirvana+1"],"picked":"CutThroughFate+1","floor":48},{"not_picked":["JustLucky","CutThroughFate+1"],"picked":"Devotion","floor":53},{"not_picked":["CrushJoints","CutThroughFate","Crescendo"],"picked":"SKIP","floor":54}],"player_experience":1718279,"relics_obtained":[{"floor":6,"key":"Happy Flower"},{"floor":9,"key":"Mummified Hand"},{"floor":10,"key":"Bag of Marbles"},{"floor":11,"key":"Lizard Tail"},{"floor":24,"key":"Juzu Bracelet"},{"floor":26,"key":"Damaru"},{"floor":28,"key":"TeardropLocket"},{"floor":31,"key":"Du-Vu Doll"},{"floor":34,"key":"Toy Ornithopter"},{"floor":34,"key":"The Courier"},{"floor":34,"key":"StoneCalendar"},{"floor":40,"key":"Peace Pipe"},{"floor":42,"key":"Anchor"},{"floor":47,"key":"Gambling Chip"},{"floor":54,"key":"Calipers"}],"event_choices":[{"damage_healed":0,"gold_gain":0,"player_choice":"Grow","damage_taken":0,"max_hp_gain":0,"max_hp_loss":0,"event_name":"Living Wall","floor":3,"gold_loss":0,"cards_upgraded":["Eruption"]},{"damage_healed":0,"gold_gain":75,"player_choice":"Gather Gold","damage_taken":11,"max_hp_gain":0,"max_hp_loss":0,"event_name":"World of Goop","floor":4,"gold_loss":0},{"damage_healed":0,"gold_gain":180,"player_choice":"GOLD GOLD ","damage_taken":19,"max_hp_gain":0,"max_hp_loss":0,"event_name":"Knowing Skull","floor":21,"potions_obtained":[],"gold_loss":0,"cards_obtained":[]},{"damage_healed":0,"gold_gain":0,"player_choice":"Became a Ghost","damage_taken":0,"max_hp_gain":0,"max_hp_loss":34,"event_name":"Ghosts","floor":25,"gold_loss":0,"cards_obtained":["Ghostly","Ghostly","Ghostly"]},{"damage_healed":0,"gold_gain":0,"player_choice":"Paid","damage_taken":0,"relics_obtained":["Red Mask"],"max_hp_gain":0,"max_hp_loss":0,"event_name":"Tomb of Lord Red Mask","floor":39,"gold_loss":153}],"is_beta":false,"boss_relics":[{"not_picked":["Sozu","Empty Cage"],"picked":"VioletLotus"},{"not_picked":["Velvet Choker","Runic Pyramid"],"picked":"Calling Bell"}],"items_purged_floors":[22,36],"is_endless":false,"potions_floor_spawned":[8,12,13,14,18,24,29,33,38,40,45,47,48,54],"killed_by":"The Heart","ascension_level":15}}