{"host":"9l1knhxfturzliqa","time":1614313303,"event":{"mods":["AchievementEnabler","BaseMod","Colored Map","Colored Powertips","DeckTracker","Highlight Path","Keyboard Shortcuts","Minty Spire (QoL Compilation)","Random Character Button"],"gold_per_floor":[118,128,139,151,165,165,182,182,182,199,210,235,252,264,264,264,264],"floor_reached":16,"language":"KOR","playtime":517,"items_purged":[],"score":209,"play_id":"d36ce314-0c45-46b6-9e8f-a434ff033a6e","local_time":"20210226132143","is_ascension_mode":true,"campfire_choices":[{"data":"Zap","floor":6.0,"key":"SMITH"},{"data":"Streamline","floor":8.0,"key":"SMITH"},{"floor":15.0,"key":"REST"}],"circlet_count":0,"master_deck":["AscendersBane","Strike_B","Strike_B","Strike_B","Defend_B","Defend_B","Defend_B","Zap+1","Dualcast","Ball Lightning","Gash","Rebound","Scrape","Streamline+1","Self Repair","Turbo","Sweeping Beam","Sunder","Chill","Hologram","Go for the Eyes","Buffer"],"relics":["Cracked Core","Ornamental Fan","DataDisk"],"acts_visited":["Exordium"],"potions_floor_usage":[],"damage_taken":[{"damage":2.0,"enemies":"Jaw Worm","floor":1.0,"turns":2.0},{"damage":3.0,"enemies":"Small Slimes","floor":2.0,"turns":2.0},{"damage":0.0,"enemies":"Cultist","floor":3.0,"turns":2.0},{"damage":9.0,"enemies":"Red Slaver","floor":4.0,"turns":3.0},{"damage":6.0,"enemies":"Exordium Wildlife","floor":5.0,"turns":2.0},{"damage":13.0,"enemies":"Blue Slaver","floor":7.0,"turns":2.0},{"damage":0.0,"enemies":"3 Louse","floor":10.0,"turns":2.0},{"damage":6.0,"enemies":"Lots of Slimes","floor":11.0,"turns":4.0},{"damage":21.0,"enemies":"Lagavulin","floor":12.0,"turns":6.0},{"damage":6.0,"enemies":"Looter","floor":13.0,"turns":2.0},{"damage":0.0,"enemies":"Blue Slaver","floor":14.0,"turns":1.0},{"damage":31,"enemies":"The Guardian","floor":16,"turns":8}],"seed_played":"-7784007396212422277","potions_obtained":[{"floor":5.0,"key":"PowerPotion"},{"floor":10.0,"key":"FearPotion"},{"floor":11.0,"key":"EntropicBrew"},{"floor":13.0,"key":"Explosive Potion"}],"is_trial":false,"path_per_floor":["M","M","M","M","M","R","M","R","T","M","M","E","M","M","R","B"],"character_chosen":"DEFECT","items_purchased":[],"campfire_rested":1,"item_purchase_floors":[],"current_hp_per_floor":[62,59,59,50,44,44,31,31,31,31,25,11,12,12,31,0,0],"gold":264,"neow_bonus":"TRANSFORM_TWO_CARDS","is_daily":false,"chose_seed":false,"campfire_upgraded":2,"win_rate":0.0,"timestamp":1614313303,"path_taken":["M","M","M","M","M","R","M","R","T","M","M","E","M","M","R","BOSS"],"items_purchased_type":[],"build_version":"2020-12-22","purchased_purges":0,"victory":false,"max_hp_per_floor":[64,64,64,64,64,64,64,64,64,64,64,64,64,64,64,64,64],"card_choices":[{"not_picked":["Compile Driver","Barrage"],"picked":"Rebound","floor":1.0},{"not_picked":["Reinforced Body","Barrage"],"picked":"Scrape","floor":2.0},{"not_picked":["Steam","Undo"],"picked":"Streamline","floor":3.0},{"not_picked":["Streamline","Heatsinks"],"picked":"Self Repair","floor":4.0},{"not_picked":["Barrage","Compile Driver"],"picked":"Turbo","floor":5.0},{"not_picked":["Ball Lightning","Turbo"],"picked":"Sweeping Beam","floor":7.0},{"not_picked":["Stack","Turbo"],"picked":"Sunder","floor":10.0},{"not_picked":["Coolheaded","Go for the Eyes"],"picked":"Chill","floor":11.0},{"not_picked":["Glacier","Go for the Eyes"],"picked":"Hologram","floor":12.0},{"not_picked":["Redo","Compile Driver"],"picked":"Go for the Eyes","floor":13.0},{"not_picked":["Compile Driver","Cold Snap"],"picked":"Buffer","floor":14.0}],"player_experience":749013,"relics_obtained":[{"floor":9.0,"key":"Ornamental Fan"},{"floor":12.0,"key":"DataDisk"}],"event_choices":[],"is_beta":false,"boss_relics":[],"items_purged_floors":[],"is_endless":false,"potions_floor_spawned":[5,10,11,13],"killed_by":"The Guardian","ascension_level":18}}