{"host":"mgar08cquislqm55","time":1614347847,"event":{"mods":["ATMod(°¢èªMod)","BaseMod","Library of Ruina","Library of Ruina Extra","Minty Spire (QoL Compilation)","Replay The Spire","StSLib","noobMod","¡¾ÒÅÎï¿¨ÅÆ¡¿REMEMod"],"gold_per_floor":[110,122,135,176,195,230,244,277,304,322,342,342,360,370,370,575,575,595,595,613,657,674,808,808,827,873,411,423,554,568,601,601,800,800,813,813,828,845,845,979,991,991,991,1006,1006,1206,1206,1206,1206,696,924,1024],"floor_reached":53,"language":"ZHS","playtime":2901,"items_purged":["LightDefense","LightDefense"],"score":1667,"play_id":"e90d5b16-1405-49af-8cb1-28a991b62283","local_time":"20210226215727","is_ascension_mode":false,"campfire_choices":[{"data":"LightAttack","floor":15,"key":"PURGE"},{"data":"AT_FamilyPortrait","floor":24,"key":"SMITH"},{"data":"Castigation","floor":32,"key":"SMITH"},{"floor":42,"key":"RECALL"},{"data":"UnforgettableMelody","floor":49,"key":"SMITH"}],"circlet_count":0,"master_deck":["Dodge","LightAttack+1","LightAttack","LightDefense","ChargeAndCover+1","FocusedStrikes","FieryWaltz","AT_FamilyPortrait+1","Castigation+1","BiAn","ClassAndRespect","Reload","SomberProcuration+1","Unlock1","CircusKnives","UnavoidableGaze+1","GrazeTheGrass","SunsetBlade","SmokingPipe","Bvapour","Parry","FormingStorm","Multislash","GaleKick","WillOfThePrescript+1","Thrust","ExtractFuel","BlindFaith+1","BackAttack+1","UnforgettableMelody+1","Diversion+1","Quickness","HandleRequest","CleanUp","ChopItOff+1","Violence","AutomatedMovement+1","FrontalAssault+1","Hallucinations","BladeWhirl+1","QuickAttack","RulesOfTheBackstreets+1","GuidanceOfTheGears"],"relics":["PageOfLibrarian","AT_ATBox","ice","REME_ComplimentaryCards","Bronze Scales","AT_TheCollector","AT_BladeRuinedKing","Black Star","Replay:Accelerometer","Replay:Rubber Ducky","Whetstone","PageOfSpiderBud","ReplayTheSpireMod:TigerMarble","Tiny Chest","Turnip","PageOfForsakenMurderer","Boot","REME_LowDesire","REME_PuzzleBoxRelic","Blood Vial","Ring of Misfortune","Ring of Panic","Ancient Tea Set","Lantern","Du-Vu Doll","AT_TimeSand","TheAbacus","PageOfOzma","War Paint"],"acts_visited":["Exordium","TheCity","TheBeyond","TheEnding"],"potions_floor_usage":[8,14,14,52],"damage_taken":[{"damage":6,"enemies":"Jaw Worm","floor":1,"turns":4},{"damage":0,"enemies":"Small Slimes","floor":2,"turns":3},{"damage":0,"enemies":"2 Louse","floor":3,"turns":2},{"damage":0,"enemies":"Red Slaver","floor":4,"turns":5},{"damage":8,"enemies":"Looter","floor":5,"turns":3},{"damage":2,"enemies":"3 Sentries","floor":6,"turns":4},{"damage":4,"enemies":"2 Fungi Beasts","floor":7,"turns":3},{"damage":8,"enemies":"Gremlin Nob","floor":8,"turns":4},{"damage":0,"enemies":"Large Slime","floor":10,"turns":2},{"damage":6,"enemies":"Looter","floor":11,"turns":1},{"damage":7,"enemies":"Exordium Wildlife","floor":13,"turns":2},{"damage":5,"enemies":"Blue Slaver","floor":14,"turns":3},{"damage":4,"enemies":"Fading Forest","floor":16,"turns":11},{"damage":0,"enemies":"Chosen","floor":18,"turns":1},{"damage":8,"enemies":"Spheric Guardian","floor":20,"turns":3},{"damage":21,"enemies":"Snake Plant","floor":22,"turns":3},{"damage":24,"enemies":"Slavers","floor":23,"turns":3},{"damage":12,"enemies":"Shelled Parasite and Fungi","floor":25,"turns":3},{"damage":0,"enemies":"Cultist and Chosen","floor":28,"turns":3},{"damage":0,"enemies":"Book of Stabbing","floor":29,"turns":2},{"damage":5,"enemies":"Snake Plant","floor":30,"turns":2},{"damage":0,"enemies":"REME_1_Revenger","floor":31,"turns":2},{"damage":0,"enemies":"Automaton","floor":33,"turns":3},{"damage":1,"enemies":"3 Shapes","floor":35,"turns":3},{"damage":0,"enemies":"3 Darklings","floor":37,"turns":1},{"damage":0,"enemies":"Maw","floor":38,"turns":4},{"damage":1,"enemies":"Nemesis","floor":40,"turns":2},{"damage":0,"enemies":"Writhing Mass","floor":41,"turns":1},{"damage":8,"enemies":"4 Shapes","floor":44,"turns":2},{"damage":0,"enemies":"Donu and Deca","floor":46,"turns":1},{"damage":0,"enemies":"Shield and Spear","floor":51,"turns":3},{"damage":9,"enemies":"The Heart","floor":52,"turns":4}],"seed_played":"7882271158239808493","potions_obtained":[{"floor":5,"key":"Energy Potion"},{"floor":6,"key":"Weak Potion"},{"floor":8,"key":"Regen Potion"},{"floor":10,"key":"Swift Potion"},{"floor":14,"key":"Energy Potion"},{"floor":16,"key":"Energy Potion"},{"floor":23,"key":"ColorlessPotion"}],"is_trial":false,"path_per_floor":["M","M","M","M","M","E","M","E","T","M","M","?","M","M","R","B",null,"M","?","M","?","M","E","R","M","T","$","M","E","M","E","R","B",null,"M","?","M","M","?","E","M","R","T","M","?","B",null,null,"R","$","E","B",null],"character_chosen":"Librarian","items_purchased":["PageOfSpiderBud","UnforgettableMelody","ReplayTheSpireMod:TigerMarble","AT_TimeSand","TheAbacus"],"campfire_rested":0,"item_purchase_floors":[27,27,27,50,50],"current_hp_per_floor":[54,54,54,54,46,44,40,32,32,32,26,19,12,12,12,18,86,86,86,78,57,36,26,26,16,16,16,24,27,27,32,32,86,86,86,86,86,86,86,86,86,86,86,86,86,86,86,86,86,86,86,80],"gold":1024,"neow_bonus":"ONE_RANDOM_RARE_CARD","is_daily":false,"chose_seed":false,"campfire_upgraded":3,"win_rate":0.0,"timestamp":1614347847,"path_taken":["M","M","M","M","M","E","M","E","T","M","M","?","M","M","R","BOSS","M","?","M","?","M","E","R","M","T","$","M","E","M","E","R","BOSS","M","?","M","M","?","E","M","R","T","M","?","BOSS","R","$","E","BOSS"],"items_purchased_type":["Relic","Card","Relic","Relic","Relic"],"build_version":"2020-12-22","purchased_purges":2,"victory":true,"max_hp_per_floor":[86,86,86,86,86,86,86,86,86,86,61,61,61,65,86,86,86,86,86,86,86,86,86,86,86,86,86,86,86,86,86,86,86,86,86,86,86,86,86,86,86,86,86,86,86,86,86,86,86,86,86,86],"card_choices":[{"not_picked":["Parry2","FrontalAssault","NightInTheBackstreets","AsThePrescriptOrders","ViolentFlame","Diversion","PuppetBlockade","SpearedSweep"],"picked":"BiAn","floor":1},{"not_picked":["AssaultOrder","StrongStrike","Standoff","Bvapour","HardRehearsal","IronWall","GutHarvesting","Struggle"],"picked":"ClassAndRespect","floor":2},{"not_picked":["StrongStrike","JiaoTu","Pound","StrikeDown","Juggling","AGoldenOpportunity","GreatSerpentsImpact","SmokingPipe"],"picked":"Reload","floor":3},{"not_picked":["FleetFootsteps","Parry","Thrust","YoureTooSlow","SuanNi","ForTheFamily","FlashOfSunup","ChiWen"],"picked":"SomberProcuration","floor":4},{"not_picked":["Wallop_lor","SparkingSpear","AssaultOrder","Slice_lor","Gigigig","Clone","MultiBlock","FierceOnslaught"],"picked":"Unlock1","floor":5},{"not_picked":["Parry","RatsGuideToSurvival","ChargeUp","FlashOfSunup","EnergyCycle","InhaleSmoke","Eliminate","Riposte"],"picked":"CircusKnives","floor":6},{"not_picked":["Riposte","DirtyBlow","ToOvercomeCrisis","SpearedSweep","GatherIntel","Quickness","SunsetBlade","SmokingPipe"],"picked":"UnavoidableGaze","floor":7},{"not_picked":["FierceCharge","Reload","HighKick","OpportunitySpotted","PinpointShot","ViolentFlame","GreatSerpentsImpact","RhinoRam"],"picked":"GrazeTheGrass","floor":8},{"not_picked":["BiXi","CutIn","FlamingDragonFist","EnergyShield","Eject","CumulusWall","Parry2","BackAttack"],"picked":"SunsetBlade","floor":10},{"not_picked":["HiddenBlade","SharpSwipe","DriedUp","MultiBlock","EnergyShield","StructuralAnalysis","SerpentSwordTechnique","DimensionalRift"],"picked":"SmokingPipe","floor":11},{"not_picked":["EnergyShield","SunsetBlade","TieShanKao","BiXi","Gamble","HiddenBlade","ViolentFlame","Standoff"],"picked":"Bvapour","floor":13},{"not_picked":["ElectricShock","DefenseOrder","MultiHit","FlashOfSunup","HighSpeedStabbing","Marionette","Unlock1","TheRedNotes"],"picked":"Parry","floor":14},{"not_picked":["TieShanKao","Tttonst"],"picked":"FormingStorm","floor":16},{"not_picked":["QuickAttack","FleshFillet","GuardingStance","SharpSwipe","QuickSuppression","TasteMyFlamingBat","DarkCloud+1","DefenseOrder"],"picked":"Multislash","floor":18},{"not_picked":["Parry","GrazeTheGrass","SnakesPrey+1","PinpointShot+1","TieShanKao","BayonetCombat+1","StrikeDown","SpearedSweep+1"],"picked":"GaleKick","floor":20},{"not_picked":["NightInTheBackstreets","SerpentSwordTechnique","CutIn","BlindFaith","HiddenBlade+1","SuppressingShot+1","EnergyShield","Outburst"],"picked":"WillOfThePrescript+1","floor":21},{"not_picked":["YourShield","BackstreetsDash","PinpointShot+1","CircusKnives","Multislash","SharpSwipe+1","ToOvercomeCrisis","HiddenBlade"],"picked":"Thrust","floor":21},{"not_picked":["Reload","CombatPreparation","Parry","PreemptiveStrike","ClassAndRespect+1","NightInTheBackstreets","MultiHit","WillOfThePrescript"],"picked":"ExtractFuel","floor":22},{"not_picked":["UnavoidableGaze","SummaryJudgment","Ripple+1","Juggling","QuickAttack","SavageMode","EnergyStrike","HandleRequest+1"],"picked":"BlindFaith+1","floor":23},{"not_picked":["SmokingPipe","PreemptiveStrike","Unlock1","BindingArms","Pound","HiddenBlade","DefenseOrder","Concentration"],"picked":"BackAttack+1","floor":25},{"not_picked":["GrazeTheGrass","DarkCloud","Crush","DesperateStruggle","UncannyStrike","PreemptiveStrike","Rewind+1","Juggling"],"picked":"Diversion+1","floor":28},{"not_picked":["Creak","HeavyPeaks+1","DarkCloud","PinpointShot","EnergyShield+1","Wallop_lor","Tailoring","Struggle+1","Decapitation"],"picked":"SKIP","floor":29},{"not_picked":["EnergyStrike","GutHarvesting","MultiBlock+1","SnakesPrey","OpportunitySpotted","Parry+1","EnergyShield","Multislash"],"picked":"Quickness","floor":30},{"not_picked":["GaleKick","Bvapour","Standoff","HiddenBlade","MultiHit","BiAn","HeavyPeaks","SavageMode"],"picked":"HandleRequest","floor":31},{"not_picked":["TrashDisposal","FleshFillet"],"picked":"CleanUp","floor":33},{"not_picked":["Standoff+1","GuardingStance","BulkyImpact+1","AssaultOrder","MindPrepared","RhinoRam","BackstreetsDash","SuppressingShot+1","ReplayTheSpireMod:Trickstab"],"picked":"ChopItOff+1","floor":35},{"not_picked":["Secret Technique","Jack Of All Trades","Magnetism","REME_ShortnessOfBreath","Discovery","Impatience","AT_TearsDenial","Blind"],"picked":"Violence","floor":36},{"not_picked":["SharpSwipe+1","Slice_lor","FleetEdge+1","DirtyBlow+1","BlindFaith+1","YoureAHindrance+1","TheWillOfTheCity","PreparedMind+1","Dark Shackles+1"],"picked":"AutomatedMovement+1","floor":37},{"not_picked":["FaintMemories","Preparation","DirtyBlow+1","Quickness+1","TendonChords","Pound","SharpSwipe","SinglePointStab","AT_EmpoweredMortalDraw"],"picked":"FrontalAssault+1","floor":38},{"not_picked":["Decapitation","DimensionalRift","FormingStorm","MultiBlock","StrikeDown+1","Quickness","GroundSmash","PinpointShot+1","AT_EmpoweredMortalDraw"],"picked":"BladeWhirl+1","floor":40},{"not_picked":["BindingChains","AbsorbImpact+1","Pound+1","PinpointShot","MultiBlock","Standoff","Retaliate+1","TimeForALittleTest","AT_CelerityRune"],"picked":"QuickAttack","floor":41},{"not_picked":["TheWillOfTheCity+1","Creak+1","StrikeDown","Thrust+1","GreatSerpentsImpact","EnergyShield+1","PreemptiveStrike","Juggling","Panache"],"picked":"RulesOfTheBackstreets+1","floor":44},{"not_picked":["FlyingSword+1","TheRedNotes","BiAn","FrontalAssault","MultiBlock","Slice_lor","InnerArdor","BladeWhirl+1","REME_ProfessionalPlagiarism"],"picked":"GuidanceOfTheGears","floor":51}],"player_experience":34704,"relics_obtained":[{"floor":6,"key":"Bronze Scales"},{"floor":8,"key":"AT_TheCollector"},{"floor":9,"key":"AT_BladeRuinedKing"},{"floor":21,"key":"Replay:Accelerometer"},{"floor":23,"key":"Replay:Rubber Ducky"},{"floor":23,"key":"Whetstone"},{"floor":29,"key":"Tiny Chest"},{"floor":29,"key":"Turnip"},{"floor":31,"key":"PageOfForsakenMurderer"},{"floor":31,"key":"Boot"},{"floor":34,"key":"REME_PuzzleBoxRelic"},{"floor":34,"key":"Blood Vial"},{"floor":39,"key":"Ring of Misfortune"},{"floor":39,"key":"Ring of Panic"},{"floor":40,"key":"Ancient Tea Set"},{"floor":40,"key":"Lantern"},{"floor":43,"key":"Du-Vu Doll"},{"floor":51,"key":"PageOfOzma"},{"floor":51,"key":"War Paint"}],"event_choices":[{"cards_removed":["LightDefense"],"damage_healed":0,"gold_gain":0,"player_choice":"Card Removal","damage_taken":7,"max_hp_gain":0,"max_hp_loss":0,"event_name":"Golden Wing","floor":12,"gold_loss":0},{"damage_healed":0,"gold_gain":0,"player_choice":"Ignored","damage_taken":0,"max_hp_gain":0,"max_hp_loss":0,"event_name":"Vampires","floor":19,"gold_loss":0},{"damage_healed":0,"gold_gain":0,"player_choice":"Memory 1","damage_taken":0,"max_hp_gain":0,"max_hp_loss":0,"event_name":"SensoryStone","floor":36,"gold_loss":0},{"damage_healed":0,"gold_gain":0,"player_choice":"Took Portal","damage_taken":0,"max_hp_gain":0,"max_hp_loss":0,"event_name":"SecretPortal","floor":45,"gold_loss":0}],"is_beta":false,"boss_relics":[{"not_picked":["Velvet Choker","Runic Pyramid"],"picked":"Black Star"},{"not_picked":["Honey Jar","Cursed Key"],"picked":"REME_LowDesire"}],"items_purged_floors":[27,50],"is_endless":false,"potions_floor_spawned":[5,6,8,10,13,14,16,23,25,29,30,31,37,40,41],"ascension_level":0}}