{"host":"d4hjo1dp8g06u19c","time":1614362609,"event":{"mods":["Act Like it!","Arknights","BaseMod","Better Match","BetterRewards","Colored Map","Colored Powertips","Downfall","LagranYue(¿≠∏Ò¿ °§‘¬)","Marisa£®ÏF”Í°°ƒß¿Ì…≥£©","Minty Spire (QoL Compilation)","Quick Restart","Remove Card Discount Mod","Shop Mod","Spicy Shops","StSLib","The Animator","The Servant 0.9.4","TheSwordswoman","UnlockEverythingMod","Youmu£®ªÍ∆«—˝√Œ£©","noobMod","ÛÙª÷∏ƒœ"],"gold_per_floor":[118,193,2,2,2,16,45,62,62,78,78,111,111,129,129,228,228,247,147,161,174,131,131,131,164,164,164,164],"floor_reached":27,"language":"ZHS","playtime":1228,"items_purged":["Strike_S","Strike_S"],"score":266,"play_id":"75d91dce-9b08-4843-a155-c2efc5e3f005","local_time":"20210227020329","is_ascension_mode":false,"campfire_choices":[{"data":"MurderousAura","floor":11.0,"key":"SMITH"},{"data":"Luminosity","floor":13.0,"key":"SMITH"},{"data":"MoonPhase","floor":15.0,"key":"SMITH"},{"data":"Revamp","floor":24.0,"key":"SMITH"}],"circlet_count":0,"master_deck":["Strike_S","Strike_S","Defend_S","Defend_S","Defend_S","KidneyShot","Exchange","Defy","Advance","MurderousAura+1","MoonPhase+1","TimeWarp","Luminosity+1","Snipe","FlawlessForm","Rearm","Spin","Replace","Unruled+1","MoonPhase","Revamp+1","FloweringNight"],"relics":["Uniform","ice","LagranYue:RandomDrawCardRelic","NeowsBlessing","Membership Card","Torii","Pantograph","Art of War","Philosopher\u0027s Stone","Molten Egg 2","Bag of Preparation","Question Card"],"acts_visited":["Exordium","TheCity"],"potions_floor_usage":[],"damage_taken":[{"damage":0.0,"enemies":"Jaw Worm","floor":1.0,"turns":1.0},{"damage":0.0,"enemies":"2 Louse","floor":6.0,"turns":1.0},{"damage":0.0,"enemies":"3 Sentries","floor":7.0,"turns":2.0},{"damage":0.0,"enemies":"Cultist","floor":8.0,"turns":5.0},{"damage":1.0,"enemies":"Red Slaver","floor":10.0,"turns":6.0},{"damage":1.0,"enemies":"Gremlin Nob","floor":12.0,"turns":4.0},{"damage":0.0,"enemies":"Large Slime","floor":14.0,"turns":6.0},{"damage":26.0,"enemies":"The Guardian","floor":16.0,"turns":12.0},{"damage":0.0,"enemies":"Shell Parasite","floor":18.0,"turns":7.0},{"damage":1.0,"enemies":"Spheric Guardian","floor":20.0,"turns":6.0},{"damage":2.0,"enemies":"Shelled Parasite and Fungi","floor":21.0,"turns":7.0},{"damage":16.0,"enemies":"Book of Stabbing","floor":25.0,"turns":7.0},{"damage":0,"enemies":"Sentry and Sphere","floor":27,"turns":1}],"seed_played":"3857211982131500629","potions_obtained":[{"floor":7.0,"key":"champ:CounterPotion"},{"floor":10.0,"key":"EssenceOfSteel"},{"floor":12.0,"key":"Energy Potion"},{"floor":14.0,"key":"SteroidPotion"},{"floor":21.0,"key":"BlessingOfTheForge"}],"is_trial":false,"path_per_floor":["M","?","$","?","$","M","E","M","T","M","R","E","R","M","R","B",null,"M","$","M","M","$","?","R","E","T","M"],"character_chosen":"THE_SERVANT","items_purchased":["Membership Card","Torii","Spin","Molten Egg 2","MoonPhase","Revamp"],"campfire_rested":0,"item_purchase_floors":[3,3,19,19,22,22],"current_hp_per_floor":[65,54,54,47,47,47,47,47,47,46,46,45,45,45,45,39,65,65,65,64,62,62,62,62,46,46,46,46],"gold":164,"neow_bonus":"THREE_ENEMY_KILL","is_daily":false,"chose_seed":false,"campfire_upgraded":4,"win_rate":0.0,"timestamp":1614362609,"path_taken":["M","?","$","?","?","M","E","M","T","M","R","E","R","M","R","BOSS","M","$","?","M","$","?","R","E","T","M"],"items_purchased_type":["Relic","Relic","Card","Relic","Card","Card"],"build_version":"2020-12-22","purchased_purges":2,"victory":false,"max_hp_per_floor":[65,65,65,65,65,65,65,65,65,65,65,65,65,65,65,65,65,65,65,65,65,65,65,65,65,65,65,65],"card_choices":[{"not_picked":["FastForward","Gouge"],"picked":"Defy","floor":1.0},{"not_picked":["Replace","DoubleEdge"],"picked":"Advance","floor":6.0},{"not_picked":["SurpressingFire","ReturningBlade"],"picked":"MurderousAura","floor":7.0},{"not_picked":["Read","Sabotage"],"picked":"MoonPhase","floor":8.0},{"not_picked":["Alleviate","Read"],"picked":"TimeWarp","floor":10.0},{"not_picked":["Advance","Rearm"],"picked":"Luminosity","floor":12.0},{"not_picked":["Potential","Rewind"],"picked":"Snipe","floor":14.0},{"not_picked":["Dilation","Solidify"],"picked":"FlawlessForm","floor":16.0},{"not_picked":["Revamp","TimeWarp"],"picked":"Rearm","floor":18.0},{"not_picked":["BottledTime","Defy"],"picked":"Replace","floor":20.0},{"not_picked":["Starlight+1","Gouge+1"],"picked":"Unruled+1","floor":21.0},{"not_picked":["Starlight+1","Unruled+1"],"picked":"FloweringNight","floor":25.0}],"player_experience":150436,"relics_obtained":[{"floor":7.0,"key":"Pantograph"},{"floor":12.0,"key":"Art of War"},{"floor":25.0,"key":"Bag of Preparation"},{"floor":26.0,"key":"Question Card"}],"event_choices":[{"damage_healed":0.0,"max_hp_gain":0.0,"max_hp_loss":0.0,"gold_gain":75.0,"event_name":"World of Goop","player_choice":"Gather Gold","floor":2.0,"gold_loss":0.0,"damage_taken":11.0},{"cards_removed":["Defend_S"],"damage_healed":0.0,"max_hp_gain":0.0,"max_hp_loss":0.0,"gold_gain":0.0,"event_name":"Golden Wing","player_choice":"Card Removal","floor":4.0,"gold_loss":0.0,"damage_taken":7.0},{"damage_healed":0.0,"max_hp_gain":0.0,"max_hp_loss":0.0,"gold_gain":0.0,"event_name":"The Woman in Blue","player_choice":"Bought 0 Potions","floor":23.0,"gold_loss":0.0,"damage_taken":0.0}],"is_beta":false,"boss_relics":[{"not_picked":["Snecko Eye","Ectoplasm"],"picked":"Philosopher\u0027s Stone"}],"items_purged_floors":[19,19],"is_endless":false,"potions_floor_spawned":[7,10,12,14,20,21],"killed_by":"Sentry and Sphere","ascension_level":0}}