{"host":"wy4vwr4x0uqk666t","time":1614346312,"event":{"mods":["Aspiration","BaseMod","BetterRewards","Colored Map","Colored Powertips","Curses Come First","Defuse TimeMaze Blight","Downfall","Hubris","Infinite Spire","Lobotomy","Minty Spire (QoL Compilation)","Quick Restart","Replay The Spire","StSLib"],"gold_per_floor":[109,34,52,67,78,110,110,124,124,124,124],"floor_reached":10,"language":"ENG","playtime":331,"items_purged":[],"score":88,"play_id":"f62740a8-ac36-48d2-9404-32912f8ca6bb","local_time":"20210226143152","is_ascension_mode":true,"campfire_choices":[],"circlet_count":0,"master_deck":["Strike_G","Strike_G","Strike_G","Strike_G","Defend_G","Defend_G","Defend_G","Defend_G","Defend_G","Survivor","Neutralize","Hidden Blade","Flying Knee","Infinite Blades","Blade Dance","Underhanded Strike","Accuracy"],"relics":["Ring of the Snake","aspiration:Nostalgia","Cracked Core","infinitespire:Broken Mirror","aspiration:HatOfInfinitePower","hubris:TinFlute"],"acts_visited":["Exordium"],"potions_floor_usage":[10],"damage_taken":[{"damage":12,"enemies":"Small Slimes","floor":1,"turns":3},{"damage":0,"enemies":"Cultist","floor":3,"turns":3},{"damage":4,"enemies":"Jaw Worm","floor":4,"turns":3},{"damage":12,"enemies":"2 Fungi Beasts","floor":5,"turns":4},{"damage":15,"enemies":"Lagavulin","floor":6,"turns":6},{"damage":12,"enemies":"3 Louse","floor":8,"turns":3},{"damage":20,"enemies":"3 Sentries","floor":10,"turns":2}],"seed_played":"-6634882580391166640","potions_obtained":[{"floor":5,"key":"Reflective Coating"}],"is_trial":false,"path_per_floor":["M","?","M","M","M","E","?","M","T","E"],"character_chosen":"THE_SILENT","items_purchased":[],"campfire_rested":0,"item_purchase_floors":[],"current_hp_per_floor":[58,58,58,54,42,27,27,15,15,0,0],"gold":124,"neow_bonus":"NOSTALGIA","is_daily":false,"chose_seed":false,"campfire_upgraded":0,"win_rate":0.0,"timestamp":1614346312,"path_taken":["M","?","M","?","M","E","?","M","T","E"],"items_purchased_type":[],"build_version":"2020-12-22","purchased_purges":0,"victory":false,"max_hp_per_floor":[70,70,70,70,70,70,70,70,70,70,70],"card_choices":[{"not_picked":["Backflip","hubris:SlightOfHand"],"picked":"Hidden Blade","floor":1},{"not_picked":["Deadly Poison","Sucker Punch"],"picked":"Flying Knee","floor":3},{"not_picked":["Prepared","Sucker Punch"],"picked":"Infinite Blades","floor":4},{"not_picked":["Accuracy","Doppelganger"],"picked":"Blade Dance","floor":5},{"not_picked":["Distraction","Night Terror"],"picked":"Underhanded Strike","floor":6},{"not_picked":["Dagger Throw","Deflect"],"picked":"Accuracy","floor":8}],"player_experience":3774766,"relics_obtained":[{"floor":6,"key":"aspiration:HatOfInfinitePower"},{"floor":9,"key":"hubris:TinFlute"}],"event_choices":[{"damage_healed":0,"gold_gain":0,"player_choice":"Paid Gold","damage_taken":0,"relics_obtained":["infinitespire:Broken Mirror"],"max_hp_gain":0,"max_hp_loss":0,"event_name":"WeMeetAgain","floor":2,"gold_loss":75},{"cards_removed":["Strike_G"],"damage_healed":0,"gold_gain":0,"player_choice":"Offered Basic","damage_taken":0,"max_hp_gain":0,"max_hp_loss":0,"event_name":"Bonfire Elementals","floor":7,"gold_loss":0}],"is_beta":false,"boss_relics":[],"items_purged_floors":[],"is_endless":false,"potions_floor_spawned":[5],"killed_by":"3 Sentries","ascension_level":5}}