{"host":"iodn1af76021fjto","time":1614381581,"event":{"mods":["AchievementEnabler","BaseMod","BetterRewards","Colored Map","Downfall","Hermit","Infinite Spire","Jorbs\u0027s Wanderer Trilogy","Minty Spire (QoL Compilation)","Quick Restart","StSLib","SuperFastMode","The Cursed","The Hierophant","The Jungle","The Runesmith","The Servant 0.9.4"],"gold_per_floor":[118,134,151,161,17,51,69,98,98,98,17,51,76,89,89,191,191,203,62,62,49,49,49,80,111,111,111,111,121,134,161,161,258,258,271,285,334,334,334,366,366,366,366],"floor_reached":42,"language":"ENG","playtime":2404,"items_purged":[],"score":805,"play_id":"e087145c-970d-4590-8517-d10d33165524","local_time":"20210226181941","is_ascension_mode":true,"campfire_choices":[{"data":"Barricade","floor":15,"key":"SMITH"},{"data":"Feed","floor":23,"key":"SMITH"},{"data":"infinitespire:Menacing","floor":27,"key":"SMITH"},{"data":"Armaments","floor":32,"key":"SMITH"},{"data":"infinitespire:FutureSight","floor":41,"key":"SMITH"}],"circlet_count":0,"master_deck":["Strike_R","Strike_R","Strike_R","Strike_R","Defend_R","Defend_R","Defend_R","Defend_R","Bash","Wild Strike","Intimidate","Dual Wield","Heavy Blade","Power Through","Clothesline","Barricade+1","Disarm","Feel No Pain","Pommel Strike","Feed+1","Evolve","Impervious","Feel No Pain+1","infinitespire:Menacing+1","Ghostly Armor","Second Wind+1","Reaper","Armaments+1","Double Tap","Spot Weakness","infinitespire:FutureSight+1","Feed"],"relics":["Burning Blood","Bag of Preparation","StrikeDummy","Lizard Tail","Singing Bowl","Lantern","Runesmith:AutoHammer","SlaversCollar","Enchiridion","WingedGreaves","infinitespire:ShieldingShard","Nunchaku","Black Star","Ice Cream","OrangePellets","SacredBark","Blue Candle","Tiny Chest","Toxic Egg 2"],"acts_visited":["Exordium","TheCity","TheBeyond"],"potions_floor_usage":[16,16,24,24,25,30,40,40],"damage_taken":[{"damage":6,"enemies":"2 Louse","floor":1,"turns":4},{"damage":1,"enemies":"Cultist","floor":2,"turns":3},{"damage":7,"enemies":"Jaw Worm","floor":3,"turns":3},{"damage":10,"enemies":"2 Fungi Beasts","floor":4,"turns":4},{"damage":50,"enemies":"3 Sentries","floor":6,"turns":12},{"damage":9,"enemies":"Large Slime","floor":7,"turns":4},{"damage":30,"enemies":"Lagavulin","floor":8,"turns":6},{"damage":19,"enemies":"3 Sentries","floor":12,"turns":9},{"damage":0,"enemies":"3 Louse","floor":14,"turns":2},{"damage":33,"enemies":"Hexaghost","floor":16,"turns":15},{"damage":25,"enemies":"3 Byrds","floor":18,"turns":8},{"damage":5,"enemies":"2 Thieves","floor":21,"turns":4},{"damage":15,"enemies":"Nightmare","floor":24,"turns":16},{"damage":0,"enemies":"Gremlin Leader","floor":25,"turns":5},{"damage":38,"enemies":"Sentry and Sphere","floor":29,"turns":14},{"damage":13,"enemies":"Snake Plant","floor":30,"turns":12},{"damage":0,"enemies":"Book of Stabbing","floor":31,"turns":10},{"damage":0,"enemies":"Collector","floor":33,"turns":11},{"damage":65,"enemies":"Orb Walker","floor":35,"turns":10},{"damage":39,"enemies":"3 Darklings","floor":36,"turns":11},{"damage":82,"enemies":"2 Orb Walkers","floor":37,"turns":7},{"damage":52,"enemies":"Reptomancer","floor":40,"turns":8},{"damage":92,"enemies":"Giant Head","floor":42,"turns":8}],"seed_played":"-6953231076896537914","potions_obtained":[{"floor":3,"key":"Strength Potion"},{"floor":8,"key":"Block Potion"},{"floor":12,"key":"BlessingOfTheForge"},{"floor":16,"key":"Fruit Juice"},{"floor":21,"key":"ColorlessPotion"},{"floor":24,"key":"infinitespire:BlackPotion"},{"floor":29,"key":"Swift Potion"},{"floor":30,"key":"Fruit Juice"},{"floor":33,"key":"Weak Potion"}],"is_trial":false,"path_per_floor":["M","M","M","M","$","E","M","E","T","?","$","E","T","M","R","B",null,"M","$","?","M","?","R","NM","E","T","R","?","M","M","E","R","B",null,"M","M","?","AVR","?","E","R","E"],"character_chosen":"IRONCLAD","items_purchased":["Bag of Preparation","Disarm","Impervious"],"campfire_rested":0,"item_purchase_floors":[5,11,19],"current_hp_per_floor":[88,88,87,83,83,39,36,12,12,41,41,28,28,34,34,12,73,57,57,57,61,45,45,38,46,46,46,46,18,20,36,36,53,106,53,36,84,84,79,81,81,0,0],"gold":366,"neow_bonus":"TEN_PERCENT_HP_BONUS","is_daily":false,"chose_seed":false,"campfire_upgraded":5,"win_rate":0.0,"timestamp":1614381581,"path_taken":["M","M","M","M","$","E","M","E","T","?","?","E","?","M","R","BOSS","M","$","?","M","?","R","NM","E","T","R","?","M","?","E","R","BOSS","M","M","?","AVR","?","E","R","E"],"items_purchased_type":["Relic","Card","Card"],"build_version":"2020-12-22","purchased_purges":0,"victory":false,"max_hp_per_floor":[88,88,88,88,88,88,88,88,88,88,88,88,88,88,88,93,93,96,96,96,99,99,99,101,103,103,103,103,107,116,120,120,124,124,126,130,132,132,132,136,136,136,136],"card_choices":[{"not_picked":["Ghostly Armor","Headbutt"],"picked":"Wild Strike","floor":1},{"not_picked":["Infernal Blade","Seeing Red"],"picked":"Intimidate","floor":2},{"not_picked":["Clash","Whirlwind"],"picked":"Dual Wield","floor":3},{"not_picked":["True Grit","Intimidate"],"picked":"Heavy Blade","floor":4},{"not_picked":["Havoc","Iron Wave"],"picked":"Power Through","floor":6},{"not_picked":["Heavy Blade","Double Tap"],"picked":"Clothesline","floor":7},{"not_picked":["Thunderclap","Headbutt"],"picked":"Barricade","floor":8},{"not_picked":["True Grit","Twin Strike"],"picked":"Feel No Pain","floor":12},{"not_picked":["Havoc","Dual Wield"],"picked":"Pommel Strike","floor":14},{"not_picked":["Fiend Fire","Immolate"],"picked":"Feed","floor":16},{"not_picked":["Wild Strike","Entrench+1"],"picked":"Evolve","floor":18},{"not_picked":["Flex","Battle Trance+1"],"picked":"Feel No Pain+1","floor":21},{"not_picked":["infinitespire:DeathsTouch","infinitespire:Execution"],"picked":"infinitespire:Menacing","floor":24},{"not_picked":["Reckless Charge","Body Slam","Pommel Strike"],"picked":"Singing Bowl","floor":24},{"not_picked":["Reckless Charge","Disarm","Sword Boomerang"],"picked":"Singing Bowl","floor":25},{"not_picked":["Wild Strike+1","Havoc"],"picked":"Second Wind+1","floor":29},{"not_picked":["Cleave","Heavy Blade"],"picked":"Reaper","floor":30},{"not_picked":["Clash+1","Rage"],"picked":"Armaments","floor":31},{"not_picked":["Reaper","Limit Break"],"picked":"Double Tap","floor":33},{"not_picked":["Uppercut+1","Anger","Clothesline+1"],"picked":"Singing Bowl","floor":35},{"not_picked":["Fire Breathing","Reckless Charge+1"],"picked":"Spot Weakness","floor":36},{"not_picked":["Flex","Warcry","Blood for Blood"],"picked":"Singing Bowl","floor":37},{"not_picked":["Sword Boomerang+1","Flame Barrier+1"],"picked":"Feed","floor":40}],"player_experience":292478,"relics_obtained":[{"floor":6,"key":"StrikeDummy"},{"floor":8,"key":"Lizard Tail"},{"floor":9,"key":"Singing Bowl"},{"floor":12,"key":"Lantern"},{"floor":13,"key":"Runesmith:AutoHammer"},{"floor":22,"key":"Enchiridion"},{"floor":24,"key":"WingedGreaves"},{"floor":25,"key":"infinitespire:ShieldingShard"},{"floor":31,"key":"Nunchaku"},{"floor":37,"key":"Ice Cream"},{"floor":40,"key":"Tiny Chest"},{"floor":40,"key":"Toxic Egg 2"}],"event_choices":[{"damage_healed":29,"gold_gain":0,"player_choice":"Banana","damage_taken":0,"max_hp_gain":0,"max_hp_loss":0,"event_name":"Big Fish","floor":10,"gold_loss":0},{"damage_healed":0,"gold_gain":0,"player_choice":"Ignored","damage_taken":0,"max_hp_gain":0,"max_hp_loss":0,"event_name":"Vampires","floor":20,"gold_loss":0},{"damage_healed":0,"gold_gain":0,"player_choice":"Obtained Book","damage_taken":16,"max_hp_gain":0,"max_hp_loss":0,"event_name":"Cursed Tome","floor":22,"gold_loss":0},{"damage_healed":0,"gold_gain":0,"cards_transformed":["Strike_R"],"player_choice":"Transformed","damage_taken":0,"max_hp_gain":0,"max_hp_loss":0,"event_name":"Transmorgrifier","floor":28,"gold_loss":0,"cards_obtained":["Ghostly Armor"]},{"damage_healed":0,"gold_gain":0,"player_choice":"Fight","damage_taken":0,"max_hp_gain":0,"max_hp_loss":0,"event_name":"Mysterious Sphere","floor":37,"gold_loss":0}],"is_beta":false,"boss_relics":[{"not_picked":["Black Blood","bronze:MakeshiftBattery"],"picked":"SlaversCollar"},{"not_picked":["Pandora\u0027s Box","Fusion Hammer"],"picked":"Black Star"}],"items_purged_floors":[],"is_endless":true,"potions_floor_spawned":[3,8,12,14,16,21,24,29,30,33,35,37],"killed_by":"Giant Head","ascension_level":5}}