{"host":"x1qj4d8ympd5jdqh","time":1614346178,"event":{"mods":["AchievementEnabler","AlwaysNeverKeys","BaseMod","Colored Map","Custom Start","DeckTracker","Highlight Path","Minty Spire (QoL Compilation)","StSLib","SuperFastMode"],"gold_per_floor":[117,117,117,117,133,158,158,158,158,0,15,48,103,134,146,257,269,300,312,353,233,254,254,285,285,308,9,22,31,49,67,67,148,148,166,41,53,73,73,108,108,141,213,213,233,284,320,335,335,335,335,335,335,53,83,83],"floor_reached":55,"language":"KOR","playtime":2001,"items_purged":["Strike_P","Defend_P","Strike_P"],"score":2170,"play_id":"0257fc85-c6d9-4602-bc3f-7c014a706742","local_time":"20210226222938","is_ascension_mode":true,"campfire_choices":[{"data":"Eruption","floor":7.0,"key":"SMITH"},{"data":"Ragnarok","floor":15.0,"key":"SMITH"},{"data":"MentalFortress","floor":23.0,"key":"SMITH"},{"data":"Scrawl","floor":25.0,"key":"SMITH"},{"data":"FollowUp","floor":32.0,"key":"SMITH"},{"data":"Vigilance","floor":41.0,"key":"SMITH"},{"floor":49.0,"key":"RECALL"},{"data":"Swivel","floor":53.0,"key":"SMITH"}],"circlet_count":0,"master_deck":["AscendersBane","Strike_P","Strike_P","Defend_P","Defend_P","Eruption+1","Vigilance+1","MentalFortress+1","FollowUp+1","Ragnarok+1","Scrawl+1","FearNoEvil","EmptyBody","Swivel+1","Scrawl+1","Vault","Wallop+1","Omniscience"],"relics":["PureWater","NeowsBlessing","Tiny Chest","CultistMask","HornCleat","Bloody Idol","Matryoshka","Darkstone Periapt","CeramicFish","MawBank","Coffee Dripper","Mercury Hourglass","StrikeDummy","Pen Nib","Vajra","Snecko Eye","Torii","Ornamental Fan","Frozen Egg 2","Pocketwatch","TeardropLocket","Yang","Letter Opener"],"acts_visited":["Exordium","TheCity","TheBeyond","TheEnding"],"potions_floor_usage":[],"damage_taken":[{"damage":0.0,"enemies":"2 Louse","floor":1.0,"turns":1.0},{"damage":0.0,"enemies":"Jaw Worm","floor":5.0,"turns":1.0},{"damage":0.0,"enemies":"Lagavulin","floor":6.0,"turns":1.0},{"damage":0.0,"enemies":"Small Slimes","floor":11.0,"turns":1.0},{"damage":2.0,"enemies":"Gremlin Nob","floor":12.0,"turns":3.0},{"damage":13.0,"enemies":"Gremlin Gang","floor":14.0,"turns":3.0},{"damage":24.0,"enemies":"Hexaghost","floor":16.0,"turns":7.0},{"damage":0.0,"enemies":"Chosen","floor":18.0,"turns":2.0},{"damage":0.0,"enemies":"Spheric Guardian","floor":20.0,"turns":2.0},{"damage":22.0,"enemies":"3 Cultists","floor":22.0,"turns":5.0},{"damage":0.0,"enemies":"Book of Stabbing","floor":24.0,"turns":4.0},{"damage":0.0,"enemies":"Snake Plant","floor":28.0,"turns":1.0},{"damage":0.0,"enemies":"Centurion and Healer","floor":30.0,"turns":2.0},{"damage":0.0,"enemies":"Cultist and Chosen","floor":31.0,"turns":3.0},{"damage":21.0,"enemies":"Collector","floor":33.0,"turns":6.0},{"damage":6.0,"enemies":"3 Shapes","floor":35.0,"turns":3.0},{"damage":12.0,"enemies":"3 Darklings","floor":37.0,"turns":4.0},{"damage":0.0,"enemies":"4 Shapes","floor":38.0,"turns":2.0},{"damage":0.0,"enemies":"Giant Head","floor":40.0,"turns":5.0},{"damage":0.0,"enemies":"Nemesis","floor":42.0,"turns":3.0},{"damage":0.0,"enemies":"Spire Growth","floor":45.0,"turns":2.0},{"damage":29.0,"enemies":"2 Orb Walkers","floor":46.0,"turns":6.0},{"damage":0.0,"enemies":"Giant Head","floor":47.0,"turns":5.0},{"damage":13.0,"enemies":"Sphere and 2 Shapes","floor":48.0,"turns":3.0},{"damage":27.0,"enemies":"Awakened One","floor":50.0,"turns":9.0},{"damage":1.0,"enemies":"Time Eater","floor":51.0,"turns":6.0},{"damage":0,"enemies":"Shield and Spear","floor":55,"turns":5}],"seed_played":"-5540118072769932697","potions_obtained":[{"floor":1.0,"key":"BottledMiracle"},{"floor":6.0,"key":"AttackPotion"},{"floor":11.0,"key":"Block Potion"},{"floor":14.0,"key":"DuplicationPotion"},{"floor":20.0,"key":"DistilledChaos"},{"floor":28.0,"key":"AttackPotion"},{"floor":30.0,"key":"Strength Potion"},{"floor":31.0,"key":"LiquidMemories"},{"floor":35.0,"key":"GamblersBrew"},{"floor":45.0,"key":"FearPotion"}],"is_trial":false,"path_per_floor":["M","?","?","?","M","E","R","?","T","$","M","E","T","M","R","B",null,"M","?","M","$","M","R","E","R","T","$","M","?","M","M","R","B",null,"M","$","M","M","$","E","R","E","T","T","M","?","E","M","R","B","B",null,"R","$","E"],"character_chosen":"WATCHER","items_purchased":["Ragnarok","SteroidPotion","Vajra","Swivel","Yang"],"campfire_rested":0,"item_purchase_floors":[10,21,27,27,54],"current_hp_per_floor":[61,61,56,56,56,56,56,56,56,56,56,54,54,41,41,17,51,51,51,62,62,50,50,55,55,60,62,62,62,62,62,62,51,59,58,58,51,61,61,62,62,62,62,62,62,38,48,40,40,13,12,50,50,50,55,55],"gold":83,"neow_bonus":"THREE_ENEMY_KILL","is_daily":false,"chose_seed":false,"campfire_upgraded":7,"win_rate":0.0,"timestamp":1614346178,"path_taken":["M","?","?","?","?","E","R","?","T","$","M","E","?","M","R","BOSS","M","?","M","$","M","R","E","R","T","$","M","?","M","M","R","BOSS","M","$","M","M","?","E","R","E","T","?","M","?","E","M","R","BOSS","BOSS","R","$","E"],"items_purchased_type":["Card","Potion","Relic","Card","Relic"],"build_version":"2020-12-22","purchased_purges":3,"victory":false,"max_hp_per_floor":[68,68,68,68,68,68,68,62,62,62,62,62,62,62,62,62,62,62,62,62,62,62,62,62,62,62,62,62,62,62,62,62,62,62,62,62,62,62,62,62,62,62,62,62,62,62,62,62,62,62,62,62,62,62,62,62],"card_choices":[{"not_picked":["Perseverance","CrushJoints"],"picked":"MentalFortress","floor":1.0},{"not_picked":["Prostrate","FlurryOfBlows"],"picked":"FollowUp","floor":5.0},{"not_picked":["Evaluate","Alpha","JustLucky"],"picked":"SKIP","floor":6.0},{"not_picked":["FollowUp","LikeWater","Study"],"picked":"SKIP","floor":11.0},{"not_picked":["Crescendo","Conclude","Protect"],"picked":"SKIP","floor":12.0},{"not_picked":["JustLucky","PathToVictory","ThirdEye"],"picked":"SKIP","floor":14.0},{"not_picked":["Omniscience","ConjureBlade"],"picked":"Scrawl","floor":16.0},{"not_picked":["JustLucky","Fasting2","Protect+1"],"picked":"SKIP","floor":18.0},{"not_picked":["FlurryOfBlows","Protect"],"picked":"FearNoEvil","floor":20.0},{"not_picked":["SandsOfTime","Conclude"],"picked":"EmptyBody","floor":22.0},{"not_picked":["FlurryOfBlows","JustLucky","Evaluate"],"picked":"SKIP","floor":24.0},{"not_picked":["Consecrate","DeceiveReality","CarveReality+1"],"picked":"SKIP","floor":28.0},{"not_picked":["Wallop","EmptyFist","SpiritShield"],"picked":"SKIP","floor":30.0},{"not_picked":["Wallop","EmptyFist","SpiritShield"],"picked":"SKIP","floor":30.0},{"not_picked":["EmptyBody","FearNoEvil","Crescendo"],"picked":"SKIP","floor":31.0},{"not_picked":["DevaForm","Blasphemy"],"picked":"Vault","floor":33.0},{"not_picked":["Crescendo","Fasting2","Perseverance+1"],"picked":"SKIP","floor":35.0},{"not_picked":["Crescendo","Fasting2","PathToVictory"],"picked":"SKIP","floor":37.0},{"not_picked":["BattleHymn","ThirdEye"],"picked":"Wallop+1","floor":38.0},{"not_picked":["Collect+1","LikeWater+1","FollowUp"],"picked":"SKIP","floor":40.0},{"not_picked":["Collect+1","LikeWater+1","FollowUp"],"picked":"SKIP","floor":40.0},{"not_picked":["BattleHymn+1","Prostrate","Crescendo+1"],"picked":"SKIP","floor":42.0},{"not_picked":["FlyingSleeves","CutThroughFate","EmptyBody+1"],"picked":"SKIP","floor":45.0},{"not_picked":["WreathOfFlame+1","FollowUp"],"picked":"Omniscience","floor":47.0},{"not_picked":["ClearTheMind","EmptyFist","Collect+1"],"picked":"SKIP","floor":48.0}],"player_experience":1333158,"relics_obtained":[{"floor":6.0,"key":"HornCleat"},{"floor":9.0,"key":"Matryoshka"},{"floor":12.0,"key":"Darkstone Periapt"},{"floor":13.0,"key":"CeramicFish"},{"floor":13.0,"key":"MawBank"},{"floor":24.0,"key":"Mercury Hourglass"},{"floor":26.0,"key":"StrikeDummy"},{"floor":26.0,"key":"Pen Nib"},{"floor":40.0,"key":"Torii"},{"floor":42.0,"key":"Ornamental Fan"},{"floor":44.0,"key":"Frozen Egg 2"},{"floor":46.0,"key":"Pocketwatch"},{"floor":47.0,"key":"TeardropLocket"},{"floor":55,"key":"Letter Opener"}],"event_choices":[{"cards_removed":["Defend_P"],"damage_healed":0.0,"max_hp_gain":0.0,"max_hp_loss":0.0,"gold_gain":0.0,"event_name":"Living Wall","player_choice":"Forget","floor":2.0,"gold_loss":0.0,"damage_taken":0.0},{"damage_healed":0.0,"max_hp_gain":0.0,"max_hp_loss":0.0,"gold_gain":0.0,"event_name":"Scrap Ooze","player_choice":"Success","floor":3.0,"gold_loss":0.0,"damage_taken":5.0,"relics_obtained":["Tiny Chest"]},{"damage_healed":0.0,"max_hp_gain":0.0,"max_hp_loss":0.0,"gold_gain":0.0,"event_name":"FaceTrader","player_choice":"Trade","floor":4.0,"gold_loss":0.0,"damage_taken":0.0,"relics_obtained":["CultistMask"]},{"damage_healed":0.0,"max_hp_gain":0.0,"max_hp_loss":6.0,"gold_gain":0.0,"event_name":"Golden Idol","player_choice":"Lose Max HP","floor":8.0,"gold_loss":0.0,"damage_taken":0.0,"relics_obtained":["Golden Idol"]},{"damage_healed":0.0,"max_hp_gain":0.0,"max_hp_loss":0.0,"gold_gain":0.0,"event_name":"Forgotten Altar","player_choice":"Gave Idol","floor":19.0,"relics_lost":["Golden Idol"],"gold_loss":0.0,"damage_taken":0.0,"relics_obtained":["Bloody Idol"]},{"damage_healed":0.0,"max_hp_gain":0.0,"max_hp_loss":0.0,"gold_gain":0.0,"event_name":"Duplicator","player_choice":"Copied","floor":29.0,"gold_loss":0.0,"damage_taken":0.0,"cards_obtained":["Scrawl"]},{"damage_healed":0.0,"max_hp_gain":0.0,"max_hp_loss":0.0,"gold_gain":0.0,"event_name":"Mysterious Sphere","player_choice":"Fight","floor":46.0,"gold_loss":0.0,"damage_taken":0.0}],"is_beta":false,"boss_relics":[{"not_picked":["Tiny House","Cursed Key"],"picked":"Coffee Dripper"},{"not_picked":["Velvet Choker","Astrolabe"],"picked":"Snecko Eye"}],"items_purged_floors":[21,27,36],"is_endless":false,"potions_floor_spawned":[1,6,11,14,20,28,30,31,35,40,42,45,46],"killed_by":"Shield and Spear","ascension_level":20}}