{"host":"zdahj580pq9zy75i","time":1614375829,"event":{"mods":["AchievementEnabler","BaseMod","Bestiary","Colored Map","Minty Spire (QoL Compilation)","Relic Stats","StSLib","ojb\u0027s Info Mod: The sequel"],"gold_per_floor":[115,390,96,110,120,146,146,180,204,220,247,58,78,105,105,105,105],"floor_reached":16,"language":"ENG","playtime":881,"items_purged":["Regret","Strike_R"],"score":310,"play_id":"4be1edaf-20de-4f2c-8431-e0320067844c","local_time":"20210226164349","is_ascension_mode":true,"campfire_choices":[{"data":"Barricade","floor":7,"key":"SMITH"},{"data":"Hemokinesis","floor":15,"key":"SMITH"}],"circlet_count":0,"master_deck":["AscendersBane","Strike_R","Strike_R","Strike_R","Strike_R","Defend_R","Defend_R","Defend_R","Defend_R","Bash","Shrug It Off","Cleave","Headbutt","Barricade+1","Hemokinesis+1","Pummel","Battle Trance","Shrug It Off"],"relics":["Burning Blood","NeowsBlessing","Anchor","Red Skull","Centennial Puzzle","Blood Vial","Meat on the Bone","Champion Belt"],"acts_visited":["Exordium"],"potions_floor_usage":[6,13,16],"damage_taken":[{"damage":0,"enemies":"Cultist","floor":1,"turns":1},{"damage":0,"enemies":"Jaw Worm","floor":4,"turns":1},{"damage":0,"enemies":"2 Louse","floor":5,"turns":1},{"damage":8,"enemies":"Gremlin Nob","floor":6,"turns":3},{"damage":62,"enemies":"3 Sentries","floor":8,"turns":9},{"damage":0,"enemies":"Lots of Slimes","floor":10,"turns":2},{"damage":4,"enemies":"Lagavulin","floor":11,"turns":6},{"damage":2,"enemies":"Gremlin Gang","floor":13,"turns":2},{"damage":36,"enemies":"Gremlin Nob","floor":14,"turns":4},{"damage":38,"enemies":"Hexaghost","floor":16,"turns":9}],"seed_played":"-4393964443867873887","potions_obtained":[{"floor":4,"key":"Swift Potion"},{"floor":6,"key":"Fruit Juice"},{"floor":13,"key":"Ancient Potion"}],"is_trial":false,"path_per_floor":["M","?","$","M","M","E","R","E","T","M","E","$","M","E","R","B"],"character_chosen":"IRONCLAD","items_purchased":["Anchor","AttackPotion","Battle Trance"],"campfire_rested":0,"item_purchase_floors":[3,3,12],"current_hp_per_floor":[74,74,74,75,75,73,73,17,17,25,29,29,52,36,36,0,0],"gold":105,"neow_bonus":"THREE_ENEMY_KILL","is_daily":false,"chose_seed":false,"campfire_upgraded":2,"win_rate":0.0,"timestamp":1614375829,"path_taken":["M","?","$","?","M","E","R","E","T","M","E","$","M","E","R","BOSS"],"items_purchased_type":["Relic","Potion","Card"],"build_version":"2020-12-22","purchased_purges":2,"victory":false,"max_hp_per_floor":[75,75,75,75,75,75,75,75,75,75,75,75,80,80,80,80,80],"relic_stats":{"Blood Vial":10,"Centennial Puzzle":[6],"counters":[10,38],"Champion Belt":[2],"obtain_stats":[{"Blood Vial":9,"Anchor":3,"Centennial Puzzle":8,"NeowsBlessing":0,"Champion Belt":14,"Burning Blood":0,"Red Skull":6,"Meat on the Bone":11},{"Blood Vial":5,"Anchor":1,"Centennial Puzzle":5,"NeowsBlessing":0,"Champion Belt":9,"Burning Blood":0,"Red Skull":4,"Meat on the Bone":7},{"Blood Vial":15,"Anchor":1,"Centennial Puzzle":15,"NeowsBlessing":0,"Champion Belt":29,"Burning Blood":0,"Red Skull":6,"Meat on the Bone":23}],"Burning Blood":43,"Meat on the Bone":24},"card_choices":[{"not_picked":["Warcry","Feel No Pain"],"picked":"Shrug It Off","floor":1},{"not_picked":["Inflame","Rupture"],"picked":"Cleave","floor":4},{"not_picked":["True Grit","Dual Wield"],"picked":"Headbutt","floor":5},{"not_picked":["Immolate","Feel No Pain"],"picked":"Barricade","floor":6},{"not_picked":["Wild Strike","Havoc"],"picked":"Hemokinesis","floor":8},{"not_picked":["True Grit","Clash"],"picked":"Pummel","floor":10},{"not_picked":["Sword Boomerang","Blood for Blood","Double Tap"],"picked":"SKIP","floor":11},{"not_picked":["Headbutt","Feel No Pain"],"picked":"Shrug It Off","floor":13},{"not_picked":["Shockwave","Sword Boomerang","Wild Strike"],"picked":"SKIP","floor":14}],"player_experience":825584,"relics_obtained":[{"floor":6,"key":"Red Skull"},{"floor":8,"key":"Centennial Puzzle"},{"floor":9,"key":"Blood Vial"},{"floor":11,"key":"Meat on the Bone"},{"floor":14,"key":"Champion Belt"}],"event_choices":[{"damage_healed":0,"gold_gain":275,"player_choice":"Desecrate","damage_taken":0,"max_hp_gain":0,"max_hp_loss":0,"event_name":"Golden Shrine","floor":2,"gold_loss":0,"cards_obtained":["Regret"]}],"is_beta":false,"boss_relics":[],"items_purged_floors":[3,12],"is_endless":false,"potions_floor_spawned":[4,6,13,14],"killed_by":"Hexaghost","ascension_level":20}}