{"host":"prxrhpgaxnj4om9r","time":1614327376,"event":{"mods":["AchievementEnabler","BaseMod","Colored Map","DeckTracker","Keyboard Shortcuts","Minty Spire (QoL Compilation)"],"gold_per_floor":[118,293,243,260,271,303,320,320,320,134,134,134,145,173,173,272,272,285,265,282,301,313,313,342,4,4,16,29,29,29,47,47,151,151,163,16,16,16,0,35,35,49,73,85,85,103,103,133,133,133,133],"floor_reached":50,"language":"KOR","playtime":2803,"items_purged":[],"score":557,"play_id":"e7e5c5af-351f-45ad-8b92-21ce3502d94a","local_time":"20210226171616","is_ascension_mode":false,"campfire_choices":[{"floor":8,"key":"REST"},{"data":"Buffer","floor":11,"key":"SMITH"},{"data":"Sweeping Beam","floor":15,"key":"SMITH"},{"floor":23,"key":"REST"},{"floor":30,"key":"REST"},{"data":"Darkness","floor":32,"key":"SMITH"},{"floor":41,"key":"RECALL"},{"data":"Defragment","floor":47,"key":"SMITH"},{"data":"Capacitor","floor":49,"key":"SMITH"}],"circlet_count":0,"master_deck":["Strike_B","Strike_B","Strike_B","Strike_B","Defend_B","Defend_B","Defend_B","Zap","Dualcast","Flash of Steel","Cold Snap","Capacitor+1","Auto Shields","Gash","Buffer+1","Doom and Gloom","Sweeping Beam+1","Steam Power","All For One","CurseOfTheBell","Conserve Battery+1","Chaos+1","Ball Lightning+1","Sunder","Defragment+1","Aggregate","Turbo","Melter","Darkness+1","Thunder Strike+1","Chill","Barrage+1","Streamline+1","Streamline+1","Core Surge+1","Steam","Consume+1","Self Repair+1","Blizzard+1","All For One+1","Stack+1","Hello World+1","Double Energy+1","White Noise+1"],"relics":["Cracked Core","Lizard Tail","Dead Branch","DataDisk","Turnip","Prayer Wheel","Calling Bell","Tiny Chest","InkBottle","Mango","Eternal Feather","Mummified Hand","Molten Egg 2","Runic Pyramid","Membership Card","Red Mask","Question Card","PreservedInsect","FossilizedHelix","CeramicFish"],"acts_visited":["Exordium","TheCity","TheBeyond"],"potions_floor_usage":[6,16,20,20,21,24,33,48],"damage_taken":[{"damage":0,"enemies":"Small Slimes","floor":1,"turns":2},{"damage":4,"enemies":"Jaw Worm","floor":4,"turns":3},{"damage":2,"enemies":"2 Louse","floor":5,"turns":3},{"damage":17,"enemies":"Gremlin Nob","floor":6,"turns":5},{"damage":24,"enemies":"Large Slime","floor":7,"turns":5},{"damage":4,"enemies":"Exordium Thugs","floor":13,"turns":5},{"damage":10,"enemies":"3 Sentries","floor":14,"turns":5},{"damage":11,"enemies":"Slime Boss","floor":16,"turns":12},{"damage":10,"enemies":"Spheric Guardian","floor":18,"turns":5},{"damage":10,"enemies":"2 Thieves","floor":20,"turns":3},{"damage":0,"enemies":"Sentry and Sphere","floor":21,"turns":4},{"damage":23,"enemies":"Chosen and Byrds","floor":22,"turns":5},{"damage":72,"enemies":"Gremlin Leader","floor":24,"turns":9},{"damage":7,"enemies":"Centurion and Healer","floor":27,"turns":7},{"damage":0,"enemies":"Sentry and Sphere","floor":28,"turns":5},{"damage":0,"enemies":"Snecko","floor":31,"turns":4},{"damage":26,"enemies":"Collector","floor":33,"turns":8},{"damage":31,"enemies":"3 Darklings","floor":35,"turns":6},{"damage":5,"enemies":"Nemesis","floor":40,"turns":5},{"damage":7,"enemies":"3 Shapes","floor":42,"turns":3},{"damage":24,"enemies":"3 Darklings","floor":44,"turns":6},{"damage":4,"enemies":"Transient","floor":46,"turns":5},{"damage":32,"enemies":"Giant Head","floor":48,"turns":8},{"damage":245,"enemies":"Time Eater","floor":50,"turns":14}],"seed_played":"5966850166247895933","potions_obtained":[{"floor":4,"key":"Fire Potion"},{"floor":14,"key":"DuplicationPotion"},{"floor":16,"key":"ColorlessPotion"},{"floor":18,"key":"DuplicationPotion"},{"floor":19,"key":"AttackPotion"},{"floor":22,"key":"Regen Potion"},{"floor":28,"key":"PotionOfCapacity"},{"floor":40,"key":"FairyPotion"},{"floor":46,"key":"FocusPotion"}],"is_trial":false,"path_per_floor":["M","?","?","M","M","E","M","R","T","$","R","?","M","E","R","B",null,"M","?","M","M","M","R","E","$","T","M","M","?","R","M","R","B",null,"M","$","T","?","?","E","R","M","T","M","T","M","R","E","R","B"],"character_chosen":"DEFECT","items_purchased":["DataDisk","Doom and Gloom","Mummified Hand","FairyPotion","Membership Card"],"campfire_rested":3,"item_purchase_floors":[10,10,25,25,36],"current_hp_per_floor":[75,75,75,71,69,52,28,50,50,50,50,50,46,36,36,25,89,79,79,69,69,46,72,15,15,15,8,8,8,52,52,73,47,89,58,58,58,58,58,53,74,67,67,53,53,59,83,61,85,0,0],"gold":133,"neow_bonus":"RANDOM_COLORLESS","is_daily":false,"chose_seed":false,"campfire_upgraded":5,"win_rate":0.0,"timestamp":1614327376,"path_taken":["M","?","?","M","M","E","M","R","T","$","R","?","M","E","R","BOSS","M","?","?","M","M","R","E","$","T","M","M","?","R","M","R","BOSS","M","$","?","?","?","E","R","M","T","M","?","M","R","E","R","BOSS"],"items_purchased_type":["Relic","Card","Relic","Potion","Relic"],"build_version":"2020-12-22","purchased_purges":0,"victory":false,"max_hp_per_floor":[75,75,75,75,75,75,75,75,75,75,75,75,75,75,75,75,89,89,89,89,89,89,89,89,89,89,89,89,89,89,89,89,89,89,89,89,89,89,89,89,89,89,89,89,89,89,89,89,89,89,89],"card_choices":[{"not_picked":["Panacea","Dark Shackles"],"picked":"Flash of Steel","floor":0},{"not_picked":["Turbo","Go for the Eyes"],"picked":"Cold Snap","floor":1},{"not_picked":["Barrage","Cold Snap"],"picked":"Capacitor","floor":4},{"not_picked":["Go for the Eyes","Conserve Battery"],"picked":"Auto Shields","floor":5},{"not_picked":["Leap","Turbo"],"picked":"Gash","floor":6},{"not_picked":["Conserve Battery","Cold Snap"],"picked":"Buffer","floor":7},{"not_picked":["Beam Cell","Capacitor"],"picked":"Sweeping Beam","floor":13},{"not_picked":["Machine Learning","Rebound"],"picked":"Steam Power","floor":14},{"not_picked":["Meteor Strike","Multi-Cast"],"picked":"All For One","floor":16},{"not_picked":["Chaos","Stack"],"picked":"Conserve Battery+1","floor":18},{"not_picked":["Turbo","Force Field"],"picked":"Chaos+1","floor":18},{"not_picked":["Sweeping Beam+1","Steam+1"],"picked":"Ball Lightning+1","floor":20},{"not_picked":["Go for the Eyes","Echo Form"],"picked":"Sunder","floor":20},{"not_picked":["Turbo","Gash"],"picked":"Defragment","floor":21},{"not_picked":["Redo","Ball Lightning+1"],"picked":"Aggregate","floor":21},{"not_picked":["Rip and Tear","Redo+1"],"picked":"Turbo","floor":22},{"not_picked":["Tempest","Hologram"],"picked":"Melter","floor":22},{"not_picked":["Go for the Eyes","Sweeping Beam"],"picked":"Darkness","floor":24},{"not_picked":["Chaos","Conserve Battery"],"picked":"Thunder Strike+1","floor":27},{"not_picked":["Hologram","Leap","Steam Power+1"],"picked":"SKIP","floor":27},{"not_picked":["Lockon+1","Force Field"],"picked":"Chill","floor":28},{"not_picked":["Hologram+1","Hello World"],"picked":"Barrage+1","floor":28},{"not_picked":["Stack+1","Rebound+1"],"picked":"Streamline+1","floor":31},{"not_picked":["Cold Snap+1","Leap"],"picked":"Streamline+1","floor":31},{"not_picked":["Creative AI","Seek"],"picked":"Core Surge+1","floor":33},{"not_picked":["Sweeping Beam+1","Steam Power"],"picked":"Steam","floor":35},{"not_picked":["Go for the Eyes+1","Compile Driver+1"],"picked":"Consume+1","floor":35},{"not_picked":["Sweeping Beam+1","Streamline+1"],"picked":"Self Repair+1","floor":40},{"not_picked":["Sunder+1","Steam+1","Gash+1"],"picked":"Blizzard+1","floor":42},{"not_picked":["Rebound+1","Sunder+1","Steam"],"picked":"All For One+1","floor":42},{"not_picked":["Sweeping Beam+1","Turbo+1","Rebound+1"],"picked":"Stack+1","floor":44},{"not_picked":["Reinforced Body","Streamline+1","Sweeping Beam+1"],"picked":"Hello World+1","floor":44},{"not_picked":["Aggregate+1","Heatsinks","Leap"],"picked":"Double Energy+1","floor":46},{"not_picked":["Conserve Battery+1","Melter+1","Auto Shields"],"picked":"White Noise+1","floor":46},{"not_picked":["Ball Lightning+1","Conserve Battery+1","Double Energy","Reprogram"],"picked":"SKIP","floor":48}],"player_experience":671223,"relics_obtained":[{"floor":6,"key":"Lizard Tail"},{"floor":9,"key":"Dead Branch"},{"floor":14,"key":"Prayer Wheel"},{"floor":17,"key":"Tiny Chest"},{"floor":17,"key":"InkBottle"},{"floor":17,"key":"Mango"},{"floor":24,"key":"Eternal Feather"},{"floor":26,"key":"Molten Egg 2"},{"floor":40,"key":"Question Card"},{"floor":43,"key":"PreservedInsect"},{"floor":45,"key":"FossilizedHelix"},{"floor":48,"key":"CeramicFish"}],"event_choices":[{"damage_healed":0,"gold_gain":175,"player_choice":"AGREE","damage_taken":0,"max_hp_gain":0,"max_hp_loss":0,"event_name":"Liars Game","floor":2,"gold_loss":0,"cards_obtained":["Doubt"]},{"cards_removed":["Doubt"],"damage_healed":0,"gold_gain":0,"player_choice":"Card Removal","damage_taken":0,"max_hp_gain":0,"max_hp_loss":0,"event_name":"The Cleric","floor":3,"gold_loss":50},{"damage_healed":0,"gold_gain":0,"player_choice":"Searched \u00271\u0027 times","damage_taken":0,"relics_obtained":["Turnip"],"max_hp_gain":0,"max_hp_loss":0,"event_name":"Dead Adventurer","floor":12,"gold_loss":0},{"damage_healed":0,"gold_gain":0,"player_choice":"Bought 1 Potion","damage_taken":0,"max_hp_gain":0,"max_hp_loss":0,"event_name":"The Woman in Blue","floor":19,"gold_loss":0},{"damage_healed":0,"gold_gain":0,"player_choice":"Ignored","damage_taken":0,"max_hp_gain":0,"max_hp_loss":0,"event_name":"Ghosts","floor":29,"gold_loss":0},{"cards_removed":["Defend_B"],"damage_healed":0,"gold_gain":0,"player_choice":"Removed Skill","damage_taken":0,"max_hp_gain":0,"max_hp_loss":0,"event_name":"Falling","floor":38,"gold_loss":0},{"damage_healed":0,"gold_gain":0,"player_choice":"Paid","damage_taken":0,"relics_obtained":["Red Mask"],"max_hp_gain":0,"max_hp_loss":0,"event_name":"Tomb of Lord Red Mask","floor":39,"gold_loss":16}],"is_beta":false,"boss_relics":[{"not_picked":["Coffee Dripper","Inserter"],"picked":"Calling Bell"},{"not_picked":["SlaversCollar","Velvet Choker"],"picked":"Runic Pyramid"}],"items_purged_floors":[],"is_endless":false,"potions_floor_spawned":[4,14,16,18,22,28,40,46],"killed_by":"Time Eater","ascension_level":0}}