{"host":"ul3z8ex5o8l5j7mh","time":1614362089,"event":{"mods":["2.2 Compatiblity","AchievementEnabler","BaseMod","Bestiary","Colored Map","Colored Powertips","Curses Come First","DeckTracker","Highlight Path","Keyboard Shortcuts","Minty Spire (QoL Compilation)","Relic Sorter","Relic Stats","StSLib","SuperFastMode"],"gold_per_floor":[116,128,5,5,17,29,75,87,99,111,123,152,182,212,224,236,236],"floor_reached":16,"language":"ENG","playtime":728,"items_purged":["Defend_R"],"score":130,"play_id":"b2320c0b-7a23-4cfd-b388-1b74ce4768c6","local_time":"20210226185449","is_ascension_mode":true,"campfire_choices":[{"data":"True Grit","floor":6.0,"key":"SMITH"},{"floor":8.0,"key":"REST"},{"data":"Searing Blow+1","floor":11.0,"key":"SMITH"},{"data":"Searing Blow+2","floor":15.0,"key":"SMITH"}],"circlet_count":0,"master_deck":["Strike_R","Strike_R","Strike_R","Strike_R","Strike_R","Defend_R","Defend_R","Bash","Searing Blow+3","True Grit+1","Pommel Strike","Clash","Bloodletting","Demon Form"],"relics":["Burning Blood","Bag of Preparation","MawBank","Turnip","Question Card"],"acts_visited":["Exordium"],"potions_floor_usage":[16],"damage_taken":[{"damage":7.0,"enemies":"Jaw Worm","floor":1.0,"turns":3.0},{"damage":0.0,"enemies":"Small Slimes","floor":2.0,"turns":3.0},{"damage":35.0,"enemies":"Gremlin Nob","floor":7.0,"turns":5.0},{"damage":0.0,"enemies":"Cultist","floor":12.0,"turns":2.0},{"damage":6.0,"enemies":"2 Fungi Beasts","floor":13.0,"turns":3.0},{"damage":13.0,"enemies":"Large Slime","floor":14.0,"turns":5.0},{"damage":63,"enemies":"The Guardian","floor":16,"turns":8}],"seed_played":"-4612513870006093371","potions_obtained":[{"floor":1.0,"key":"SpeedPotion"},{"floor":12.0,"key":"LiquidBronze"}],"is_trial":false,"path_per_floor":["M","M","$","?","?","R","E","R","T","?","R","M","M","M","R","B"],"character_chosen":"IRONCLAD","items_purchased":["Pommel Strike"],"campfire_rested":1,"item_purchase_floors":[3],"current_hp_per_floor":[71,77,77,74,67,67,38,62,62,62,62,68,68,61,61,0,0],"gold":236,"neow_bonus":"RANDOM_COMMON_RELIC","is_daily":false,"chose_seed":false,"campfire_upgraded":3,"win_rate":0.0,"timestamp":1614362089,"path_taken":["M","M","$","?","?","R","E","R","T","?","R","M","M","?","R","BOSS"],"items_purchased_type":["Card"],"build_version":"2020-12-22","purchased_purges":1,"victory":false,"max_hp_per_floor":[80,80,80,80,80,80,80,80,80,80,80,80,80,80,80,80,80],"relic_stats":{"counters":[7,29],"Turnip":[0],"Bag of Preparation":[14],"MawBank":144,"Question Card":3,"obtain_stats":[{"Turnip":7,"Bag of Preparation":0,"MawBank":4,"Question Card":9,"Burning Blood":0},{"Turnip":3,"Bag of Preparation":0,"MawBank":2,"Question Card":3,"Burning Blood":0},{"Turnip":11,"Bag of Preparation":0,"MawBank":6,"Question Card":11,"Burning Blood":0}],"Burning Blood":36},"card_choices":[{"not_picked":["Headbutt","Havoc"],"picked":"Searing Blow","floor":1.0},{"not_picked":["Wild Strike","Thunderclap"],"picked":"True Grit","floor":2.0},{"not_picked":["Inflame","Intimidate"],"picked":"Clash","floor":7.0},{"not_picked":["Pummel","Searing Blow","Shockwave"],"picked":"Bloodletting","floor":12.0},{"not_picked":["Clothesline","Warcry","True Grit","Entrench"],"picked":"SKIP","floor":13.0},{"not_picked":["Flex","Power Through","Fire Breathing"],"picked":"Demon Form","floor":14.0}],"player_experience":444367,"relics_obtained":[{"floor":7.0,"key":"Turnip"},{"floor":9.0,"key":"Question Card"}],"event_choices":[{"damage_healed":0.0,"max_hp_gain":0.0,"max_hp_loss":0.0,"gold_gain":0.0,"event_name":"Scrap Ooze","player_choice":"Success","floor":4.0,"gold_loss":0.0,"damage_taken":3.0,"relics_obtained":["MawBank"]},{"cards_removed":["Defend_R"],"damage_healed":0.0,"max_hp_gain":0.0,"max_hp_loss":0.0,"gold_gain":0.0,"event_name":"Golden Wing","player_choice":"Card Removal","floor":5.0,"gold_loss":0.0,"damage_taken":7.0},{"damage_healed":0.0,"max_hp_gain":0.0,"max_hp_loss":0.0,"gold_gain":0.0,"event_name":"Living Wall","player_choice":"Grow","floor":10.0,"gold_loss":0.0,"damage_taken":0.0,"cards_upgraded":["Searing Blow"]}],"is_beta":false,"boss_relics":[],"items_purged_floors":[3],"is_endless":false,"potions_floor_spawned":[1,12],"killed_by":"The Guardian","ascension_level":6}}