{"host":"st1kg310ms6sytc5","time":1614326857,"event":{"mods":["Act Like it!","BaseMod","CapriCore","Good Game Mod","Library of Ruina","Library of Ruina Extra","Minty Spire (QoL Compilation)","StSLib","SuperFastMode","Wide Potions"],"gold_per_floor":[118,118,129,129,129,129,164,164,164,190,115,146,146,201,201,305,305,321,331,331,331,331,331,350,361,441,541,873,891,924,935,935,1031,1031,1047,1067,734,744,476,502,502,535,558,558,573,608,608,622,622,622,622,622,622,321,353,353],"floor_reached":57,"language":"ZHS","playtime":2785,"items_purged":["LightAttack","FocusedStrikes+1","FormingStorm+1","LightAttack+1"],"score":1790,"play_id":"4264196d-264c-4bf5-b905-b5e30abef032","local_time":"20210226160737","is_ascension_mode":true,"campfire_choices":[{"data":"FormingStorm","floor":6.0,"key":"SMITH"},{"data":"FocusedStrikes","floor":8.0,"key":"SMITH"},{"data":"SenseQuarry","floor":13.0,"key":"SMITH"},{"data":"Suppress","floor":15.0,"key":"SMITH"},{"data":"SmokingPipe","floor":23.0,"key":"SMITH"},{"data":"DefenseOrder","floor":32.0,"key":"SMITH"},{"data":"Impatience","floor":44.0,"key":"SMITH"},{"floor":47.0,"key":"RECALL"},{"data":"WaitUp","floor":49.0,"key":"SMITH"},{"data":"Quickness","floor":53.0,"key":"SMITH"}],"circlet_count":0,"master_deck":["Dodge","LightDefense","LightDefense","LightDefense","LightDefense","ChargeAndCover","Suppress+1","Unlock1","FierceOnslaught","SmokingPipe+1","SenseQuarry+1","FleshFillet","HandleRequest+1","CrackOfDawn","UnavoidableGaze+1","Quickness+1","Zzzzzap","DriedUp","BiXi","TraceOfFumes","WaitUp+1","DefenseOrder+1","Observe","FlyingSword+1","AutonomousRush+1","Impatience+1","InhaleSmoke+1","QuickAttack+1","GuidanceOfTheGears","Quickness+1"],"relics":["PageOfLibrarian","REME:ComplimentaryCards","Gambling Chip","Pen Nib","Bronze Scales","Whetstone","Cursed Key","Omamori","PageOfLumberjack","Ginger","Letter Opener","Old Coin","Pocketwatch","SlaversCollar","Centennial Puzzle","PreservedInsect","Potion Belt","Gremlin Horn","Lantern","Cauldron","Toy Ornithopter"],"acts_visited":["Exordium","TheCity","TheBeyond","TheEnding"],"potions_floor_usage":[56,56,56,56,56],"damage_taken":[{"damage":3.0,"enemies":"Small Slimes","floor":1.0,"turns":4.0},{"damage":0.0,"enemies":"Jaw Worm","floor":3.0,"turns":5.0},{"damage":2.0,"enemies":"Lagavulin","floor":7.0,"turns":5.0},{"damage":0.0,"enemies":"Gremlin Nob","floor":10.0,"turns":3.0},{"damage":0.0,"enemies":"Lagavulin","floor":12.0,"turns":4.0},{"damage":6.0,"enemies":"Lagavulin Event","floor":14.0,"turns":3.0},{"damage":17.0,"enemies":"The Guardian","floor":16.0,"turns":4.0},{"damage":2.0,"enemies":"2 Thieves","floor":18.0,"turns":3.0},{"damage":1.0,"enemies":"3 Byrds","floor":19.0,"turns":4.0},{"damage":0.0,"enemies":"Cultist and Chosen","floor":24.0,"turns":3.0},{"damage":0.0,"enemies":"Snake Plant","floor":25.0,"turns":3.0},{"damage":8.0,"enemies":"Colosseum Slavers","floor":27.0,"turns":2.0},{"damage":5.0,"enemies":"Colosseum Nobs","floor":27.0,"turns":4.0},{"damage":0.0,"enemies":"Slavers","floor":28.0,"turns":5.0},{"damage":0.0,"enemies":"Shelled Parasite and Fungi","floor":29.0,"turns":2.0},{"damage":0.0,"enemies":"Book of Stabbing","floor":30.0,"turns":3.0},{"damage":0.0,"enemies":"Chosen and Byrds","floor":31.0,"turns":3.0},{"damage":5.0,"enemies":"Champ","floor":33.0,"turns":5.0},{"damage":4.0,"enemies":"3 Shapes","floor":35.0,"turns":3.0},{"damage":12.0,"enemies":"3 Darklings","floor":36.0,"turns":3.0},{"damage":0.0,"enemies":"Jaw Worm Horde","floor":38.0,"turns":3.0},{"damage":0.0,"enemies":"Giant Head","floor":40.0,"turns":2.0},{"damage":0.0,"enemies":"Reptomancer","floor":42.0,"turns":4.0},{"damage":0.0,"enemies":"Maw","floor":45.0,"turns":4.0},{"damage":0.0,"enemies":"Nemesis","floor":46.0,"turns":3.0},{"damage":0.0,"enemies":"4 Shapes","floor":48.0,"turns":1.0},{"damage":0.0,"enemies":"Time Eater","floor":50.0,"turns":6.0},{"damage":20,"enemies":"Shield and Spear","floor":55,"turns":4},{"damage":27,"enemies":"The Heart","floor":56,"turns":3}],"seed_played":"-7603195050602319315","potions_obtained":[{"floor":1.0,"key":"FearPotion"},{"floor":10.0,"key":"Explosive Potion"},{"floor":12.0,"key":"DuplicationPotion"},{"floor":19.0,"key":"Dexterity Potion"},{"floor":40.0,"key":"GamblersBrew"},{"floor":42.0,"key":"AttackPotion"},{"floor":54,"key":"SkillPotion"},{"floor":54,"key":"GamblersBrew"},{"floor":54,"key":"SkillPotion"},{"floor":55,"key":"LiquidMemories"}],"is_trial":false,"path_per_floor":["M","?","M","?","?","R","E","R","T","E","$","E","R","?","R","B",null,"M","M","?","?","?","R","M","M","T","?","E","M","E","M","R","B",null,"M","M","$","M","$","E","?","E","T","R","M","E","R","M","R","B",null,null,"R","$","E","B",null],"character_chosen":"Librarian","items_purchased":["Centennial Puzzle","Impatience","PreservedInsect","Cauldron"],"campfire_rested":0,"item_purchase_floors":[37,37,39,54],"current_hp_per_floor":[57,62,62,62,55,55,53,53,53,53,53,53,53,47,47,30,84,82,81,81,81,81,81,81,81,81,68,68,68,68,68,68,63,84,80,68,68,68,68,68,68,68,68,68,68,68,68,68,68,68,62,84,84,84,64,57],"gold":353,"neow_bonus":"ONE_RANDOM_RARE_CARD","is_daily":false,"chose_seed":false,"campfire_upgraded":9,"win_rate":0.0,"timestamp":1614326857,"path_taken":["M","?","M","?","?","R","E","R","T","E","$","E","R","?","R","BOSS","M","M","?","?","?","R","M","M","T","?","E","?","E","M","R","BOSS","M","M","$","M","$","E","?","E","T","R","M","E","R","?","R","BOSS","R","$","E","BOSS"],"items_purchased_type":["Relic","Card","Relic","Relic"],"build_version":"2020-12-22","purchased_purges":4,"victory":true,"max_hp_per_floor":[68,73,73,73,73,73,73,73,73,82,82,82,82,82,82,84,84,84,84,84,84,84,84,84,84,84,84,84,84,84,84,84,84,84,84,84,84,84,84,84,84,84,84,84,84,84,84,84,84,84,84,84,84,84,84,84],"card_choices":[{"not_picked":["Rampage_lor","PuppetBlockade","FaintMemories","FeelinGood","OpportunitySpotted","Parry2","Wallop_lor","MindWhip"],"picked":"Unlock1","floor":1.0},{"not_picked":["AlloutWar","Faith","DriedUp","MultiHit","Rewind","SomberProcuration","RulesOfTheBackstreets","SweepTheBackstreets"],"picked":"FierceOnslaught","floor":3.0},{"not_picked":["ViolentFlame","Pound","HighKick","SerpentineBarrier","GuidanceOfTheGears","StrikeDown","ReadyUp","FaintMemories"],"picked":"SmokingPipe","floor":7.0},{"not_picked":["BackAttack","Guardian_lor","Eliminate","VenomousFangs","Tailoring","FleshFillet","FlashingStrike","Wallop_lor"],"picked":"SenseQuarry","floor":10.0},{"not_picked":["Zzzzzap","StrikeDown","PinpointShot","Parry2","VenomousFangs","Tailoring","Riposte","QuickSuppression"],"picked":"FleshFillet","floor":12.0},{"not_picked":["DarkCloud","FierceCharge","StartinOutLightly","ViolentFlame","AsThePrescriptOrders","FleetEdge","TasteMyFlamingBat","DirtyBlow"],"picked":"HandleRequest","floor":14.0},{"not_picked":["SuanNi","ScratchThat"],"picked":"CrackOfDawn","floor":16.0},{"not_picked":["SinglePointStab","GuidanceOfTheGears","FleetFootsteps+1","BindingChains","BlazingStrike","StrongStrike+1","EnergyCycle","Thrust"],"picked":"UnavoidableGaze+1","floor":18.0},{"not_picked":["FlashingStrike","IngredientHunt","Parry+1","QuickSuppression","WillOfThePrescript","HandleRequest","GatherIntel","SerpentSwordTechnique","UnavoidableGaze"],"picked":"SKIP","floor":19.0},{"not_picked":["AsThePrescriptOrders","Struggle","BulkyImpact","MultiHit","Eradication","Reload","DriedUp+1","Gamble"],"picked":"Zzzzzap","floor":24.0},{"not_picked":["Parry","SpearedSweep","UncannyStrike","DarkCloud+1","AutomatedMovement","Faith","EnergyShield","PinpointShot"],"picked":"DriedUp","floor":25.0},{"not_picked":["Wallop_lor+1","ClassAndRespect","Faith","Tailoring","SparkingSpear","SuppressingShot","StrongStrike","CookingPrep+1"],"picked":"BiXi","floor":27.0},{"not_picked":["Wallop_lor","VenomousFangs","Outburst","GroundSmash","StrikeDown","LossOfSenses","CoordinatedAssault","BiAn"],"picked":"TraceOfFumes","floor":28.0},{"not_picked":["FierceCharge","MultiBlock","SkyClearingCut","HiddenBlade","TendonChords+1","NonstopAssault","Faith","SetFire","BiAn"],"picked":"SKIP","floor":29.0},{"not_picked":["HandleRequest","RapidGashes","BayonetCombat","PinpointShot","Multislash","BlazingStrike","SnakesPrey","SweepTheBackstreets"],"picked":"WaitUp","floor":30.0},{"not_picked":["TheArtOfRapidSteps+1","Multislash","HandlingWork","FeatherShield+1","ForcefulGesture","BlowItUp","SweepTheBackstreets+1","ProselytesBlade"],"picked":"DefenseOrder","floor":31.0},{"not_picked":["GroundSmash","BlazingStrike"],"picked":"Observe","floor":33.0},{"not_picked":["WaitUp+1","HandlingWork","Reload+1","SinglePointStab+1","PuppetBlockade","DevastatingThrash+1","FlashingStrike+1","BackstreetsDash"],"picked":"FlyingSword+1","floor":35.0},{"not_picked":["FrontalAssault+1","BiAn","VioletBlade","Reload+1","EnergyCycle+1","EnergyConversion","SunsetBlade+1","SpearedSweep+1"],"picked":"AutonomousRush+1","floor":36.0},{"not_picked":["Punishment","ButterflySlash","Leap_lor","SparkingSpear","Slice_lor+1","NightInTheBackstreets","FieryDragonSlash","WillOfThePrescript"],"picked":"InhaleSmoke","floor":38.0},{"not_picked":["SnakesPrey+1","Juggling","DarkCloud","Wallop_lor","UnavoidableGaze","TrimTheIngredients","UnforgettableMelody","EnergyCycle+1"],"picked":"QuickAttack+1","floor":40.0},{"not_picked":["SunsetBlade+1","ClassAndRespect","UncannyStrike","BackstreetsDash","StartinOutLightly+1","RapidGashes+1","Wallop_lor","Transpierce"],"picked":"GuidanceOfTheGears","floor":42.0},{"not_picked":["GrazeTheGrass","DesperateStruggle","Duel_lor","Slice_lor+1","CutIn","Diversion+1","ForcefulGesture","Thrust","HiddenBlade"],"picked":"SKIP","floor":45.0},{"not_picked":["MultiHit","WillOfThePrescript","EnergyShield+1","GroundSmash","TimeForALittleTest","SerpentSwordTechnique+1","SpearedSweep+1","HighKick+1"],"picked":"Quickness+1","floor":46.0},{"not_picked":["SerpentSwordTechnique","UnavoidableGaze+1","SparkingSpear+1","BizarreAttack","Parry+1","AbsorbImpact","WillProduceFineSilk","PinpointShot","FeatherShield+1"],"picked":"SKIP","floor":48.0},{"not_picked":["SummaryJudgment","FieryWaltz","LoosenUp","MultiHit","SinglePointStab+1","TrimTheIngredients+1","CutIn","BurningFlash","SpearedSweep"],"picked":"SKIP","floor":55}],"player_experience":1411704,"relics_obtained":[{"floor":9.0,"key":"Gambling Chip"},{"floor":10.0,"key":"Pen Nib"},{"floor":12.0,"key":"Bronze Scales"},{"floor":14.0,"key":"Whetstone"},{"floor":26.0,"key":"PageOfLumberjack"},{"floor":27.0,"key":"Ginger"},{"floor":27.0,"key":"Letter Opener"},{"floor":28.0,"key":"Old Coin"},{"floor":30.0,"key":"Pocketwatch"},{"floor":40.0,"key":"Potion Belt"},{"floor":42.0,"key":"Gremlin Horn"},{"floor":46.0,"key":"Lantern"},{"floor":55,"key":"Toy Ornithopter"}],"event_choices":[{"damage_healed":0.0,"max_hp_gain":5.0,"max_hp_loss":0.0,"gold_gain":0.0,"event_name":"Big Fish","player_choice":"Donut","floor":2.0,"gold_loss":0.0,"damage_taken":0.0},{"damage_healed":0.0,"max_hp_gain":0.0,"max_hp_loss":0.0,"gold_gain":0.0,"event_name":"Liars Game","player_choice":"Ignored","floor":4.0,"gold_loss":0.0,"damage_taken":0.0},{"cards_removed":["LightAttack"],"damage_healed":0.0,"max_hp_gain":0.0,"max_hp_loss":0.0,"gold_gain":0.0,"event_name":"Golden Wing","player_choice":"Card Removal","floor":5.0,"gold_loss":0.0,"damage_taken":7.0},{"damage_healed":0.0,"max_hp_gain":0.0,"max_hp_loss":0.0,"gold_gain":0.0,"event_name":"Dead Adventurer","player_choice":"Searched \u00271\u0027 times","floor":14.0,"gold_loss":0.0,"damage_taken":0.0},{"damage_healed":0.0,"max_hp_gain":0.0,"max_hp_loss":0.0,"gold_gain":0.0,"event_name":"The Library","player_choice":"Read","floor":20.0,"gold_loss":0.0,"damage_taken":0.0,"cards_obtained":["Quickness"]},{"damage_healed":0.0,"max_hp_gain":0.0,"max_hp_loss":0.0,"gold_gain":0.0,"event_name":"Ghosts","player_choice":"Ignored","floor":21.0,"gold_loss":0.0,"damage_taken":0.0},{"damage_healed":0.0,"max_hp_gain":0.0,"max_hp_loss":0.0,"gold_gain":0.0,"event_name":"The Mausoleum","player_choice":"Opened","floor":22.0,"gold_loss":0.0,"damage_taken":0.0,"relics_obtained":["Omamori"]},{"damage_healed":0.0,"max_hp_gain":0.0,"max_hp_loss":0.0,"gold_gain":0.0,"event_name":"Colosseum","player_choice":"Fight","floor":27.0,"gold_loss":0.0,"damage_taken":0.0},{"damage_healed":0.0,"max_hp_gain":0.0,"max_hp_loss":0.0,"gold_gain":0.0,"event_name":"Colosseum","player_choice":"Fought Nobs","floor":27.0,"gold_loss":0.0,"damage_taken":0.0},{"damage_healed":0.0,"max_hp_gain":0.0,"max_hp_loss":0.0,"gold_gain":0.0,"event_name":"Upgrade Shrine","player_choice":"Upgraded","floor":41.0,"gold_loss":0.0,"damage_taken":0.0,"cards_upgraded":["InhaleSmoke"]}],"is_beta":false,"boss_relics":[{"not_picked":["Calling Bell","Ectoplasm"],"picked":"Cursed Key"},{"not_picked":["Velvet Choker","Snecko Eye"],"picked":"SlaversCollar"}],"items_purged_floors":[11,37,39,54],"is_endless":false,"potions_floor_spawned":[1,10,12,14,19,24,25,30,33,38,40,42,55],"ascension_level":4}}