{"host":"b8coxh3nmoxcbj3m","time":1614323494,"event":{"mods":["AchievementEnabler","BaseMod","Colored Map","Downfall","Minty Spire (QoL Compilation)","Replay The Spire","StSLib","SuperFastMode"],"gold_per_floor":[99,119,139,139,139,139,165,75,75,91,91,102,102,118,136,136,136,136],"floor_reached":16,"language":"ZHS","playtime":774,"items_purged":["downfall:Bewildered"],"score":92,"play_id":"afa5edcd-8a94-4031-9b30-87a7f1f7909a","local_time":"20210226151134","is_ascension_mode":false,"campfire_choices":[{"data":"Guardian:TwinSlam","floor":1,"key":"SMITH"},{"data":"Guardian:CurlUp","floor":9,"key":"SMITH"},{"data":"Guardian:ShieldSpikes","floor":13,"key":"SMITH"}],"circlet_count":0,"master_deck":["Guardian:Strike_Guardian","Guardian:Strike_Guardian","Guardian:Strike_Guardian","Guardian:Defend_Guardian","Guardian:Defend_Guardian","Guardian:CurlUp+1","Guardian:TwinSlam+1","Guardian:ShieldSpikes+1","Guardian:DecasProtection+1"],"relics":["Guardian:ModeShifter","downfall:BrokenWingStatue","Toxic Egg 2","Ring of Hypnosis","ReplayTheSpireMod:Ring of Challenge","hexamod:BolsterEngine"],"acts_visited":["Exordium"],"potions_floor_usage":[16,16,16],"damage_taken":[{"damage":8,"enemies":"Small Slimes","floor":2,"turns":3},{"damage":11,"enemies":"Jaw Worm","floor":3,"turns":4},{"damage":0,"enemies":"downfall:FleeingMerchant","floor":8,"turns":4},{"damage":4,"enemies":"2 Louse","floor":10,"turns":3},{"damage":0,"enemies":"Exordium Wildlife","floor":12,"turns":5},{"damage":0,"enemies":"Large Slime","floor":14,"turns":8},{"damage":0,"enemies":"2 Fungi Beasts","floor":15,"turns":4},{"damage":38,"enemies":"IC_STATUS_ARCHETYPE","floor":16,"turns":13}],"seed_played":"-6485006954020636631","potions_obtained":[{"floor":2,"key":"AttackPotion"},{"floor":3,"key":"FearPotion"},{"floor":10,"key":"LiquidBronze"}],"is_trial":false,"path_per_floor":["R","M","M","?","?","?","T","$","R","M","?","M","R","M","M","B"],"character_chosen":"GUARDIAN","items_purchased":[],"campfire_rested":0,"item_purchase_floors":[],"current_hp_per_floor":[72,64,53,53,41,41,41,41,41,37,37,37,37,37,37,0,0,0],"gold":136,"neow_bonus":"REMOVE_TWO","is_daily":false,"chose_seed":false,"campfire_upgraded":3,"win_rate":0.0,"timestamp":1614323494,"path_taken":["R","M","M","?","?","?","T","$","R","?","?","M","R","M","M","BOSS"],"items_purchased_type":[],"build_version":"2020-12-22","purchased_purges":1,"victory":false,"max_hp_per_floor":[72,72,72,72,72,72,72,72,72,72,72,72,72,72,72,72,72,72],"card_choices":[{"not_picked":["Guardian:RefractedBeam","Guardian:Gem_Red"],"picked":"Guardian:ShieldSpikes","floor":2},{"not_picked":["Guardian:Planning","Guardian:Preprogram","Guardian:MultiBeam"],"picked":"SKIP","floor":3},{"not_picked":["Guardian:WalkerClaw","Guardian:Suspension+1"],"picked":"Guardian:Gem_Blue","floor":8},{"not_picked":["Guardian:WalkerClaw","Guardian:TemporalStrike","Guardian:Incinerate"],"picked":"SKIP","floor":10},{"not_picked":["Guardian:ConstructionForm","Guardian:Suspension+1"],"picked":"Guardian:DecasProtection+1","floor":12},{"not_picked":["Guardian:PrimingBeam","Guardian:ChargeCore","Guardian:Gem_Cyan"],"picked":"SKIP","floor":14},{"not_picked":["Guardian:Gem_Lightblue","Guardian:TemporalShield+1","Guardian:RollAttack"],"picked":"SKIP","floor":15}],"player_experience":43100,"relics_obtained":[{"floor":6,"key":"Ring of Hypnosis"},{"floor":6,"key":"ReplayTheSpireMod:Ring of Challenge"},{"floor":7,"key":"hexamod:BolsterEngine"}],"event_choices":[{"damage_healed":0,"gold_gain":0,"player_choice":"Success","damage_taken":12,"relics_obtained":["Toxic Egg 2"],"max_hp_gain":0,"max_hp_loss":0,"event_name":"Scrap Ooze","floor":5,"gold_loss":0}],"is_beta":false,"boss_relics":[],"items_purged_floors":[8],"is_endless":false,"potions_floor_spawned":[2,3,10],"killed_by":"IC_STATUS_ARCHETYPE","ascension_level":0}}