{"host":"prxrhpgaxnj4om9r","time":1614349252,"event":{"mods":["AchievementEnabler","BaseMod","Colored Map","DeckTracker","Keyboard Shortcuts","Minty Spire (QoL Compilation)"],"gold_per_floor":[118,118,128,141,141,141,177,200,200,200,220,220,239,279,279,405,405,425,350,449,462,130,130,146,146,199,224,254,266,309,336,348,489,501,533,545,557,29,53,53,89,109,134,134,158,178,511,49,49,49,49,49,15,15,15],"floor_reached":54,"language":"KOR","playtime":2580,"items_purged":["Writhe"],"score":697,"play_id":"b84909c0-9225-41e1-8501-4cf1958bd09b","local_time":"20210226232052","is_ascension_mode":false,"campfire_choices":[{"floor":6,"key":"REST"},{"data":"Sweeping Beam","floor":10,"key":"SMITH"},{"data":"Panacea","floor":12,"key":"SMITH"},{"data":"Biased Cognition","floor":15,"key":"SMITH"},{"data":"Self Repair","floor":23,"key":"SMITH"},{"floor":25,"key":"REST"},{"data":"Echo Form","floor":29,"key":"SMITH"},{"floor":32,"key":"REST"},{"floor":40,"key":"RECALL"},{"floor":44,"key":"REST"},{"data":"Ball Lightning","floor":49,"key":"SMITH"},{"data":"Zap","floor":52,"key":"SMITH"}],"circlet_count":0,"master_deck":["Strike_B","Strike_B+1","Strike_B","Strike_B+1","Defend_B","Defend_B","Defend_B","Zap+1","Dualcast","Chill","Panacea+1","Biased Cognition+1","Streamline","Leap","Sweeping Beam+1","Consume+1","Redo+1","Echo Form+1","Turbo+1","Self Repair+1","Apotheosis+1","Defragment","Steam+1","Steam Power+1","Compile Driver+1","Aggregate+1","Defragment+1","Blind+1","Ball Lightning+1","Heatsinks+1"],"relics":["Cracked Core","DataDisk","Singing Bowl","Toxic Egg 2","Blue Candle","Philosopher\u0027s Stone","Runic Capacitor","MawBank","Symbiotic Virus","Inserter","Frozen Egg 2","Whetstone","Omamori","Bag of Preparation","TungstenRod"],"acts_visited":["Exordium","TheCity","TheBeyond","TheEnding"],"potions_floor_usage":[7,18,24,24,28,30,35,41,41,42,50,50,54],"damage_taken":[{"damage":1,"enemies":"2 Louse","floor":1,"turns":2},{"damage":2,"enemies":"Cultist","floor":3,"turns":4},{"damage":6,"enemies":"Jaw Worm","floor":4,"turns":2},{"damage":17,"enemies":"3 Sentries","floor":7,"turns":6},{"damage":1,"enemies":"Large Slime","floor":8,"turns":5},{"damage":2,"enemies":"Looter","floor":11,"turns":2},{"damage":0,"enemies":"Blue Slaver","floor":13,"turns":2},{"damage":13,"enemies":"Lagavulin","floor":14,"turns":7},{"damage":7,"enemies":"Hexaghost","floor":16,"turns":9},{"damage":14,"enemies":"3 Byrds","floor":18,"turns":5},{"damage":12,"enemies":"Chosen","floor":21,"turns":4},{"damage":19,"enemies":"Centurion and Healer","floor":24,"turns":6},{"damage":12,"enemies":"Sentry and Sphere","floor":27,"turns":4},{"damage":32,"enemies":"Shelled Parasite and Fungi","floor":28,"turns":4},{"damage":13,"enemies":"Gremlin Leader","floor":30,"turns":5},{"damage":20,"enemies":"Snake Plant","floor":31,"turns":4},{"damage":16,"enemies":"Automaton","floor":33,"turns":8},{"damage":39,"enemies":"3 Darklings","floor":35,"turns":6},{"damage":0,"enemies":"3 Shapes","floor":39,"turns":4},{"damage":62,"enemies":"Nemesis","floor":41,"turns":5},{"damage":7,"enemies":"Maw","floor":42,"turns":7},{"damage":0,"enemies":"Transient","floor":46,"turns":5},{"damage":67,"enemies":"Awakened One","floor":50,"turns":10},{"damage":91,"enemies":"Shield and Spear","floor":54,"turns":5}],"seed_played":"1429334463539171343","potions_obtained":[{"floor":4,"key":"GamblersBrew"},{"floor":8,"key":"Dexterity Potion"},{"floor":11,"key":"Ancient Potion"},{"floor":16,"key":"BlessingOfTheForge"},{"floor":27,"key":"Regen Potion"},{"floor":28,"key":"AttackPotion"},{"floor":30,"key":"BlessingOfTheForge"},{"floor":33,"key":"Block Potion"},{"floor":35,"key":"EssenceOfDarkness"},{"floor":41,"key":"EssenceOfSteel"},{"floor":46,"key":"GamblersBrew"}],"is_trial":false,"path_per_floor":["M","?","M","M","?","R","E","M","T","R","M","R","M","E","R","B",null,"M","?","?","M","$","R","M","R","T","M","M","R","E","M","R","B",null,"M","?","?","$","M","R","E","M","T","R","T","M","?","$","R","B",null,"R","$","E"],"character_chosen":"DEFECT","items_purchased":["Runic Capacitor","Apotheosis+1","Frozen Egg 2","Whetstone","Fire Potion","TungstenRod","Blind+1","Strength Potion","Ball Lightning","Heatsinks+1"],"campfire_rested":4,"item_purchase_floors":[22,22,38,38,38,48,48,48,48,53],"current_hp_per_floor":[74,74,72,66,48,70,55,54,54,54,52,52,52,41,41,34,79,65,65,65,53,53,53,44,67,67,65,44,44,41,41,65,61,83,56,77,77,77,85,85,33,48,48,74,74,86,86,86,86,29,89,89,89,0,0],"gold":15,"neow_bonus":"RANDOM_COMMON_RELIC","is_daily":false,"chose_seed":false,"campfire_upgraded":7,"win_rate":0.0,"timestamp":1614349252,"path_taken":["M","?","?","M","?","R","E","M","T","R","M","R","M","E","R","BOSS","M","?","?","M","$","R","M","R","T","M","M","R","E","M","R","BOSS","M","?","?","$","M","R","E","M","T","R","?","?","?","$","R","BOSS","R","$","E"],"items_purchased_type":["Relic","Card","Relic","Relic","Potion","Relic","Card","Potion","Card","Card"],"build_version":"2020-12-22","purchased_purges":1,"victory":false,"max_hp_per_floor":[75,75,75,75,75,75,77,77,77,77,77,77,77,79,79,79,79,79,79,79,79,79,79,79,79,79,79,81,81,81,81,81,83,83,85,85,85,85,85,85,85,87,87,87,87,89,89,89,89,89,89,89,89,89,89],"card_choices":[{"not_picked":["Go for the Eyes","Rip and Tear"],"picked":"Chill","floor":1},{"not_picked":["Reinforced Body","Rebound"],"picked":"Streamline","floor":3},{"not_picked":["FTL","Gash"],"picked":"Leap","floor":4},{"not_picked":["Go for the Eyes","Conserve Battery","Barrage"],"picked":"Singing Bowl","floor":7},{"not_picked":["Conserve Battery","Steam Power"],"picked":"Sweeping Beam","floor":8},{"not_picked":["Go for the Eyes","Tempest+1"],"picked":"Consume+1","floor":11},{"not_picked":["All For One","Leap+1"],"picked":"Redo+1","floor":13},{"not_picked":["Tempest+1","Sweeping Beam","Blizzard"],"picked":"Singing Bowl","floor":14},{"not_picked":["All For One","Core Surge"],"picked":"Echo Form","floor":16},{"not_picked":["Ball Lightning","Streamline"],"picked":"Turbo+1","floor":18},{"not_picked":["Barrage+1","Steam+1"],"picked":"Self Repair","floor":21},{"not_picked":["Hello World+1","Coolheaded+1"],"picked":"Defragment","floor":24},{"not_picked":["Barrage+1","Cold Snap+1"],"picked":"Steam+1","floor":27},{"not_picked":["Compile Driver","Chill+1","Barrage"],"picked":"Singing Bowl","floor":28},{"not_picked":["Skim+1","Melter"],"picked":"Steam Power+1","floor":30},{"not_picked":["Fusion+1","Steam+1"],"picked":"Compile Driver+1","floor":31},{"not_picked":["Multi-Cast+1","Machine Learning","Amplify+1"],"picked":"Singing Bowl","floor":33},{"not_picked":["Barrage","Redo+1","Beam Cell"],"picked":"Singing Bowl","floor":35},{"not_picked":["Compile Driver+1","Rebound+1"],"picked":"Aggregate+1","floor":39},{"not_picked":["Compile Driver","Recycle+1"],"picked":"Defragment+1","floor":41},{"not_picked":["FTL","Reprogram+1","Cold Snap"],"picked":"Singing Bowl","floor":42},{"not_picked":["Barrage+1","Sunder+1","Sweeping Beam+1"],"picked":"Singing Bowl","floor":46}],"player_experience":677702,"relics_obtained":[{"floor":7,"key":"Singing Bowl"},{"floor":9,"key":"Toxic Egg 2"},{"floor":14,"key":"Blue Candle"},{"floor":26,"key":"MawBank"},{"floor":30,"key":"Symbiotic Virus"},{"floor":41,"key":"Omamori"},{"floor":45,"key":"Bag of Preparation"}],"event_choices":[{"damage_healed":0,"gold_gain":0,"player_choice":"2 cards matched","damage_taken":0,"max_hp_gain":0,"max_hp_loss":0,"event_name":"Match and Keep!","floor":2,"gold_loss":0,"cards_obtained":["Panacea","Biased Cognition"]},{"damage_healed":0,"gold_gain":0,"player_choice":"Take Damage","damage_taken":18,"relics_obtained":["Golden Idol"],"max_hp_gain":0,"max_hp_loss":0,"event_name":"Golden Idol","floor":5,"gold_loss":0},{"cards_removed":["Defend_B"],"damage_healed":0,"gold_gain":0,"player_choice":"Gave Gold","damage_taken":0,"max_hp_gain":0,"max_hp_loss":0,"event_name":"Beggar","floor":19,"gold_loss":75},{"damage_healed":0,"gold_gain":99,"player_choice":"Stole From Cult","damage_taken":0,"max_hp_gain":0,"max_hp_loss":0,"event_name":"Nest","floor":20,"gold_loss":0},{"damage_healed":21,"gold_gain":0,"player_choice":"Writhe","damage_taken":0,"max_hp_gain":0,"max_hp_loss":0,"event_name":"Winding Halls","floor":36,"gold_loss":0,"cards_obtained":["Writhe"]},{"damage_healed":0,"gold_gain":0,"player_choice":"Ignored","damage_taken":0,"max_hp_gain":0,"max_hp_loss":0,"event_name":"Tomb of Lord Red Mask","floor":37,"gold_loss":0},{"damage_healed":0,"gold_gain":333,"player_choice":"Gave Idol","damage_taken":0,"max_hp_gain":0,"max_hp_loss":0,"event_name":"The Moai Head","floor":47,"relics_lost":["Golden Idol"],"gold_loss":0}],"is_beta":false,"boss_relics":[{"not_picked":["Fusion Hammer","Tiny House"],"picked":"Philosopher\u0027s Stone"},{"not_picked":["Runic Dome","Sozu"],"picked":"Inserter"}],"items_purged_floors":[38],"is_endless":false,"potions_floor_spawned":[4,8,11,16,27,28,30,33,35,41,46],"killed_by":"Shield and Spear","ascension_level":0}}