{"host":"vx9g5eyuglzorf3u","time":1614370143,"event":{"mods":["2.2 Compatiblity","BaseMod","DeckTracker","Keyboard Shortcuts","Minty Spire (QoL Compilation)","StSLib","SuperFastMode","everything is the same but u backflip on backflip"],"gold_per_floor":[119,44,58,78,78,78,108,108,154,170,170,55,55,74,74,165,165,183,201,91,104,18,18,33,33,60,100,123,123,123],"floor_reached":29,"language":"KOR","playtime":643,"items_purged":["Strike_P"],"score":540,"play_id":"b329f39e-3ec4-40a3-85f2-9fe602e6b117","local_time":"20210227050903","is_ascension_mode":true,"campfire_choices":[{"data":"Eruption","floor":6.0,"key":"SMITH"},{"floor":8.0,"key":"REST"},{"data":"Meditate","floor":15.0,"key":"SMITH"},{"data":"Adaptation","floor":23,"key":"SMITH"},{"data":"MentalFortress","floor":25,"key":"SMITH"}],"circlet_count":0,"master_deck":["AscendersBane","Strike_P","Defend_P","Eruption+1","Vigilance","ReachHeaven","Meditate+1","CrushJoints","WheelKick","MentalFortress+1","Adaptation+1","DeusExMachina+1","FearNoEvil"],"relics":["PureWater","Pen Nib","Ancient Tea Set","Golden Idol","Sozu","Strawberry","TeardropLocket"],"acts_visited":["Exordium","TheCity"],"potions_floor_usage":[],"damage_taken":[{"damage":7.0,"enemies":"2 Louse","floor":1.0,"turns":3.0},{"damage":3.0,"enemies":"Small Slimes","floor":3.0,"turns":2.0},{"damage":4.0,"enemies":"Jaw Worm","floor":4.0,"turns":3.0},{"damage":27.0,"enemies":"3 Sentries","floor":7.0,"turns":5.0},{"damage":1.0,"enemies":"Exordium Wildlife","floor":10.0,"turns":2.0},{"damage":6.0,"enemies":"2 Fungi Beasts","floor":14.0,"turns":4.0},{"damage":18.0,"enemies":"Hexaghost","floor":16.0,"turns":5.0},{"damage":0.0,"enemies":"Chosen","floor":18.0,"turns":3.0},{"damage":15.0,"enemies":"2 Thieves","floor":19.0,"turns":3.0},{"damage":0,"enemies":"Snake Plant","floor":21,"turns":2},{"damage":0,"enemies":"3 Cultists","floor":24,"turns":2},{"damage":15,"enemies":"Gremlin Leader","floor":27,"turns":4},{"damage":14,"enemies":"Centurion and Healer","floor":28,"turns":3},{"damage":11,"enemies":"Sentry and Sphere","floor":29,"turns":2}],"seed_played":"-8214399786375631297","potions_obtained":[{"floor":7.0,"key":"Fire Potion"},{"floor":14.0,"key":"Weak Potion"}],"is_trial":false,"path_per_floor":["M","?","M","M","?","R","E","R","T","M","?","$","$","M","R","B",null,"M","M","?","M","$","R","M","R","T","E","M","M"],"character_chosen":"WATCHER","items_purchased":["Adaptation","FearNoEvil"],"campfire_rested":1,"item_purchase_floors":[12,22],"current_hp_per_floor":[54,54,51,47,47,47,20,38,38,37,37,37,37,31,31,13,45,45,30,30,30,30,30,30,30,37,22,8,0,0],"gold":123,"neow_bonus":"TRANSFORM_TWO_CARDS","is_daily":false,"chose_seed":false,"campfire_upgraded":4,"win_rate":0.0,"timestamp":1614370143,"path_taken":["M","?","M","M","?","R","E","R","T","M","?","?","$","?","R","BOSS","M","M","?","?","$","R","M","R","T","E","M","M"],"items_purchased_type":["Card","Card"],"build_version":"2020-12-22","purchased_purges":1,"victory":false,"max_hp_per_floor":[62,62,62,62,62,62,62,62,62,62,56,56,56,56,56,56,56,56,56,56,56,56,56,56,56,63,63,63,63,63],"card_choices":[{"not_picked":["SashWhip","PathToVictory","Crescendo"],"picked":"SKIP","floor":1.0},{"not_picked":["ClearTheMind","Study"],"picked":"CrushJoints","floor":3.0},{"not_picked":["Pray","Wireheading"],"picked":"WheelKick","floor":4.0},{"not_picked":["JustLucky","CutThroughFate"],"picked":"MentalFortress","floor":7.0},{"not_picked":["Study","PathToVictory","WheelKick"],"picked":"SKIP","floor":10.0},{"not_picked":["CarveReality","CutThroughFate","PathToVictory"],"picked":"SKIP","floor":14.0},{"not_picked":["Judgement","DevaForm"],"picked":"DeusExMachina","floor":16.0},{"not_picked":["Swivel","BattleHymn","Halt"],"picked":"SKIP","floor":18.0},{"not_picked":["Consecrate","Indignation","Study"],"picked":"SKIP","floor":19.0},{"not_picked":["Pray","Evaluate","MentalFortress"],"picked":"SKIP","floor":21},{"not_picked":["CrushJoints","FearNoEvil+1","CutThroughFate+1"],"picked":"SKIP","floor":24},{"not_picked":["Wireheading","FearNoEvil+1","Halt"],"picked":"SKIP","floor":27},{"not_picked":["FearNoEvil","Wish","ThirdEye"],"picked":"SKIP","floor":28}],"player_experience":1552919,"relics_obtained":[{"floor":7.0,"key":"Pen Nib"},{"floor":9.0,"key":"Ancient Tea Set"},{"floor":26,"key":"Strawberry"},{"floor":27,"key":"TeardropLocket"}],"event_choices":[{"cards_removed":["Defend_P"],"damage_healed":0.0,"max_hp_gain":0.0,"max_hp_loss":0.0,"gold_gain":0.0,"event_name":"The Cleric","player_choice":"Card Removal","floor":2.0,"gold_loss":75.0,"damage_taken":0.0},{"cards_removed":["Strike_P"],"damage_healed":0.0,"max_hp_gain":0.0,"max_hp_loss":0.0,"gold_gain":0.0,"event_name":"Living Wall","player_choice":"Forget","floor":5.0,"gold_loss":0.0,"damage_taken":0.0},{"damage_healed":0.0,"max_hp_gain":0.0,"max_hp_loss":6.0,"gold_gain":0.0,"event_name":"Golden Idol","player_choice":"Lose Max HP","floor":11.0,"gold_loss":0.0,"damage_taken":0.0,"relics_obtained":["Golden Idol"]},{"cards_removed":["Defend_P"],"damage_healed":0,"gold_gain":0,"player_choice":"Upgrade and Remove","damage_taken":0,"max_hp_gain":0,"max_hp_loss":0,"event_name":"Designer","floor":20,"gold_loss":110,"cards_upgraded":["DeusExMachina"]}],"is_beta":false,"boss_relics":[{"not_picked":["Velvet Choker","Cursed Key"],"picked":"Sozu"}],"items_purged_floors":[12],"is_endless":false,"potions_floor_spawned":[7,14,16,21,27,28],"killed_by":"Sentry and Sphere","ascension_level":20}}