{"host":"Slaske","time":1614360499,"event":{"mods":["AchievementEnabler","BaseMod","Colored Map","Colored Powertips","Minty Spire (QoL Compilation)","Random Character Button","Relic Stats","slay the spire mod where everything is the same but ironclad has a cowboy hat"],"gold_per_floor":[118,193,46,63,81,111,111,123,123,298,298,323,343,343,343],"floor_reached":14,"language":"ENG","playtime":3757,"items_purged":["Decay"],"score":120,"play_id":"2224f6de-aa2b-4311-b387-0336dc21cd7a","local_time":"20210226182819","is_ascension_mode":true,"campfire_choices":[{"data":"Genetic Algorithm","floor":7,"key":"SMITH"}],"circlet_count":0,"master_deck":["Strike_B","Strike_B","Strike_B","Strike_B","Defend_B","Defend_B","Defend_B","Defend_B","Zap","Dualcast","Beam Cell","White Noise","Conserve Battery","Force Field","Genetic Algorithm+1","Go for the Eyes","Genetic Algorithm"],"relics":["Cracked Core","Torii","Strawberry","Bronze Scales","Matryoshka"],"acts_visited":["Exordium"],"potions_floor_usage":[6,12,14],"damage_taken":[{"damage":1,"enemies":"Jaw Worm","floor":1,"turns":3},{"damage":0,"enemies":"Small Slimes","floor":4,"turns":3},{"damage":1,"enemies":"2 Louse","floor":5,"turns":2},{"damage":13,"enemies":"3 Sentries","floor":6,"turns":8},{"damage":8,"enemies":"Exordium Wildlife","floor":8,"turns":5},{"damage":14,"enemies":"Lagavulin","floor":12,"turns":6},{"damage":0,"enemies":"2 Fungi Beasts","floor":13,"turns":3},{"damage":38,"enemies":"Gremlin Nob","floor":14,"turns":4}],"seed_played":"-340469483282060770","potions_obtained":[{"floor":4,"key":"DuplicationPotion"},{"floor":8,"key":"Energy Potion"},{"floor":12,"key":"Weak Potion"},{"floor":13,"key":"Weak Potion"}],"is_trial":false,"path_per_floor":["M","?","$","M","M","E","R","M","T","?","?","E","M","E"],"character_chosen":"DEFECT","items_purchased":["White Noise"],"campfire_rested":0,"item_purchase_floors":[3],"current_hp_per_floor":[74,63,63,63,62,56,56,48,48,48,48,34,34,0,0],"gold":343,"neow_bonus":"ONE_RARE_RELIC","is_daily":false,"chose_seed":false,"campfire_upgraded":1,"win_rate":0.0,"timestamp":1614360499,"path_taken":["M","?","$","M","M","E","R","M","T","?","?","E","?","E"],"items_purchased_type":["Card"],"build_version":"2020-12-18","purchased_purges":1,"victory":false,"max_hp_per_floor":[75,75,75,75,75,82,82,82,82,82,82,82,82,82,82],"relic_stats":{"Torii":13,"counters":[8,34],"Bronze Scales":[24],"obtain_stats":[{"Matryoshka":12,"Torii":0,"Strawberry":6,"Bronze Scales":9,"Cracked Core":0},{"Matryoshka":6,"Torii":0,"Strawberry":4,"Bronze Scales":5,"Cracked Core":0},{"Matryoshka":27,"Torii":0,"Strawberry":16,"Bronze Scales":21,"Cracked Core":0}]},"card_choices":[{"not_picked":["Rip and Tear","Compile Driver"],"picked":"Beam Cell","floor":1},{"not_picked":["Turbo","Beam Cell"],"picked":"Conserve Battery","floor":4},{"not_picked":["Hologram","Sweeping Beam"],"picked":"Force Field","floor":5},{"not_picked":["Ball Lightning","Streamline"],"picked":"Genetic Algorithm","floor":6},{"not_picked":["Chaos","Steam"],"picked":"Go for the Eyes","floor":8},{"not_picked":["Cold Snap","Beam Cell","Stack"],"picked":"SKIP","floor":12},{"not_picked":["Rip and Tear","Stack"],"picked":"Genetic Algorithm","floor":13}],"player_experience":569930,"relics_obtained":[{"floor":6,"key":"Strawberry"},{"floor":9,"key":"Bronze Scales"},{"floor":12,"key":"Matryoshka"}],"event_choices":[{"damage_healed":0,"gold_gain":75,"player_choice":"Gather Gold","damage_taken":11,"max_hp_gain":0,"max_hp_loss":0,"event_name":"World of Goop","floor":2,"gold_loss":0},{"damage_healed":0,"gold_gain":175,"player_choice":"AGREE","damage_taken":0,"max_hp_gain":0,"max_hp_loss":0,"event_name":"Liars Game","floor":10,"gold_loss":0,"cards_obtained":["Doubt"]},{"cards_removed":["Doubt"],"damage_healed":0,"gold_gain":0,"player_choice":"Forget","damage_taken":0,"max_hp_gain":0,"max_hp_loss":0,"event_name":"Living Wall","floor":11,"gold_loss":0}],"is_beta":true,"boss_relics":[],"items_purged_floors":[3],"is_endless":false,"potions_floor_spawned":[4,8,12,13],"killed_by":"Gremlin Nob","ascension_level":4}}