{"host":"test","time":1614358814,"event":{"mods":["BaseMod","Bestiary","Colored Map","Colored Powertips","Minty Spire (QoL Compilation)","Relic Stats","Slay the Relics Exporter","SpireBot","StSLib","ojb\u0027s Better Paths Mod","ojb\u0027s Info Mod: The sequel"],"gold_per_floor":[368,7,22,22,41,66,66,66,92,111,122,122,153,171,171,246,246,265,283,23,40,57,57,84,103,129,44,69,110,122,134,146,232,244,274,311,323,354,380,426,438,450,450],"floor_reached":42,"language":"JPN","playtime":2362,"items_purged":["Defend_G","Strike_G"],"score":1060,"play_id":"f5dc7e9c-d5f5-4225-a91f-b25a07e33d08","local_time":"20210227020014","is_ascension_mode":true,"campfire_choices":[{"data":"Noxious Fumes","floor":8.0,"key":"SMITH"},{"data":"Catalyst","floor":15.0,"key":"SMITH"},{"data":"Envenom","floor":23.0,"key":"SMITH"},{"data":"Well Laid Plans","floor":30.0,"key":"SMITH"},{"floor":32.0,"key":"REST"},{"data":"Night Terror","floor":41.0,"key":"SMITH"}],"circlet_count":0,"master_deck":["AscendersBane","Strike_G","Strike_G","Strike_G","Strike_G","Defend_G","Defend_G","Defend_G","Defend_G","Survivor","Neutralize","Dash","Catalyst+1","Noxious Fumes+1","All Out Attack","Skewer","Envenom+1","Well Laid Plans+1","Deadly Poison","Backflip","Venomology","CurseOfTheBell","PiercingWail","Leg Sweep","PiercingWail","Outmaneuver+1","Calculated Gamble","Acrobatics","Corpse Explosion","Catalyst+1","Acrobatics","Night Terror+1","Dodge and Roll+1","Backflip+1","Blade Dance","Cloak And Dagger+1"],"relics":["Ring of the Snake","Vajra","Dream Catcher","White Beast Statue","Bronze Scales","Kunai","Calling Bell","Potion Belt","Meat on the Bone","StoneCalendar","ClockworkSouvenir","Juzu Bracelet","Blood Vial","MawBank","Snake Skull","Cursed Key","Shovel","The Specimen"],"acts_visited":["Exordium","TheCity","TheBeyond"],"potions_floor_usage":[42,42],"damage_taken":[{"damage":3.0,"enemies":"2 Louse","floor":1.0,"turns":3.0},{"damage":0.0,"enemies":"Jaw Worm","floor":3.0,"turns":4.0},{"damage":0.0,"enemies":"Cultist","floor":5.0,"turns":4.0},{"damage":14.0,"enemies":"Gremlin Nob","floor":6.0,"turns":4.0},{"damage":14.0,"enemies":"Large Slime","floor":10.0,"turns":5.0},{"damage":11.0,"enemies":"Lots of Slimes","floor":11.0,"turns":3.0},{"damage":25.0,"enemies":"3 Sentries","floor":13.0,"turns":6.0},{"damage":5.0,"enemies":"3 Louse","floor":14.0,"turns":3.0},{"damage":32.0,"enemies":"The Guardian","floor":16.0,"turns":9.0},{"damage":44.0,"enemies":"Shell Parasite","floor":18.0,"turns":7.0},{"damage":2.0,"enemies":"3 Byrds","floor":19.0,"turns":3.0},{"damage":12.0,"enemies":"Snake Plant","floor":21.0,"turns":6.0},{"damage":14.0,"enemies":"Centurion and Healer","floor":22.0,"turns":7.0},{"damage":39.0,"enemies":"Slavers","floor":24.0,"turns":6.0},{"damage":12.0,"enemies":"Chosen and Byrds","floor":25.0,"turns":6.0},{"damage":5.0,"enemies":"Snecko","floor":28.0,"turns":5.0},{"damage":20.0,"enemies":"Gremlin Leader","floor":29.0,"turns":6.0},{"damage":46.0,"enemies":"Automaton","floor":33.0,"turns":7.0},{"damage":12.0,"enemies":"3 Darklings","floor":35.0,"turns":3.0},{"damage":0.0,"enemies":"Mind Bloom Boss Battle","floor":36.0,"turns":4.0},{"damage":34.0,"enemies":"2 Orb Walkers","floor":37.0,"turns":5.0},{"damage":0.0,"enemies":"3 Shapes","floor":38.0,"turns":6.0},{"damage":9.0,"enemies":"Maw","floor":39.0,"turns":6.0},{"damage":8.0,"enemies":"Nemesis","floor":40.0,"turns":3.0},{"damage":50,"enemies":"Giant Head","floor":42,"turns":5}],"seed_played":"-7284425191585391071","potions_obtained":[{"floor":5.0,"key":"Block Potion"},{"floor":6.0,"key":"Ancient Potion"},{"floor":10.0,"key":"Swift Potion"},{"floor":11.0,"key":"PowerPotion"},{"floor":13.0,"key":"Energy Potion"},{"floor":16.0,"key":"Energy Potion"},{"floor":18.0,"key":"Regen Potion"},{"floor":19.0,"key":"DuplicationPotion"},{"floor":22.0,"key":"GamblersBrew"},{"floor":24.0,"key":"Weak Potion"},{"floor":35.0,"key":"SkillPotion"},{"floor":36.0,"key":"CunningPotion"},{"floor":38.0,"key":"Explosive Potion"},{"floor":39.0,"key":"Dexterity Potion"},{"floor":40.0,"key":"Weak Potion"}],"is_trial":false,"path_per_floor":["M","$","M","?","M","E","?","R","T","M","M","?","E","M","R","B",null,"M","M","$","M","M","R","E","M","T","?","M","E","R","?","R","B",null,"M","?","?","M","M","E","R","E"],"character_chosen":"THE_SILENT","items_purchased":["Catalyst","Noxious Fumes","Vajra","ClockworkSouvenir"],"campfire_rested":1,"item_purchase_floors":[2,2,2,20],"current_hp_per_floor":[56,56,56,61,61,47,47,47,47,33,22,65,40,35,35,3,50,18,28,28,28,41,41,28,28,28,28,37,31,31,31,50,18,53,43,45,25,39,47,41,41,0,0],"gold":450,"neow_bonus":"TWO_FIFTY_GOLD","is_daily":false,"chose_seed":true,"campfire_upgraded":5,"win_rate":0.0,"timestamp":1614358814,"path_taken":["M","$","M","?","M","E","?","R","T","M","?","?","E","M","R","BOSS","M","M","$","M","?","R","E","M","T","?","M","E","R","?","R","BOSS","M","?","?","M","M","E","R","E"],"items_purchased_type":["Card","Card","Relic","Relic"],"build_version":"2020-12-18","purchased_purges":2,"victory":false,"max_hp_per_floor":[60,60,60,65,65,65,65,65,65,65,65,65,65,65,65,65,65,65,65,65,65,65,65,65,65,65,65,65,65,65,65,65,65,65,65,65,65,65,65,65,65,65,65],"relic_stats":{"counters":[25,126],"StoneCalendar":[69],"Snake Skull":[59],"Juzu Bracelet":1,"MawBank":180,"Cursed Key":0,"Blood Vial":20,"Dream Catcher":1,"Shovel":0,"Bronze Scales":[387],"Kunai":[6],"obtain_stats":[{"Potion Belt":17,"The Specimen":40,"Vajra":2,"StoneCalendar":17,"Snake Skull":29,"Juzu Bracelet":24,"MawBank":27,"Cursed Key":34,"White Beast Statue":7,"ClockworkSouvenir":20,"Calling Bell":17,"Blood Vial":26,"Dream Catcher":6,"Shovel":36,"Bronze Scales":9,"Kunai":13,"Ring of the Snake":0,"Meat on the Bone":17},{"Potion Belt":9,"The Specimen":24,"Vajra":1,"StoneCalendar":9,"Snake Skull":17,"Juzu Bracelet":14,"MawBank":15,"Cursed Key":18,"White Beast Statue":4,"ClockworkSouvenir":11,"Calling Bell":9,"Blood Vial":15,"Dream Catcher":4,"Shovel":20,"Bronze Scales":4,"Kunai":7,"Ring of the Snake":0,"Meat on the Bone":9},{"Potion Belt":41,"The Specimen":121,"Vajra":3,"StoneCalendar":41,"Snake Skull":87,"Juzu Bracelet":70,"MawBank":76,"Cursed Key":94,"White Beast Statue":15,"ClockworkSouvenir":51,"Calling Bell":41,"Blood Vial":76,"Dream Catcher":15,"Shovel":101,"Bronze Scales":15,"Kunai":29,"Ring of the Snake":0,"Meat on the Bone":41}],"Ring of the Snake":[50],"Meat on the Bone":132},"card_choices":[{"not_picked":["Blade Dance","Sucker Punch"],"picked":"Dash","floor":1.0},{"not_picked":["Bane","Dash"],"picked":"All Out Attack","floor":3.0},{"not_picked":["Burst","Underhanded Strike"],"picked":"Skewer","floor":5.0},{"not_picked":["Choke","Heel Hook"],"picked":"Envenom","floor":6.0},{"not_picked":["Slice","Sucker Punch"],"picked":"Well Laid Plans","floor":10.0},{"not_picked":["PiercingWail","Cloak And Dagger"],"picked":"Deadly Poison","floor":11.0},{"not_picked":["Finisher","Heel Hook","Flying Knee"],"picked":"SKIP","floor":13.0},{"not_picked":["Underhanded Strike","Sucker Punch"],"picked":"Backflip","floor":14.0},{"not_picked":["Envenom","Doppelganger"],"picked":"Venomology","floor":16.0},{"not_picked":["Concentrate","Expertise"],"picked":"PiercingWail","floor":18.0},{"not_picked":["Flechettes","PiercingWail+1"],"picked":"Leg Sweep","floor":19.0},{"not_picked":["Flechettes","Poisoned Stab"],"picked":"PiercingWail","floor":21.0},{"not_picked":["Flechettes","Footwork"],"picked":"Outmaneuver+1","floor":22.0},{"not_picked":["Distraction","Heel Hook"],"picked":"Calculated Gamble","floor":24.0},{"not_picked":["Predator+1","Outmaneuver+1"],"picked":"Acrobatics","floor":25.0},{"not_picked":["A Thousand Cuts","Poisoned Stab","Bane"],"picked":"SKIP","floor":28.0},{"not_picked":["Setup","Terror"],"picked":"Corpse Explosion","floor":29.0},{"not_picked":["Slice","Reflex"],"picked":"Acrobatics","floor":32.0},{"not_picked":["Grand Finale","Phantasmal Killer"],"picked":"Night Terror","floor":33.0},{"not_picked":["Underhanded Strike+1","Deadly Poison"],"picked":"Dodge and Roll+1","floor":35.0},{"not_picked":["Underhanded Strike+1","Storm of Steel"],"picked":"Backflip+1","floor":38.0},{"not_picked":["Sucker Punch","Slice"],"picked":"Blade Dance","floor":39.0},{"not_picked":["Acrobatics","Dodge and Roll"],"picked":"Cloak And Dagger+1","floor":40.0}],"player_experience":2145933,"relics_obtained":[{"floor":6.0,"key":"Dream Catcher"},{"floor":9.0,"key":"Bronze Scales"},{"floor":13.0,"key":"Kunai"},{"floor":17.0,"key":"Potion Belt"},{"floor":17.0,"key":"Meat on the Bone"},{"floor":17.0,"key":"StoneCalendar"},{"floor":24.0,"key":"Juzu Bracelet"},{"floor":26.0,"key":"Blood Vial"},{"floor":29.0,"key":"Snake Skull"},{"floor":36.0,"key":"Shovel"},{"floor":40.0,"key":"The Specimen"}],"event_choices":[{"damage_healed":0.0,"max_hp_gain":5.0,"max_hp_loss":0.0,"gold_gain":0.0,"event_name":"Big Fish","player_choice":"Donut","floor":4.0,"gold_loss":0.0,"damage_taken":0.0},{"damage_healed":0.0,"max_hp_gain":0.0,"max_hp_loss":0.0,"gold_gain":0.0,"event_name":"WeMeetAgain","player_choice":"Gave Potion","floor":7.0,"gold_loss":0.0,"damage_taken":0.0,"relics_obtained":["White Beast Statue"]},{"damage_healed":43.0,"max_hp_gain":0.0,"max_hp_loss":0.0,"gold_gain":0.0,"event_name":"Wheel of Change","player_choice":"Full Heal","floor":12.0,"gold_loss":0.0,"damage_taken":0.0},{"damage_healed":0.0,"max_hp_gain":0.0,"max_hp_loss":0.0,"gold_gain":0.0,"event_name":"Addict","player_choice":"Obtained Relic","floor":27.0,"gold_loss":85.0,"damage_taken":0.0,"relics_obtained":["MawBank"]},{"damage_healed":0.0,"max_hp_gain":0.0,"max_hp_loss":0.0,"gold_gain":0.0,"event_name":"Duplicator","player_choice":"Copied","floor":31.0,"gold_loss":0.0,"damage_taken":0.0,"cards_obtained":["Catalyst"]},{"damage_healed":0.0,"max_hp_gain":0.0,"max_hp_loss":0.0,"gold_gain":0.0,"event_name":"MindBloom","player_choice":"Fight","floor":36.0,"gold_loss":0.0,"damage_taken":0.0},{"damage_healed":0.0,"max_hp_gain":0.0,"max_hp_loss":0.0,"gold_gain":0.0,"event_name":"Mysterious Sphere","player_choice":"Fight","floor":37.0,"gold_loss":0.0,"damage_taken":0.0}],"is_beta":true,"boss_relics":[{"not_picked":["Ring of the Serpent","Velvet Choker"],"picked":"Calling Bell"},{"not_picked":["SlaversCollar","Black Star"],"picked":"Cursed Key"}],"items_purged_floors":[2,20],"is_endless":false,"potions_floor_spawned":[5,6,10,11,13,14,16,18,19,21,22,24,25,28,29,33,35,36,37,38,39,40],"killed_by":"Giant Head","ascension_level":20}}