{"host":"e7sl0pd4xxdbbdh2","time":1614362572,"event":{"mods":["AchievementEnabler","BaseMod","Colored Map","Colored Powertips","Minty Spire (QoL Compilation)","StSLib"],"gold_per_floor":[114,129,22,22,22,60,60,98,148,186,186,186,186,224,224,349,349,368,368,387,241,260,298,317,355,380,418,437,437,475,494,494,619,619,638,638,638,140,159,159,197,216,241,241,288,316,363,391,391,391],"floor_reached":51,"language":"SPA","playtime":3539,"items_purged":["Zap","Strike_B+1"],"score":1116,"play_id":"fb1a85d1-0f33-4401-adf9-1ea6844015db","local_time":"20210226150252","daily_mods":["Chimera","Time Dilation","Elite Swarm"],"is_ascension_mode":false,"campfire_choices":[{"data":"Doom and Gloom","floor":7,"key":"SMITH"},{"data":"Electrodynamics","floor":12,"key":"SMITH"},{"floor":15,"key":"REST"},{"data":"Darkness","floor":29,"key":"SMITH"},{"data":"Seek","floor":32,"key":"SMITH"},{"data":"Creative AI","floor":40,"key":"SMITH"},{"data":"Reboot","floor":44,"key":"SMITH"},{"data":"Fission","floor":49,"key":"SMITH"}],"circlet_count":0,"master_deck":["Bash","Survivor","Strike_R+1","Strike_G+1","Defend_R+1","Defend_G+1","Defend_P+1","Go for the Eyes","Sweeping Beam","Doom and Gloom+1","Turbo","Injury","Reboot+1","Hyperbeam+1","Electrodynamics+1","Regret","Core Surge","Multi-Cast","Cold Snap","Conserve Battery","Defragment","Glacier","Amplify","Compile Driver","Creative AI+1","Seek+1","Darkness+1","Machine Learning","Consume+1","Biased Cognition","Steam+1","PanicButton","PanicButton","Enlightenment","Panacea","Fusion+1","Echo Form","Parasite","Recycle","Biased Cognition","Loop","Fission+1","Sweeping Beam+1"],"relics":["Cracked Core","Golden Idol","Bag of Preparation","Happy Flower","Potion Belt","Bag of Marbles","Gambling Chip","CaptainsWheel","Coffee Dripper","Akabeko","Question Card","Lantern","Blood Vial","Dream Catcher","Runic Pyramid","Toolbox","Strawberry","Eternal Feather","CeramicFish","Prayer Wheel","Molten Egg 2"],"acts_visited":["Exordium","TheCity","TheBeyond"],"potions_floor_usage":[8,27,27,27,33,42,46],"damage_taken":[{"damage":0,"enemies":"2 Louse","floor":1,"turns":3},{"damage":0,"enemies":"Small Slimes","floor":2,"turns":4},{"damage":20,"enemies":"Gremlin Nob","floor":6,"turns":4},{"damage":10,"enemies":"3 Sentries","floor":8,"turns":3},{"damage":14,"enemies":"Gremlin Nob","floor":10,"turns":3},{"damage":0,"enemies":"3 Sentries","floor":14,"turns":2},{"damage":21,"enemies":"The Guardian","floor":16,"turns":8},{"damage":0,"enemies":"Spheric Guardian","floor":18,"turns":3},{"damage":2,"enemies":"Shell Parasite","floor":20,"turns":3},{"damage":0,"enemies":"Cultist and Chosen","floor":22,"turns":3},{"damage":0,"enemies":"Book of Stabbing","floor":23,"turns":4},{"damage":0,"enemies":"Snecko","floor":24,"turns":3},{"damage":0,"enemies":"Slavers","floor":25,"turns":1},{"damage":0,"enemies":"Book of Stabbing","floor":27,"turns":3},{"damage":0,"enemies":"Shelled Parasite and Fungi","floor":28,"turns":2},{"damage":0,"enemies":"Slavers","floor":30,"turns":1},{"damage":0,"enemies":"Centurion and Healer","floor":31,"turns":1},{"damage":12,"enemies":"Automaton","floor":33,"turns":9},{"damage":0,"enemies":"3 Darklings","floor":35,"turns":1},{"damage":2,"enemies":"3 Shapes","floor":39,"turns":2},{"damage":6,"enemies":"Reptomancer","floor":41,"turns":4},{"damage":0,"enemies":"Writhing Mass","floor":42,"turns":5},{"damage":0,"enemies":"Giant Head","floor":45,"turns":6},{"damage":5,"enemies":"Transient","floor":46,"turns":5},{"damage":0,"enemies":"Reptomancer","floor":47,"turns":5},{"damage":0,"enemies":"Maw","floor":48,"turns":4},{"damage":0,"enemies":"Donu and Deca","floor":50,"turns":9}],"seed_played":"4728103701414758894","potions_obtained":[{"floor":2,"key":"SteroidPotion"},{"floor":6,"key":"Fruit Juice"},{"floor":10,"key":"CultistPotion"},{"floor":18,"key":"ColorlessPotion"},{"floor":24,"key":"Block Potion"},{"floor":25,"key":"SkillPotion"},{"floor":28,"key":"Weak Potion"},{"floor":33,"key":"PotionOfCapacity"},{"floor":35,"key":"Energy Potion"},{"floor":39,"key":"AttackPotion"},{"floor":42,"key":"Weak Potion"},{"floor":46,"key":"Swift Potion"}],"is_trial":false,"path_per_floor":["M","M","$","?","?","E","R","E","T","E","?","R","?","E","R","B",null,"M","?","M","$","M","E","M","E","T","E","M","R","E","M","R","B",null,"M","?","?","$","M","R","E","M","T","R","E","M","E","M","R","B",null],"character_chosen":"DEFECT","items_purchased":["Doom and Gloom","Turbo","Defragment","Toolbox","Strawberry","Panacea"],"campfire_rested":1,"item_purchase_floors":[3,3,21,38,38,38],"current_hp_per_floor":[75,75,75,75,75,55,55,45,45,31,31,31,16,16,38,17,75,75,75,73,73,73,73,73,73,73,73,75,75,75,75,75,63,75,75,65,65,72,72,72,68,75,75,87,87,82,84,86,87,87],"gold":391,"neow_bonus":"","is_daily":true,"chose_seed":false,"campfire_upgraded":7,"win_rate":0.0,"timestamp":1614362572,"path_taken":["M","M","$","?","?","E","R","E","T","E","?","R","?","E","R","BOSS","M","?","M","$","M","E","M","E","T","E","M","R","E","M","R","BOSS","M","?","?","$","M","R","E","M","T","R","E","M","E","M","R","BOSS"],"items_purchased_type":["Card","Card","Card","Relic","Relic","Card"],"build_version":"2020-12-22","purchased_purges":2,"victory":true,"max_hp_per_floor":[75,75,75,75,75,75,75,75,75,75,75,75,75,75,75,75,75,75,75,75,75,75,75,75,75,75,75,75,75,75,75,75,75,75,75,75,75,82,82,82,82,87,87,87,87,87,87,87,87,87],"card_choices":[{"not_picked":["Hologram","Skim"],"picked":"Go for the Eyes","floor":1},{"not_picked":["Redo","Ball Lightning"],"picked":"Sweeping Beam","floor":2},{"not_picked":["All For One","Meteor Strike"],"picked":"Reboot","floor":6},{"not_picked":["Machine Learning","Biased Cognition"],"picked":"Hyperbeam","floor":8},{"not_picked":["Multi-Cast","Meteor Strike"],"picked":"Electrodynamics","floor":10},{"not_picked":["Buffer","Fission"],"picked":"Core Surge","floor":14},{"not_picked":["Core Surge","All For One"],"picked":"Multi-Cast","floor":16},{"not_picked":["Melter","Heatsinks"],"picked":"Cold Snap","floor":18},{"not_picked":["Stack","Redo"],"picked":"Conserve Battery","floor":20},{"not_picked":["Ball Lightning","Coolheaded"],"picked":"Glacier","floor":22},{"not_picked":["Thunder Strike","Seek"],"picked":"Amplify","floor":23},{"not_picked":["Beam Cell","Rebound+1"],"picked":"Compile Driver","floor":24},{"not_picked":["Amplify","Hyperbeam"],"picked":"Creative AI","floor":25},{"not_picked":["Machine Learning","Thunder Strike","Creative AI"],"picked":"Seek","floor":27},{"not_picked":["Gash","Reprogram+1","FTL+1"],"picked":"Darkness","floor":28},{"not_picked":["Creative AI","Electrodynamics","Amplify"],"picked":"Machine Learning","floor":30},{"not_picked":["Steam","Fusion","Gash"],"picked":"Consume+1","floor":31},{"not_picked":["Electrodynamics","All For One","Machine Learning"],"picked":"Biased Cognition","floor":33},{"not_picked":["Beam Cell+1","Go for the Eyes","Hello World+1"],"picked":"Steam+1","floor":35},{"not_picked":["Mind Blast","Blind","Panache"],"picked":"PanicButton","floor":36},{"not_picked":["Jack Of All Trades","Mind Blast","Trip"],"picked":"PanicButton","floor":36},{"not_picked":["HandOfGreed","Secret Technique","Discovery"],"picked":"Enlightenment","floor":36},{"not_picked":["Streamline+1","Heatsinks+1","Sunder"],"picked":"Fusion+1","floor":39},{"not_picked":["Rainbow","Creative AI","Hyperbeam"],"picked":"Echo Form","floor":41},{"not_picked":["Darkness","Barrage+1","Lockon"],"picked":"Recycle","floor":42},{"not_picked":["Amplify","Hyperbeam","Reboot"],"picked":"Biased Cognition","floor":45},{"not_picked":["Reprogram+1","Go for the Eyes+1","Cold Snap+1"],"picked":"Loop","floor":46},{"not_picked":["Redo","Streamline+1","Compile Driver","Beam Cell"],"picked":"SKIP","floor":46},{"not_picked":["Creative AI","Buffer","Amplify"],"picked":"Fission","floor":47},{"not_picked":["Gash+1","Hello World+1","Go for the Eyes+1"],"picked":"Sweeping Beam+1","floor":48},{"not_picked":["Hyperbeam+1","Static Discharge+1","Ball Lightning+1","Sunder+1"],"picked":"SKIP","floor":48}],"player_experience":1700402,"relics_obtained":[{"floor":6,"key":"Bag of Preparation"},{"floor":8,"key":"Happy Flower"},{"floor":9,"key":"Potion Belt"},{"floor":10,"key":"Bag of Marbles"},{"floor":14,"key":"CaptainsWheel"},{"floor":23,"key":"Akabeko"},{"floor":25,"key":"Question Card"},{"floor":26,"key":"Lantern"},{"floor":27,"key":"Blood Vial"},{"floor":30,"key":"Dream Catcher"},{"floor":41,"key":"Eternal Feather"},{"floor":43,"key":"CeramicFish"},{"floor":45,"key":"Prayer Wheel"},{"floor":47,"key":"Molten Egg 2"}],"event_choices":[{"cards_removed":["Eruption"],"damage_healed":0,"gold_gain":0,"player_choice":"Forget","damage_taken":0,"max_hp_gain":0,"max_hp_loss":0,"event_name":"Living Wall","floor":4,"gold_loss":0},{"damage_healed":0,"gold_gain":0,"player_choice":"Take Wound","damage_taken":0,"relics_obtained":["Golden Idol"],"max_hp_gain":0,"max_hp_loss":0,"event_name":"Golden Idol","floor":5,"gold_loss":0,"cards_obtained":["Injury"]},{"damage_healed":0,"gold_gain":0,"player_choice":"Box","damage_taken":0,"relics_obtained":["Gambling Chip"],"max_hp_gain":0,"max_hp_loss":0,"event_name":"Big Fish","floor":11,"gold_loss":0,"cards_obtained":["Regret"]},{"damage_healed":0,"gold_gain":0,"player_choice":"Entered Light","damage_taken":15,"max_hp_gain":0,"max_hp_loss":0,"event_name":"Shining Light","floor":13,"gold_loss":0,"cards_upgraded":["Strike_G","Hyperbeam"]},{"damage_healed":0,"gold_gain":0,"player_choice":"Simplicity","damage_taken":0,"max_hp_gain":0,"max_hp_loss":0,"event_name":"Back to Basics","floor":19,"gold_loss":0,"cards_upgraded":["Strike_R","Strike_B","Defend_R","Defend_G","Defend_P"]},{"damage_healed":0,"gold_gain":0,"player_choice":"Memory 3","damage_taken":10,"max_hp_gain":0,"max_hp_loss":0,"event_name":"SensoryStone","floor":36,"gold_loss":0},{"damage_healed":0,"gold_gain":0,"player_choice":"Ignored","damage_taken":0,"max_hp_gain":0,"max_hp_loss":0,"event_name":"Tomb of Lord Red Mask","floor":37,"gold_loss":0}],"is_beta":false,"boss_relics":[{"not_picked":["Runic Dome","Calling Bell"],"picked":"Coffee Dripper"},{"not_picked":["SlaversCollar","Nuclear Battery"],"picked":"Runic Pyramid"}],"items_purged_floors":[21,38],"is_endless":false,"potions_floor_spawned":[2,6,10,18,24,25,28,33,35,39,42,46,47],"ascension_level":0}}