{"host":"soyfmymeou4emntr","time":1614309426,"event":{"mods":["BaseMod","Custom Start","Minty Spire (QoL Compilation)","Permanent Neow","Relic Sorter","Relic Stats","Robot Space Explorer","StSLib"],"gold_per_floor":[14,14,25,38,50,76,76,105,405,131,150,150,75,94,94,168,168,178,191,5,5,16,41,41,72,72,43,43,53,85,85,85,161,161,180,200,217,217,217,217,245,245,245,255,255,255,285,299,299,299,299],"floor_reached":50,"language":"ENG","playtime":5930,"items_purged":["Strike_P"],"score":1265,"play_id":"736f562a-85e7-4466-85e2-b28c48210103","local_time":"20210225201706","is_ascension_mode":true,"campfire_choices":[{"floor":7.0,"key":"REST"},{"data":"Secret Weapon","floor":12.0,"key":"SMITH"},{"floor":15.0,"key":"REST"},{"floor":24.0,"key":"REST"},{"floor":28.0,"key":"REST"},{"data":"Wireheading","floor":32.0,"key":"SMITH"},{"floor":40,"key":"RECALL"},{"data":"TalkToTheHand","floor":42,"key":"SMITH"},{"data":"DeusExMachina","floor":45,"key":"SMITH"},{"data":"Wallop","floor":49,"key":"SMITH"}],"circlet_count":0,"master_deck":["AscendersBane","Strike_P+1","Strike_P+1","Defend_P+1","Defend_P+1","Defend_P+1","Defend_P+1","Eruption","Vigilance","Metamorphosis","EmptyFist","InnerPeace","ReachHeaven","ThirdEye","Tantrum","Adaptation","FearNoEvil","Secret Weapon+1","Wireheading+1","DeusExMachina+1","CurseOfTheBell","DeceiveReality","Wallop+1","Panache+1","Meditate+1","MentalFortress+1","ClearTheMind","TalkToTheHand+1","InnerPeace","DevaForm+1","Wallop+1","Madness","Madness","Tantrum","CrushJoints+1"],"relics":["PureWater","Oddly Smooth Stone","Gambling Chip","Old Coin","Calling Bell","Lantern","Frozen Egg 2","Bird Faced Urn","TungstenRod","Eternal Feather","Thread and Needle","Coffee Dripper","Blood Vial","Blue Candle","Darkstone Periapt"],"acts_visited":["Exordium","TheCity","TheBeyond"],"potions_floor_usage":[35,41,44],"damage_taken":[{"damage":4.0,"enemies":"Small Slimes","floor":1.0,"turns":4.0},{"damage":6.0,"enemies":"Cultist","floor":3.0,"turns":3.0},{"damage":7.0,"enemies":"Jaw Worm","floor":4.0,"turns":3.0},{"damage":15.0,"enemies":"Large Slime","floor":5.0,"turns":3.0},{"damage":24.0,"enemies":"Lagavulin","floor":6.0,"turns":5.0},{"damage":9.0,"enemies":"3 Sentries","floor":8.0,"turns":4.0},{"damage":0.0,"enemies":"3 Louse","floor":11.0,"turns":2.0},{"damage":0.0,"enemies":"Blue Slaver","floor":14.0,"turns":1.0},{"damage":26.0,"enemies":"The Guardian","floor":16.0,"turns":10.0},{"damage":17.0,"enemies":"2 Thieves","floor":18.0,"turns":4.0},{"damage":0.0,"enemies":"3 Byrds","floor":19.0,"turns":4.0},{"damage":23.0,"enemies":"Cultist and Chosen","floor":22.0,"turns":4.0},{"damage":27.0,"enemies":"Book of Stabbing","floor":23.0,"turns":4.0},{"damage":36.0,"enemies":"Gremlin Leader","floor":25.0,"turns":6.0},{"damage":0.0,"enemies":"Centurion and Healer","floor":29.0,"turns":3.0},{"damage":0.0,"enemies":"Book of Stabbing","floor":30.0,"turns":4.0},{"damage":33.0,"enemies":"Automaton","floor":33.0,"turns":8.0},{"damage":0,"enemies":"3 Darklings","floor":35,"turns":5},{"damage":1,"enemies":"Orb Walker","floor":36,"turns":5},{"damage":7,"enemies":"4 Shapes","floor":37,"turns":4},{"damage":0,"enemies":"Giant Head","floor":41,"turns":7},{"damage":7,"enemies":"3 Darklings","floor":44,"turns":6},{"damage":25,"enemies":"Nemesis","floor":47,"turns":9},{"damage":13,"enemies":"Maw","floor":48,"turns":7},{"damage":72,"enemies":"Time Eater","floor":50,"turns":5}],"seed_played":"-1632390329695731822","potions_obtained":[{"floor":4.0,"key":"AttackPotion"},{"floor":5.0,"key":"GamblersBrew"},{"floor":8.0,"key":"Fire Potion"},{"floor":14.0,"key":"StancePotion"},{"floor":16.0,"key":"FairyPotion"},{"floor":22.0,"key":"Energy Potion"},{"floor":25.0,"key":"BottledMiracle"},{"floor":29.0,"key":"LiquidMemories"},{"floor":36,"key":"Strength Potion"},{"floor":41,"key":"GamblersBrew"},{"floor":48,"key":"LiquidBronze"}],"is_trial":false,"path_per_floor":["M","?","M","M","M","E","R","E","T","$","M","R","$","M","R","B",null,"M","M","$","?","M","E","R","E","T","$","R","M","E","?","R","B",null,"M","M","M","?","?","R","E","R","T","M","R","?","E","M","R","B"],"character_chosen":"WATCHER","items_purchased":["FearNoEvil","Secret Weapon","Panache+1","ClearTheMind"],"campfire_rested":4,"item_purchase_floors":[10,10,20,27],"current_hp_per_floor":[57,57,51,44,29,5,25,16,16,16,16,16,16,16,36,10,54,41,43,43,43,24,3,23,14,14,14,49,53,61,61,68,43,62,68,68,67,67,56,68,68,68,68,67,68,68,48,47,68,0,0],"gold":299,"neow_bonus":"RANDOM_COLORLESS_2","is_daily":false,"chose_seed":false,"campfire_upgraded":5,"win_rate":0.0,"timestamp":1614309426,"path_taken":["M","?","?","M","M","E","R","E","T","$","M","R","$","M","R","BOSS","M","M","$","?","M","E","R","E","T","$","R","M","E","?","R","BOSS","M","M","M","?","?","R","E","R","T","M","R","?","E","M","R","BOSS"],"items_purchased_type":["Card","Card","Card","Card"],"build_version":"2020-12-22","purchased_purges":1,"victory":false,"max_hp_per_floor":[68,68,68,68,68,68,68,68,68,68,68,68,68,68,68,68,68,68,68,68,68,68,68,68,68,68,68,68,68,68,68,68,68,68,68,68,68,68,68,68,68,68,68,68,68,68,68,68,68,68,68],"relic_stats":{"Blood Vial":2,"Darkstone Periapt":0,"counters":[25,120],"Gambling Chip":[25],"Bird Faced Urn":[80],"Blue Candle":[3],"Eternal Feather":56,"obtain_stats":[{"Darkstone Periapt":47,"Lantern":17,"Blue Candle":43,"Oddly Smooth Stone":6,"Eternal Feather":25,"Thread and Needle":30,"Frozen Egg 2":17,"Old Coin":9,"Calling Bell":17,"Blood Vial":41,"Gambling Chip":8,"Bird Faced Urn":17,"Coffee Dripper":34,"PureWater":0,"TungstenRod":23},{"Darkstone Periapt":23,"Lantern":9,"Blue Candle":21,"Oddly Smooth Stone":5,"Eternal Feather":14,"Thread and Needle":16,"Frozen Egg 2":9,"Old Coin":6,"Calling Bell":9,"Blood Vial":21,"Gambling Chip":6,"Bird Faced Urn":9,"Coffee Dripper":17,"PureWater":0,"TungstenRod":13},{"Darkstone Periapt":108,"Lantern":35,"Blue Candle":93,"Oddly Smooth Stone":18,"Eternal Feather":57,"Thread and Needle":64,"Frozen Egg 2":35,"Old Coin":22,"Calling Bell":35,"Blood Vial":93,"Gambling Chip":22,"Bird Faced Urn":35,"Coffee Dripper":72,"PureWater":0,"TungstenRod":51}],"TungstenRod":29},"card_choices":[{"not_picked":["Transmutation","Mayhem"],"picked":"Metamorphosis","floor":0.0},{"not_picked":["PathToVictory","Nirvana"],"picked":"EmptyFist","floor":1.0},{"not_picked":["Study","EmptyMind"],"picked":"InnerPeace","floor":3.0},{"not_picked":["Evaluate","EmptyFist"],"picked":"ReachHeaven","floor":4.0},{"not_picked":["FearNoEvil","SashWhip"],"picked":"ThirdEye","floor":5.0},{"not_picked":["ThirdEye","WaveOfTheHand"],"picked":"Tantrum","floor":6.0},{"not_picked":["ReachHeaven","CrushJoints"],"picked":"Adaptation","floor":8.0},{"not_picked":["WaveOfTheHand","Worship","WreathOfFlame"],"picked":"SKIP","floor":11.0},{"not_picked":["CutThroughFate","WheelKick"],"picked":"Wireheading","floor":14.0},{"not_picked":["MasterReality","Vault"],"picked":"DeusExMachina","floor":16.0},{"not_picked":["Vengeance","Collect"],"picked":"DeceiveReality","floor":18.0},{"not_picked":["SignatureMove+1","CutThroughFate"],"picked":"Wallop+1","floor":19.0},{"not_picked":["WindmillStrike","EmptyFist","SashWhip"],"picked":"SKIP","floor":22.0},{"not_picked":["Indignation","Protect"],"picked":"Meditate+1","floor":23.0},{"not_picked":["Wireheading+1","Consecrate"],"picked":"MentalFortress+1","floor":25.0},{"not_picked":["ClearTheMind","WaveOfTheHand"],"picked":"TalkToTheHand","floor":29.0},{"not_picked":["JustLucky+1","Halt"],"picked":"InnerPeace","floor":30.0},{"not_picked":["Brilliance","Omniscience"],"picked":"DevaForm+1","floor":33.0},{"not_picked":["Protect","CarveReality+1","FollowUp"],"picked":"SKIP","floor":35},{"not_picked":["CutThroughFate","CrushJoints"],"picked":"Wallop","floor":36},{"not_picked":["BowlingBash","FlurryOfBlows+1"],"picked":"Protect+1","floor":37},{"not_picked":["FollowUp","JustLucky","Vengeance"],"picked":"SKIP","floor":41},{"not_picked":["FollowUp","JustLucky","Vengeance"],"picked":"SKIP","floor":41},{"not_picked":["PathToVictory+1","JustLucky","FollowUp"],"picked":"SKIP","floor":44},{"not_picked":["ForeignInfluence","Brilliance"],"picked":"Tantrum","floor":47},{"not_picked":["BowlingBash","WheelKick"],"picked":"CrushJoints+1","floor":48}],"player_experience":3533464,"relics_obtained":[{"floor":6.0,"key":"Oddly Smooth Stone"},{"floor":8.0,"key":"Gambling Chip"},{"floor":9.0,"key":"Old Coin"},{"floor":17.0,"key":"Lantern"},{"floor":17.0,"key":"Frozen Egg 2"},{"floor":17.0,"key":"Bird Faced Urn"},{"floor":23.0,"key":"TungstenRod"},{"floor":25.0,"key":"Eternal Feather"},{"floor":30.0,"key":"Thread and Needle"},{"floor":41,"key":"Blood Vial"},{"floor":43,"key":"Blue Candle"},{"floor":47,"key":"Darkstone Periapt"}],"event_choices":[{"cards_removed":["Strike_P"],"damage_healed":0.0,"max_hp_gain":0.0,"max_hp_loss":0.0,"gold_gain":0.0,"event_name":"Purifier","player_choice":"Purged","floor":2.0,"gold_loss":0.0,"damage_taken":0.0},{"damage_healed":0.0,"max_hp_gain":0.0,"max_hp_loss":0.0,"gold_gain":0.0,"event_name":"Back to Basics","player_choice":"Simplicity","floor":21.0,"gold_loss":0.0,"damage_taken":0.0,"cards_upgraded":["Strike_P","Strike_P","Defend_P","Defend_P","Defend_P","Defend_P"]},{"damage_healed":0.0,"max_hp_gain":0.0,"max_hp_loss":0.0,"gold_gain":0.0,"event_name":"Ghosts","player_choice":"Ignored","floor":31.0,"gold_loss":0.0,"damage_taken":0.0},{"cards_removed":["Protect"],"damage_healed":0,"gold_gain":0,"player_choice":"Removed Skill","damage_taken":0,"max_hp_gain":0,"max_hp_loss":0,"event_name":"Falling","floor":38,"gold_loss":0},{"damage_healed":0,"gold_gain":0,"player_choice":"Embrace Madness","damage_taken":12,"max_hp_gain":0,"max_hp_loss":0,"event_name":"Winding Halls","floor":39,"gold_loss":0,"cards_obtained":["Madness","Madness"]},{"damage_healed":0,"gold_gain":0,"player_choice":"Ignored","damage_taken":0,"max_hp_gain":0,"max_hp_loss":0,"event_name":"Tomb of Lord Red Mask","floor":46,"gold_loss":0}],"is_beta":false,"boss_relics":[{"not_picked":["Busted Crown","Runic Dome"],"picked":"Calling Bell"},{"not_picked":["Velvet Choker","Astrolabe"],"picked":"Coffee Dripper"}],"items_purged_floors":[13],"is_endless":false,"potions_floor_spawned":[4,5,8,14,16,22,25,29,30,33,36,41,48],"killed_by":"Time Eater","ascension_level":20}}