{"host":"13ii7kifcsv20hya","time":1614323433,"event":{"mods":["BaseMod","Minty Spire (QoL Compilation)","Replay The Spire","StSLib"],"gold_per_floor":[109,119,138,138,157,185,279,314,314,314,330,330,330,348,348,443,543,557,568,508,322,338,338,788,802,802,802,812,842,861,496,496,597,597,612,626,638,441,441,441,470,470,470,480,506,506,506,532,545,562,562,562],"floor_reached":53,"language":"ENG","playtime":3488,"items_purged":["Regret","Strike_G","Replay:Hysterical Blindness"],"score":998,"play_id":"55e904a6-81c0-4b93-8771-4806e0bafd99","local_time":"20210226081033","is_ascension_mode":true,"campfire_choices":[{"floor":10.0,"key":"REST"},{"data":"Backflip","floor":12.0,"key":"SMITH"},{"data":"Cloak And Dagger","floor":15.0,"key":"SMITH"},{"data":"Cloak And Dagger","floor":23.0,"key":"SMITH"},{"floor":27.0,"key":"REST"},{"data":"Fluid Movement","floor":32.0,"key":"SMITH"},{"data":"Accuracy","floor":40,"key":"SMITH"},{"data":"Bullet Time","floor":42,"key":"SMITH"},{"floor":51,"key":"DIG"}],"circlet_count":0,"master_deck":["Strike_G","Strike_G","Strike_G","Strike_G","Defend_G","Defend_G","Defend_G","Defend_G","Defend_G","Survivor","Neutralize","Backflip+1","Dagger Spray","Cloak And Dagger+1","Fluid Movement+1","Blade Dance","Glass Knife","Bullet Time+1","Cloak And Dagger+1","Infinite Blades","After Image","Dagger Spray+1","Blade Dance","Hidden Blade","Adrenaline","Replay:Poison Smokescreen+1","Bandage Up","Doppelganger","Accuracy+1","Accuracy","Caltrops+1","Footwork+1"],"relics":["Ring of the Snake","NeowsBlessing","Replay:Bottled Steam","Boot","Vajra","Kunai","MealTicket","White Beast Statue","Replay:Wanted Poster","Membership Card","Mummified Hand","ReplayFunnel","Snack Pack","Mango","Black Star","ReplayTheSpireMod:CursedCoin","Gremlin Horn","StoneCalendar","Pantograph","PreservedInsect","Toy Ornithopter","Sundial","Blood Vial","Counterbalance","Replay:WaspNest","ReplayTheSpireMod:Lightbulb","Pear"],"acts_visited":["Exordium","TheCity","TheBeyond"],"potions_floor_usage":[52,52,52],"damage_taken":[{"damage":0.0,"enemies":"Jaw Worm","floor":1.0,"turns":1.0},{"damage":0.0,"enemies":"Small Slimes","floor":2.0,"turns":1.0},{"damage":0.0,"enemies":"Cultist","floor":3.0,"turns":1.0},{"damage":10.0,"enemies":"Exordium Thugs","floor":5.0,"turns":8.0},{"damage":12.0,"enemies":"Gremlin Nob","floor":6.0,"turns":2.0},{"damage":19.0,"enemies":"Lagavulin","floor":8.0,"turns":6.0},{"damage":0.0,"enemies":"Lots of Slimes","floor":11.0,"turns":3.0},{"damage":0.0,"enemies":"3 Louse","floor":14.0,"turns":2.0},{"damage":6.0,"enemies":"Slime Boss","floor":16.0,"turns":10.0},{"damage":1.0,"enemies":"Shell Parasite","floor":18.0,"turns":6.0},{"damage":1.0,"enemies":"2 Thieves","floor":19.0,"turns":3.0},{"damage":15.0,"enemies":"Snake Plant","floor":22.0,"turns":3.0},{"damage":0.0,"enemies":"Centurion and Healer","floor":25.0,"turns":1.0},{"damage":0.0,"enemies":"3 Cultists","floor":28.0,"turns":4.0},{"damage":12.0,"enemies":"Gremlin Leader","floor":29.0,"turns":7.0},{"damage":12.0,"enemies":"Snecko","floor":30.0,"turns":2.0},{"damage":5.0,"enemies":"Pondfish","floor":33.0,"turns":12.0},{"damage":10.0,"enemies":"3 Darklings","floor":35.0,"turns":6.0},{"damage":0.0,"enemies":"3 Shapes","floor":36.0,"turns":4.0},{"damage":0,"enemies":"Maw","floor":37,"turns":8},{"damage":0,"enemies":"Reptomancer","floor":41,"turns":6},{"damage":20,"enemies":"3 Darklings","floor":44,"turns":5},{"damage":12,"enemies":"R_Hoarder","floor":45,"turns":6},{"damage":0,"enemies":"Nemesis","floor":48,"turns":4},{"damage":0,"enemies":"Sphere and 2 Shapes","floor":49,"turns":3},{"damage":13,"enemies":"Transient","floor":50,"turns":5},{"damage":22,"enemies":"Awakened One","floor":52,"turns":7}],"seed_played":"-6564182343586341253","potions_obtained":[{"floor":2.0,"key":"Death Potion"},{"floor":5.0,"key":"SteroidPotion"},{"floor":14.0,"key":"Regen Potion"},{"floor":16.0,"key":"SteroidPotion"},{"floor":18.0,"key":"SteroidPotion"},{"floor":19.0,"key":"AttackPotion"},{"floor":22.0,"key":"Toxic Potion"},{"floor":25.0,"key":"Block Potion"},{"floor":28.0,"key":"Death Potion"},{"floor":29.0,"key":"Cursed Concoction"},{"floor":30.0,"key":"SpeedPotion"},{"floor":33.0,"key":"Adrenaline Potion"},{"floor":35.0,"key":"SmokeBomb"},{"floor":36.0,"key":"Elixir"}],"is_trial":false,"path_per_floor":["M","M","M","?","M","E","?","E","T","R","M","R","T","M","R","B",null,"M","M","?","$","M","R","?","M","T","R","M","E","M","$","R","B",null,"M","M","M","$","?","R","E","R","T","M","E","PTL","PTL","E","M","M","R","B",null],"character_chosen":"THE_SILENT","items_purchased":["Membership Card","Snack Pack","Bandage Up","Mango","ReplayTheSpireMod:CursedCoin","Gremlin Horn","StoneCalendar"],"campfire_rested":2,"item_purchase_floors":[21,31,31,31,38,38,38],"current_hp_per_floor":[70,70,70,70,60,48,20,1,1,22,22,22,22,22,22,31,70,69,68,68,70,55,55,9,9,9,30,30,18,6,35,35,68,84,82,84,84,84,84,84,84,84,84,74,78,78,78,84,84,79,89,88],"gold":562,"neow_bonus":"THREE_ENEMY_KILL","is_daily":false,"chose_seed":false,"campfire_upgraded":6,"win_rate":0.0,"timestamp":1614323433,"path_taken":["M","M","M","?","M","E","?","E","T","R","?","R","?","M","R","BOSS","M","?","?","$","M","R","?","M","T","R","?","E","M","$","R","BOSS","M","M","M","$","?","R","E","R","T","M","E","PTL","PTL","E","M","M","R","BOSS"],"items_purchased_type":["Relic","Relic","Card","Relic","Relic","Relic","Relic"],"build_version":"2020-12-22","purchased_purges":3,"victory":true,"max_hp_per_floor":[70,70,70,70,70,70,70,70,70,70,70,70,70,70,70,70,70,70,70,70,70,70,70,70,70,70,70,70,70,70,84,84,84,84,84,84,84,84,84,84,84,84,84,84,84,84,84,84,84,84,94,94],"card_choices":[{"not_picked":["Deflect","Leg Sweep"],"picked":"Backflip","floor":1.0},{"not_picked":["Endless Agony","Prepared"],"picked":"Dagger Spray","floor":2.0},{"not_picked":["Skewer","Sneak Up"],"picked":"Cloak And Dagger","floor":3.0},{"not_picked":["Masterful Stab","Bane"],"picked":"Fluid Movement","floor":5.0},{"not_picked":["Tactician","Concentrate"],"picked":"Blade Dance","floor":6.0},{"not_picked":["Flying Knee","Slice"],"picked":"Glass Knife","floor":7.0},{"not_picked":["Underhanded Strike","Tactician"],"picked":"Bullet Time","floor":8.0},{"not_picked":["Quick Slash","ReplayTheSpireMod:Shiv Toss"],"picked":"Cloak And Dagger","floor":11.0},{"not_picked":["Dagger Spray","Deadly Poison"],"picked":"Infinite Blades","floor":14.0},{"not_picked":["A Thousand Cuts","Grand Finale"],"picked":"After Image","floor":16.0},{"not_picked":["Outmaneuver","Deflect"],"picked":"Dagger Spray+1","floor":18.0},{"not_picked":["Bane+1","Slice","Deflect"],"picked":"SKIP","floor":19.0},{"not_picked":["Caltrops","Poisoned Stab"],"picked":"Blade Dance","floor":22.0},{"not_picked":["Reflex+1","ReplayTheSpireMod:Exploit Weakness","Setup+1"],"picked":"SKIP","floor":25.0},{"not_picked":["Poisoned Stab","Bane"],"picked":"Hidden Blade","floor":28.0},{"not_picked":["Poisoned Stab+1","Deflect+1"],"picked":"Adrenaline","floor":29.0},{"not_picked":["Escape Plan","Underhanded Strike+1"],"picked":"Replay:Poison Smokescreen+1","floor":30.0},{"not_picked":["Die Die Die","ReplayTheSpireMod:From All Sides"],"picked":"Doppelganger","floor":33.0},{"not_picked":["Sucker Punch","All Out Attack+1","Flying Knee+1"],"picked":"SKIP","floor":35.0},{"not_picked":["Flying Knee+1","Acrobatics+1","Bane+1"],"picked":"SKIP","floor":36.0},{"not_picked":["Terror","Acrobatics"],"picked":"Accuracy","floor":37},{"not_picked":["Flying Knee","Dagger Throw+1","Heel Hook"],"picked":"SKIP","floor":41},{"not_picked":["Blur+1","All Out Attack+1","Draining Mist+1"],"picked":"SKIP","floor":44},{"not_picked":["Dodge and Roll+1","Backflip"],"picked":"Accuracy","floor":45},{"not_picked":["Caltrops+1","Sucker Punch+1","Noxious Fumes"],"picked":"SKIP","floor":48},{"not_picked":["Sucker Punch+1","Noxious Fumes"],"picked":"Caltrops+1","floor":48},{"not_picked":["Escape Plan","Deflect"],"picked":"Footwork+1","floor":49},{"not_picked":["Dodge and Roll+1","Dagger Spray","PiercingWail"],"picked":"SKIP","floor":50}],"player_experience":144806,"relics_obtained":[{"floor":6.0,"key":"Boot"},{"floor":7.0,"key":"Vajra"},{"floor":8.0,"key":"Kunai"},{"floor":9.0,"key":"MealTicket"},{"floor":13.0,"key":"White Beast Statue"},{"floor":26.0,"key":"Mummified Hand"},{"floor":29.0,"key":"ReplayFunnel"},{"floor":39,"key":"Pantograph"},{"floor":41,"key":"PreservedInsect"},{"floor":41,"key":"Toy Ornithopter"},{"floor":43,"key":"Sundial"},{"floor":45,"key":"Blood Vial"},{"floor":45,"key":"Counterbalance"},{"floor":48,"key":"Replay:WaspNest"},{"floor":48,"key":"ReplayTheSpireMod:Lightbulb"},{"floor":51,"key":"Pear"}],"event_choices":[{"damage_healed":0.0,"max_hp_gain":0.0,"max_hp_loss":0.0,"gold_gain":0.0,"event_name":"Big Fish","player_choice":"Box","floor":4.0,"gold_loss":0.0,"damage_taken":0.0,"relics_obtained":["Replay:Bottled Steam"],"cards_obtained":["Regret"]},{"damage_healed":0.0,"max_hp_gain":0.0,"max_hp_loss":0.0,"gold_gain":450.0,"event_name":"Knowing Skull","player_choice":"GOLD GOLD GOLD GOLD GOLD ","floor":24.0,"potions_obtained":[],"gold_loss":0.0,"damage_taken":46.0,"cards_obtained":[]},{"damage_healed":0,"gold_gain":0,"player_choice":"Relic","damage_taken":0,"max_hp_gain":0,"max_hp_loss":0,"event_name":"Wheel of Change","floor":39,"gold_loss":0}],"is_beta":false,"boss_relics":[{"not_picked":["Ectoplasm","Replay:Grab Bag"],"picked":"Replay:Wanted Poster"},{"not_picked":["Fusion Hammer","Honey Jar"],"picked":"Black Star"}],"items_purged_floors":[21,31,38],"is_endless":false,"potions_floor_spawned":[2,5,14,16,18,19,22,25,28,29,30,33,35,36,37,41,44,45,48,49,50],"ascension_level":1}}