{"host":"vpaavrwbmey593fx","time":1614371536,"event":{"mods":["AchievementEnabler","BaseMod","Bestiary","Colored Map","Colored Powertips","DeckTracker","Minty Spire (QoL Compilation)","Relic Sorter"],"gold_per_floor":[218,218,28,43,43,76,76,95,146,180,180,180,191,207,207,307,307,321,321,252,265,283,283,299,299,299,71,98,98,98,132,132,236,236,247,262,262,262,262,262,126,126,126,126,156,82,96,111,111,111,111,111,60,95,95,95],"floor_reached":55,"language":"ENG","playtime":4198,"items_purged":["Strike_G","Writhe"],"score":1110,"play_id":"6c6da8a0-e20f-46ae-9471-9d7d5dd3cacb","local_time":"20210226123216","is_ascension_mode":true,"campfire_choices":[{"data":"Leg Sweep","floor":7.0,"key":"SMITH"},{"floor":11.0,"key":"REST"},{"data":"Blade Dance","floor":15.0,"key":"SMITH"},{"data":"Noxious Fumes","floor":23.0,"key":"SMITH"},{"floor":25.0,"key":"REST"},{"data":"Adrenaline","floor":29.0,"key":"SMITH"},{"floor":32.0,"key":"RECALL"},{"data":"Footwork","floor":40,"key":"SMITH"},{"data":"Catalyst","floor":42,"key":"SMITH"},{"floor":49,"key":"REST"},{"data":"Wraith Form v2","floor":52,"key":"SMITH"}],"circlet_count":0,"master_deck":["AscendersBane","Strike_G","Strike_G","Defend_G+1","Defend_G","Neutralize","Choke+1","Dash+1","Leg Sweep+1","Backstab","Blade Dance+1","Adrenaline+1","Glass Knife+1","PiercingWail+1","Deadly Poison+1","PiercingWail+1","Deadly Poison","Noxious Fumes+1","Bouncing Flask+1","Well Laid Plans","Well Laid Plans+1","Venomology","Outmaneuver+1","Footwork+1","Catalyst+1","Wraith Form v2+1","Catalyst","Dodge and Roll+1","Caltrops+1"],"relics":["Ring of the Snake","Kunai","Orichalcum","Regal Pillow","Art of War","Snake Skull","Astrolabe","Medical Kit","Prayer Wheel","War Paint","Empty Cage","Boot","Blood Vial"],"acts_visited":["Exordium","TheCity","TheBeyond","TheEnding"],"potions_floor_usage":[35,47,48,50,54,55,55],"damage_taken":[{"damage":10.0,"enemies":"Small Slimes","floor":1.0,"turns":5.0},{"damage":0.0,"enemies":"2 Louse","floor":4.0,"turns":3.0},{"damage":16.0,"enemies":"Gremlin Nob","floor":6.0,"turns":5.0},{"damage":0.0,"enemies":"Cultist","floor":8.0,"turns":4.0},{"damage":28.0,"enemies":"Lagavulin","floor":10.0,"turns":9.0},{"damage":3.0,"enemies":"Blue Slaver","floor":13.0,"turns":5.0},{"damage":1.0,"enemies":"Red Slaver","floor":14.0,"turns":4.0},{"damage":8.0,"enemies":"The Guardian","floor":16.0,"turns":15.0},{"damage":1.0,"enemies":"Shell Parasite","floor":18.0,"turns":3.0},{"damage":9.0,"enemies":"2 Thieves","floor":21.0,"turns":4.0},{"damage":4.0,"enemies":"Snake Plant","floor":22.0,"turns":4.0},{"damage":17.0,"enemies":"Chosen and Byrds","floor":24.0,"turns":5.0},{"damage":12.0,"enemies":"Book of Stabbing","floor":28.0,"turns":6.0},{"damage":12.0,"enemies":"Gremlin Leader","floor":31.0,"turns":5.0},{"damage":9.0,"enemies":"Champ","floor":33.0,"turns":9.0},{"damage":16,"enemies":"3 Darklings","floor":35,"turns":5},{"damage":0,"enemies":"Orb Walker","floor":36,"turns":1},{"damage":69,"enemies":"Reptomancer","floor":45,"turns":7},{"damage":16,"enemies":"Writhing Mass","floor":47,"turns":4},{"damage":0,"enemies":"Maw","floor":48,"turns":8},{"damage":61,"enemies":"Time Eater","floor":50,"turns":9},{"damage":24,"enemies":"Shield and Spear","floor":54,"turns":7},{"damage":38,"enemies":"The Heart","floor":55,"turns":3}],"seed_played":"2302392319153484435","potions_obtained":[{"floor":1.0,"key":"SpeedPotion"},{"floor":6.0,"key":"Energy Potion"},{"floor":16.0,"key":"LiquidBronze"},{"floor":22.0,"key":"GhostInAJar"},{"floor":36,"key":"FairyPotion"},{"floor":45,"key":"DuplicationPotion"}],"is_trial":false,"path_per_floor":["M","?","$","M","?","E","R","M","T","E","R","?","M","M","R","B",null,"M","?","$","M","M","R","M","R","T","$","E","R","?","E","R","B",null,"M","M","?","?","?","R","$","R","T","?","E","$","M","M","R","B",null,"R","$","E","B"],"character_chosen":"THE_SILENT","items_purchased":["Dash","Orichalcum","Noxious Fumes","Medical Kit","Catalyst","Catalyst","PowerPotion"],"campfire_rested":3,"item_purchase_floors":[3,3,20,27,41,46,53],"current_hp_per_floor":[53,70,70,70,70,54,54,54,54,26,62,62,59,58,58,50,65,64,64,64,55,51,51,34,70,70,70,58,58,58,46,46,37,62,46,46,64,64,64,64,64,64,64,64,21,21,5,5,41,5,54,54,54,30,0,0],"gold":95,"neow_bonus":"HUNDRED_GOLD","is_daily":false,"chose_seed":false,"campfire_upgraded":7,"win_rate":0.0,"timestamp":1614371536,"path_taken":["M","?","$","M","?","E","R","M","T","E","R","?","?","M","R","BOSS","M","?","$","?","M","R","M","R","T","$","E","R","?","E","R","BOSS","M","M","?","?","?","R","$","R","T","?","E","$","M","M","R","BOSS","R","$","E","BOSS"],"items_purchased_type":["Card","Relic","Card","Relic","Card","Card","Potion"],"build_version":"2020-12-22","purchased_purges":2,"victory":false,"max_hp_per_floor":[70,70,70,70,70,70,70,70,70,70,70,70,70,70,70,70,70,70,70,70,70,70,70,70,70,70,70,70,70,70,70,70,70,70,70,70,70,70,70,70,70,70,70,70,70,70,70,70,70,70,70,70,70,70,70,70],"card_choices":[{"not_picked":["Reflex","Backflip"],"picked":"Choke","floor":1.0},{"not_picked":["Cloak And Dagger","Choke","Dagger Spray"],"picked":"SKIP","floor":4.0},{"not_picked":["Bane","Underhanded Strike"],"picked":"Leg Sweep","floor":6.0},{"not_picked":["Sucker Punch","Deflect","Dodge and Roll"],"picked":"SKIP","floor":8.0},{"not_picked":["Prepared","Distraction"],"picked":"Backstab","floor":10.0},{"not_picked":["Concentrate","Leg Sweep","Choke"],"picked":"SKIP","floor":13.0},{"not_picked":["Deflect","Dagger Throw"],"picked":"Blade Dance","floor":14.0},{"not_picked":["Die Die Die","After Image"],"picked":"Adrenaline","floor":16.0},{"not_picked":["Prepared","Poisoned Stab"],"picked":"PiercingWail","floor":18.0},{"not_picked":["Terror","PiercingWail"],"picked":"Bouncing Flask+1","floor":21.0},{"not_picked":["Concentrate","Accuracy","Flying Knee"],"picked":"SKIP","floor":22.0},{"not_picked":["Accuracy","Quick Slash"],"picked":"Well Laid Plans","floor":24.0},{"not_picked":["Flying Knee","Die Die Die"],"picked":"Well Laid Plans+1","floor":28.0},{"not_picked":["Dagger Throw","Slice","Poisoned Stab+1"],"picked":"SKIP","floor":31.0},{"not_picked":["Tools of the Trade","Malaise"],"picked":"Venomology","floor":33.0},{"not_picked":["Expertise+1","Poisoned Stab+1"],"picked":"Outmaneuver+1","floor":35},{"not_picked":["Bane+1","Dodge and Roll+1","Footwork"],"picked":"SKIP","floor":35},{"not_picked":["Bane+1","Dodge and Roll+1"],"picked":"Footwork","floor":35},{"not_picked":["Deflect+1","Concentrate+1","Poisoned Stab+1"],"picked":"SKIP","floor":36},{"not_picked":["Dagger Throw","Blade Dance","Acrobatics"],"picked":"SKIP","floor":36},{"not_picked":["Flying Knee+1","Adrenaline"],"picked":"Wraith Form v2","floor":45},{"not_picked":["PiercingWail+1","Expertise","Outmaneuver"],"picked":"SKIP","floor":47},{"not_picked":["Sucker Punch","All Out Attack","Bouncing Flask"],"picked":"SKIP","floor":47},{"not_picked":["Riddle With Holes+1","Expertise+1"],"picked":"Dodge and Roll+1","floor":48},{"not_picked":["Acrobatics+1","Dodge and Roll"],"picked":"Caltrops+1","floor":48},{"not_picked":["Eviscerate","Finisher","Endless Agony+1"],"picked":"SKIP","floor":54}],"player_experience":422692,"relics_obtained":[{"floor":6.0,"key":"Regal Pillow"},{"floor":9.0,"key":"Art of War"},{"floor":10.0,"key":"Snake Skull"},{"floor":26.0,"key":"Kunai"},{"floor":28.0,"key":"Prayer Wheel"},{"floor":31.0,"key":"War Paint"},{"floor":45,"key":"Boot"},{"floor":54,"key":"Blood Vial"}],"event_choices":[{"damage_healed":23.0,"max_hp_gain":0.0,"max_hp_loss":0.0,"gold_gain":0.0,"event_name":"Big Fish","player_choice":"Banana","floor":2.0,"gold_loss":0.0,"damage_taken":0.0},{"damage_healed":0.0,"max_hp_gain":0.0,"max_hp_loss":0.0,"gold_gain":0.0,"event_name":"Living Wall","player_choice":"Grow","floor":5.0,"gold_loss":0.0,"damage_taken":0.0,"cards_upgraded":["Dash"]},{"damage_healed":0.0,"max_hp_gain":0.0,"max_hp_loss":0.0,"gold_gain":0.0,"event_name":"Upgrade Shrine","player_choice":"Upgraded","floor":12.0,"gold_loss":0.0,"damage_taken":0.0,"cards_upgraded":["Choke"]},{"damage_healed":0.0,"max_hp_gain":0.0,"max_hp_loss":0.0,"gold_gain":0.0,"event_name":"Match and Keep!","player_choice":"1 cards matched","floor":19.0,"gold_loss":0.0,"damage_taken":0.0,"cards_obtained":["Deadly Poison"]},{"damage_healed":0.0,"max_hp_gain":0.0,"max_hp_loss":0.0,"gold_gain":0.0,"event_name":"Cursed Tome","player_choice":"Ignored","floor":30.0,"gold_loss":0.0,"damage_taken":0.0},{"damage_healed":18,"gold_gain":0,"player_choice":"Writhe","damage_taken":0,"max_hp_gain":0,"max_hp_loss":0,"event_name":"Winding Halls","floor":37,"gold_loss":0,"cards_obtained":["Writhe"]},{"damage_healed":0,"gold_gain":0,"player_choice":"Memory 1","damage_taken":0,"max_hp_gain":0,"max_hp_loss":0,"event_name":"SensoryStone","floor":38,"gold_loss":0},{"cards_removed":["Survivor"],"damage_healed":0,"gold_gain":0,"player_choice":"Removed Skill","damage_taken":0,"max_hp_gain":0,"max_hp_loss":0,"event_name":"Falling","floor":39,"gold_loss":0},{"damage_healed":0,"gold_gain":0,"player_choice":"Ignored","damage_taken":0,"max_hp_gain":0,"max_hp_loss":0,"event_name":"WeMeetAgain","floor":44,"gold_loss":0}],"is_beta":false,"boss_relics":[{"not_picked":["SlaversCollar","Cursed Key"],"picked":"Astrolabe"},{"not_picked":["Velvet Choker","WristBlade"],"picked":"Empty Cage"}],"items_purged_floors":[27,41],"is_endless":false,"potions_floor_spawned":[1,6,14,16,22,28,31,36,45],"killed_by":"The Heart","ascension_level":11}}