{"host":"bebwmhhch11ak7yk","time":1614381404,"event":{"mods":["Act Like it!","Arknights","Aspiration","BaseMod","Better Skull","Better Third Choice","Colored Powertips","Downfall","Elementarium","Fiend Mod","Hermit","Kratos Character Expansion","Luminous","Minty Spire (QoL Compilation)","Replay The Spire","SIMod","StSLib","The Blackbeard","The Bladedancer","The Bug Knight","The Cursed","The Necromancer","The Servant 0.9.4","The Vixen"],"gold_per_floor":[119,119,84,99,120,120,156,156,156,156,175,33,57,82,82,82,82],"floor_reached":16,"language":"ENG","playtime":982,"items_purged":["Decay"],"score":102,"play_id":"c8c180bd-486e-454a-a4cc-bac3a373d41b","local_time":"20210227001644","is_ascension_mode":false,"campfire_choices":[{"data":"HollowMod:HowlingWraiths","floor":6,"key":"SMITH"},{"floor":8,"key":"REST"},{"floor":15,"key":"REST"}],"circlet_count":0,"master_deck":["HollowMod:NailStrikeStart","HollowMod:NailStrikeStart","HollowMod:NailStrikeStart","HollowMod:NailStrikeStart","HollowMod:QuickDashStart","HollowMod:QuickDashStart","HollowMod:QuickDashStart","HollowMod:QuickDashStart","HollowMod:FocusHealStart","HollowMod:PogoStrike","HollowMod:HowlingWraiths+1","HollowMod:NewGlowingWomb","HollowMod:DoubleDash","HollowMod:NewGlowingWomb","HollowMod:SoulVessel","HollowMod:MawleksShell","HollowMod:NewJinnsSoul","HollowMod:SoulStrike"],"relics":["HollowMod:VesselMask","NeowsBlessing","Golden Idol","Tiny Chest","Matryoshka"],"acts_visited":["Exordium"],"potions_floor_usage":[16,16],"damage_taken":[{"damage":0,"enemies":"Jaw Worm","floor":1,"turns":1},{"damage":0,"enemies":"2 Louse","floor":4,"turns":1},{"damage":0,"enemies":"ats:Genji","floor":5,"turns":1},{"damage":56,"enemies":"Lagavulin","floor":7,"turns":10},{"damage":10,"enemies":"2 Fungi Beasts","floor":11,"turns":3},{"damage":21,"enemies":"Red Slaver","floor":13,"turns":7},{"damage":17,"enemies":"3 Louse","floor":14,"turns":4},{"damage":49,"enemies":"Slime Boss","floor":16,"turns":6}],"seed_played":"8342228711993912928","potions_obtained":[{"floor":11,"key":"bronze:BurnAndBuffPotion"},{"floor":13,"key":"Dexterity Potion"}],"is_trial":false,"path_per_floor":["M","?","?","M","M","R","E","R","T","?","M","$","M","M","R","B"],"character_chosen":"THE_BUGKNIGHT","items_purchased":["HollowMod:MawleksShell"],"campfire_rested":2,"item_purchase_floors":[12],"current_hp_per_floor":[75,57,75,75,75,75,25,47,47,47,37,37,22,5,27,0,0],"gold":82,"neow_bonus":"THREE_ENEMY_KILL","is_daily":false,"chose_seed":false,"campfire_upgraded":1,"win_rate":0.0,"timestamp":1614381404,"path_taken":["M","?","?","M","M","R","E","R","T","?","M","$","M","M","R","BOSS"],"items_purchased_type":["Card"],"build_version":"2020-12-22","purchased_purges":1,"victory":false,"max_hp_per_floor":[75,75,75,75,75,75,75,75,75,75,75,75,75,75,75,75,75],"card_choices":[{"not_picked":["HollowMod:SoulStrike","HollowMod:HuntersJournal"],"picked":"HollowMod:HowlingWraiths","floor":1},{"not_picked":["HollowMod:DoubleDash","HollowMod:CycloneSlash"],"picked":"HollowMod:NewGlowingWomb","floor":4},{"not_picked":["HollowMod:RecoilStrike","HollowMod:MonarchWings"],"picked":"HollowMod:DoubleDash","floor":5},{"not_picked":["HollowMod:ChannelNail","HollowMod:DungDefenderAura"],"picked":"HollowMod:NewGlowingWomb","floor":7},{"not_picked":["HollowMod:TaintedHusks","HollowMod:HeavyBlow"],"picked":"HollowMod:SoulVessel","floor":11},{"not_picked":["HollowMod:SharpenedNail","HollowMod:CycloneSlash"],"picked":"HollowMod:NewJinnsSoul","floor":13},{"not_picked":["HollowMod:LifebloodCore","HollowMod:DreamGate"],"picked":"HollowMod:SoulStrike","floor":14}],"player_experience":356424,"relics_obtained":[{"floor":7,"key":"Tiny Chest"},{"floor":9,"key":"Matryoshka"}],"event_choices":[{"damage_healed":0,"gold_gain":0,"player_choice":"Take Damage","damage_taken":18,"relics_obtained":["Golden Idol"],"max_hp_gain":0,"max_hp_loss":0,"event_name":"Golden Idol","floor":2,"gold_loss":0},{"damage_healed":18,"gold_gain":0,"player_choice":"Healed","damage_taken":0,"max_hp_gain":0,"max_hp_loss":0,"event_name":"The Cleric","floor":3,"gold_loss":35},{"damage_healed":0,"gold_gain":0,"player_choice":"Cursed","damage_taken":0,"max_hp_gain":0,"max_hp_loss":0,"event_name":"Wheel of Change","floor":10,"gold_loss":0,"cards_obtained":["Decay"]}],"is_beta":false,"boss_relics":[],"items_purged_floors":[12],"is_endless":false,"potions_floor_spawned":[11,13],"killed_by":"Slime Boss","ascension_level":0}}