{"host":"y4fuci1jk2rsxnep","time":1614364182,"event":{"mods":["AchievementEnabler","BaseMod","Colored Powertips","Custom Start","Defuse TimeMaze Blight","Dio Mod","Downfall","Hermit","Hero for Fun","Hubris","Hunter ??","Infinite Spire","Minty Spire (QoL Compilation)","Quick Restart","Reliquary","Remove Card Discount Mod","Replay The Spire","StSLib","The Blackbeard","The Bug Knight","The Mystic","The Runesmith"],"gold_per_floor":[111,10,10,10,21,49,49,84,110,121,121,121,87,107,107,211,211,229,229,249,397,447,447,457,457,504,504,519,533,610,610,610,714,714,727,740,740,760,760,760],"floor_reached":39,"language":"ENG","playtime":3465,"items_purged":["hermit:Strike_Hermit","hermit:Strike_Hermit","hermit:Defend_Hermit","hermit:Defend_Hermit","hubris:Wrath"],"score":599,"play_id":"da33aa69-a6d3-45a1-ada1-afa0388f8034","local_time":"20210226192942","is_ascension_mode":true,"campfire_choices":[{"data":"hermit:Manifest","floor":7,"key":"SMITH"},{"data":"hermit:ShadowCloak","floor":12,"key":"SMITH"},{"data":"hermit:EternalForm","floor":15,"key":"SMITH"},{"data":"hermit:WideOpen","floor":23,"key":"SMITH"},{"data":"hermit:Virtue","floor":25,"key":"SMITH"},{"floor":32,"key":"REST"}],"circlet_count":0,"master_deck":["hermit:Snapshot","hermit:Covet","hermit:Gestalt","hermit:WideOpen+1","hermit:ShadowCloak+1","downfall:Icky","Clumsy","Replay:Fractal Strike+1","hermit:Misfire","hermit:Manifest+1","hermit:Quickdraw","hermit:Horror","hermit:Misfire","hermit:EternalForm+1","hermit:FatalDesire","hermit:Malice+1","hermit:WideOpen+1","Sickly","hermit:Virtue+1","hermit:BodyArmor+1","downfall:Aged","hermit:Manifest","hermit:EternalForm+1","Regret","hermit:Adapt","Decay","Parasite","hubris:Rewind","hermit:Magnum"],"relics":["hermit:Momento","NeowsBlessing","Gremlin Horn","Bronze Scales","ReplayTheSpireMod:TigerMarble","ReplayTheSpireMod:CursedCoin","Ring of Greed","hubris:MobiusCoin","MealTicket","hubris:Icosahedron","Kintsugi"],"acts_visited":["Exordium","TheCity","TheBeyond"],"potions_floor_usage":[16,24,36],"damage_taken":[{"damage":0,"enemies":"Jaw Worm","floor":1,"turns":1},{"damage":0,"enemies":"Small Slimes","floor":5,"turns":1},{"damage":0,"enemies":"3 Sentries","floor":6,"turns":1},{"damage":15,"enemies":"HollowMod:MossKnight","floor":8,"turns":6},{"damage":0,"enemies":"Cultist","floor":10,"turns":3},{"damage":1,"enemies":"Blue Slaver","floor":14,"turns":3},{"damage":39,"enemies":"The Guardian","floor":16,"turns":8},{"damage":16,"enemies":"2 Thieves","floor":18,"turns":3},{"damage":9,"enemies":"Cultist and Chosen","floor":20,"turns":5},{"damage":11,"enemies":"Snake Plant","floor":24,"turns":4},{"damage":2,"enemies":"3 Cultists","floor":28,"turns":4},{"damage":5,"enemies":"Shelled Parasite and Fungi","floor":29,"turns":5},{"damage":8,"enemies":"Snake Plant","floor":30,"turns":3},{"damage":18,"enemies":"Champ","floor":33,"turns":11},{"damage":2,"enemies":"3 Darklings","floor":35,"turns":5},{"damage":26,"enemies":"Orb Walker","floor":36,"turns":5},{"damage":46,"enemies":"4 Shapes","floor":38,"turns":5},{"damage":10,"enemies":"Maw","floor":39,"turns":2}],"seed_played":"-6929044723182130817","potions_obtained":[{"floor":6,"key":"Weak Potion"},{"floor":8,"key":"Block Potion"},{"floor":16,"key":"ColorlessPotion"},{"floor":20,"key":"champ:CounterPotion"},{"floor":29,"key":"SpeedPotion"},{"floor":35,"key":"Swift Potion"}],"is_trial":false,"path_per_floor":["M","$","?","?","M","E","R","E","T","M","$","R","$","M","R","B",null,"M","AVR","M","$","?","R","M","R","T","?","M","M","M","?","R","B",null,"M","M","AVR","M","M"],"character_chosen":"HERMIT","items_purchased":["hermit:WideOpen+1","hermit:ShadowCloak","hermit:Misfire","ReplayTheSpireMod:CursedCoin"],"campfire_rested":1,"item_purchase_floors":[2,2,13,21],"current_hp_per_floor":[75,75,75,75,75,75,75,60,60,72,72,72,72,71,71,32,75,59,59,50,50,50,50,39,39,39,39,37,32,24,24,46,28,75,73,47,47,1,0,0],"gold":760,"neow_bonus":"THREE_ENEMY_KILL","is_daily":false,"chose_seed":false,"campfire_upgraded":5,"win_rate":0.0,"timestamp":1614364182,"path_taken":["M","$","?","?","M","E","R","E","T","M","?","R","?","M","R","BOSS","M","AVR","M","$","?","R","M","R","T","?","M","M","M","?","R","BOSS","M","M","AVR","?","M"],"items_purchased_type":["Card","Card","Card","Relic"],"build_version":"2020-12-22","purchased_purges":5,"victory":false,"max_hp_per_floor":[75,75,75,75,75,75,75,75,75,75,75,75,75,75,75,75,75,75,75,75,75,75,75,75,75,75,75,75,75,75,75,75,75,75,75,75,75,75,75,75],"card_choices":[{"not_picked":["hermit:Manifest","hermit:HoleUp"],"picked":"hermit:Gestalt","floor":1},{"not_picked":["infinitespire:FutureSight","infinitespire:Execution"],"picked":"Replay:Fractal Strike","floor":3},{"not_picked":["hermit:Showdown","hermit:Feint"],"picked":"hermit:Misfire","floor":5},{"not_picked":["hermit:Vantage","hermit:CursedWeapon"],"picked":"hermit:Manifest","floor":6},{"not_picked":["hermit:TrackingShot","hermit:Headshot"],"picked":"hermit:Quickdraw","floor":8},{"not_picked":["hermit:TrackingShot","hermit:Showdown"],"picked":"hermit:Horror","floor":10},{"not_picked":["hermit:HighCaliber","hermit:BodyArmor"],"picked":"hermit:EternalForm","floor":14},{"not_picked":["hermit:BlackWind","hermit:Purgatory"],"picked":"hermit:FatalDesire","floor":16},{"not_picked":["hermit:BodyArmor","hermit:Roulette+1"],"picked":"hermit:Malice+1","floor":18},{"not_picked":["hermit:TrackingShot","hermit:FatalDesire"],"picked":"hermit:WideOpen","floor":20},{"not_picked":["hermit:HighCaliber","hermit:TrackingShot"],"picked":"hermit:Virtue","floor":24},{"not_picked":["hermit:GhostlyPresence","hermit:WideOpen"],"picked":"hermit:BodyArmor+1","floor":28},{"not_picked":["hermit:Headshot","hermit:Quickdraw","hermit:Snipe+1"],"picked":"SKIP","floor":29},{"not_picked":["hermit:Feint","hermit:Coalescence+1"],"picked":"hermit:Manifest","floor":30},{"not_picked":["hermit:BlackWind","hermit:RoundhouseKick"],"picked":"hermit:Adapt","floor":33},{"not_picked":["hermit:Dive","hermit:Coalescence","hermit:Ricochet"],"picked":"SKIP","floor":35},{"not_picked":["hermit:Dive+1","hermit:TakeCover+1","hermit:Desperado"],"picked":"SKIP","floor":36},{"not_picked":["hermit:Coalescence","hermit:Spite+1"],"picked":"hermit:Magnum","floor":38}],"player_experience":727293,"relics_obtained":[{"floor":6,"key":"Gremlin Horn"},{"floor":8,"key":"Bronze Scales"},{"floor":9,"key":"ReplayTheSpireMod:TigerMarble"},{"floor":22,"key":"Ring of Greed"},{"floor":22,"key":"hubris:MobiusCoin"},{"floor":22,"key":"MealTicket"}],"event_choices":[{"damage_healed":0,"gold_gain":0,"player_choice":"Copied","damage_taken":0,"max_hp_gain":0,"max_hp_loss":0,"event_name":"Duplicator","floor":31,"gold_loss":0,"cards_obtained":["hermit:EternalForm"]}],"is_beta":false,"boss_relics":[{"not_picked":["reliquary:KinkedSpring","Runic Dome","Busted Crown"]},{"not_picked":["Philosopher\u0027s Stone","reliquary:Craggleroot"],"picked":"Kintsugi"}],"items_purged_floors":[13,13,13,13,21],"is_endless":false,"potions_floor_spawned":[6,8,16,20,29,30,35],"killed_by":"Maw","ascension_level":4}}