{"host":"nx6k9gttpbkpebht","time":1614368622,"event":{"mods":["BaseMod","Colored Map","Colored Powertips","DeckTracker","Downfall","Googly Eyes","Minty Spire (QoL Compilation)","StSLib"],"gold_per_floor":[113,113,113,125,187,187,216,216,243,257,257,277,287,303,303,405,405,391,67,117,117],"floor_reached":20,"language":"ENG","playtime":1292,"items_purged":["Strike_R"],"score":226,"play_id":"dc4fa2e1-951f-4f0d-b3d4-391bf6546539","local_time":"20210226204342","is_ascension_mode":false,"campfire_choices":[{"data":"Shrug It Off","floor":6,"key":"SMITH"},{"floor":8,"key":"REST"},{"data":"Shrug It Off","floor":11,"key":"SMITH"},{"data":"Rampage","floor":15,"key":"SMITH"}],"circlet_count":0,"master_deck":["Strike_R","Strike_R","Strike_R","Defend_R","Defend_R","Defend_R","Defend_R","Bash","Shrug It Off+1","Shrug It Off+1","Rage","Flex","Rampage+1","Barricade"],"relics":["Black Blood","Boot","SsserpentHead","Toy Ornithopter","Happy Flower","Gremlin Horn"],"acts_visited":["Exordium","TheCity"],"potions_floor_usage":[16,16,16,20],"damage_taken":[{"damage":10,"enemies":"Small Slimes","floor":1,"turns":4},{"damage":2,"enemies":"Jaw Worm","floor":4,"turns":4},{"damage":2,"enemies":"Cultist","floor":5,"turns":5},{"damage":45,"enemies":"Gremlin Nob","floor":7,"turns":7},{"damage":5,"enemies":"Large Slime","floor":10,"turns":10},{"damage":0,"enemies":"3 Louse","floor":12,"turns":4},{"damage":2,"enemies":"2 Fungi Beasts","floor":13,"turns":4},{"damage":11,"enemies":"Exordium Wildlife","floor":14,"turns":6},{"damage":0,"enemies":"The Guardian","floor":16,"turns":12},{"damage":9,"enemies":"2 Thieves","floor":18,"turns":4},{"damage":94,"enemies":"Masked Bandits","floor":20,"turns":7}],"seed_played":"966755268214794228","potions_obtained":[{"floor":10,"key":"Fire Potion"},{"floor":12,"key":"DuplicationPotion"},{"floor":13,"key":"PowerPotion"},{"floor":18,"key":"Energy Potion"}],"is_trial":false,"path_per_floor":["M","?","?","M","M","R","E","R","T","M","R","M","M","M","R","B",null,"M","$","?"],"character_chosen":"IRONCLAD","items_purchased":["Gremlin Horn"],"campfire_rested":1,"item_purchase_floors":[19],"current_hp_per_floor":[76,69,69,73,77,77,38,62,62,63,63,69,73,68,68,80,80,80,80,0,0],"gold":117,"neow_bonus":"RANDOM_COMMON_RELIC","is_daily":false,"chose_seed":false,"campfire_upgraded":3,"win_rate":0.0,"timestamp":1614368622,"path_taken":["M","?","?","M","?","R","E","R","T","M","R","M","M","M","R","BOSS","M","$","?"],"items_purchased_type":["Relic"],"build_version":"2020-12-22","purchased_purges":1,"victory":false,"max_hp_per_floor":[80,80,80,80,80,80,80,80,80,80,80,80,80,80,80,80,80,80,80,80,80],"card_choices":[{"not_picked":["Cleave","Ghostly Armor"],"picked":"Shrug It Off","floor":1},{"not_picked":["Rupture","Entrench"],"picked":"Shrug It Off","floor":4},{"not_picked":["Cleave","Anger"],"picked":"Rage","floor":5},{"not_picked":["Whirlwind","Rupture","Shrug It Off"],"picked":"SKIP","floor":7},{"not_picked":["Shrug It Off","Burning Pact","Heavy Blade"],"picked":"SKIP","floor":10},{"not_picked":["Reaper","True Grit"],"picked":"Flex","floor":12},{"not_picked":["Seeing Red","Fire Breathing"],"picked":"Rampage","floor":13},{"not_picked":["Thunderclap","Perfected Strike","Clash"],"picked":"SKIP","floor":14},{"not_picked":["Impervious","Berserk"],"picked":"Barricade","floor":16},{"not_picked":["Heavy Blade","Clothesline","Anger"],"picked":"SKIP","floor":18}],"player_experience":71841,"relics_obtained":[{"floor":7,"key":"Toy Ornithopter"},{"floor":9,"key":"Happy Flower"}],"event_choices":[{"cards_removed":["Strike_R"],"damage_healed":0,"gold_gain":0,"player_choice":"Card Removal","damage_taken":7,"max_hp_gain":0,"max_hp_loss":0,"event_name":"Golden Wing","floor":2,"gold_loss":0},{"damage_healed":0,"gold_gain":0,"player_choice":"Trade","damage_taken":0,"relics_obtained":["SsserpentHead"],"max_hp_gain":0,"max_hp_loss":0,"event_name":"FaceTrader","floor":3,"gold_loss":0},{"damage_healed":0,"gold_gain":0,"player_choice":"Fought Bandits","damage_taken":0,"max_hp_gain":0,"max_hp_loss":0,"event_name":"Masked Bandits","floor":20,"gold_loss":0}],"is_beta":false,"boss_relics":[{"not_picked":["Astrolabe","Philosopher\u0027s Stone"],"picked":"Black Blood"}],"items_purged_floors":[19],"is_endless":false,"potions_floor_spawned":[10,12,13,14,18],"killed_by":"Masked Bandits","ascension_level":0}}