{"host":"y087t2reloz9bi43","time":1614365037,"event":{"mods":["2.2 Compatiblity","AchievementEnabler","Aspiration","BaseMod","Bestiary","Better Note","Better Vampires","BetterRewards","ChefMod","Colored Map","Colored Powertips","Conspire","Downfall","GifTheSpireLib","Gold Saver","Halation","Hubris","Infinite Spire","Jedi Mod","Mimic Mod","Minty Spire (QoL Compilation)","Permanent Neow","Rare Cards Sparkle","Relic Stats","Reliquary","Replay The Spire","Shop Mod","StSLib","The Runesmith","The Servant 0.9.4","TheFirefly","Transform Curses","Uncapped","everything is the same but u backflip on backflip"],"gold_per_floor":[330,330,9,19,29,29,29,29],"floor_reached":7,"language":"ENG","playtime":412,"items_purged":["thefirefly:Strike"],"score":66,"play_id":"47761195-6e20-4d3f-948e-436a5ddaa33f","local_time":"20210226184357","is_ascension_mode":false,"campfire_choices":[],"circlet_count":0,"master_deck":["thefirefly:Strike","thefirefly:Strike","thefirefly:Defend","thefirefly:Defend","thefirefly:Defend","thefirefly:Defend","thefirefly:StealthMode","thefirefly:PhotonBlast","thefirefly:Unweft","thefirefly:StoredPower","thefirefly:Rend","thefirefly:Prominence","thefirefly:Distort"],"relics":["thefirefly:StealthSystem","Membership Card","Anchor"],"acts_visited":["Exordium"],"potions_floor_usage":[],"damage_taken":[{"damage":0,"enemies":"Cultist","floor":1,"turns":4},{"damage":7,"enemies":"infinitespire:Voidling","floor":4,"turns":3},{"damage":0,"enemies":"2 Louse","floor":5,"turns":2},{"damage":53,"enemies":"Gremlin Nob","floor":7,"turns":4}],"seed_played":"-1336576411118790213","potions_obtained":[{"floor":1,"key":"Regen Potion"}],"is_trial":false,"path_per_floor":["M","$","$","M","M","?","E"],"character_chosen":"THE_FIREFLY","items_purchased":["thefirefly:Rend","Membership Card","Anchor","thefirefly:Prominence"],"campfire_rested":0,"item_purchase_floors":[3,3,3,3],"current_hp_per_floor":[55,55,55,52,52,52,0,0],"gold":29,"neow_bonus":"ONE_RANDOM_RARE_CARD","is_daily":false,"chose_seed":false,"campfire_upgraded":0,"win_rate":0.0,"timestamp":1614365037,"path_taken":["M","?","$","M","?","?","E"],"items_purchased_type":["Card","Relic","Relic","Card"],"build_version":"2020-12-22","purchased_purges":1,"victory":false,"max_hp_per_floor":[55,55,55,55,55,55,55,55],"relic_stats":{"counters":[4,13],"obtain_stats":[{"thefirefly:StealthSystem":0,"Anchor":3,"Membership Card":3},{"thefirefly:StealthSystem":0,"Anchor":1,"Membership Card":1},{"thefirefly:StealthSystem":0,"Anchor":4,"Membership Card":4}]},"card_choices":[{"not_picked":["thefirefly:RecollectionSubroutine","thefirefly:InterceptingShot"],"picked":"thefirefly:StoredPower","floor":1},{"not_picked":["thefirefly:FlareScreen","thefirefly:ErraticMotions"],"picked":"thefirefly:Distort","floor":4},{"not_picked":["thefirefly:Flight","thefirefly:MirrorShield","thefirefly:ArtillleryBeam"],"picked":"SKIP","floor":5}],"player_experience":382546,"relics_obtained":[],"event_choices":[],"is_beta":false,"boss_relics":[],"items_purged_floors":[3],"is_endless":false,"potions_floor_spawned":[1],"killed_by":"Gremlin Nob","ascension_level":0}}