{"host":"sqt6c5vt7d1y5xtt","time":1614309220,"event":{"mods":["AchievementEnabler","BaseMod","Block Reminder","Lobotomy","Minty Spire (QoL Compilation)","Quick Restart"],"gold_per_floor":[118,132,57,57,57,57,4,4,4,19,38,52,52,67,67,165,165,179,179,191,201,201,201],"floor_reached":22,"language":"KOR","playtime":682,"items_purged":["Defend_R"],"score":178,"play_id":"c8dad501-b781-4321-80ff-792cb913781b","local_time":"20210226001340","is_ascension_mode":false,"campfire_choices":[{"data":"Bash","floor":6,"key":"SMITH"},{"data":"Twin Strike","floor":8,"key":"SMITH"},{"data":"Uppercut","floor":13,"key":"SMITH"},{"data":"Armaments","floor":15,"key":"SMITH"}],"circlet_count":0,"master_deck":["Strike_R","Strike_R","Strike_R","Strike_R","Strike_R","Defend_R","Defend_R","Defend_R","Bash+1","Twin Strike+1","Armaments+1","Uppercut+1","Scarecrow","Rampage","BodiesMountain","Demon Form","Sword Boomerang","Clothesline","OSAHOGD"],"relics":["Black Blood","CogitoBucket","Pear","Paper Frog","BehaviorAdjustment"],"acts_visited":["Exordium","TheCity"],"potions_floor_usage":[22,22,22,22,22],"damage_taken":[{"damage":9,"enemies":"Small Slimes","floor":1,"turns":5},{"damage":7,"enemies":"2 Louse","floor":2,"turns":2},{"damage":0,"enemies":"Cultist","floor":10,"turns":2},{"damage":0,"enemies":"Large Slime","floor":11,"turns":5},{"damage":13,"enemies":"Red Slaver","floor":12,"turns":2},{"damage":18,"enemies":"Exordium Thugs","floor":14,"turns":6},{"damage":35,"enemies":"The Guardian","floor":16,"turns":10},{"damage":23,"enemies":"Shell Parasite","floor":18,"turns":5},{"damage":24,"enemies":"3 Byrds","floor":20,"turns":6},{"damage":20,"enemies":"Snecko","floor":21,"turns":5},{"damage":62,"enemies":"Sentry and Sphere","floor":22,"turns":3}],"seed_played":"5482779598555175490","potions_obtained":[{"floor":10,"key":"EntropicBrew"},{"floor":11,"key":"LiquidMemories"},{"floor":12,"key":"Weak Potion"},{"floor":14,"key":"AttackPotion"}],"is_trial":false,"path_per_floor":["M","M","$","?","$","R","?","R","T","M","M","M","R","M","R","B",null,"M","?","M","M","M"],"character_chosen":"IRONCLAD","items_purchased":[],"campfire_rested":0,"item_purchase_floors":[],"current_hp_per_floor":[77,76,76,76,76,76,86,86,86,90,90,83,83,71,71,42,90,79,79,68,61,0,0],"gold":201,"neow_bonus":"","is_daily":false,"chose_seed":false,"campfire_upgraded":4,"win_rate":0.0,"timestamp":1614309220,"path_taken":["M","M","$","?","$","R","?","R","T","?","M","M","R","M","R","BOSS","M","?","M","M","M"],"items_purchased_type":[],"build_version":"2020-12-22","purchased_purges":1,"victory":false,"max_hp_per_floor":[80,80,80,80,80,80,90,90,90,90,90,90,90,90,90,90,90,90,90,90,90,90,90],"card_choices":[{"not_picked":["Wellcheers","FairyFestival","PunishingBird"],"picked":"Singing Bowl","floor":1},{"not_picked":["Evolve","Warcry"],"picked":"Twin Strike","floor":1},{"not_picked":["OSAHOGD","Bloodbath","OldLady"],"picked":"Singing Bowl","floor":2},{"not_picked":["Hemokinesis","Brutality","Anger"],"picked":"SKIP","floor":2},{"not_picked":["Second Wind","Reckless Charge"],"picked":"Armaments","floor":10},{"not_picked":["Sentinel","Bloodletting"],"picked":"Uppercut","floor":11},{"not_picked":["Hemokinesis","Double Tap","Warcry"],"picked":"SKIP","floor":12},{"not_picked":["SnowQueen","PunishingBird"],"picked":"Scarecrow","floor":14},{"not_picked":["Fire Breathing","Flame Barrier"],"picked":"Rampage","floor":14},{"not_picked":["BlueStar","GreedKing","MHz"],"picked":"Singing Bowl","floor":16},{"not_picked":["BigBadWolf","WallGazer"],"picked":"BodiesMountain","floor":16},{"not_picked":["Immolate","Berserk"],"picked":"Demon Form","floor":16},{"not_picked":["Iron Wave","Whirlwind+1"],"picked":"Sword Boomerang","floor":18},{"not_picked":["Whirlwind+1","Iron Wave"],"picked":"Clothesline","floor":20},{"not_picked":["SingingMachine","SpiderBud"],"picked":"OSAHOGD","floor":21},{"not_picked":["Havoc","Whirlwind","Bloodletting"],"picked":"SKIP","floor":21}],"player_experience":163610,"relics_obtained":[{"floor":9,"key":"Paper Frog"}],"event_choices":[{"damage_healed":0,"gold_gain":0,"player_choice":"Ignored","damage_taken":0,"max_hp_gain":0,"max_hp_loss":0,"event_name":"Liars Game","floor":4,"gold_loss":0},{"damage_healed":0,"gold_gain":0,"player_choice":"Paid Gold","damage_taken":0,"relics_obtained":["Pear"],"max_hp_gain":0,"max_hp_loss":0,"event_name":"WeMeetAgain","floor":7,"gold_loss":53},{"damage_healed":0,"gold_gain":0,"player_choice":"Got Potions","damage_taken":0,"max_hp_gain":0,"max_hp_loss":0,"event_name":"Lab","floor":19,"gold_loss":0}],"is_beta":false,"boss_relics":[{"not_picked":["Calling Bell","Snecko Eye"],"picked":"Black Blood"}],"items_purged_floors":[3],"is_endless":false,"potions_floor_spawned":[10,11,12,14,18],"killed_by":"Sentry and Sphere","ascension_level":0}}