{"host":"mi0eibewekhugwl1","time":1614324029,"event":{"mods":["AchievementEnabler","BaseMod","Colored Map","Colored Powertips","DeckTracker","Keyboard Shortcuts","Minty Spire (QoL Compilation)","Quick Restart","Rare Cards Sparkle","Relic Stats","StSLib","SuperFastMode","everything is the same but u backflip on backflip"],"gold_per_floor":[112,112,136,58,74,101,120,120,120],"floor_reached":8,"language":"KOR","playtime":90,"items_purged":[],"score":162,"play_id":"eb495009-2444-4f2f-ac41-a72198c12f16","local_time":"20210226162029","is_ascension_mode":true,"campfire_choices":[],"circlet_count":0,"master_deck":["AscendersBane","Strike_G","Strike_G","Strike_G","Strike_G","Strike_G","Defend_G","Defend_G","Defend_G","Defend_G","Defend_G","Survivor","Neutralize","Flying Knee","Dash","Tactician","Choke"],"relics":["Ring of the Snake","NeowsBlessing","Anchor","Frozen Egg 2"],"acts_visited":["Exordium"],"potions_floor_usage":[],"damage_taken":[{"damage":0,"enemies":"Jaw Worm","floor":1,"turns":1},{"damage":0,"enemies":"2 Louse","floor":5,"turns":1},{"damage":0,"enemies":"Gremlin Nob","floor":6,"turns":1},{"damage":1,"enemies":"Cultist","floor":7,"turns":4},{"damage":65,"enemies":"Lagavulin","floor":8,"turns":8}],"seed_played":"8899711137428739956","potions_obtained":[{"floor":7,"key":"Fruit Juice"}],"is_trial":false,"path_per_floor":["M","?","T","$","M","E","M","E"],"character_chosen":"THE_SILENT","items_purchased":["Dash"],"campfire_rested":0,"item_purchase_floors":[4],"current_hp_per_floor":[59,64,64,64,64,64,63,0,0],"gold":120,"neow_bonus":"THREE_ENEMY_KILL","is_daily":false,"chose_seed":false,"campfire_upgraded":0,"win_rate":0.0,"timestamp":1614324029,"path_taken":["M","?","?","$","M","E","M","E"],"items_purchased_type":["Card"],"build_version":"2020-12-22","purchased_purges":0,"victory":false,"max_hp_per_floor":[66,71,71,71,71,71,71,71,71],"relic_stats":{"counters":[5,15],"obtain_stats":[{"Anchor":3,"NeowsBlessing":0,"Frozen Egg 2":6,"Ring of the Snake":0},{"Anchor":1,"NeowsBlessing":0,"Frozen Egg 2":3,"Ring of the Snake":0},{"Anchor":1,"NeowsBlessing":0,"Frozen Egg 2":3,"Ring of the Snake":0}],"Ring of the Snake":[10]},"card_choices":[{"not_picked":["Distraction","Prepared"],"picked":"Flying Knee","floor":1},{"not_picked":["Acrobatics","Dagger Spray"],"picked":"Tactician","floor":5},{"not_picked":["Deflect","Tools of the Trade+1"],"picked":"Choke","floor":6},{"not_picked":["Prepared","Crippling Poison","Riddle With Holes"],"picked":"SKIP","floor":7}],"player_experience":1832099,"relics_obtained":[{"floor":3,"key":"Anchor"},{"floor":6,"key":"Frozen Egg 2"}],"event_choices":[{"damage_healed":0,"gold_gain":0,"player_choice":"Donut","damage_taken":0,"max_hp_gain":5,"max_hp_loss":0,"event_name":"Big Fish","floor":2,"gold_loss":0}],"is_beta":false,"boss_relics":[],"items_purged_floors":[],"is_endless":false,"potions_floor_spawned":[7],"killed_by":"Lagavulin","ascension_level":20}}