{"host":"czzthkrvfe6r7fjf","time":1614350074,"event":{"mods":["ATMod(∞¢Ë™Mod)","Act Like it!","BaseMod","Downfall","GungeonMod","Marisa£®ÏF”Í°°ƒß¿Ì…≥£©","Minty Spire (QoL Compilation)","Quick Restart","StSLib","The Servant 0.9.4","Waifu the Spire","°æπ¶ƒ‹Mod°øªÏ„Á÷Æª∑–ﬁ∏¥≤π∂°"],"gold_per_floor":[115,115,190,210,210,210,243,254,254,271,271,271,289,323,323,419,419,438,3,3,3,23,37,57,57,105,5,5,5,38,49,49,145,195,214,60,60,60,73,73,107,121,121,165,196,243,255,142,142,142],"floor_reached":51,"language":"ZHS","playtime":1277,"items_purged":["Strike_G","Slimebound:Tackle+1","Defend_G"],"score":972,"play_id":"62feb546-5291-4354-877f-b92617e7def9","local_time":"20210226223434","is_ascension_mode":true,"campfire_choices":[{"data":"AT_EmpoweredMortalDraw","floor":6.0,"key":"SMITH"},{"data":"AT_WindFlip","floor":11.0,"key":"SMITH"},{"data":"AT_FocusSwordFire","floor":15.0,"key":"SMITH"},{"data":"Apotheosis","floor":28.0,"key":"SMITH"},{"floor":32.0,"key":"REST"},{"data":"Expertise","floor":40.0,"key":"SMITH"},{"floor":49.0,"key":"REST"}],"circlet_count":0,"master_deck":["Defend_G","Defend_G+1","Defend_G+1","Survivor","Neutralize","AT_EmpoweredMortalDraw+1","Acrobatics+1","Slice+1","AT_WindFlip+1","AT_FocusSwordFire+1","A Thousand Cuts","CurseOfTheBell","Prepared","Underhanded Strike","Apotheosis+1","Slimebound:Tackle+1","Tactician+1","Expertise+1","Distraction+1","Acrobatics+1","Concentrate+1","Tactician+1","Slice","Tactician","Madness","Madness"],"relics":["Ring of the Snake","AT_ATBox","NeowsBlessing","Vajra","Potion Belt","Paper Crane","DemoMod:ClearGuonStone","Calling Bell","Omamori","DemoMod:SerJunkan","DemoMod:GreenGuonStone","AT_SunfireAegis","Darkstone Periapt","DemoMod:WeirdEgg","DemoMod:Junk","Tiny House","DollysMirror","MawBank","DemoMod:MemoryAlloy"],"acts_visited":["Exordium","TheCity","TheBeyond"],"potions_floor_usage":[50],"damage_taken":[{"damage":0.0,"enemies":"Jaw Worm","floor":1.0,"turns":1.0},{"damage":0.0,"enemies":"Small Slimes","floor":4.0,"turns":1.0},{"damage":0.0,"enemies":"3 Sentries","floor":7.0,"turns":1.0},{"damage":0.0,"enemies":"Cultist","floor":8.0,"turns":1.0},{"damage":0.0,"enemies":"Exordium Wildlife","floor":10.0,"turns":1.0},{"damage":0.0,"enemies":"Large Slime","floor":13.0,"turns":2.0},{"damage":11.0,"enemies":"Lagavulin","floor":14.0,"turns":6.0},{"damage":26.0,"enemies":"The Guardian","floor":16.0,"turns":11.0},{"damage":0.0,"enemies":"3 Byrds","floor":18.0,"turns":4.0},{"damage":0.0,"enemies":"Chosen","floor":22.0,"turns":3.0},{"damage":3.0,"enemies":"Shelled Parasite and Fungi","floor":23.0,"turns":1.0},{"damage":8.0,"enemies":"Centurion and Healer","floor":24.0,"turns":3.0},{"damage":11.0,"enemies":"Slavers","floor":30.0,"turns":2.0},{"damage":6.0,"enemies":"Snake Plant","floor":31.0,"turns":3.0},{"damage":3.0,"enemies":"Champ","floor":33.0,"turns":5.0},{"damage":0.0,"enemies":"Orb Walker","floor":35.0,"turns":2.0},{"damage":0.0,"enemies":"3 Darklings","floor":39.0,"turns":1.0},{"damage":0.0,"enemies":"Giant Head","floor":41.0,"turns":1.0},{"damage":0.0,"enemies":"Jaw Worm Horde","floor":42.0,"turns":1.0},{"damage":6.0,"enemies":"Reptomancer","floor":44.0,"turns":2.0},{"damage":0.0,"enemies":"Writhing Mass","floor":45.0,"turns":3.0},{"damage":3.0,"enemies":"Nemesis","floor":46.0,"turns":3.0},{"damage":0,"enemies":"Donu and Deca","floor":50,"turns":2}],"seed_played":"-1158504844857097647","potions_obtained":[{"floor":7.0,"key":"DuplicationPotion"},{"floor":8.0,"key":"champ:CounterPotion"},{"floor":14.0,"key":"champ:CounterPotion"},{"floor":16.0,"key":"champ:CounterPotion"},{"floor":18.0,"key":"SteroidPotion"},{"floor":22.0,"key":"FairyPotion"},{"floor":30.0,"key":"Swift Potion"},{"floor":34.0,"key":"DemoMod:BlankPotion"}],"is_trial":false,"path_per_floor":["M","?","?","M","?","R","E","M","T","M","R","?","M","E","R","B",null,"M","$","?","?","M","M","M","?","T","$","R","?","E","M","R","B",null,"M","$","?","?","M","R","E","M","T","E","M","E","?","$","R","B",null],"character_chosen":"THE_SILENT","items_purchased":["AT_SunfireAegis","Underhanded Strike","Apotheosis","DollysMirror"],"campfire_rested":2,"item_purchase_floors":[19,19,19,36],"current_hp_per_floor":[70,67,56,56,56,56,56,56,56,56,56,42,42,31,31,5,70,70,70,70,70,70,67,59,59,59,59,59,59,48,42,63,60,75,75,75,75,75,75,75,75,75,75,69,69,66,57,57,75,75],"gold":142,"neow_bonus":"THREE_ENEMY_KILL","is_daily":false,"chose_seed":false,"campfire_upgraded":5,"win_rate":0.0,"timestamp":1614350074,"path_taken":["M","?","?","M","?","R","E","?","T","M","R","?","M","E","R","BOSS","M","$","?","?","M","M","?","?","T","$","R","?","E","M","R","BOSS","M","$","?","?","?","R","E","M","T","E","M","E","?","$","R","BOSS"],"items_purchased_type":["Relic","Card","Card","Relic"],"build_version":"2020-12-22","purchased_purges":3,"victory":true,"max_hp_per_floor":[70,70,70,70,70,70,70,70,70,70,70,70,70,70,70,70,70,70,70,70,70,70,70,70,70,70,70,70,70,70,70,70,70,75,75,75,75,75,75,75,75,75,75,75,75,75,75,75,75,75],"card_choices":[{"not_picked":["Leg Sweep","Flying Knee"],"picked":"Acrobatics","floor":1.0},{"not_picked":["Cloak And Dagger","Catalyst"],"picked":"Slice","floor":4.0},{"not_picked":["Night Terror","Quick Slash","AT_TinkerSharpsword"],"picked":"SKIP","floor":7.0},{"not_picked":["PiercingWail","Dagger Spray"],"picked":"AT_WindFlip","floor":8.0},{"not_picked":["AT_WindFlip","PiercingWail","Dagger Throw"],"picked":"SKIP","floor":10.0},{"not_picked":["AT_WindFlip","PiercingWail","Dagger Throw"],"picked":"SKIP","floor":10.0},{"not_picked":["Finisher","Footwork","Acrobatics"],"picked":"SKIP","floor":13.0},{"not_picked":["Outmaneuver","Flying Knee"],"picked":"AT_FocusSwordFire","floor":14.0},{"not_picked":["Burst","Tools of the Trade"],"picked":"A Thousand Cuts","floor":16.0},{"not_picked":["Deflect","Quick Slash"],"picked":"Prepared","floor":18.0},{"not_picked":["Poisoned Stab","Cloak And Dagger","All Out Attack"],"picked":"SKIP","floor":22.0},{"not_picked":["Night Terror","Catalyst","PiercingWail"],"picked":"SKIP","floor":23.0},{"not_picked":["Night Terror","Catalyst","PiercingWail"],"picked":"SKIP","floor":23.0},{"not_picked":["AT_TwilightShroud","Concentrate+1"],"picked":"Tactician+1","floor":24.0},{"not_picked":["AT_FocusSwordFire","Dodge and Roll","Caltrops+1"],"picked":"SKIP","floor":30.0},{"not_picked":["Blade Dance+1","Dagger Throw"],"picked":"Distraction+1","floor":31.0},{"not_picked":["Flying Knee","Sucker Punch"],"picked":"Acrobatics+1","floor":34.0},{"not_picked":["Deadly Poison+1","Acrobatics"],"picked":"Concentrate+1","floor":35.0},{"not_picked":["Bullet Time","AT_Desolate+1"],"picked":"Slice","floor":39.0},{"not_picked":["AT_WindFlip","Catalyst","PiercingWail"],"picked":"SKIP","floor":41.0},{"not_picked":["Flying Knee+1","Bouncing Flask+1","Outmaneuver+1"],"picked":"SKIP","floor":42.0},{"not_picked":["Noxious Fumes+1","Heel Hook"],"picked":"Tactician","floor":44.0},{"not_picked":["PiercingWail","Dash","Setup+1"],"picked":"SKIP","floor":45.0},{"not_picked":["Wraith Form v2","Flying Knee+1","Cloak And Dagger+1"],"picked":"SKIP","floor":46.0}],"player_experience":164305,"relics_obtained":[{"floor":7.0,"key":"Potion Belt"},{"floor":9.0,"key":"Paper Crane"},{"floor":14.0,"key":"DemoMod:ClearGuonStone"},{"floor":17.0,"key":"Omamori"},{"floor":17.0,"key":"DemoMod:SerJunkan"},{"floor":17.0,"key":"DemoMod:GreenGuonStone"},{"floor":26.0,"key":"DemoMod:WeirdEgg"},{"floor":30.0,"key":"DemoMod:Junk"},{"floor":41.0,"key":"DemoMod:Junk"},{"floor":43.0,"key":"MawBank"},{"floor":44.0,"key":"DemoMod:MemoryAlloy"},{"floor":46.0,"key":"DemoMod:Junk"}],"event_choices":[{"damage_healed":0.0,"max_hp_gain":0.0,"max_hp_loss":0.0,"gold_gain":0.0,"event_name":"Scrap Ooze","player_choice":"Success","floor":2.0,"gold_loss":0.0,"damage_taken":3.0,"relics_obtained":["Vajra"]},{"damage_healed":0.0,"max_hp_gain":0.0,"max_hp_loss":0.0,"gold_gain":75.0,"event_name":"World of Goop","player_choice":"Gather Gold","floor":3.0,"gold_loss":0.0,"damage_taken":11.0},{"cards_removed":["Strike_G"],"damage_healed":0.0,"max_hp_gain":0.0,"max_hp_loss":0.0,"gold_gain":0.0,"event_name":"Purifier","player_choice":"Purged","floor":5.0,"gold_loss":0.0,"damage_taken":0.0},{"damage_healed":0.0,"max_hp_gain":0.0,"max_hp_loss":0.0,"gold_gain":0.0,"event_name":"Shining Light","player_choice":"Entered Light","floor":12.0,"gold_loss":0.0,"damage_taken":14.0,"cards_upgraded":["Slice","Defend_G"]},{"cards_removed":["Defend_G"],"damage_healed":0.0,"max_hp_gain":0.0,"max_hp_loss":0.0,"gold_gain":0.0,"event_name":"Back to Basics","player_choice":"Elegance","floor":21.0,"gold_loss":0.0,"damage_taken":0.0},{"damage_healed":0.0,"max_hp_gain":0.0,"max_hp_loss":0.0,"gold_gain":0.0,"event_name":"Addict","player_choice":"Stole Relic","floor":25.0,"gold_loss":0.0,"damage_taken":0.0,"relics_obtained":["Darkstone Periapt"],"cards_obtained":["Shame"]},{"damage_healed":0.0,"max_hp_gain":0.0,"max_hp_loss":0.0,"gold_gain":0.0,"event_name":"The Library","player_choice":"Read","floor":29.0,"gold_loss":0.0,"damage_taken":0.0,"cards_obtained":["Expertise"]},{"cards_removed":["Slimebound:Tackle"],"damage_healed":0.0,"max_hp_gain":0.0,"max_hp_loss":0.0,"gold_gain":0.0,"event_name":"Falling","player_choice":"Removed Attack","floor":37.0,"gold_loss":0.0,"damage_taken":0.0},{"damage_healed":0.0,"max_hp_gain":0.0,"max_hp_loss":0.0,"gold_gain":0.0,"event_name":"Accursed Blacksmith","player_choice":"Forge","floor":38.0,"gold_loss":0.0,"damage_taken":0.0,"cards_upgraded":["Acrobatics"]},{"damage_healed":0.0,"max_hp_gain":0.0,"max_hp_loss":0.0,"gold_gain":0.0,"event_name":"Winding Halls","player_choice":"Embrace Madness","floor":47.0,"gold_loss":0.0,"damage_taken":9.0,"cards_obtained":["Madness","Madness"]}],"is_beta":false,"boss_relics":[{"not_picked":["WristBlade","Black Star"],"picked":"Calling Bell"},{"not_picked":["Snecko Eye","Runic Dome"],"picked":"Tiny House"}],"items_purged_floors":[19,27,48],"is_endless":false,"potions_floor_spawned":[7,8,14,16,18,22,30,35,39,44],"ascension_level":2}}