{"host":"mp4nw1ahnxiisuiw","time":1614356224,"event":{"mods":["AchievementEnabler","BaseMod","Better Note","Block Reminder","Colored Map","Colored Powertips","Curses Come First","DeckTracker","Dio Mod","Downfall","Hero for Fun","Highlight Path","HololiveMod","Koishi","Marisa????????","Minty Spire (QoL Compilation)","Permanent Neow","Quick Restart","Rare Cards Sparkle","Relic Sorter","Relic Stats","Remilia??????","Replay The Spire","Small Relic Pack","Spikes Relics","StSLib","Td1madao Mod","The Animator","The Bug Knight","The Senshi","Waifu the Spire","Wandering Minibosses"],"gold_per_floor":[110,126,126,139,149,149,149],"floor_reached":6,"language":"ENG","playtime":360,"items_purged":[],"score":40,"play_id":"d63defd0-6f08-413f-88fd-15eaf3857bc8","local_time":"20210226171704","is_ascension_mode":true,"campfire_choices":[],"circlet_count":0,"master_deck":["Strike_B","Strike_B","Strike_B","Strike_B","Defend_B","Defend_B","Defend_B","Defend_B","Zap","Dualcast","Fusion+1","Go for the Eyes","Force Field","Crystallizer"],"relics":["Philosopher\u0027s Stone"],"acts_visited":["Exordium"],"potions_floor_usage":[5],"damage_taken":[{"damage":0.0,"enemies":"Cultist","floor":1.0,"turns":3.0},{"damage":15.0,"enemies":"Jaw Worm","floor":2.0,"turns":6.0},{"damage":6.0,"enemies":"Small Slimes","floor":4.0,"turns":4.0},{"damage":38,"enemies":"Red Slaver","floor":5,"turns":7},{"damage":24,"enemies":"Lagavulin","floor":6,"turns":7}],"seed_played":"7565563872661775470","potions_obtained":[{"floor":1.0,"key":"Reflective Coating"},{"floor":4.0,"key":"PowerPotion"}],"is_trial":false,"path_per_floor":["M","M","?","M","M","E"],"character_chosen":"DEFECT","items_purchased":[],"campfire_rested":0,"item_purchase_floors":[],"current_hp_per_floor":[75,60,60,54,16,0,0],"gold":149,"neow_bonus":"BOSS_RELIC","is_daily":false,"chose_seed":false,"campfire_upgraded":0,"win_rate":0.0,"timestamp":1614356224,"path_taken":["M","M","?","M","?","E"],"items_purchased_type":[],"build_version":"2020-12-22","purchased_purges":0,"victory":false,"max_hp_per_floor":[75,75,75,75,75,75,75],"relic_stats":{"counters":[5,27],"obtain_stats":[{"Philosopher\u0027s Stone":0,"Cracked Core":0},{"Philosopher\u0027s Stone":0,"Cracked Core":0},{"Philosopher\u0027s Stone":0,"Cracked Core":0}]},"card_choices":[{"not_picked":["ReplayTheSpireMod:GoodbyeWorld","Ball Lightning"],"picked":"Fusion","floor":1.0},{"not_picked":["ReplaySolidLightProjector","Compile Driver"],"picked":"Go for the Eyes","floor":2.0},{"not_picked":["Steam","Time Bomb"],"picked":"Force Field","floor":4.0},{"not_picked":["Fusion","Streamline"],"picked":"Crystallizer","floor":5}],"player_experience":146351,"relics_obtained":[],"event_choices":[{"damage_healed":0.0,"max_hp_gain":0.0,"max_hp_loss":0.0,"gold_gain":0.0,"event_name":"Upgrade Shrine","player_choice":"Upgraded","floor":3.0,"gold_loss":0.0,"damage_taken":0.0,"cards_upgraded":["Fusion"]}],"is_beta":false,"boss_relics":[],"items_purged_floors":[],"is_endless":false,"potions_floor_spawned":[1,4],"killed_by":"Lagavulin","ascension_level":1}}