{"host":"0bl8lf938r434xzd","time":1614342228,"event":{"mods":["AchievementEnabler","BaseMod","Downfall","GifTheSpireLib","Googly Eyes","Minty Spire (QoL Compilation)","Shop Mod","StSLib","The Cursed","The IronCluck","Waifu the Spire"],"gold_per_floor":[111,124,11,30,30,15,42,54,85,85,185,200,230,230,230,329,329,343,354,354,354,364,364,364,380,380,14,14,33,33,49,49,149,149,163,182,193,207,207,95,95,153,164,191,191,205,224,224,224,224],"floor_reached":51,"language":"ENG","playtime":3416,"items_purged":["Normality"],"score":741,"play_id":"a0acf655-29fa-43f5-89ed-003417517d29","local_time":"20210226222348","is_ascension_mode":false,"campfire_choices":[{"floor":10.0,"key":"REST"},{"floor":15.0,"key":"REST"},{"floor":26.0,"key":"REST"},{"data":"1","floor":28.0,"key":"LIFT"},{"floor":30.0,"key":"REST"},{"data":"2","floor":32.0,"key":"LIFT"},{"floor":45,"key":"REST"},{"floor":49,"key":"REST"}],"circlet_count":0,"master_deck":["Guardian:Strike_Guardian","Guardian:Strike_Guardian","Guardian:Strike_Guardian","Guardian:Strike_Guardian","Guardian:Defend_Guardian","Guardian:Defend_Guardian","Guardian:Defend_Guardian","Guardian:Defend_Guardian","Guardian:CurlUp","Guardian:TwinSlam","Guardian:Planning","Guardian:Reroute","Guardian:PrimingBeam","Guardian:PiercingHide","Guardian:Reroute","Guardian:Emergency","Guardian:TimeSifter","Pride","Guardian:Incinerate+1","Guardian:Incinerate","Guardian:TimeCapacitor","Guardian:BronzeOrb","Guardian:AncientConstruct","Guardian:FloatingOrbs+1","Guardian:AncientConstruct","Guardian:Gem_Fragmented","Guardian:Gem_Lightblue"],"relics":["Guardian:ModeShifter","Du-Vu Doll","Toy Ornithopter","Regal Pillow","Bronze Scales","Sozu","Girya","MutagenicStrength","Pocketwatch","Bird Faced Urn","Philosopher\u0027s Stone","Centennial Puzzle","Happy Flower","Bag of Preparation","Singing Bowl"],"acts_visited":["Exordium","TheCity","TheBeyond"],"potions_floor_usage":[50,50],"damage_taken":[{"damage":3.0,"enemies":"2 Louse","floor":1.0,"turns":3.0},{"damage":2.0,"enemies":"Small Slimes","floor":2.0,"turns":2.0},{"damage":10.0,"enemies":"downfall:FleeingMerchant","floor":3.0,"turns":4.0},{"damage":6.0,"enemies":"Jaw Worm","floor":4.0,"turns":3.0},{"damage":0.0,"enemies":"downfall:FleeingMerchant","floor":6.0,"turns":4.0},{"damage":7.0,"enemies":"Blue Slaver","floor":8.0,"turns":3.0},{"damage":18.0,"enemies":"Lagavulin","floor":9.0,"turns":5.0},{"damage":7.0,"enemies":"2 Fungi Beasts","floor":12.0,"turns":4.0},{"damage":19.0,"enemies":"Gremlin Nob","floor":13.0,"turns":4.0},{"damage":30.0,"enemies":"DF_ARCHETYPE_STREAMLINE","floor":16.0,"turns":9.0},{"damage":15.0,"enemies":"3 Byrds","floor":18.0,"turns":4.0},{"damage":17.0,"enemies":"downfall:LooterAlt2","floor":19.0,"turns":5.0},{"damage":11.0,"enemies":"Centurion and Healer","floor":22.0,"turns":8.0},{"damage":12.0,"enemies":"Sentry and Sphere","floor":25.0,"turns":6.0},{"damage":5.0,"enemies":"downfall:FleeingMerchant","floor":27.0,"turns":4.0},{"damage":13.0,"enemies":"3 Cultists","floor":29.0,"turns":5.0},{"damage":17.0,"enemies":"Centurion and Healer","floor":31.0,"turns":4.0},{"damage":51.0,"enemies":"WA_ARCHETYPE_CALM","floor":33.0,"turns":11.0},{"damage":19.0,"enemies":"3 Darklings","floor":35.0,"turns":5.0},{"damage":16.0,"enemies":"Orb Walker","floor":36.0,"turns":3.0},{"damage":23.0,"enemies":"Maw","floor":37.0,"turns":7.0},{"damage":9.0,"enemies":"Sphere and 2 Shapes","floor":38.0,"turns":4.0},{"damage":5,"enemies":"downfall:FleeingMerchant","floor":40,"turns":4},{"damage":20,"enemies":"downfall:FleeingMerchant","floor":42,"turns":4},{"damage":2,"enemies":"Spire Growth","floor":43,"turns":3},{"damage":37,"enemies":"Giant Head","floor":44,"turns":8},{"damage":12,"enemies":"Jaw Worm Horde","floor":46,"turns":4},{"damage":22,"enemies":"Sphere and 2 Shapes","floor":47,"turns":5},{"damage":3,"enemies":"SI_POISON_ARCHETYPE","floor":50,"turns":10}],"seed_played":"2635763260721147940","potions_obtained":[{"floor":9.0,"key":"DuplicationPotion"},{"floor":12.0,"key":"ColorlessPotion"},{"floor":13.0,"key":"FairyPotion"},{"floor":16.0,"key":"Explosive Potion"}],"is_trial":false,"path_per_floor":["M","M","$","M","?","$","T","M","E","R","?","M","E","?","R","B",null,"M","M","?","?","M","?","T","M","R","$","R","M","R","M","R","B",null,"M","M","M","M","?","$","T","$","M","E","R","M","M","?","R","B",null],"character_chosen":"GUARDIAN","items_purchased":["Guardian:PrimingBeam","Bird Faced Urn","Guardian:TimeCapacitor","Guardian:Gem_Fragmented","Guardian:Gem_Lightblue","Happy Flower","Bag of Preparation"],"campfire_rested":6,"item_purchase_floors":[3,27,27,40,40,42,42],"current_hp_per_floor":[77,75,65,59,59,59,59,52,34,73,73,66,52,57,85,55,85,70,53,53,53,42,42,42,30,70,65,65,58,85,72,72,27,85,70,56,41,36,36,41,41,25,27,4,45,41,33,33,75,91],"gold":224,"neow_bonus":"ONE_RARE_RELIC","is_daily":false,"chose_seed":false,"campfire_upgraded":0,"win_rate":0.0,"timestamp":1614342228,"path_taken":["M","M","$","M","?","$","T","M","E","R","?","M","E","?","R","BOSS","M","M","?","?","M","?","T","M","R","$","R","M","R","M","R","BOSS","M","M","M","M","?","$","T","$","?","E","R","M","M","?","R","BOSS"],"items_purchased_type":["Card","Relic","Card","Card","Card","Relic","Relic"],"build_version":"2020-12-22","purchased_purges":1,"victory":true,"max_hp_per_floor":[80,80,80,80,80,80,80,80,80,80,80,80,80,85,85,85,85,85,85,85,85,85,85,85,85,85,85,85,85,85,85,85,85,85,85,85,85,85,85,85,85,85,85,87,87,89,91,91,91,91],"card_choices":[{"not_picked":["Guardian:TemporalShield","Guardian:TimeBomb"],"picked":"Guardian:Gem_Crimson","floor":1.0},{"not_picked":["Guardian:Gem_Green","Guardian:TemporalShield"],"picked":"Guardian:Planning","floor":2.0},{"not_picked":["Guardian:GuardianWhirl","Guardian:Suspension"],"picked":"Guardian:Reroute","floor":3.0},{"not_picked":["Guardian:ChargeCore","Guardian:TimeBomb"],"picked":"Guardian:PiercingHide","floor":4.0},{"not_picked":["Guardian:PrimingBeam","Guardian:ChargeCore"],"picked":"Guardian:Gem_Red","floor":6.0},{"not_picked":["Guardian:PrimingBeam","Guardian:Repulse"],"picked":"Guardian:Reroute","floor":8.0},{"not_picked":["Guardian:Gem_Crimson","Guardian:FierceBash"],"picked":"Guardian:Gem_Cyan","floor":9.0},{"not_picked":["Guardian:Reroute","Guardian:Gem_Lightblue"],"picked":"Guardian:Emergency","floor":12.0},{"not_picked":["Guardian:Emergency","Guardian:PrimingBeam"],"picked":"Guardian:Gem_Fragmented","floor":13.0},{"not_picked":["Guardian:GatlingBeam","Guardian:ExploitGems"],"picked":"Guardian:TimeSifter","floor":16.0},{"not_picked":["Guardian:Incinerate","Guardian:ShieldCharger"],"picked":"Guardian:Gem_Cyan","floor":18.0},{"not_picked":["Guardian:Preprogram","Guardian:Gem_Lightblue"],"picked":"Guardian:TimeCapacitor","floor":19.0},{"not_picked":["Guardian:TemporalShield","Guardian:Gem_White"],"picked":"Guardian:Incinerate+1","floor":22.0},{"not_picked":["Guardian:Gem_Cyan","Guardian:Clone"],"picked":"Guardian:Incinerate","floor":25.0},{"not_picked":["Guardian:TimeBomb+1","Guardian:Reroute+1"],"picked":"Guardian:Gem_Purple","floor":27.0},{"not_picked":["Guardian:PrimingBeam","Guardian:Gem_Lightblue"],"picked":"Guardian:Gem_Fragmented","floor":29.0},{"not_picked":["Guardian:FloatingOrbs","Guardian:CrystalBeam"],"picked":"Guardian:BronzeOrb","floor":31.0},{"not_picked":["Guardian:StasisField","Guardian:ExploitGems"],"picked":"Guardian:AncientConstruct","floor":33.0},{"not_picked":["Guardian:ShieldSpikes","Guardian:TimeBomb+1","Guardian:ChargeCore"],"picked":"SKIP","floor":35.0},{"not_picked":["Guardian:CrystalBeam","Guardian:VentSteam","Guardian:Suspension"],"picked":"SKIP","floor":36.0},{"not_picked":["Guardian:TimeCapacitor","Guardian:CrystalBeam"],"picked":"Guardian:FloatingOrbs+1","floor":37.0},{"not_picked":["Guardian:Gem_Fragmented","Guardian:PrimingBeam+1"],"picked":"Guardian:Gem_Purple","floor":38.0},{"not_picked":["Guardian:PrimingBeam+1","Guardian:ChargeCore","Guardian:Gem_Lightblue"],"picked":"SKIP","floor":40},{"not_picked":["Guardian:ShieldCharger+1","Guardian:Gem_Red","Guardian:Suspension+1"],"picked":"SKIP","floor":42},{"not_picked":["Guardian:TemporalShield+1","Guardian:Emergency+1","Guardian:GuardianWhirl+1"],"picked":"SKIP","floor":43},{"not_picked":["Guardian:CrystalBeam+1","Guardian:GuardianWhirl+1","Guardian:TimeCapacitor"],"picked":"Singing Bowl","floor":44},{"not_picked":["Guardian:BronzeArmor+1","Guardian:AncientConstruct","Guardian:Repulse+1"],"picked":"Singing Bowl","floor":46},{"not_picked":["Guardian:TimeCapacitor","Guardian:Gem_Cyan","Guardian:FloatingOrbs+1"],"picked":"Singing Bowl","floor":47}],"player_experience":343729,"relics_obtained":[{"floor":7.0,"key":"Toy Ornithopter"},{"floor":9.0,"key":"Regal Pillow"},{"floor":13.0,"key":"Bronze Scales"},{"floor":24.0,"key":"Pocketwatch"},{"floor":41,"key":"Centennial Puzzle"},{"floor":44,"key":"Singing Bowl"}],"event_choices":[{"damage_healed":0.0,"max_hp_gain":5.0,"max_hp_loss":0.0,"gold_gain":0.0,"event_name":"Big Fish","player_choice":"Donut","floor":14.0,"gold_loss":0.0,"damage_taken":0.0},{"damage_healed":0.0,"max_hp_gain":0.0,"max_hp_loss":0.0,"gold_gain":0.0,"event_name":"Addict","player_choice":"Stole Relic","floor":20.0,"gold_loss":0.0,"damage_taken":0.0,"relics_obtained":["Girya"],"cards_obtained":["Pride"]},{"damage_healed":0.0,"max_hp_gain":0.0,"max_hp_loss":0.0,"gold_gain":0.0,"event_name":"Vampires","player_choice":"Ignored","floor":21.0,"gold_loss":0.0,"damage_taken":0.0},{"damage_healed":0.0,"max_hp_gain":0.0,"max_hp_loss":0.0,"gold_gain":0.0,"event_name":"Drug Dealer","player_choice":"Inject Mutagens","floor":23.0,"gold_loss":0.0,"damage_taken":0.0,"relics_obtained":["MutagenicStrength"]},{"cards_removed":["Guardian:TimeCapacitor"],"damage_healed":0,"gold_gain":0,"player_choice":"Removed Power","damage_taken":0,"max_hp_gain":0,"max_hp_loss":0,"event_name":"Falling","floor":48,"gold_loss":0}],"is_beta":false,"boss_relics":[{"not_picked":["Snecko Eye","Empty Cage"],"picked":"Sozu"},{"not_picked":["Pandora\u0027s Box","Runic Pyramid"],"picked":"Philosopher\u0027s Stone"}],"items_purged_floors":[3],"is_endless":false,"potions_floor_spawned":[9,12,13,16,29,31,33,43,46,47],"ascension_level":0}}