{"host":"s229x1smnerk6mew","time":1614320305,"event":{"mods":["BaseMod","Bestiary","Minty Spire (QoL Compilation)","Relic Stats"],"gold_per_floor":[367,48,48,72,43,74,74,106,131,141,172,184,201,227,227,302,302,322,336,336,336,359,371,398,436,448,89,124,74,101,114,114,114,114],"floor_reached":33,"language":"ENG","playtime":1811,"items_purged":["Strike_G+1","Strike_G+1"],"score":662,"play_id":"1b80b946-d22d-4372-996e-6fdb2493b957","local_time":"20210226171825","is_ascension_mode":true,"campfire_choices":[{"data":"All Out Attack","floor":7,"key":"SMITH"},{"data":"Calculated Gamble","floor":15,"key":"SMITH"},{"data":"Wraith Form v2","floor":23,"key":"SMITH"},{"data":"Blade Dance","floor":32,"key":"SMITH"}],"circlet_count":0,"master_deck":["AscendersBane","Strike_G+1","Strike_G+1","Strike_G+1","Defend_G+1","Defend_G+1","Defend_G+1","Defend_G+1","Defend_G+1","Survivor","Neutralize","All Out Attack+1","Quick Slash+1","Leg Sweep","Endless Agony+1","Blade Dance+1","Blade Dance+1","Calculated Gamble+1","Wraith Form v2+1","Acrobatics","Terror+1","Cloak And Dagger+1","Phantasmal Killer"],"relics":["Ring of the Snake","Mercury Hourglass","The Specimen","Vajra","Art of War","Strawberry","White Beast Statue","Whetstone","Snecko Eye","MutagenicStrength","MawBank","Smiling Mask","CeramicFish","Lantern","Peace Pipe","War Paint"],"acts_visited":["Exordium","TheCity"],"potions_floor_usage":[6,8,16,16,25,28,33],"damage_taken":[{"damage":2,"enemies":"Jaw Worm","floor":1,"turns":5},{"damage":8,"enemies":"Gremlin Nob","floor":6,"turns":3},{"damage":8,"enemies":"Lagavulin","floor":8,"turns":5},{"damage":0,"enemies":"Cultist","floor":10,"turns":2},{"damage":5,"enemies":"3 Sentries","floor":11,"turns":4},{"damage":0,"enemies":"Small Slimes","floor":12,"turns":1},{"damage":0,"enemies":"Blue Slaver","floor":13,"turns":3},{"damage":11,"enemies":"Gremlin Nob","floor":14,"turns":3},{"damage":6,"enemies":"Hexaghost","floor":16,"turns":9},{"damage":0,"enemies":"Chosen","floor":18,"turns":3},{"damage":6,"enemies":"Spheric Guardian","floor":19,"turns":3},{"damage":0,"enemies":"Centurion and Healer","floor":24,"turns":5},{"damage":1,"enemies":"Book of Stabbing","floor":25,"turns":5},{"damage":7,"enemies":"Slavers","floor":28,"turns":5},{"damage":1,"enemies":"Book of Stabbing","floor":30,"turns":3},{"damage":0,"enemies":"Snecko","floor":31,"turns":1},{"damage":56,"enemies":"Automaton","floor":33,"turns":10}],"seed_played":"-4414824321001005107","potions_obtained":[{"floor":6,"key":"AttackPotion"},{"floor":8,"key":"CunningPotion"},{"floor":11,"key":"Ancient Potion"},{"floor":12,"key":"SpeedPotion"},{"floor":13,"key":"Block Potion"},{"floor":16,"key":"PowerPotion"},{"floor":18,"key":"Explosive Potion"},{"floor":19,"key":"Block Potion"},{"floor":25,"key":"Energy Potion"},{"floor":28,"key":"Fire Potion"},{"floor":30,"key":"FearPotion"},{"floor":31,"key":"Dexterity Potion"}],"is_trial":false,"path_per_floor":["M","$","?","T","$","E","R","E","T","M","E","M","M","E","R","B",null,"M","M","?","?","T","R","M","E","T","$","E","$","E","M","R","B"],"character_chosen":"THE_SILENT","items_purchased":["Mercury Hourglass","Fire Potion","Quick Slash","Lantern","Phantasmal Killer"],"campfire_rested":0,"item_purchase_floors":[2,2,5,27,27],"current_hp_per_floor":[57,57,39,39,39,31,31,23,30,30,25,25,25,14,14,8,52,52,46,46,46,46,46,46,45,45,45,38,38,37,37,37,0,0],"gold":114,"neow_bonus":"TWO_FIFTY_GOLD","is_daily":false,"chose_seed":false,"campfire_upgraded":4,"win_rate":0.0,"timestamp":1614320305,"path_taken":["M","$","?","?","?","E","R","E","T","M","E","M","?","E","R","BOSS","M","?","?","?","?","R","M","E","T","?","E","$","E","?","R","BOSS"],"items_purchased_type":["Relic","Potion","Card","Relic","Card"],"build_version":"2020-12-22","purchased_purges":2,"victory":false,"max_hp_per_floor":[60,60,60,60,60,60,60,60,67,67,67,67,67,67,67,67,67,67,67,67,67,67,67,67,67,67,67,67,67,67,67,67,67,67],"relic_stats":{"Peace Pipe":0,"counters":[17,69],"CeramicFish":9,"Snecko Eye":[76,70,59,69],"Art of War":[1],"Whetstone":["Quick Slash","Endless Agony"],"War Paint":["Terror","Blade Dance"],"MawBank":60,"Smiling Mask":75,"obtain_stats":[{"Lantern":27,"The Specimen":3,"CeramicFish":26,"Vajra":6,"Whetstone":14,"War Paint":30,"MawBank":22,"Smiling Mask":25,"White Beast Statue":11,"Mercury Hourglass":2,"Peace Pipe":28,"Strawberry":9,"MutagenicStrength":21,"Snecko Eye":17,"Art of War":8,"Ring of the Snake":0},{"Lantern":13,"The Specimen":1,"CeramicFish":13,"Vajra":2,"Whetstone":8,"War Paint":15,"MawBank":11,"Smiling Mask":13,"White Beast Statue":5,"Mercury Hourglass":1,"Peace Pipe":14,"Strawberry":3,"MutagenicStrength":11,"Snecko Eye":9,"Art of War":3,"Ring of the Snake":0},{"Lantern":50,"The Specimen":5,"CeramicFish":50,"Vajra":8,"Whetstone":26,"War Paint":58,"MawBank":41,"Smiling Mask":50,"White Beast Statue":19,"Mercury Hourglass":5,"Peace Pipe":55,"Strawberry":13,"MutagenicStrength":41,"Snecko Eye":35,"Art of War":13,"Ring of the Snake":0}],"Ring of the Snake":[34],"Mercury Hourglass":[238]},"card_choices":[{"not_picked":["Outmaneuver","Blur"],"picked":"All Out Attack","floor":1},{"not_picked":["Heel Hook","Prepared"],"picked":"Leg Sweep","floor":6},{"not_picked":["PiercingWail","Night Terror"],"picked":"Endless Agony","floor":8},{"not_picked":["Bane","Noxious Fumes"],"picked":"Blade Dance","floor":10},{"not_picked":["Tactician","Quick Slash"],"picked":"Blade Dance","floor":11},{"not_picked":["Dagger Spray","Bane","Dodge and Roll"],"picked":"SKIP","floor":12},{"not_picked":["Flechettes","Outmaneuver","Prepared"],"picked":"SKIP","floor":13},{"not_picked":["Concentrate","Flechettes"],"picked":"Calculated Gamble","floor":14},{"not_picked":["Die Die Die","Doppelganger"],"picked":"Wraith Form v2","floor":16},{"not_picked":["Quick Slash","Flying Knee","Acrobatics"],"picked":"SKIP","floor":18},{"not_picked":["Quick Slash","Flying Knee"],"picked":"Acrobatics","floor":18},{"not_picked":["Predator","Masterful Stab"],"picked":"Terror","floor":19},{"not_picked":["Deflect","Blade Dance"],"picked":"Cloak And Dagger+1","floor":24},{"not_picked":["Flying Knee","Blade Dance","PiercingWail"],"picked":"SKIP","floor":25},{"not_picked":["Sucker Punch","Dodge and Roll","Endless Agony"],"picked":"SKIP","floor":28},{"not_picked":["Blade Dance","Outmaneuver","Dodge and Roll"],"picked":"SKIP","floor":30},{"not_picked":["Sucker Punch","Distraction","Poisoned Stab"],"picked":"SKIP","floor":31}],"player_experience":2108988,"relics_obtained":[{"floor":6,"key":"Vajra"},{"floor":8,"key":"Art of War"},{"floor":9,"key":"Strawberry"},{"floor":11,"key":"White Beast Statue"},{"floor":14,"key":"Whetstone"},{"floor":22,"key":"MawBank"},{"floor":25,"key":"Smiling Mask"},{"floor":26,"key":"CeramicFish"},{"floor":28,"key":"Peace Pipe"},{"floor":30,"key":"War Paint"}],"event_choices":[{"damage_healed":0,"gold_gain":0,"player_choice":"Success","damage_taken":18,"relics_obtained":["The Specimen"],"max_hp_gain":0,"max_hp_loss":0,"event_name":"Scrap Ooze","floor":3,"gold_loss":0},{"damage_healed":0,"gold_gain":0,"player_choice":"Simplicity","damage_taken":0,"max_hp_gain":0,"max_hp_loss":0,"event_name":"Back to Basics","floor":20,"gold_loss":0,"cards_upgraded":["Strike_G","Strike_G","Strike_G","Strike_G","Strike_G","Defend_G","Defend_G","Defend_G","Defend_G","Defend_G"]},{"damage_healed":0,"gold_gain":0,"player_choice":"Inject Mutagens","damage_taken":0,"relics_obtained":["MutagenicStrength"],"max_hp_gain":0,"max_hp_loss":0,"event_name":"Drug Dealer","floor":21,"gold_loss":0}],"is_beta":false,"boss_relics":[{"not_picked":["Velvet Choker","Coffee Dripper"],"picked":"Snecko Eye"}],"items_purged_floors":[27,29],"is_endless":false,"potions_floor_spawned":[6,8,11,12,13,14,16,18,19,24,25,28,30,31],"killed_by":"Automaton","ascension_level":20}}