{"host":"xxi53rn2ndafw16n","time":1614342100,"event":{"mods":["Act Like it!","BaseMod","Colored Map","Dota2Spire","Downfall","Gensokyo","Gold Saver","Hallownest","HololiveMod","Marisa£®ÏF”Í°°ƒß¿Ì…≥£©","Minty Spire (QoL Compilation)","MostiFishMod","Reimu£®≤©¿ˆ¡È√Œ£©","Remilia£®¿Ÿ√◊¿Ú—«£©","Remove Card Discount Mod","Replay The Spire","RumiaBox-¬∂√◊Ê´µƒ…Ò√ÿ∫–◊”","StSLib","The Bug Knight","The Servant 0.9.4","Waifu the Spire","WarShipGirlsR/’ΩΩ¢…Ÿ≈ÆR mod","Yakumo Yukari mod","Youmu£®ªÍ∆«—˝√Œ£©","[IsaacMod]“‘»ˆº‚À˛","°æπ¶ƒ‹Mod°øªÏ„Á÷Æª∑–ﬁ∏¥≤π∂°","°æ“≈ŒÔø®≈∆°øREMEMod","ÛÙª÷∏ƒœ"],"gold_per_floor":[83,83,98,116,145,171,171,58,58,71,102,102,91,107,107,157,157,176,195,206,210,16,59,78,110,110,143,156,177,177,204,204,204,204],"floor_reached":33,"language":"ZHS","playtime":2018,"items_purged":["Hololive_Strike","Hololive_Strike","Hololive_CallAyundaRisu","Hololive_CallHimemoriLuna","Hololive_CallArtia"],"score":530,"play_id":"f6176276-a176-4a18-b007-4faa7915d132","local_time":"20210226202139","is_ascension_mode":false,"campfire_choices":[{"data":"Hololive_CallDoris","floor":7.0,"key":"SMITH"},{"data":"Hololive_CallOzoraSubaru","floor":12.0,"key":"SMITH"},{"data":"Hololive_Yoholoon","floor":15.0,"key":"SMITH"},{"data":"Hololive_CallUsadaPekora","floor":32.0,"key":"SMITH"}],"circlet_count":0,"master_deck":["Hololive_Defend","Hololive_Defend","Hololive_Teleport","Hololive_CallOzoraSubaru+1","Hololive_CallDoris+1","BettingIsNotGood","rmod:secretscript","Hololive_FlyingPonyTail","REME_HeartOfCthun","Hololive_Breathe","Hololive_CallMomosuzuNene+15","Hololive_StarCraft","Hololive_StrengthChampion","Hololive_Breathe","Hololive_StrengthChampion","Hololive_Breathe","Hololive_Breathe","Hololive_Yoholoon+1","Hololive_IdolExercise","Hololive_LuckPotion","Hololive_CallKiryuuCoco","Hololive_LuckPotion+1","Hololive_CallUsadaPekora+1","Hololive_LuckPotion","Hololive_CallTsunomakiWatame","Hololive_Spy","Hololive_CallSpadeEcho","Hololive_StrengthChampion+1"],"relics":["Hololive_TheStar","DaveBox","REME_ComplimentaryCards","HushsDoor","KeepersGift","NeowsBlessing","RhineCircuit","Baka","SynthV:TestCard","Replay:Accelerometer","HornCleat","Dota2Spire:DrumOfEndurance","Replay:Ringing Soul","Tiny Chest","Hololive_Finger","Hololive_LightStick","Vajra","MagicDraw4","OriginationStaff","Hallownest:NailmastersGloryRelic"],"acts_visited":["Hallownest:Greenpath","Hallownest:CityofTears"],"potions_floor_usage":[],"damage_taken":[{"damage":0.0,"enemies":"Hallownest:monsterHuskGuard","floor":1.0,"turns":1.0},{"damage":0.0,"enemies":"2_ Uuma","floor":3.0,"turns":1.0},{"damage":0.0,"enemies":"Hallownest:2_Baldur","floor":4.0,"turns":1.0},{"damage":0.0,"enemies":"Hallownest:MossCreep_and_Mosskin","floor":5.0,"turns":3.0},{"damage":0.0,"enemies":"Hallownest:eliteVengeflyKing","floor":6.0,"turns":3.0},{"damage":0.0,"enemies":"Hallownest:2_Tiktiks_1_Baldur_1_Crawlid","floor":10.0,"turns":1.0},{"damage":0.0,"enemies":"Hallownest:eliteMossKnight","floor":11.0,"turns":3.0},{"damage":19.0,"enemies":"Hiden Room Battle","floor":13.0,"turns":4.0},{"damage":0.0,"enemies":"Hallownest:Wandering_and_Horned","floor":14.0,"turns":2.0},{"damage":0.0,"enemies":"Hallownest:BossHornet","floor":16.0,"turns":5.0},{"damage":0.0,"enemies":"Hallownest:2_Mistakes","floor":18.0,"turns":6.0},{"damage":0.0,"enemies":"Hallownest:Guard_and_Sentry","floor":19.0,"turns":4.0},{"damage":0.0,"enemies":"Hallownest:Warrior_and_Youth","floor":20.0,"turns":4.0},{"damage":0.0,"enemies":"Hallownest:monsterMisterMushroom","floor":21.0,"turns":5.0},{"damage":0.0,"enemies":"Hallownest:eliteWatcherKnight","floor":23.0,"turns":8.0},{"damage":0.0,"enemies":"Hallownest:monsterShrumalOgre","floor":24.0,"turns":2.0},{"damage":0.0,"enemies":"Hallownest:Glutton_and_Coward","floor":25.0,"turns":2.0},{"damage":0.0,"enemies":"Hallownest:Nosk","floor":27.0,"turns":3.0},{"damage":3.0,"enemies":"Hallownest:2_Husk_Sentries","floor":28.0,"turns":2.0},{"damage":0.0,"enemies":"Hallownest:monsterShrumalOgre","floor":29.0,"turns":2.0},{"damage":0.0,"enemies":"Hallownest:2_Flukemon","floor":31.0,"turns":4.0},{"damage":0,"enemies":"Hallownest:BossMantisLord","floor":33,"turns":1}],"seed_played":"-6057475455806654463","potions_obtained":[{"floor":13.0,"key":"Ancient Potion"},{"floor":14.0,"key":"PowerPotion"},{"floor":16.0,"key":"ZuzhouPotion:ReiMu"},{"floor":21.0,"key":"Fruit Juice"},{"floor":25.0,"key":"BlessingOfTheForge"},{"floor":31.0,"key":"Weak Potion"}],"is_trial":false,"path_per_floor":["M","?","M","M","M","E","R","$","T","M","E","R","?","M","R","B",null,"M","M","M","M","$","E","M","M","T","E","M","M","?","M","R","B"],"character_chosen":"Hololive_HololiveCharacter","items_purchased":["Hololive_Breathe","Hololive_StrengthChampion","Hololive_LightStick","Hololive_LuckPotion"],"campfire_rested":0,"item_purchase_floors":[8,8,22,22],"current_hp_per_floor":[35,35,35,35,35,35,35,35,35,35,35,35,12,15,15,18,44,47,50,53,61,64,67,67,70,70,73,70,73,73,73,73,73,73],"gold":204,"neow_bonus":"THREE_ENEMY_KILL","is_daily":false,"chose_seed":false,"campfire_upgraded":4,"win_rate":0.0,"timestamp":1614342099,"path_taken":["M","?","M","M","M","E","R","$","T","M","E","R","?","M","R","BOSS","M","M","?","M","$","E","M","M","T","E","M","M","?","M","R","BOSS"],"items_purchased_type":["Card","Card","Relic","Card"],"build_version":"2020-12-22","purchased_purges":5,"victory":false,"max_hp_per_floor":[35,35,35,35,35,35,35,35,35,35,35,35,38,41,41,44,44,47,50,53,61,64,67,67,70,70,73,73,76,76,76,76,76,76],"card_choices":[{"not_picked":[],"picked":"BettingIsNotGood","floor":0.0},{"not_picked":["Hololive_Sequa","Hololive_Rebound","Hololive_DevilCharm"],"picked":"Hololive_FlyingPonyTail","floor":1.0},{"not_picked":["REME_TwoStrings","Jack Of All Trades","Violence","Transmutation","EpicFetus"],"picked":"REME_HeartOfCthun","floor":2.0},{"not_picked":["Hololive_DevilCharm","Hololive_LuckPotion","Hololive_CallUruhaRushia","Hololive_OvertimeWork","Hololive_Sequa"],"picked":"Hololive_Breathe","floor":2.0},{"not_picked":["Hololive_CallCivia","Hololive_CallOkamiMio","Hololive_LuckPotion","Hololive_Drill","Hololive_RevenueBasedLive"],"picked":"Hololive_CallMomosuzuNene","floor":3.0},{"not_picked":["Hololive_CallShiroganeNoel","Hololive_Psychosis","Hololive_Breathe","Hololive_StrengthChampion","Hololive_CallKiryuuCoco"],"picked":"Hololive_StarCraft","floor":4.0},{"not_picked":["Hololive_Sequa","Hololive_LuckPotion","Hololive_CallMinatoAqua","Hololive_CallTokoyamiTowa","Hololive_Teleport","Hololive_CallAZKi"],"picked":"SKIP","floor":5.0},{"not_picked":["Hololive_DDD","Hololive_FlyingPonyTail","Hololive_LuckPotion","Hololive_FlareMind","Hololive_RevenueBasedLive"],"picked":"Hololive_StrengthChampion","floor":6.0},{"not_picked":["Hololive_CallOmaruPolka","Hololive_Rebound","Hololive_HuntDinosaur","Hololive_LuckPotion","Hololive_CallHimemoriLuna"],"picked":"Hololive_Breathe","floor":10.0},{"not_picked":["Hololive_CallAyundaRisu","Hololive_CallNatsuiroMatsuri","Hololive_OvertimeWork","Hololive_Psychosis","Hololive_Breathe","Hololive_Thief"],"picked":"SKIP","floor":11.0},{"not_picked":["Hololive_Psychosis","Hololive_CallHoushouMarine","Hololive_Trident","Hololive_OvertimeWork","Hololive_RevenueBasedLive"],"picked":"Hololive_Breathe","floor":13.0},{"not_picked":["Hololive_CallHimemoriLuna","Hololive_LuckPotion","Hololive_ASMR","Hololive_CallHoushouMarine","Hololive_OvertimeWork"],"picked":"Hololive_Yoholoon","floor":14.0},{"not_picked":["Hololive_HighAtkLowDef","Hololive_WolfAndLamb","Hololive_DurableLive","Hololive_OpenUp","Hololive_Nanodesu"],"picked":"Hololive_IdolExercise","floor":16.0},{"not_picked":["Hololive_Sequa","Hololive_Rebound","Hololive_CallShiroganeNoel","Hololive_FlyingPonyTail","Hololive_Drill"],"picked":"Hololive_LuckPotion","floor":18.0},{"not_picked":["Hololive_ManjiGathering","Hololive_FlyingPonyTail","Hololive_Breathe","Hololive_CallHoshimachiSuisei","Hololive_CallInugamiKorone"],"picked":"Hololive_CallKiryuuCoco","floor":19.0},{"not_picked":["Hololive_RevenueBasedLive","Hololive_CallAZKi","Hololive_StrengthChampion","Hololive_Psychosis","Hololive_CallMurasakiShion"],"picked":"Hololive_LuckPotion+1","floor":20.0},{"not_picked":["Hololive_CallAyundaRisu","Hololive_StarCraft","Hololive_RevenueBasedLive","Hololive_CallNakiriAyame+1","Hololive_CallFriendA"],"picked":"Hololive_CallUsadaPekora","floor":21.0},{"not_picked":["Hololive_DDD","Hololive_StrengthChampion","Hololive_HuntDinosaur","Hololive_OvertimeWork","Hololive_CallMoonaHoshinova"],"picked":"Hololive_CallTsunomakiWatame","floor":23.0},{"not_picked":["Hololive_Sequa","Hololive_Trident","Hololive_CallShiroganeNoel","Hololive_HuntDinosaur","Hololive_CallNatsuiroMatsuri+1","Hololive_Rebound"],"picked":"SKIP","floor":24.0},{"not_picked":["Hololive_CallNatsuiroMatsuri+1","Hololive_Breathe+1","Hololive_Psychosis","Hololive_Trident","Hololive_LuckPotion+1"],"picked":"Hololive_Spy","floor":25.0},{"not_picked":["Hololive_Teleport","Hololive_DDD","Hololive_CallShiroganeNoel","Hololive_FlyingPonyTail+1","Hololive_LuckPotion+1"],"picked":"Hololive_CallSpadeEcho","floor":27.0},{"not_picked":["Hololive_CallNakiriAyame","Hololive_Rebound","Hololive_Drill","Hololive_OvertimeWork","Hololive_RevenueBasedLive","Hololive_StrengthChampion"],"picked":"SKIP","floor":28.0},{"not_picked":["Hololive_Drill","Hololive_CallNakiriAyame","Hololive_OvertimeWork","Hololive_Trident","Hololive_CallShiroganeNoel"],"picked":"Hololive_StrengthChampion+1","floor":29.0},{"not_picked":["Hololive_Sequa","Hololive_Watashimo+1","Hololive_CallAkiRosenthal","Hololive_DevilCharm","Hololive_Teleport","Hololive_CallYukihanaLamy"],"picked":"SKIP","floor":31.0}],"player_experience":350369,"relics_obtained":[{"floor":1.0,"key":"Baka"},{"floor":1.0,"key":"SynthV:TestCard"},{"floor":6.0,"key":"Replay:Accelerometer"},{"floor":9.0,"key":"HornCleat"},{"floor":11.0,"key":"Dota2Spire:DrumOfEndurance"},{"floor":13.0,"key":"Replay:Ringing Soul"},{"floor":13.0,"key":"Tiny Chest"},{"floor":23.0,"key":"Vajra"},{"floor":26.0,"key":"MagicDraw4"},{"floor":27.0,"key":"OriginationStaff"}],"event_choices":[{"damage_healed":0.0,"max_hp_gain":0.0,"max_hp_loss":0.0,"gold_gain":0.0,"event_name":"HidenRoomEvent","player_choice":"Fight","floor":13.0,"gold_loss":0.0,"damage_taken":0.0}],"is_beta":false,"boss_relics":[{"not_picked":["ChampionBelt","Honey Jar"],"picked":"Hololive_Finger"},{"not_picked":[]}],"items_purged_floors":[8,8,8,8,8],"is_endless":false,"potions_floor_spawned":[5,10,11,13,14,16,20,21,25,27,31],"killed_by":"Hallownest:BossMantisLord","ascension_level":0}}