{"host":"lyzyr6cv4ove76ms","time":1614300855,"event":{"mods":["BaseMod","Colored Map","Downfall","Hubris","Infinite Spire","Minty Spire (QoL Compilation)","Replay The Spire","Robot Space Explorer","StSLib"],"gold_per_floor":[99,99,99,99,116,128,128,139,157,257,273,273,288,288,303,403,403,403,423,433,433,449,465,510,525,525,525,367,385,385,398,415,415,415,415],"floor_reached":33,"language":"ENG","playtime":3400,"items_purged":[],"score":245,"play_id":"078b0ada-4633-46c7-90e9-614204996647","local_time":"20210226015415","is_ascension_mode":false,"campfire_choices":[{"data":"Slimebound:Split","floor":1,"key":"SMITH"},{"data":"Slimebound:SplitSpecialist","floor":12,"key":"SMITH"},{"data":"Slimebound:CorrosiveSpit","floor":18,"key":"SMITH"},{"data":"Slimebound:LevelUp","floor":26,"key":"SMITH"},{"floor":30,"key":"REST"}],"circlet_count":0,"master_deck":["Slimebound:Strike_Slimebound","Slimebound:Strike_Slimebound","Slimebound:Defend_Slimebound","Slimebound:Defend_Slimebound+1","Slimebound:Defend_Slimebound","Slimebound:Defend_Slimebound","Slimebound:Split+1","Slimebound:CorrosiveSpit+1","Slimebound:SplitSpecialist+1","Slimebound:LevelUp+1","Slimebound:FirmFortitude+1","Slimebound:FormOfPuddle+1"],"relics":["Slimebound:AbsorbEndCombat","TungstenRod","Empty Cage","infinitespire:Satchel","Nloth\u0027s Gift","Bronze Scales"],"acts_visited":["Exordium","TheCity"],"potions_floor_usage":[16,16,23,25,25],"damage_taken":[{"damage":0,"enemies":"infinitespire:Voidling","floor":2,"turns":1},{"damage":0,"enemies":"Small Slimes","floor":3,"turns":1},{"damage":0,"enemies":"Cultist","floor":4,"turns":1},{"damage":6,"enemies":"Blue Slaver","floor":5,"turns":5},{"damage":9,"enemies":"Exordium Thugs","floor":6,"turns":7},{"damage":10,"enemies":"Large Slime","floor":8,"turns":5},{"damage":10,"enemies":"Lots of Slimes","floor":9,"turns":5},{"damage":3,"enemies":"Blue Slaver","floor":11,"turns":5},{"damage":6,"enemies":"Red Slaver","floor":13,"turns":5},{"damage":10,"enemies":"3 Louse","floor":15,"turns":4},{"damage":30,"enemies":"IC_STATUS_ARCHETYPE","floor":16,"turns":8},{"damage":4,"enemies":"Shell Parasite","floor":19,"turns":7},{"damage":22,"enemies":"downfall:LooterAlt2","floor":20,"turns":7},{"damage":2,"enemies":"Snecko","floor":22,"turns":6},{"damage":12,"enemies":"Centurion and Healer","floor":23,"turns":9},{"damage":20,"enemies":"Cultist and Chosen","floor":25,"turns":8},{"damage":1,"enemies":"downfall:FleeingMerchant","floor":28,"turns":4},{"damage":13,"enemies":"Shelled Parasite and Fungi","floor":29,"turns":5},{"damage":5,"enemies":"Snake Plant","floor":31,"turns":4},{"damage":9,"enemies":"Centurion and Healer","floor":32,"turns":7},{"damage":57,"enemies":"WA_ARCHETYPE_CALM","floor":33,"turns":8}],"seed_played":"8894507495964145874","potions_obtained":[{"floor":6,"key":"Slimebound:SlimedPotion"},{"floor":8,"key":"Elixir"},{"floor":9,"key":"Regen Potion"},{"floor":11,"key":"Swift Potion"},{"floor":20,"key":"SpeedPotion"},{"floor":22,"key":"ColorlessPotion"},{"floor":23,"key":"hexamod:SoulburnPotion"},{"floor":25,"key":"BlessingOfTheForge"}],"is_trial":false,"path_per_floor":["R","M","M","M","M","M","T","M","M","?","M","R","M","?","M","B",null,"R","M","M","?","M","M","T","M","R","?","$","M","R","M","M","B"],"character_chosen":"SLIMEBOUND","items_purchased":["Bronze Scales"],"campfire_rested":1,"item_purchase_floors":[28],"current_hp_per_floor":[65,65,65,65,61,58,58,52,46,46,45,45,43,43,37,15,65,65,63,49,42,42,53,53,39,39,39,42,35,54,53,50,0,0,0],"gold":415,"neow_bonus":"THREE_ENEMY_KILL","is_daily":false,"chose_seed":false,"campfire_upgraded":4,"win_rate":0.0,"timestamp":1614300855,"path_taken":["R","M","M","?","?","M","T","M","M","?","M","R","M","?","M","BOSS","R","M","M","?","?","M","T","M","R","?","?","M","R","?","M","BOSS"],"items_purchased_type":["Relic"],"build_version":"2020-12-22","purchased_purges":0,"victory":false,"max_hp_per_floor":[65,65,65,65,65,65,65,65,65,65,65,65,65,65,65,65,65,65,65,65,65,65,65,65,65,65,65,65,65,65,65,65,65,65,65],"card_choices":[{"not_picked":["Slimebound:SplitMire","Slimebound:ItLooksTasty"],"picked":"Slimebound:SplitSpecialist","floor":2},{"not_picked":["Slimebound:PressTheAttack","Slimebound:LeechEnergy","Slimebound:HauntingLick"],"picked":"SKIP","floor":3},{"not_picked":["Slimebound:SplitSpecialist","Slimebound:Repurpose","Slimebound:RollThrough"],"picked":"SKIP","floor":4},{"not_picked":["Slimebound:GoopTackle","Slimebound:FinishingTackle"],"picked":"Slimebound:LevelUp","floor":5},{"not_picked":["Slimebound:LevelUp","Slimebound:SplitLeeching","Slimebound:GoopTackle"],"picked":"SKIP","floor":6},{"not_picked":["Slimebound:SamplingLick","Slimebound:LeadByExample","Slimebound:Overexert"],"picked":"SKIP","floor":8},{"not_picked":["Slimebound:SplitLeeching","Slimebound:Dissolve","Slimebound:Grow"],"picked":"SKIP","floor":9},{"not_picked":["Slimebound:PressTheAttack","Slimebound:Grow","Slimebound:SplitLeeching"],"picked":"SKIP","floor":11},{"not_picked":["Slimebound:SlimeTap","Slimebound:SplitMire","Slimebound:Schlurp"],"picked":"SKIP","floor":13},{"not_picked":["Slimebound:GoopTackle","Slimebound:FinishingTackle","Slimebound:ProtectTheBoss"],"picked":"SKIP","floor":15},{"not_picked":["Slimebound:Recycling","Slimebound:SlimeSlap"],"picked":"Slimebound:FirmFortitude","floor":16},{"not_picked":["Slimebound:GoopTackle","Slimebound:LeadByExample","Slimebound:HauntingLick+1"],"picked":"SKIP","floor":19},{"not_picked":["Slimebound:Repurpose","Slimebound:Nibble","Slimebound:ItLooksTasty"],"picked":"SKIP","floor":20},{"not_picked":["Slimebound:GoopTackle+1","Slimebound:SplitAcid","Slimebound:Prepare+1"],"picked":"SKIP","floor":22},{"not_picked":["Slimebound:DisruptingSlam","Slimebound:ServeAndProtect","Slimebound:SplitLeeching"],"picked":"SKIP","floor":23},{"not_picked":["Slimebound:LeechLife","Slimebound:RainOfGoop+1","Slimebound:GoopTackle+1"],"picked":"SKIP","floor":25},{"not_picked":["Slimebound:RollThrough","Slimebound:GoopTackle","Slimebound:ItLooksTasty+1"],"picked":"SKIP","floor":28},{"not_picked":["Slimebound:Nibble","Slimebound:Prepare","Slimebound:TongueLash"],"picked":"SKIP","floor":29},{"not_picked":["Slimebound:SplitAcid+1","Slimebound:Teamwork"],"picked":"Slimebound:FormOfPuddle+1","floor":31},{"not_picked":["Slimebound:RejuvenatingLick","Slimebound:FinishingTackle","Slimebound:FlameTackle"],"picked":"SKIP","floor":32}],"player_experience":798286,"relics_obtained":[{"floor":7,"key":"TungstenRod"},{"floor":24,"key":"infinitespire:Satchel"}],"event_choices":[{"damage_healed":0,"gold_gain":0,"player_choice":"Fled","damage_taken":0,"max_hp_gain":0,"max_hp_loss":0,"event_name":"Scrap Ooze","floor":14,"gold_loss":0}],"is_beta":false,"boss_relics":[{"not_picked":["Calling Bell","Slimebound:TarBlob"],"picked":"Empty Cage"}],"items_purged_floors":[],"is_endless":false,"potions_floor_spawned":[6,8,9,11,20,22,23,25],"killed_by":"WA_ARCHETYPE_CALM","ascension_level":0}}