{"host":"fuszjwm6fqgjjp4d","time":1614378798,"event":{"mods":["BaseMod","Colored Map","Minty Spire (QoL Compilation)","Permanent Neow","Relic Sorter","Relic Stats","StSLib"],"gold_per_floor":[118,138,138,151,225,225,242,277,277,277,300,300,330,345,345,345,345],"floor_reached":16,"language":"ENG","playtime":802,"items_purged":[],"score":220,"play_id":"c7248582-afb9-432b-86f3-c36bdabc79fc","local_time":"20210226163318","is_ascension_mode":true,"campfire_choices":[{"data":"Disarm","floor":6.0,"key":"SMITH"},{"floor":10,"key":"REST"},{"floor":15,"key":"REST"}],"circlet_count":0,"master_deck":["AscendersBane","Strike_R","Strike_R","Defend_R","Defend_R","Defend_R","Defend_R+1","Bash","Headbutt+1","Wild Strike","Flex","Disarm+1","Thunderclap","Clothesline","Battle Trance","Shrug It Off"],"relics":["Burning Blood","Bottled Lightning","Odd Mushroom","Question Card"],"acts_visited":["Exordium"],"potions_floor_usage":[14,16],"damage_taken":[{"damage":4.0,"enemies":"Small Slimes","floor":1.0,"turns":3.0},{"damage":3.0,"enemies":"2 Louse","floor":2.0,"turns":2.0},{"damage":0.0,"enemies":"Cultist","floor":4.0,"turns":3.0},{"damage":9.0,"enemies":"Looter","floor":7.0,"turns":3.0},{"damage":24.0,"enemies":"3 Sentries","floor":8.0,"turns":7.0},{"damage":22,"enemies":"The Mushroom Lair","floor":11,"turns":4},{"damage":16,"enemies":"Lagavulin","floor":13,"turns":6},{"damage":11,"enemies":"3 Louse","floor":14,"turns":3},{"damage":44,"enemies":"The Guardian","floor":16,"turns":8}],"seed_played":"-5580388137006887048","potions_obtained":[{"floor":7.0,"key":"AttackPotion"},{"floor":13,"key":"DuplicationPotion"},{"floor":14,"key":"AttackPotion"}],"is_trial":false,"path_per_floor":["M","M","?","M","?","R","M","E","T","R","?","?","E","M","R","B"],"character_chosen":"IRONCLAD","items_purchased":[],"campfire_rested":2,"item_purchase_floors":[],"current_hp_per_floor":[52,55,32,38,38,38,35,17,17,39,23,23,13,8,30,0,0],"gold":345,"neow_bonus":"TRANSFORM_TWO_CARDS","is_daily":false,"chose_seed":false,"campfire_upgraded":1,"win_rate":0.0,"timestamp":1614378798,"path_taken":["M","M","?","M","?","R","M","E","T","R","?","?","E","M","R","BOSS"],"items_purchased_type":[],"build_version":"2020-12-22","purchased_purges":0,"victory":false,"max_hp_per_floor":[75,75,75,75,75,75,75,75,75,75,75,75,75,75,75,75,75],"relic_stats":{"counters":[9,39],"Question Card":1,"obtain_stats":[{"Bottled Lightning":8,"Odd Mushroom":11,"Question Card":13,"Burning Blood":0},{"Bottled Lightning":5,"Odd Mushroom":6,"Question Card":7,"Burning Blood":0},{"Bottled Lightning":18,"Odd Mushroom":22,"Question Card":28,"Burning Blood":0}],"Burning Blood":48},"card_choices":[{"not_picked":["Headbutt","Anger"],"picked":"Flex","floor":1.0},{"not_picked":["Sword Boomerang","Entrench"],"picked":"Disarm","floor":2.0},{"not_picked":["Flex","Burning Pact"],"picked":"Thunderclap","floor":4.0},{"not_picked":["Seeing Red","Headbutt"],"picked":"Clothesline","floor":7.0},{"not_picked":["Clash","Juggernaut","Twin Strike"],"picked":"SKIP","floor":8},{"not_picked":["Havoc","Wild Strike"],"picked":"Battle Trance","floor":11},{"not_picked":["Body Slam","Clash","Combust"],"picked":"SKIP","floor":13},{"not_picked":["Havoc","Fire Breathing","Twin Strike"],"picked":"Shrug It Off","floor":14}],"player_experience":1577278,"relics_obtained":[{"floor":8,"key":"Bottled Lightning"},{"floor":11,"key":"Odd Mushroom"},{"floor":13,"key":"Question Card"}],"event_choices":[{"damage_healed":0.0,"max_hp_gain":0.0,"max_hp_loss":0.0,"gold_gain":0.0,"event_name":"Shining Light","player_choice":"Entered Light","floor":3.0,"gold_loss":0.0,"damage_taken":23.0,"cards_upgraded":["Defend_R","Headbutt"]},{"damage_healed":0.0,"max_hp_gain":0.0,"max_hp_loss":0.0,"gold_gain":74.0,"event_name":"Golden Wing","player_choice":"Gained Gold","floor":5.0,"gold_loss":0.0,"damage_taken":0.0},{"damage_healed":0,"gold_gain":0,"player_choice":"Fought Mushrooms","damage_taken":0,"max_hp_gain":0,"max_hp_loss":0,"event_name":"Mushrooms","floor":11,"gold_loss":0},{"cards_removed":["Strike_R"],"damage_healed":0,"gold_gain":0,"player_choice":"Purged","damage_taken":0,"max_hp_gain":0,"max_hp_loss":0,"event_name":"Purifier","floor":12,"gold_loss":0}],"is_beta":false,"boss_relics":[],"items_purged_floors":[],"is_endless":false,"potions_floor_spawned":[7,13,14],"killed_by":"The Guardian","ascension_level":20}}