{"host":"y2kfqdipa4rrljwb","time":1614324523,"event":{"mods":["ATMod(°¢èªMod)","AchievementEnabler","Act Like it!","Aspiration","BaseMod","Bossed Relics","Colored Powertips","Energized Spire","Friendly Minions","Infinite Spire","Minty Spire (QoL Compilation)","Random Character Button","Random Character Mod","Relic Stats","Reliquary","Replay The Spire","RumiaBox-Â¶Ã×æ«µÄÉñÃØºÐ×Ó","StSLib","TestMod","¡¾¹¦ÄÜMod¡¿»ìãçÖ®»·ÐÞ¸´²¹¶¡","¡¾ÒÅÎï¿¨ÅÆ¡¿REMEMod"],"gold_per_floor":[110,110,128,142,142,167,167,167,167,196,215,95,95,109,109,214,214,233,133,153,153,153,153,178,196,223,223,223,266,266,293,293,394,394,408,428,44,59,78,78,105,105,128,145,179,179,212,232,232,232,232,232,82,110,110],"floor_reached":56,"language":"ZHS","playtime":4784,"items_purged":["Strike_G","Strike_G","Defend_G","Defend_G","Defend_G"],"score":1856,"play_id":"ce13a227-1783-4341-a735-35a521cfa368","local_time":"20210226152843","is_ascension_mode":true,"campfire_choices":[{"data":"Neutralize","floor":8.0,"key":"SMITH"},{"floor":13.0,"key":"REST"},{"data":"Blade Dance","floor":15.0,"key":"SMITH"},{"data":"infinitespire:TheBestDefense","floor":23.0,"key":"SMITH"},{"data":"Acrobatics","floor":30.0,"key":"SMITH"},{"data":"Strike_G","floor":32.0,"key":"PURGE"},{"data":"REME_ShadowForm","floor":40.0,"key":"SMITH"},{"data":"Acrobatics","floor":42.0,"key":"SMITH"},{"floor":46.0,"key":"RECALL"},{"data":"CutThroughFate","floor":49.0,"key":"SMITH"},{"data":"ReplayTheSpireMod:??????????????????????","floor":52.0,"key":"SMITH"}],"circlet_count":0,"master_deck":["Defend_G","Defend_G","Survivor","Neutralize+1","CutThroughFate+1","Backflip","Accuracy","Backflip","Noxious Fumes","AT_WindFlip","Blade Dance+1","REME_ShadowForm+1","Footwork+1","ThirdEye+1","infinitespire:TheBestDefense+1","ReplayTheSpireMod:??????????????????????+1","Acrobatics+1","Acrobatics+1","Cloak And Dagger+1","Deflect+1"],"relics":["Ring of the Snake","REME_ComplimentaryCards","AT_ATBox","testmod-TestBox","aspiration:Nostalgia","Replay:M_StaffOfTheSnake","aspiration:ChemicalBlood","infinitespire:FocusingShard","Replay:Bottled Flurry","testmod-Fanaticism","Turnip","reliquary:ExpiredCoupon","reliquary:Boomerang","aspiration:SeaSaltIceCream","aspiration:Nostalgia","Sizzling Blood","testmod-EnergyCheck","Quantum Egg","Blue Candle","testmod-OneHitWonder","Byrd Skull","testmod-HeartOfStrike","ZombieArmy"],"acts_visited":["TheCity","TheBeyond","TheEnding"],"potions_floor_usage":[55,55,55,55,55,55,55,55,55],"damage_taken":[{"damage":7.0,"enemies":"Small Slimes","floor":1.0,"turns":3.0},{"damage":10.0,"enemies":"infinitespire:Voidling","floor":3.0,"turns":4.0},{"damage":1.0,"enemies":"Jaw Worm","floor":4.0,"turns":4.0},{"damage":19.0,"enemies":"Replay:BlueRogue","floor":6.0,"turns":12.0},{"damage":30.0,"enemies":"Gremlin Nob","floor":10.0,"turns":5.0},{"damage":8.0,"enemies":"3 Louse","floor":11.0,"turns":4.0},{"damage":1.0,"enemies":"Blue Slaver","floor":14.0,"turns":4.0},{"damage":10.0,"enemies":"The Guardian","floor":16.0,"turns":11.0},{"damage":0.0,"enemies":"3 Byrds","floor":18.0,"turns":2.0},{"damage":0.0,"enemies":"Chosen","floor":20.0,"turns":4.0},{"damage":0.0,"enemies":"Slavers","floor":24.0,"turns":2.0},{"damage":0.0,"enemies":"Sentry and Sphere","floor":25.0,"turns":2.0},{"damage":2.0,"enemies":"Chosen and Byrds","floor":29.0,"turns":2.0},{"damage":16.0,"enemies":"Nightmare","floor":31.0,"turns":4.0},{"damage":0.0,"enemies":"Collector","floor":33.0,"turns":2.0},{"damage":0.0,"enemies":"Orb Walker","floor":35.0,"turns":1.0},{"damage":1.0,"enemies":"3 Darklings","floor":36.0,"turns":2.0},{"damage":0.0,"enemies":"Sphere and 2 Shapes","floor":38.0,"turns":1.0},{"damage":43.0,"enemies":"Transient","floor":39.0,"turns":4.0},{"damage":28.0,"enemies":"Nemesis","floor":41.0,"turns":1.0},{"damage":55.0,"enemies":"3 Darklings","floor":44.0,"turns":1.0},{"damage":12.0,"enemies":"Reptomancer","floor":45.0,"turns":1.0},{"damage":13.0,"enemies":"R_Hoarder","floor":47.0,"turns":2.0},{"damage":2.0,"enemies":"Writhing Mass","floor":48.0,"turns":1.0},{"damage":56.0,"enemies":"Donu and Deca","floor":50.0,"turns":1.0},{"damage":55,"enemies":"Shield and Spear","floor":54,"turns":1},{"damage":166,"enemies":"The Heart","floor":55,"turns":3}],"seed_played":"3771295924793282159","potions_obtained":[{"floor":3.0,"key":"SkillPotion"},{"floor":11.0,"key":"ColorlessPotion"},{"floor":14.0,"key":"BlessingOfTheForge"},{"floor":18.0,"key":"testmod-TimePotion"},{"floor":25.0,"key":"DistilledChaos"},{"floor":29.0,"key":"REME_GoldPotion"},{"floor":39.0,"key":"FearPotion"},{"floor":39.0,"key":"Strength Potion"},{"floor":44.0,"key":"LifebloodPotion"},{"floor":45.0,"key":"LiquidMemories"},{"floor":45.0,"key":"Toxic Potion"},{"floor":45.0,"key":"DistilledChaos"},{"floor":55,"key":"Fire Potion"},{"floor":55,"key":"Adrenaline Potion"},{"floor":55,"key":"Explosive Potion"}],"is_trial":false,"path_per_floor":["M","?","M","M","?","E","?","R","T","E","M","$","R","M","R","B",null,"M","$","M","?","AVR","R","E","M","T","?","?","M","R","NM","R","B",null,"M","M","$","M","M","R","E","R","T","M","E","R","E","M","R","B",null,"R","$","E","B",null],"character_chosen":"THE_SILENT","items_purchased":["AT_WindFlip","Quantum Egg"],"campfire_rested":1,"item_purchase_floors":[12,37],"current_hp_per_floor":[56,56,51,50,50,31,54,54,54,24,16,16,37,36,36,26,59,59,59,59,59,59,59,59,59,59,42,42,40,40,41,41,45,67,71,74,74,74,74,74,74,74,74,74,74,74,74,74,74,74,74,74,74,74,74],"gold":110,"neow_bonus":"NOSTALGIA","is_daily":false,"chose_seed":false,"campfire_upgraded":8,"win_rate":0.0,"timestamp":1614324523,"path_taken":["M","?","?","M","?","E","?","R","T","E","M","$","R","M","R","BOSS","M","$","M","?","AVR","R","E","M","T","?","?","M","R","NM","R","BOSS","M","M","$","M","M","R","E","R","T","M","E","R","E","M","R","BOSS","R","$","E","BOSS"],"items_purchased_type":["Card","Relic"],"build_version":"2020-12-22","purchased_purges":5,"victory":true,"max_hp_per_floor":[70,70,70,70,70,70,70,70,70,70,70,70,70,70,70,70,70,70,70,70,70,70,70,70,70,70,70,70,70,70,74,74,74,74,74,74,74,74,74,74,74,74,74,74,74,74,74,74,74,74,74,74,74,74,74],"relic_stats":{"counters":[27,84],"Blue Candle":[0],"Turnip":[2],"obtain_stats":[{"testmod-HeartOfStrike":47,"AT_ATBox":0,"testmod-TestBox":0,"Replay:M_StaffOfTheSnake":0,"reliquary:Boomerang":28,"aspiration:Nostalgia":0,"Quantum Egg":37,"Blue Candle":41,"infinitespire:FocusingShard":9,"Sizzling Blood":31,"aspiration:SeaSaltIceCream":31,"testmod-Fanaticism":17,"reliquary:ExpiredCoupon":24,"Turnip":22,"Replay:Bottled Flurry":10,"testmod-EnergyCheck":34,"Byrd Skull":45,"testmod-OneHitWonder":43,"Ring of the Snake":0,"REME_ComplimentaryCards":0,"aspiration:ChemicalBlood":6,"ZombieArmy":54},{"testmod-HeartOfStrike":23,"AT_ATBox":0,"testmod-TestBox":0,"Replay:M_StaffOfTheSnake":0,"reliquary:Boomerang":12,"aspiration:Nostalgia":0,"Quantum Egg":17,"Blue Candle":20,"infinitespire:FocusingShard":4,"Sizzling Blood":14,"aspiration:SeaSaltIceCream":14,"testmod-Fanaticism":8,"reliquary:ExpiredCoupon":11,"Turnip":10,"Replay:Bottled Flurry":5,"testmod-EnergyCheck":15,"Byrd Skull":22,"testmod-OneHitWonder":20,"Ring of the Snake":0,"REME_ComplimentaryCards":0,"aspiration:ChemicalBlood":4,"ZombieArmy":26},{"testmod-HeartOfStrike":78,"AT_ATBox":0,"testmod-TestBox":0,"Replay:M_StaffOfTheSnake":0,"reliquary:Boomerang":57,"aspiration:Nostalgia":0,"Quantum Egg":68,"Blue Candle":74,"infinitespire:FocusingShard":23,"Sizzling Blood":63,"aspiration:SeaSaltIceCream":63,"testmod-Fanaticism":47,"reliquary:ExpiredCoupon":55,"Turnip":53,"Replay:Bottled Flurry":28,"testmod-EnergyCheck":65,"Byrd Skull":76,"testmod-OneHitWonder":74,"Ring of the Snake":0,"REME_ComplimentaryCards":0,"aspiration:ChemicalBlood":23,"ZombieArmy":81}],"Ring of the Snake":[54]},"card_choices":[{"not_picked":["PiercingWail","Sucker Punch"],"picked":"CutThroughFate","floor":1.0},{"not_picked":["Flying Knee","REME_ShadowStrike"],"picked":"Backflip","floor":3.0},{"not_picked":["Vengeance","WaveOfTheHand"],"picked":"Accuracy","floor":4.0},{"not_picked":["SashWhip","Crescendo"],"picked":"Backflip","floor":6.0},{"not_picked":["PiercingWail","Flying Knee","Dodge and Roll"],"picked":"SKIP","floor":10.0},{"not_picked":["Dodge and Roll","ReplayTheSpireMod:Exploit Weakness"],"picked":"Noxious Fumes","floor":11.0},{"not_picked":["ReplayTheSpireMod:Exploit Weakness","Predator"],"picked":"Blade Dance","floor":14.0},{"not_picked":["Night Terror","ReplayTheSpireMod:From All Sides"],"picked":"REME_ShadowForm","floor":16.0},{"not_picked":["Quick Slash","Eviscerate+1"],"picked":"Footwork+1","floor":18.0},{"not_picked":["All Out Attack","Backstab"],"picked":"ThirdEye+1","floor":20.0},{"not_picked":["AT_WindFlip","Bouncing Flask","Dodge and Roll"],"picked":"SKIP","floor":24.0},{"not_picked":["SashWhip","CutThroughFate","Sucker Punch"],"picked":"SKIP","floor":25.0},{"not_picked":["ReplayTheSpireMod:Black Plague","infinitespire:FutureSight"],"picked":"ReplayTheSpireMod:??????????????????????","floor":27.0},{"not_picked":["CutThroughFate+1","ThirdEye+1"],"picked":"Acrobatics","floor":29.0},{"not_picked":["A Thousand Cuts","Glass Knife"],"picked":"Acrobatics","floor":31.0},{"not_picked":["Sneak Up+1","Dagger Spray"],"picked":"Cloak And Dagger+1","floor":35.0},{"not_picked":["Acrobatics","Noxious Fumes","AT_TwilightShroud"],"picked":"SKIP","floor":36.0},{"not_picked":["Backflip+1","Deflect","Outmaneuver+1"],"picked":"SKIP","floor":38.0},{"not_picked":["Draining Mist+1","Underhanded Strike","Catalyst"],"picked":"SKIP","floor":39.0},{"not_picked":["Poisoned Stab","Dagger Throw+1","ReplayTheSpireMod:Scrap Shanks+1"],"picked":"SKIP","floor":41.0},{"not_picked":["Backflip+1","Blade Dance+1"],"picked":"Deflect+1","floor":44.0},{"not_picked":["Outmaneuver","Envenom","Quick Slash+1"],"picked":"SKIP","floor":45.0},{"not_picked":["Cloak And Dagger","MasterReality","Quick Slash"],"picked":"SKIP","floor":47.0},{"not_picked":["Blur+1","Quick Slash","Bouncing Flask+1"],"picked":"SKIP","floor":48.0},{"not_picked":["Dodge and Roll+1","Blade Dance+1","TalkToTheHand"],"picked":"SKIP","floor":54}],"player_experience":223198,"relics_obtained":[{"floor":6.0,"key":"aspiration:ChemicalBlood"},{"floor":9.0,"key":"infinitespire:FocusingShard"},{"floor":10.0,"key":"Replay:Bottled Flurry"},{"floor":24.0,"key":"reliquary:ExpiredCoupon"},{"floor":31.0,"key":"aspiration:SeaSaltIceCream"},{"floor":41.0,"key":"Blue Candle"},{"floor":43.0,"key":"testmod-OneHitWonder"},{"floor":45.0,"key":"Byrd Skull"},{"floor":47.0,"key":"testmod-HeartOfStrike"},{"floor":54,"key":"ZombieArmy"}],"event_choices":[{"cards_removed":["Strike_G"],"damage_healed":0.0,"max_hp_gain":0.0,"max_hp_loss":0.0,"gold_gain":0.0,"event_name":"Bonfire Elementals","player_choice":"Offered Basic","floor":2.0,"gold_loss":0.0,"damage_taken":0.0},{"damage_healed":0.0,"max_hp_gain":0.0,"max_hp_loss":0.0,"gold_gain":0.0,"event_name":"Shining Light","player_choice":"Ignored","floor":5.0,"gold_loss":0.0,"damage_taken":0.0},{"damage_healed":23.0,"max_hp_gain":0.0,"max_hp_loss":0.0,"gold_gain":0.0,"event_name":"Big Fish","player_choice":"Banana","floor":7.0,"gold_loss":0.0,"damage_taken":0.0},{"cards_removed":["Strike_G"],"damage_healed":0.0,"max_hp_gain":0.0,"max_hp_loss":0.0,"gold_gain":0.0,"event_name":"Back to Basics","player_choice":"Elegance","floor":21.0,"gold_loss":0.0,"damage_taken":0.0}],"is_beta":false,"boss_relics":[{"not_picked":["REME_ChargedStone","HoveringKite"],"picked":"testmod-Fanaticism"},{"not_picked":["energizedSpire:StickyHand","Velvet Choker"],"picked":"testmod-EnergyCheck"}],"items_purged_floors":[12,19,22,37,53],"is_endless":false,"potions_floor_spawned":[3,11,14,18,25,33,35,39,45,47,48,54],"ascension_level":6}}