{"host":"3n5xmnb54n2y5mb4","time":1614357051,"event":{"mods":["BaseMod","Colored Map","Colored Powertips","Downfall","Minty Spire (QoL Compilation)","Permanent Neow","StSLib","Unceasing Turn Reminder","everything is the same but u backflip on backflip"],"gold_per_floor":[99,109,109,125,143,170,170,170,201,212,223,373,373,399,413,513,513,513,531,556,548,548,548,548,560,560,141,165,194,6,19,35,134,134,134,158,182,253,272,272,272,272],"floor_reached":40,"language":"ENG","playtime":2878,"items_purged":["Pride","downfall:Icky"],"score":487,"play_id":"28ae3b49-3d3e-4c5f-9f8d-4da96cb9ba4c","local_time":"20210226113051","is_ascension_mode":true,"campfire_choices":[{"data":"hexamod:Sear","floor":1,"key":"SMITH"},{"data":"hexamod:RetreatToShadows","floor":13,"key":"SMITH"},{"data":"hexamod:SearingWound","floor":18,"key":"SMITH"},{"floor":23,"key":"REST"},{"floor":35,"key":"RECALL"}],"circlet_count":0,"master_deck":["hexamod:Defend","hexamod:Defend+1","hexamod:Defend","hexamod:Defend+1","hexamod:Sear+1","hexamod:Float","hexamod:RainOfEmbers+1","hexamod:PowerFromBeyond","hexamod:ExtraCrispy","hexamod:RetreatToShadows+1","hexamod:ThermalTransfer","hexamod:GhostOfSpirePast","hexamod:GhostflameBarrier","hexamod:ForkedFlame+1","hexamod:SearingWound+1","hexamod:Incineration+1","hexamod:RadiantFlame+1","hexamod:FirstSeal","hexamod:SecondSeal","hexamod:HeatCrush","hexamod:FlamesFromBeyond+1","hexamod:EmpoweredFlame+1","hexamod:ExtraCrispy+1","hexamod:EmpoweredFlame+1","hexamod:HeatCrush","hexamod:SoulSteal","hexamod:BurningTouch","hexamod:SixthSeal","hexamod:CatchUp+1","hexamod:Again+1","hexamod:VolcanoVisage+1","hexamod:FastForward","hexamod:BurningTouch+1"],"relics":["hexamod:SpiritBrand","Ancient Tea Set","Vajra","War Paint","Unceasing Top","Strawberry","hexamod:IceCube","Red Mask","Whetstone","Matryoshka","Frozen Egg 2","Calipers","Astrolabe","Toy Ornithopter"],"acts_visited":["Exordium","TheCity","TheBeyond"],"potions_floor_usage":[14,16,27,29,33,39],"damage_taken":[{"damage":1,"enemies":"2 Louse","floor":2,"turns":3},{"damage":1,"enemies":"Cultist","floor":4,"turns":3},{"damage":10,"enemies":"Small Slimes","floor":5,"turns":3},{"damage":12,"enemies":"3 Sentries","floor":9,"turns":7},{"damage":0,"enemies":"downfall:LooterAlt","floor":10,"turns":2},{"damage":1,"enemies":"2 Fungi Beasts","floor":11,"turns":4},{"damage":10,"enemies":"Gremlin Nob","floor":14,"turns":3},{"damage":4,"enemies":"Exordium Wildlife","floor":15,"turns":3},{"damage":29,"enemies":"DF_ARCHETYPE_STREAMLINE","floor":16,"turns":6},{"damage":7,"enemies":"downfall:LooterAlt2","floor":19,"turns":3},{"damage":32,"enemies":"Masked Bandits","floor":20,"turns":4},{"damage":0,"enemies":"3 Byrds","floor":25,"turns":5},{"damage":5,"enemies":"downfall:FleeingMerchant","floor":27,"turns":4},{"damage":9,"enemies":"Centurion and Healer","floor":28,"turns":5},{"damage":28,"enemies":"Slavers","floor":29,"turns":4},{"damage":5,"enemies":"downfall:FleeingMerchant","floor":30,"turns":4},{"damage":8,"enemies":"Chosen and Byrds","floor":31,"turns":4},{"damage":3,"enemies":"Snecko","floor":32,"turns":4},{"damage":30,"enemies":"IC_MUSHROOM_ARCHETYPE","floor":33,"turns":7},{"damage":8,"enemies":"3 Shapes","floor":36,"turns":5},{"damage":29,"enemies":"3 Darklings","floor":37,"turns":4},{"damage":31,"enemies":"Writhing Mass","floor":39,"turns":5},{"damage":28,"enemies":"Jaw Worm Horde","floor":40,"turns":3}],"seed_played":"-6336259249014470400","potions_obtained":[{"floor":2,"key":"SmokeBomb"},{"floor":4,"key":"SteroidPotion"},{"floor":10,"key":"hexamod:SoulburnPotion"},{"floor":11,"key":"bronze:BurnAndBuffPotion"},{"floor":14,"key":"ColorlessPotion"},{"floor":19,"key":"hexamod:SoulburnPotion"},{"floor":29,"key":"Weak Potion"},{"floor":32,"key":"Guardian:BlockOnCardUsePotion"},{"floor":33,"key":"Energy Potion"},{"floor":39,"key":"EssenceOfSteel"}],"is_trial":false,"path_per_floor":["R","M","?","M","M","T","T","?","E","M","M","?","R","E","M","B",null,"R","M","?","?","?","R","T","M","?","$","M","E","$","M","M","B",null,"R","M","M","?","M","M"],"character_chosen":"THE_SPIRIT","items_purchased":["Frozen Egg 2","hexamod:EmpoweredFlame+1","hexamod:HeatCrush"],"campfire_rested":1,"item_purchase_floors":[27,27,30],"current_hp_per_floor":[70,69,69,68,58,58,58,58,46,46,45,45,45,42,38,9,77,77,70,38,31,31,54,54,61,61,63,61,40,42,34,38,15,77,77,76,47,47,28,0,0,0],"gold":272,"neow_bonus":"RANDOM_COMMON_RELIC","is_daily":false,"chose_seed":false,"campfire_upgraded":3,"win_rate":0.0,"timestamp":1614357051,"path_taken":["R","M","?","?","M","?","T","?","E","M","M","?","R","E","M","BOSS","R","M","?","?","?","R","T","M","?","$","M","E","$","M","M","BOSS","R","M","M","?","M","M"],"items_purchased_type":["Relic","Card","Card"],"build_version":"2020-12-22","purchased_purges":2,"victory":false,"max_hp_per_floor":[70,70,70,70,70,70,70,70,70,70,70,70,70,77,77,77,77,77,77,77,77,77,77,77,77,77,77,77,77,77,77,77,77,77,77,77,77,77,77,77,77,77],"card_choices":[{"not_picked":["hexamod:CatchUp","hexamod:BacktrackSmack"],"picked":"hexamod:RainOfEmbers","floor":2},{"not_picked":["hexamod:GhostLash","hexamod:RadiantFlame"],"picked":"hexamod:PowerFromBeyond","floor":4},{"not_picked":["hexamod:HauntingEcho","hexamod:GhostOfSpireFuture"],"picked":"hexamod:ExtraCrispy","floor":5},{"not_picked":["hexamod:ChargedBarrage","hexamod:GhostShield"],"picked":"hexamod:RetreatToShadows","floor":9},{"not_picked":["hexamod:BacktrackSmack","hexamod:PhantomFireball"],"picked":"hexamod:ThermalTransfer","floor":10},{"not_picked":["hexamod:Rewind","hexamod:Hexaguard"],"picked":"hexamod:GhostOfSpirePast","floor":11},{"not_picked":["hexamod:NightmareGuise","hexamod:ShieldOfDarkness"],"picked":"hexamod:GhostflameBarrier","floor":14},{"not_picked":["hexamod:Firestarter","hexamod:Hexaguard"],"picked":"hexamod:ForkedFlame","floor":15},{"not_picked":["hexamod:UnleashSpirits","hexamod:HexaLevel"],"picked":"hexamod:SearingWound","floor":16},{"not_picked":["hexamod:AdvancingGuard","hexamod:CatchUp"],"picked":"hexamod:Incineration+1","floor":19},{"not_picked":["hexamod:Haunt","hexamod:SuperheatedStrike"],"picked":"hexamod:RadiantFlame","floor":20},{"not_picked":["hexamod:GhostShield+1","hexamod:Firestarter"],"picked":"hexamod:HeatCrush","floor":25},{"not_picked":["hexamod:BacktrackSmack","hexamod:Hexaguard"],"picked":"hexamod:FlamesFromBeyond","floor":27},{"not_picked":["hexamod:GhostflameBarrier","hexamod:InspiringFlames+1","hexamod:GhostOfSpireFuture+1"],"picked":"SKIP","floor":28},{"not_picked":["hexamod:StepThrough","hexamod:Haunt"],"picked":"hexamod:ExtraCrispy+1","floor":29},{"not_picked":["hexamod:ForkedFlame","hexamod:EtherealExpedition"],"picked":"hexamod:EmpoweredFlame+1","floor":30},{"not_picked":["hexamod:HeatCrush","hexamod:GhostShield"],"picked":"hexamod:SoulSteal","floor":31},{"not_picked":["hexamod:HauntingEcho","hexamod:FourthSeal"],"picked":"hexamod:BurningTouch","floor":32},{"not_picked":["hexamod:FifthSeal","hexamod:ApocalypseNow"],"picked":"hexamod:SixthSeal","floor":33},{"not_picked":["hexamod:HauntingEcho+1","hexamod:SpectralAdrenaline"],"picked":"hexamod:FastForward","floor":36},{"not_picked":["hexamod:GhostShield+1","hexamod:SuperheatedStrike","hexamod:ShieldOfDarkness+1"],"picked":"SKIP","floor":37},{"not_picked":["hexamod:SpectersWail+1","hexamod:AdvancingGuard"],"picked":"hexamod:BurningTouch+1","floor":39}],"player_experience":1181663,"relics_obtained":[{"floor":6,"key":"Vajra"},{"floor":7,"key":"War Paint"},{"floor":9,"key":"Unceasing Top"},{"floor":14,"key":"Strawberry"},{"floor":20,"key":"Red Mask"},{"floor":24,"key":"Whetstone"},{"floor":29,"key":"Calipers"},{"floor":38,"key":"Toy Ornithopter"}],"event_choices":[{"damage_healed":0,"gold_gain":0,"player_choice":"Grow","damage_taken":0,"max_hp_gain":0,"max_hp_loss":0,"event_name":"Living Wall","floor":8,"gold_loss":0,"cards_upgraded":["hexamod:RainOfEmbers"]},{"damage_healed":0,"gold_gain":0,"player_choice":"Fought Bandits","damage_taken":0,"max_hp_gain":0,"max_hp_loss":0,"event_name":"Masked Bandits","floor":20,"gold_loss":0},{"damage_healed":0,"gold_gain":0,"player_choice":"Stole Relic","damage_taken":0,"relics_obtained":["Matryoshka"],"max_hp_gain":0,"max_hp_loss":0,"event_name":"Addict","floor":26,"gold_loss":0,"cards_obtained":["Pride"]}],"is_beta":false,"boss_relics":[{"not_picked":["Black Star","Pandora\u0027s Box"],"picked":"hexamod:IceCube"},{"not_picked":["SlaversCollar","SacredBark"],"picked":"Astrolabe"}],"items_purged_floors":[27,30],"is_endless":false,"potions_floor_spawned":[2,4,10,11,14,19,29,32,33,39],"killed_by":"Jaw Worm Horde","ascension_level":2}}