{"host":"s41rn2jhghpwfrvz","time":1614374301,"event":{"mods":["BaseMod","Minty Spire (QoL Compilation)","Quick Restart","Relic Stats","SuperFastMode"],"gold_per_floor":[111,161,179,189,199,199,32,60,60,93,106,133,133,166,166,244,244,264,291,291,49,49,76,76,102,102,114,114,148,163,183,183,259,259,275,275,627,627,652,680,241,268,319,353,364,399,413,439,439,439,439,439,439,121,150,150],"floor_reached":57,"language":"ENG","playtime":2085,"items_purged":["Expertise","Metallicize+1"],"score":3893,"play_id":"28d20789-53aa-445b-97be-902457b5ed76","local_time":"20210226231821","daily_mods":["SealedDeck","Diverse","Elite Swarm"],"is_ascension_mode":true,"campfire_choices":[{"data":"Body Slam","floor":6,"key":"SMITH"},{"data":"Tactician","floor":13,"key":"SMITH"},{"data":"Acrobatics","floor":15,"key":"SMITH"},{"floor":24,"key":"RECALL"},{"floor":32,"key":"REST"},{"floor":49,"key":"REST"},{"floor":53,"key":"REST"}],"circlet_count":0,"master_deck":["AscendersBane","Noxious Fumes+1","Conserve Battery+1","Masterful Stab+1","Body Slam+1","Backflip+1","Tactician+1","Acrobatics+1","Venomology+1","Scrawl+1","Venomology+1","LessonLearned+1","Evolve+1","Scrawl+1","Panacea+1"],"relics":["Burning Blood","OrangePellets","Toxic Egg 2","Bird Faced Urn","Turnip","Centennial Puzzle","Fusion Hammer","Toy Ornithopter","TheAbacus","Potion Belt","Oddly Smooth Stone","Self Forming Clay","Thread and Needle","Busted Crown","Old Coin","CaptainsWheel","Regal Pillow","Medical Kit","PreservedInsect","Lantern","Art of War","Vajra","Pocketwatch","Gremlin Horn","Ice Cream"],"acts_visited":["Exordium","TheCity","TheBeyond","TheEnding"],"potions_floor_usage":[11,12,14,16,18,18,23,23,25,27,29,29,29,30,30,31,31,33,33,35,35,37,37,39,39,39,40,40,42,42,44,45,46,46,47,47,48,48,50,50,51,51,55,55,55,56,56,56,56,56,56],"damage_taken":[{"damage":0,"enemies":"Small Slimes","floor":1,"turns":3},{"damage":0,"enemies":"Cultist","floor":3,"turns":2},{"damage":0,"enemies":"2 Louse","floor":4,"turns":2},{"damage":0,"enemies":"2 Fungi Beasts","floor":5,"turns":3},{"damage":33,"enemies":"Gremlin Nob","floor":8,"turns":4},{"damage":3,"enemies":"Lagavulin","floor":10,"turns":3},{"damage":0,"enemies":"Exordium Thugs","floor":11,"turns":2},{"damage":0,"enemies":"Gremlin Nob","floor":12,"turns":2},{"damage":0,"enemies":"3 Sentries","floor":14,"turns":1},{"damage":0,"enemies":"Slime Boss","floor":16,"turns":6},{"damage":0,"enemies":"Shell Parasite","floor":18,"turns":1},{"damage":0,"enemies":"Book of Stabbing","floor":23,"turns":1},{"damage":33,"enemies":"Gremlin Leader","floor":25,"turns":2},{"damage":0,"enemies":"3 Byrds","floor":27,"turns":2},{"damage":31,"enemies":"Slavers","floor":29,"turns":4},{"damage":0,"enemies":"Snecko","floor":30,"turns":3},{"damage":0,"enemies":"Centurion and Healer","floor":31,"turns":2},{"damage":0,"enemies":"Champ","floor":33,"turns":1},{"damage":0,"enemies":"3 Shapes","floor":35,"turns":2},{"damage":0,"enemies":"2 Orb Walkers","floor":37,"turns":2},{"damage":0,"enemies":"Mind Bloom Boss Battle","floor":39,"turns":2},{"damage":0,"enemies":"Nemesis","floor":40,"turns":1},{"damage":0,"enemies":"Reptomancer","floor":42,"turns":2},{"damage":0,"enemies":"Nemesis","floor":44,"turns":1},{"damage":0,"enemies":"Orb Walker","floor":45,"turns":1},{"damage":14,"enemies":"Reptomancer","floor":46,"turns":2},{"damage":0,"enemies":"Maw","floor":47,"turns":2},{"damage":0,"enemies":"Giant Head","floor":48,"turns":1},{"damage":0,"enemies":"Donu and Deca","floor":50,"turns":2},{"damage":0,"enemies":"Awakened One","floor":51,"turns":2},{"damage":0,"enemies":"Shield and Spear","floor":55,"turns":1},{"damage":8,"enemies":"The Heart","floor":56,"turns":5}],"seed_played":"7814966685227695007","potions_obtained":[{"floor":3,"key":"BloodPotion"},{"floor":16,"key":"Fire Potion"},{"floor":18,"key":"Energy Potion"},{"floor":29,"key":"Fire Potion"},{"floor":39,"key":"PowerPotion"},{"floor":44,"key":"PowerPotion"}],"is_trial":true,"path_per_floor":["M","?","M","M","M","R","$","E","T","E","M","E","R","E","R","B",null,"M","T","?","$","?","E","R","E","T","M","?","E","M","M","R","B",null,"M","?","?","?","?","E","$","E","T","E","M","E","M","E","R","B","B",null,"R","$","E","B",null],"character_chosen":"IRONCLAD","items_purchased":["OrangePellets","TheAbacus","Medical Kit","PreservedInsect","Gremlin Horn","PowerPotion"],"campfire_rested":3,"item_purchase_floors":[7,21,41,41,54,54],"current_hp_per_floor":[74,74,75,75,75,75,75,48,48,51,72,75,75,75,75,75,75,75,75,75,75,75,75,75,50,50,61,61,72,75,75,75,75,75,75,71,71,61,71,71,71,71,71,71,71,71,71,71,71,71,71,71,71,71,71,71],"gold":150,"neow_bonus":"","is_daily":false,"chose_seed":false,"campfire_upgraded":3,"win_rate":0.0,"timestamp":1614374301,"path_taken":["M","?","M","?","M","R","$","E","T","E","M","E","R","E","R","BOSS","M","?","?","$","?","E","R","E","T","?","?","E","?","M","R","BOSS","M","?","?","?","?","E","?","E","T","E","?","E","M","E","R","BOSS","BOSS","R","$","E","BOSS"],"items_purchased_type":["Relic","Relic","Relic","Relic","Relic","Potion"],"build_version":"2020-12-22","purchased_purges":2,"victory":true,"max_hp_per_floor":[75,75,75,75,75,75,75,75,75,75,75,75,75,75,75,75,75,75,75,75,75,75,75,75,75,75,75,75,75,75,75,75,75,75,75,71,71,71,71,71,71,71,71,71,71,71,71,71,71,71,71,71,71,71,71,71],"relic_stats":{"Regal Pillow":0,"Gremlin Horn":[1,1],"counters":[32,70],"Self Forming Clay":[27],"PreservedInsect":379,"Medical Kit":[8],"Burning Blood":46,"OrangePellets":[4],"Centennial Puzzle":[12],"TheAbacus":[1872],"Busted Crown":28,"Bird Faced Urn":[12],"Turnip":[13],"Art of War":[0],"obtain_stats":[{"Ice Cream":55,"Regal Pillow":40,"Lantern":42,"Gremlin Horn":54,"Vajra":46,"Burning Blood":0,"Old Coin":37,"Centennial Puzzle":14,"TheAbacus":21,"Fusion Hammer":17,"Toxic Egg 2":8,"Potion Belt":23,"Self Forming Clay":26,"Oddly Smooth Stone":25,"Thread and Needle":29,"PreservedInsect":41,"Medical Kit":41,"OrangePellets":7,"CaptainsWheel":39,"Busted Crown":34,"Bird Faced Urn":10,"Turnip":12,"Art of War":43,"Toy Ornithopter":19,"Pocketwatch":48},{"Ice Cream":31,"Regal Pillow":22,"Lantern":23,"Gremlin Horn":30,"Vajra":26,"Burning Blood":0,"Old Coin":20,"Centennial Puzzle":9,"TheAbacus":11,"Fusion Hammer":10,"Toxic Egg 2":5,"Potion Belt":12,"Self Forming Clay":13,"Oddly Smooth Stone":13,"Thread and Needle":15,"PreservedInsect":22,"Medical Kit":22,"OrangePellets":4,"CaptainsWheel":21,"Busted Crown":18,"Bird Faced Urn":6,"Turnip":8,"Art of War":23,"Toy Ornithopter":11,"Pocketwatch":28},{"Ice Cream":65,"Regal Pillow":51,"Lantern":53,"Gremlin Horn":64,"Vajra":57,"Burning Blood":0,"Old Coin":48,"Centennial Puzzle":22,"TheAbacus":29,"Fusion Hammer":28,"Toxic Egg 2":14,"Potion Belt":30,"Self Forming Clay":32,"Oddly Smooth Stone":32,"Thread and Needle":38,"PreservedInsect":51,"Medical Kit":51,"OrangePellets":10,"CaptainsWheel":50,"Busted Crown":44,"Bird Faced Urn":17,"Turnip":21,"Art of War":53,"Toy Ornithopter":29,"Pocketwatch":60}],"Toy Ornithopter":37,"Pocketwatch":[0]},"card_choices":[{"not_picked":["Deflect","Flying Knee","Calculated Gamble"],"picked":"SKIP","floor":1},{"not_picked":["Reckless Charge","Choke","Slice"],"picked":"SKIP","floor":3},{"not_picked":["Blood for Blood","SignatureMove","Dagger Throw"],"picked":"SKIP","floor":4},{"not_picked":["Poisoned Stab","Carnage","CarveReality"],"picked":"SKIP","floor":5},{"not_picked":["Immolate","Wraith Form v2"],"picked":"Venomology+1","floor":8},{"not_picked":["Die Die Die","Venomology+1"],"picked":"Scrawl+1","floor":10},{"not_picked":["Blizzard","Warcry+1","True Grit+1"],"picked":"SKIP","floor":11},{"not_picked":["Rainbow+1","DevaForm","Meteor Strike"],"picked":"SKIP","floor":12},{"not_picked":["Fiend Fire","Judgement+1","Die Die Die"],"picked":"SKIP","floor":14},{"not_picked":["Wish+1","Fiend Fire"],"picked":"Venomology+1","floor":16},{"not_picked":["WindmillStrike","FlurryOfBlows","Halt+1"],"picked":"SKIP","floor":18},{"not_picked":["Creative AI","Devotion"],"picked":"LessonLearned","floor":23},{"not_picked":["Exhume+1","Immolate","All For One"],"picked":"SKIP","floor":25},{"not_picked":["Genetic Algorithm+1","ThirdEye+1"],"picked":"Evolve","floor":27},{"not_picked":["ConjureBlade+1","Amplify+1"],"picked":"Scrawl+1","floor":29},{"not_picked":["Dropkick","Warcry+1","CutThroughFate"],"picked":"SKIP","floor":30},{"not_picked":["Stack+1","Outmaneuver+1","BootSequence+1"],"picked":"SKIP","floor":31},{"not_picked":["Barrage"],"picked":"SKIP","floor":35},{"not_picked":[],"picked":"Panacea+1","floor":38},{"not_picked":["ConjureBlade+1"],"picked":"SKIP","floor":40},{"not_picked":["Blasphemy+1"],"picked":"SKIP","floor":42},{"not_picked":["Malaise+1"],"picked":"SKIP","floor":44},{"not_picked":["PiercingWail+1"],"picked":"SKIP","floor":45},{"not_picked":["Hyperbeam"],"picked":"SKIP","floor":46},{"not_picked":["WheelKick"],"picked":"SKIP","floor":47},{"not_picked":["MasterReality"],"picked":"SKIP","floor":48},{"not_picked":["LessonLearned"],"picked":"SKIP","floor":55}],"player_experience":2033792,"relics_obtained":[{"floor":8,"key":"Toxic Egg 2"},{"floor":10,"key":"Bird Faced Urn"},{"floor":12,"key":"Turnip"},{"floor":14,"key":"Centennial Puzzle"},{"floor":19,"key":"Toy Ornithopter"},{"floor":23,"key":"Potion Belt"},{"floor":25,"key":"Oddly Smooth Stone"},{"floor":26,"key":"Self Forming Clay"},{"floor":29,"key":"Thread and Needle"},{"floor":37,"key":"Old Coin"},{"floor":39,"key":"CaptainsWheel"},{"floor":40,"key":"Regal Pillow"},{"floor":42,"key":"Lantern"},{"floor":43,"key":"Art of War"},{"floor":46,"key":"Vajra"},{"floor":48,"key":"Pocketwatch"},{"floor":55,"key":"Ice Cream"}],"event_choices":[{"damage_healed":0,"gold_gain":50,"player_choice":"Pray","damage_taken":0,"max_hp_gain":0,"max_hp_loss":0,"event_name":"Golden Shrine","floor":2,"gold_loss":0},{"cards_removed":["Leap"],"damage_healed":0,"gold_gain":0,"player_choice":"Elegance","damage_taken":0,"max_hp_gain":0,"max_hp_loss":0,"event_name":"Back to Basics","floor":20,"gold_loss":0},{"damage_healed":0,"gold_gain":0,"player_choice":"Ignored","damage_taken":0,"max_hp_gain":0,"max_hp_loss":0,"event_name":"Ghosts","floor":22,"gold_loss":0},{"damage_healed":0,"gold_gain":0,"player_choice":"Ignored","damage_taken":0,"max_hp_gain":0,"max_hp_loss":0,"event_name":"N\u0027loth","floor":28,"gold_loss":0},{"damage_healed":0,"gold_gain":0,"player_choice":"Max HP","damage_taken":0,"max_hp_gain":0,"max_hp_loss":4,"event_name":"Winding Halls","floor":36,"gold_loss":0},{"damage_healed":0,"gold_gain":0,"player_choice":"Fight","damage_taken":0,"max_hp_gain":0,"max_hp_loss":0,"event_name":"Mysterious Sphere","floor":37,"gold_loss":0},{"damage_healed":0,"gold_gain":0,"player_choice":"Memory 3","damage_taken":10,"max_hp_gain":0,"max_hp_loss":0,"event_name":"SensoryStone","floor":38,"gold_loss":0},{"damage_healed":0,"gold_gain":0,"player_choice":"Fight","damage_taken":0,"max_hp_gain":0,"max_hp_loss":0,"event_name":"MindBloom","floor":39,"gold_loss":0}],"is_beta":false,"boss_relics":[{"not_picked":["Cursed Key","Calling Bell"],"picked":"Fusion Hammer"},{"not_picked":["Black Blood","SlaversCollar"],"picked":"Busted Crown"}],"items_purged_floors":[21,41],"is_endless":false,"potions_floor_spawned":[3,11,12,14,16,18,29,31,37,39,40,44,45,47],"ascension_level":20}}