{"host":"0ghi9uxs64f8c30g","time":1614330434,"event":{"mods":["BaseMod","Minty Spire (QoL Compilation)","StSLib"],"gold_per_floor":[112,112,35,110,121,149,149,149,149,167,177,188,188,206,206,306,306,318,349,274,274,284,284,296,309,335,335,352,352,384,396,396,500,500,518,537,588,638,136,136,169,169,169,169,183,30,50,70,70,70],"floor_reached":51,"language":"ENG","playtime":2564,"items_purged":["Strike_G","Defend_G+1"],"score":911,"play_id":"3daf7892-5264-435c-b6b2-6a7a60beb2e3","local_time":"20210226100714","is_ascension_mode":true,"campfire_choices":[{"floor":7,"key":"REST"},{"floor":13,"key":"REST"},{"floor":15,"key":"REST"},{"floor":23,"key":"REST"},{"floor":29,"key":"REST"},{"floor":32,"key":"REST"},{"floor":40,"key":"REST"},{"floor":42,"key":"REST"},{"floor":49,"key":"REST"}],"circlet_count":0,"master_deck":["Strike_G+1","Strike_G+1","Defend_G+1","Defend_G+1","Defend_G+1","Defend_G+1","Survivor","Neutralize","Blade Dance","Infinite Blades","Blade Dance","Heel Hook","All Out Attack","Tools of the Trade+1","Finisher","Cloak And Dagger+1","Blade Dance","Blade Dance","Cloak And Dagger","Footwork+1","Finisher+1","Masterful Stab+1"],"relics":["Ring of the Snake","Nunchaku","Ginger","WristBlade","Red Mask","Toy Ornithopter","Frozen Egg 2","Sozu","Prayer Wheel","Dead Branch","Singing Bowl","Sling","Bronze Scales","Lee\u0027s Waffle"],"acts_visited":["Exordium","TheCity","TheBeyond"],"potions_floor_usage":[6,16,19,33,33,33],"damage_taken":[{"damage":3,"enemies":"Jaw Worm","floor":1,"turns":6},{"damage":0,"enemies":"2 Louse","floor":5,"turns":3},{"damage":43,"enemies":"Lagavulin","floor":6,"turns":8},{"damage":0,"enemies":"Cultist","floor":10,"turns":3},{"damage":0,"enemies":"Large Slime","floor":11,"turns":5},{"damage":11,"enemies":"Looter","floor":12,"turns":3},{"damage":20,"enemies":"Lots of Slimes","floor":14,"turns":3},{"damage":39,"enemies":"The Guardian","floor":16,"turns":15},{"damage":15,"enemies":"2 Thieves","floor":18,"turns":3},{"damage":11,"enemies":"Masked Bandits","floor":19,"turns":4},{"damage":0,"enemies":"3 Byrds","floor":22,"turns":4},{"damage":2,"enemies":"Cultist and Chosen","floor":24,"turns":5},{"damage":13,"enemies":"Centurion and Healer","floor":25,"turns":4},{"damage":8,"enemies":"Shelled Parasite and Fungi","floor":28,"turns":3},{"damage":13,"enemies":"Slavers","floor":30,"turns":4},{"damage":14,"enemies":"Snake Plant","floor":31,"turns":3},{"damage":44,"enemies":"Automaton","floor":33,"turns":8},{"damage":0,"enemies":"3 Darklings","floor":35,"turns":4},{"damage":12,"enemies":"3 Shapes","floor":36,"turns":2},{"damage":6,"enemies":"2 Orb Walkers","floor":37,"turns":3},{"damage":0,"enemies":"Mind Bloom Boss Battle","floor":38,"turns":4},{"damage":34,"enemies":"Nemesis","floor":41,"turns":5},{"damage":0,"enemies":"Transient","floor":45,"turns":5},{"damage":0,"enemies":"Spire Growth","floor":47,"turns":2},{"damage":34,"enemies":"Sphere and 2 Shapes","floor":48,"turns":4},{"damage":62,"enemies":"Donu and Deca","floor":50,"turns":9}],"seed_played":"2386659491435622461","potions_obtained":[{"floor":1,"key":"Block Potion"},{"floor":11,"key":"Block Potion"},{"floor":12,"key":"LiquidBronze"},{"floor":18,"key":"SpeedPotion"},{"floor":28,"key":"Fire Potion"},{"floor":30,"key":"Weak Potion"}],"is_trial":false,"path_per_floor":["M","?","$","?","M","E","R","?","T","M","M","M","R","M","R","B",null,"M","?","$","?","M","R","M","M","T","?","M","R","E","M","R","B",null,"M","M","?","?","$","R","E","R","T","?","M","$","M","M","R","B",null],"character_chosen":"THE_SILENT","items_purchased":["Infinite Blades","Singing Bowl","Sling","Lee\u0027s Waffle"],"campfire_rested":9,"item_purchase_floors":[3,39,39,46],"current_hp_per_floor":[67,72,72,61,61,18,40,40,40,40,40,29,51,31,53,14,60,45,34,34,34,34,56,54,41,41,41,33,55,42,28,50,21,62,62,50,44,44,44,66,32,54,54,54,58,86,90,58,85,23],"gold":70,"neow_bonus":"REMOVE_CARD","is_daily":false,"chose_seed":false,"campfire_upgraded":0,"win_rate":0.0,"timestamp":1614330434,"path_taken":["M","?","$","?","M","E","R","?","T","?","M","M","R","M","R","BOSS","M","?","$","?","M","R","M","M","T","?","?","R","E","M","R","BOSS","M","M","?","?","$","R","E","R","T","?","M","$","M","M","R","BOSS"],"items_purchased_type":["Card","Relic","Relic","Relic"],"build_version":"2020-12-22","purchased_purges":2,"victory":true,"max_hp_per_floor":[70,75,75,75,75,75,75,75,75,75,75,75,75,75,75,75,75,75,75,75,75,75,75,75,75,75,75,75,75,75,75,75,75,75,75,75,75,75,75,75,75,75,75,75,79,86,90,92,92,92],"card_choices":[{"not_picked":["Calculated Gamble","Deflect"],"picked":"Blade Dance","floor":1},{"not_picked":["Outmaneuver","Bane"],"picked":"Blade Dance","floor":5},{"not_picked":["Prepared","Unload"],"picked":"Heel Hook","floor":6},{"not_picked":["Outmaneuver","Heel Hook","Slice"],"picked":"SKIP","floor":10},{"not_picked":["Underhanded Strike","Reflex","Backflip"],"picked":"SKIP","floor":11},{"not_picked":["Setup","Tactician","Dodge and Roll"],"picked":"SKIP","floor":12},{"not_picked":["Dagger Spray","Flechettes"],"picked":"All Out Attack","floor":14},{"not_picked":["Envenom","Malaise"],"picked":"Tools of the Trade","floor":16},{"not_picked":["Bane","Quick Slash","Dagger Throw"],"picked":"SKIP","floor":18},{"not_picked":["Acrobatics","Predator"],"picked":"Finisher","floor":19},{"not_picked":["Bane+1","Grand Finale","All Out Attack"],"picked":"SKIP","floor":22},{"not_picked":["Reflex","Prepared"],"picked":"Cloak And Dagger+1","floor":24},{"not_picked":["Acrobatics+1","Quick Slash"],"picked":"Blade Dance","floor":25},{"not_picked":["Dagger Spray","Slice"],"picked":"Blade Dance","floor":28},{"not_picked":["Burst","Dodge and Roll"],"picked":"Cloak And Dagger","floor":30},{"not_picked":["Deflect","Catalyst+1","Expertise"],"picked":"SKIP","floor":31},{"not_picked":["Sucker Punch+1","Quick Slash+1","Predator"],"picked":"SKIP","floor":35},{"not_picked":["Finisher","Concentrate+1","Underhanded Strike+1"],"picked":"SKIP","floor":36},{"not_picked":["Deflect","Eviscerate"],"picked":"Footwork+1","floor":37},{"not_picked":["Flechettes+1","Endless Agony"],"picked":"Finisher+1","floor":41},{"not_picked":["Flying Knee+1","Backflip","Poisoned Stab"],"picked":"Singing Bowl","floor":45},{"not_picked":["Bane+1","Deflect+1","Underhanded Strike"],"picked":"Singing Bowl","floor":45},{"not_picked":["Prepared","Flechettes","Deflect+1"],"picked":"Singing Bowl","floor":47},{"not_picked":["Dodge and Roll","Terror","Flying Knee"],"picked":"Singing Bowl","floor":47},{"not_picked":["Die Die Die","Dagger Spray","Crippling Poison+1"],"picked":"Singing Bowl","floor":48},{"not_picked":["Outmaneuver","Underhanded Strike+1"],"picked":"Masterful Stab+1","floor":48}],"player_experience":226389,"relics_obtained":[{"floor":6,"key":"Nunchaku"},{"floor":9,"key":"Ginger"},{"floor":19,"key":"Red Mask"},{"floor":26,"key":"Toy Ornithopter"},{"floor":30,"key":"Frozen Egg 2"},{"floor":37,"key":"Prayer Wheel"},{"floor":38,"key":"Dead Branch"},{"floor":41,"key":"Bronze Scales"}],"event_choices":[{"damage_healed":0,"gold_gain":0,"player_choice":"Donut","damage_taken":0,"max_hp_gain":5,"max_hp_loss":0,"event_name":"Big Fish","floor":2,"gold_loss":0},{"damage_healed":0,"gold_gain":75,"player_choice":"Gather Gold","damage_taken":11,"max_hp_gain":0,"max_hp_loss":0,"event_name":"World of Goop","floor":4,"gold_loss":0},{"cards_removed":["Strike_G"],"damage_healed":0,"gold_gain":0,"player_choice":"Offered Basic","damage_taken":0,"max_hp_gain":0,"max_hp_loss":0,"event_name":"Bonfire Elementals","floor":8,"gold_loss":0},{"damage_healed":0,"gold_gain":0,"player_choice":"Fought Bandits","damage_taken":0,"max_hp_gain":0,"max_hp_loss":0,"event_name":"Masked Bandits","floor":19,"gold_loss":0},{"damage_healed":0,"gold_gain":0,"player_choice":"Simplicity","damage_taken":0,"max_hp_gain":0,"max_hp_loss":0,"event_name":"Back to Basics","floor":21,"gold_loss":0,"cards_upgraded":["Strike_G","Strike_G","Defend_G","Defend_G","Defend_G","Defend_G","Defend_G"]},{"damage_healed":0,"gold_gain":0,"player_choice":"Upgraded","damage_taken":0,"max_hp_gain":0,"max_hp_loss":0,"event_name":"Upgrade Shrine","floor":27,"gold_loss":0,"cards_upgraded":["Tools of the Trade"]},{"damage_healed":0,"gold_gain":0,"player_choice":"Fight","damage_taken":0,"max_hp_gain":0,"max_hp_loss":0,"event_name":"Mysterious Sphere","floor":37,"gold_loss":0},{"damage_healed":0,"gold_gain":0,"player_choice":"Fight","damage_taken":0,"max_hp_gain":0,"max_hp_loss":0,"event_name":"MindBloom","floor":38,"gold_loss":0},{"damage_healed":0,"gold_gain":0,"player_choice":"Ignored","damage_taken":0,"max_hp_gain":0,"max_hp_loss":0,"event_name":"Tomb of Lord Red Mask","floor":44,"gold_loss":0}],"is_beta":false,"boss_relics":[{"not_picked":["HoveringKite","Snecko Eye"],"picked":"WristBlade"},{"not_picked":["Busted Crown","Empty Cage"],"picked":"Sozu"}],"items_purged_floors":[20,39],"is_endless":false,"potions_floor_spawned":[1,11,12,18,28,30,31,35,37,45],"ascension_level":5}}