{"host":"zdahj580pq9zy75i","time":1614300637,"event":{"mods":["AchievementEnabler","BaseMod","Bestiary","Colored Map","Minty Spire (QoL Compilation)","Relic Stats","StSLib","ojb\u0027s Info Mod: The sequel"],"gold_per_floor":[109,109,121,139,60,60,87,168,168,187,187,199,258,288,288,362,362,378,378,393,413,413,413,439,439,439,32,48,73,73,90,90,163,163,181,181,9,49,65,65,100,111,111,111,123,142,18,35,35,35,35,35,35,5,31,31,31],"floor_reached":56,"language":"ENG","playtime":2796,"items_purged":["Regret"],"score":2083,"play_id":"f2f2d5a4-1049-4ba4-8965-6fa32d9b56d3","local_time":"20210225195037","is_ascension_mode":true,"campfire_choices":[{"data":"Hemokinesis","floor":6,"key":"SMITH"},{"data":"Master of Strategy","floor":11,"key":"SMITH"},{"data":"Shrug It Off","floor":15,"key":"SMITH"},{"data":"Limit Break","floor":23,"key":"SMITH"},{"floor":25,"key":"REST"},{"data":"Battle Trance","floor":32,"key":"SMITH"},{"data":"Double Tap","floor":40,"key":"SMITH"},{"floor":49,"key":"RECALL"},{"data":"Heavy Blade","floor":53,"key":"SMITH"}],"circlet_count":0,"master_deck":["AscendersBane","Strike_R","Strike_R","Strike_R","Strike_R","Defend_R","Defend_R","Defend_R","Defend_R","Bash","Master of Strategy+1","Headbutt","Hemokinesis+1","Shrug It Off+1","Shrug It Off","Battle Trance+1","Flex","Demon Form","Limit Break+1","Sword Boomerang+1","J.A.X.","Rupture","RitualDagger","Disarm","Ghostly","Ghostly","Ghostly","Flex+1","Fiend Fire","Double Tap+1","Impervious","Uppercut+1","Evolve+1","Heavy Blade+1","Pommel Strike","Havoc+1"],"relics":["Burning Blood","Pen Nib","Bottled Lightning","Incense Burner","Vajra","Gremlin Horn","Mark of Pain","Du-Vu Doll","Mercury Hourglass","Membership Card","Magic Flower","Orichalcum","Pear","Cursed Key","Toolbox","StoneCalendar","Bag of Preparation","Torii"],"acts_visited":["Exordium","TheCity","TheBeyond","TheEnding"],"potions_floor_usage":[7,13,18,21,21,33,41,50,51,56],"damage_taken":[{"damage":7,"enemies":"Jaw Worm","floor":1,"turns":3},{"damage":1,"enemies":"Cultist","floor":3,"turns":3},{"damage":12,"enemies":"Small Slimes","floor":4,"turns":3},{"damage":14,"enemies":"Lagavulin","floor":7,"turns":4},{"damage":5,"enemies":"2 Fungi Beasts","floor":10,"turns":4},{"damage":4,"enemies":"Looter","floor":12,"turns":4},{"damage":0,"enemies":"Gremlin Nob","floor":13,"turns":2},{"damage":6,"enemies":"3 Sentries","floor":14,"turns":6},{"damage":22,"enemies":"The Guardian","floor":16,"turns":7},{"damage":20,"enemies":"Chosen","floor":18,"turns":5},{"damage":6,"enemies":"3 Byrds","floor":20,"turns":4},{"damage":11,"enemies":"Snake Plant","floor":21,"turns":2},{"damage":40,"enemies":"Book of Stabbing","floor":24,"turns":4},{"damage":5,"enemies":"3 Cultists","floor":28,"turns":3},{"damage":4,"enemies":"Slavers","floor":29,"turns":3},{"damage":3,"enemies":"Cultist and Chosen","floor":31,"turns":4},{"damage":29,"enemies":"Collector","floor":33,"turns":6},{"damage":1,"enemies":"3 Darklings","floor":35,"turns":4},{"damage":1,"enemies":"3 Shapes","floor":38,"turns":1},{"damage":4,"enemies":"Maw","floor":39,"turns":5},{"damage":5,"enemies":"Reptomancer","floor":41,"turns":5},{"damage":5,"enemies":"Writhing Mass","floor":42,"turns":5},{"damage":6,"enemies":"3 Darklings","floor":45,"turns":4},{"damage":8,"enemies":"4 Shapes","floor":46,"turns":2},{"damage":2,"enemies":"Maw","floor":48,"turns":4},{"damage":31,"enemies":"Donu and Deca","floor":50,"turns":7},{"damage":3,"enemies":"Time Eater","floor":51,"turns":7},{"damage":34,"enemies":"Shield and Spear","floor":55,"turns":6},{"damage":53,"enemies":"The Heart","floor":56,"turns":3}],"seed_played":"-2081235410169887150","potions_obtained":[{"floor":4,"key":"BlessingOfTheForge"},{"floor":7,"key":"BlessingOfTheForge"},{"floor":10,"key":"AttackPotion"},{"floor":14,"key":"Fire Potion"},{"floor":16,"key":"Fruit Juice"},{"floor":18,"key":"DistilledChaos"},{"floor":29,"key":"AttackPotion"},{"floor":31,"key":"Explosive Potion"},{"floor":39,"key":"Fruit Juice"},{"floor":41,"key":"ColorlessPotion"},{"floor":45,"key":"LiquidBronze"},{"floor":55,"key":"BlessingOfTheForge"}],"is_trial":false,"path_per_floor":["M","?","M","M","$","R","E","T","T","M","R","M","?","E","R","B",null,"M","?","M","M","?","R","E","R","T","$","M","E","?","M","R","B",null,"M","?","$","M","M","R","E","M","T","?","M","M","$","M","R","B","B",null,"R","$","E","B"],"character_chosen":"IRONCLAD","items_purchased":["Shrug It Off","AttackPotion","Membership Card","Magic Flower","Orichalcum","Impervious","Toolbox","Bag of Preparation","Pommel Strike"],"campfire_rested":1,"item_purchase_floors":[5,5,27,27,27,37,37,47,54],"current_hp_per_floor":[49,49,54,48,48,48,40,40,40,41,41,43,49,49,49,33,65,56,56,56,51,45,45,11,35,35,35,39,54,45,45,45,25,40,45,45,45,45,45,45,50,50,50,47,50,50,50,50,50,28,34,46,46,46,21,0,0],"gold":31,"neow_bonus":"RANDOM_COLORLESS_2","is_daily":false,"chose_seed":false,"campfire_upgraded":7,"win_rate":0.0,"timestamp":1614300637,"path_taken":["M","?","M","M","?","R","E","?","T","M","R","M","?","E","R","BOSS","M","?","M","M","?","R","E","R","T","$","M","E","?","M","R","BOSS","M","?","$","M","?","R","E","M","T","?","M","M","$","M","R","BOSS","BOSS","R","$","E","BOSS"],"items_purchased_type":["Card","Potion","Relic","Relic","Relic","Card","Relic","Relic","Card"],"build_version":"2020-12-22","purchased_purges":1,"victory":false,"max_hp_per_floor":[75,75,75,75,75,75,75,75,75,75,75,75,75,75,75,75,75,80,80,80,80,80,80,80,80,80,80,80,90,45,45,45,45,45,45,45,45,45,45,45,50,50,50,50,50,50,50,50,50,50,50,50,50,50,50,50,50],"relic_stats":{"Gremlin Horn":[11,29],"Torii":0,"counters":[29,119],"Magic Flower":[23],"StoneCalendar":[0],"Pen Nib":[19],"Bag of Preparation":[10],"Orichalcum":[210],"Cursed Key":1,"obtain_stats":[{"Pear":29,"Gremlin Horn":14,"Torii":55,"Vajra":13,"Magic Flower":27,"StoneCalendar":41,"Pen Nib":7,"Incense Burner":9,"Bag of Preparation":47,"Orichalcum":27,"Cursed Key":34,"Burning Blood":0,"Mercury Hourglass":26,"Du-Vu Doll":24,"Toolbox":37,"Mark of Pain":17,"Bottled Lightning":8,"Membership Card":27},{"Pear":15,"Gremlin Horn":8,"Torii":28,"Vajra":7,"Magic Flower":13,"StoneCalendar":21,"Pen Nib":4,"Incense Burner":4,"Bag of Preparation":24,"Orichalcum":13,"Cursed Key":17,"Burning Blood":0,"Mercury Hourglass":13,"Du-Vu Doll":13,"Toolbox":18,"Mark of Pain":9,"Bottled Lightning":4,"Membership Card":13},{"Pear":57,"Gremlin Horn":29,"Torii":116,"Vajra":23,"Magic Flower":51,"StoneCalendar":81,"Pen Nib":13,"Incense Burner":13,"Bag of Preparation":92,"Orichalcum":51,"Cursed Key":66,"Burning Blood":0,"Mercury Hourglass":51,"Du-Vu Doll":51,"Toolbox":70,"Mark of Pain":36,"Bottled Lightning":13,"Membership Card":51}],"Burning Blood":175,"Mercury Hourglass":[289]},"card_choices":[{"not_picked":["Magnetism","Chrysalis"],"picked":"Master of Strategy","floor":0},{"not_picked":["Wild Strike","Rupture"],"picked":"Headbutt","floor":1},{"not_picked":["Dual Wield","Iron Wave"],"picked":"Hemokinesis","floor":3},{"not_picked":["Entrench","Clash"],"picked":"Shrug It Off","floor":4},{"not_picked":["Warcry","Cleave","Headbutt"],"picked":"SKIP","floor":7},{"not_picked":["Blood for Blood","Carnage","Second Wind"],"picked":"SKIP","floor":10},{"not_picked":["Flex","Combust"],"picked":"Battle Trance","floor":12},{"not_picked":["Clothesline","Rupture"],"picked":"Flex","floor":13},{"not_picked":["Reckless Charge","Inflame"],"picked":"Demon Form","floor":14},{"not_picked":["Barricade","Juggernaut"],"picked":"Limit Break","floor":16},{"not_picked":["Headbutt","Thunderclap+1"],"picked":"Sword Boomerang+1","floor":18},{"not_picked":["Anger","Body Slam"],"picked":"Rupture","floor":20},{"not_picked":["Iron Wave","Twin Strike","Cleave"],"picked":"SKIP","floor":21},{"not_picked":["Armaments","Iron Wave","Twin Strike"],"picked":"SKIP","floor":24},{"not_picked":["Headbutt","Cleave","Pommel Strike"],"picked":"SKIP","floor":28},{"not_picked":["Inflame","Seeing Red"],"picked":"Disarm","floor":29},{"not_picked":["Fiend Fire","Anger"],"picked":"Flex+1","floor":31},{"not_picked":["Bludgeon","Juggernaut"],"picked":"Fiend Fire","floor":33},{"not_picked":["Rampage","Warcry","Dual Wield"],"picked":"SKIP","floor":35},{"not_picked":["Wild Strike","Cleave"],"picked":"Uppercut+1","floor":38},{"not_picked":["Clothesline+1","Warcry","Sword Boomerang"],"picked":"SKIP","floor":39},{"not_picked":["Dropkick+1","Pommel Strike"],"picked":"Evolve+1","floor":41},{"not_picked":["Feel No Pain+1","Flex","Blood for Blood"],"picked":"SKIP","floor":42},{"not_picked":["Perfected Strike","Juggernaut","Pommel Strike"],"picked":"SKIP","floor":45},{"not_picked":["Clothesline","Berserk"],"picked":"Heavy Blade","floor":46},{"not_picked":["Iron Wave+1","Twin Strike","Metallicize"],"picked":"SKIP","floor":48},{"not_picked":["Perfected Strike","Sentinel"],"picked":"Havoc+1","floor":55}],"player_experience":820556,"relics_obtained":[{"floor":7,"key":"Pen Nib"},{"floor":8,"key":"Bottled Lightning"},{"floor":9,"key":"Incense Burner"},{"floor":13,"key":"Vajra"},{"floor":14,"key":"Gremlin Horn"},{"floor":24,"key":"Du-Vu Doll"},{"floor":26,"key":"Mercury Hourglass"},{"floor":29,"key":"Pear"},{"floor":41,"key":"StoneCalendar"},{"floor":55,"key":"Torii"}],"event_choices":[{"cards_removed":["Strike_R"],"damage_healed":0,"gold_gain":0,"player_choice":"Offered Basic","damage_taken":0,"max_hp_gain":0,"max_hp_loss":0,"event_name":"Bonfire Elementals","floor":2,"gold_loss":0},{"damage_healed":0,"gold_gain":0,"player_choice":"Searched \u00271\u0027 times","damage_taken":0,"max_hp_gain":0,"max_hp_loss":0,"event_name":"Dead Adventurer","floor":13,"gold_loss":0},{"damage_healed":0,"gold_gain":0,"player_choice":"Obtain J.A.X.","damage_taken":0,"max_hp_gain":0,"max_hp_loss":0,"event_name":"Drug Dealer","floor":19,"gold_loss":0,"cards_obtained":["J.A.X."]},{"damage_healed":0,"gold_gain":0,"player_choice":"Joined the Cult","damage_taken":6,"max_hp_gain":0,"max_hp_loss":0,"event_name":"Nest","floor":22,"gold_loss":0,"cards_obtained":["RitualDagger"]},{"damage_healed":0,"gold_gain":0,"player_choice":"Became a Ghost","damage_taken":0,"max_hp_gain":0,"max_hp_loss":45,"event_name":"Ghosts","floor":30,"gold_loss":0,"cards_obtained":["Ghostly","Ghostly","Ghostly"]},{"damage_healed":0,"gold_gain":0,"player_choice":"1 cards matched","damage_taken":0,"max_hp_gain":0,"max_hp_loss":0,"event_name":"Match and Keep!","floor":36,"gold_loss":0,"cards_obtained":["Double Tap"]},{"damage_healed":0,"gold_gain":0,"player_choice":"Bought 0 Potions","damage_taken":0,"max_hp_gain":0,"max_hp_loss":0,"event_name":"The Woman in Blue","floor":44,"gold_loss":0}],"is_beta":false,"boss_relics":[{"not_picked":["Empty Cage","Coffee Dripper"],"picked":"Mark of Pain"},{"not_picked":["Tiny House","Busted Crown"],"picked":"Cursed Key"}],"items_purged_floors":[47],"is_endless":false,"potions_floor_spawned":[4,7,10,14,16,18,29,31,39,41,45,48,55],"killed_by":"The Heart","ascension_level":20}}