{"host":"rs1c3lkx7vj3kohb","time":1614348373,"event":{"mods":["Act Like it!","BaseMod","BetterRewards","Chen","Colored Map","Colored Powertips","Friendly Minions","Gensokyo","Gremlin Mod","Hermit","Hero for Fun","KinomotoSakuraMod(ƒæ÷Æ±æ”£)","Koishi","KomeijiMod","Luminous","Marisa£®ÏF”Í°°ƒß¿Ì…≥£©","Minty Spire (QoL Compilation)","Onozuka Komachi Mod","Prisma Mod","Quick Restart","Reimu£®≤©¿ˆ¡È√Œ£©","Remilia£®¿Ÿ√◊¿Ú—«£©","Shop Mod","StSLib","The Administrix","The Alterego","The Cursed","The Senshi","The Servant 0.9.4","Waifu the Spire","WarShipGirlsR/’ΩΩ¢…Ÿ≈ÆR mod","Yakumo Yukari mod","Yohane!","Youmu£®ªÍ∆«—˝√Œ£©","Yuri Mod","Yuyuko"],"gold_per_floor":[109,120,120,140,176,233,233,308,308,398,437,545,557,618,618,797,797,886,976,135,222,312,312,312,414,414,424,492,0,0,128,128,305,305,373,484,484,548,614,795,795,905,932,257,257,387,439,506,506,606,606,606,41,122,172],"floor_reached":56,"language":"ZHS","playtime":3984,"items_purged":["PrismaMod:MiyuCommonAttack","PrismaMod:MiyuCommonAttack","PrismaMod:MiyuCommonDefend","PrismaMod:MiyuCommonDefend","Parasite"],"score":1800,"play_id":"c4cae7be-0d5e-4185-bd5c-df9e8451023d","local_time":"20210226220613","is_ascension_mode":false,"campfire_choices":[{"data":"PrismaMod:MiyuEvokeBuffStr","floor":7.0,"key":"SMITH"},{"data":"PrismaMod:MiyuCheapChannelDefend","floor":15.0,"key":"SMITH"},{"data":"PrismaMod:MiyuCheapChannelDefend","floor":23.0,"key":"SMITH"},{"data":"Apotheosis","floor":30,"key":"SMITH"},{"data":"PrismaMod:MiyuOrbIncreasePerm","floor":32,"key":"SMITH"},{"data":"1","floor":45,"key":"LIFT"},{"floor":49,"key":"RECALL"},{"data":"2","floor":52,"key":"LIFT"}],"circlet_count":0,"master_deck":["PrismaMod:MiyuCommonDefend","PrismaMod:MiyuCommonDefend","PrismaMod:MiyuCommonDefend","PrismaMod:MiyuCommonAttack","PrismaMod:MiyuCommonAttack","PrismaMod:MiyuCommonAttack","PrismaMod:MiyuCheapChannelAttack","PrismaMod:MiyuCheapChannelDefend+1","PrismaMod:MiyuCheapChannelAttack","PrismaMod:MiyuEvokeCheapAttack","PrismaMod:MiyuDevil","PrismaMod:MiyuUncommonDexBuff+1","PrismaMod:MiyuEvokeBuffStr+1","PrismaMod:MiyuUncommonStrBuff+1","PrismaMod:MiyuEvokeBuffStr","PrismaMod:MiyuCheapDefend1","PrismaMod:MiyuCheapChannelDefend+1","PrismaMod:MiyuBride","PrismaMod:MiyuUncommonDexBuff+1","PrismaMod:MiyuCarnivalAttack","PrismaMod:MiyuUberAOEAttack","PrismaMod:MiyuCheapStrBuff+1","PrismaMod:MiyuCheapChannelAttack+1","PrismaMod:MiyuUncommonDexBuff+1","Apotheosis+1","PrismaMod:MiyuOrbIncreasePerm+1","PrismaMod:MiyuOrbIncreasePerm","PrismaMod:MiyuOrbIncreasePerm","PrismaMod:MiyuEvokeBuffStr","PrismaMod:MiyuUncommonDexBuff+1","Panache+1","Dramatic Entrance","PrismaMod:MiyuUncommonDexBuff+1"],"relics":["PrismaMod:PrismaSapphire","TungstenRod","Strawberry","Dream Catcher","NitorisBag","Frozen Egg 2","Sling","Bottled Flame","Eternal Feather","Pantograph","Velvet Choker","Mummified Hand","Thread and Needle","Akabeko","Bag of Preparation","Singing Bowl","Bronze Scales","RedLine:ReiMu","Girya","MiracleMallet","MealTicket","Bottled Lightning","Tea:ReiMu","Centennial Puzzle","Medical Kit","Mastiff:ReiMu","Orichalcum"],"acts_visited":["Exordium","TheCity","TheBeyond","TheEnding"],"potions_floor_usage":[],"damage_taken":[{"damage":0.0,"enemies":"Cultist","floor":1.0,"turns":4.0},{"damage":3.0,"enemies":"Small Slimes","floor":2.0,"turns":3.0},{"damage":0.0,"enemies":"Jaw Worm","floor":4.0,"turns":3.0},{"damage":3.0,"enemies":"Blue Slaver","floor":5.0,"turns":4.0},{"damage":0.0,"enemies":"Lagavulin","floor":6.0,"turns":6.0},{"damage":0.0,"enemies":"Gremlin Nob","floor":8.0,"turns":5.0},{"damage":4.0,"enemies":"3 Louse","floor":10.0,"turns":4.0},{"damage":0.0,"enemies":"Red Slaver","floor":11.0,"turns":3.0},{"damage":3.0,"enemies":"Lagavulin","floor":12.0,"turns":7.0},{"damage":3.0,"enemies":"Exordium Thugs","floor":13.0,"turns":4.0},{"damage":0.0,"enemies":"Looter","floor":14.0,"turns":3.0},{"damage":9.0,"enemies":"The Guardian","floor":16.0,"turns":12.0},{"damage":2.0,"enemies":"Chosen","floor":18.0,"turns":6.0},{"damage":14.0,"enemies":"3 Byrds","floor":19.0,"turns":5.0},{"damage":0.0,"enemies":"Centurion and Healer","floor":21.0,"turns":7.0},{"damage":0.0,"enemies":"Cultist and Chosen","floor":22.0,"turns":5.0},{"damage":0.0,"enemies":"Gremlin Leader","floor":25.0,"turns":6.0},{"damage":0.0,"enemies":"Snecko","floor":27.0,"turns":4.0},{"damage":0.0,"enemies":"3 Cultists","floor":28.0,"turns":5.0},{"damage":20,"enemies":"Slavers","floor":31,"turns":6},{"damage":0,"enemies":"Collector","floor":33,"turns":7},{"damage":0,"enemies":"Orb Walker","floor":35,"turns":3},{"damage":0,"enemies":"3 Darklings","floor":36,"turns":5},{"damage":2,"enemies":"Sphere and 2 Shapes","floor":38,"turns":4},{"damage":6,"enemies":"Spire Growth","floor":39,"turns":5},{"damage":0,"enemies":"Giant Head","floor":40,"turns":7},{"damage":0,"enemies":"4 Shapes","floor":42,"turns":4},{"damage":1,"enemies":"Reptomancer","floor":46,"turns":4},{"damage":0,"enemies":"Writhing Mass","floor":48,"turns":4},{"damage":14,"enemies":"Awakened One","floor":50,"turns":8},{"damage":7,"enemies":"Shield and Spear","floor":54,"turns":5},{"damage":0,"enemies":"The Heart","floor":55,"turns":7}],"seed_played":"1821741812548155744","potions_obtained":[{"floor":2.0,"key":"AttackPotion"},{"floor":4.0,"key":"AttackPotion"},{"floor":5.0,"key":"GrandPatriotsElixir:ReiMu"},{"floor":10.0,"key":"Regen Potion"},{"floor":11.0,"key":"DistilledChaos"},{"floor":18.0,"key":"Energy Potion"}],"is_trial":false,"path_per_floor":["M","M","?","M","M","E","R","E","T","M","M","E","M","M","R","B",null,"M","M","$","M","M","R","?","E","T","M","M","?","R","E","R","B",null,"M","M","?","M","M","E","?","M","T","$","R","E","T","M","R","B",null,"R","$","E","B",null],"character_chosen":"MIYU","items_purchased":["PrismaMod:MiyuCheapChannelAttack","PrismaMod:MiyuEvokeCheapAttack","Strawberry","Dream Catcher","NitorisBag","Frozen Egg 2","Sling","Sadistic Nature+1","Mummified Hand","PrismaMod:MiyuUberAOEAttack","PrismaMod:MiyuCheapStrBuff+1","Thread and Needle","GradualImprovement","Bottled Lightning","Panache+1","Dramatic Entrance","PrismaMod:MiyuUncommonDexBuff+1","Medical Kit","Mastiff:ReiMu","SkillPotion"],"campfire_rested":0,"item_purchase_floors":[0,0,0,0,0,0,0,0,20,20,20,20,20,44,44,44,53,53,53,53],"current_hp_per_floor":[35,32,32,32,29,29,29,29,29,25,25,22,19,19,31,47,82,80,66,66,66,66,81,81,81,81,81,81,81,82,62,80,84,84,86,88,88,86,82,84,86,88,88,96,96,97,97,99,100,86,100,100,97,92,99],"gold":172,"neow_bonus":"","is_daily":false,"chose_seed":false,"campfire_upgraded":5,"win_rate":0.0,"timestamp":1614348373,"path_taken":["M","M","?","M","M","E","R","E","T","M","M","E","M","M","R","BOSS","M","M","$","M","M","R","?","E","T","M","M","?","R","E","R","BOSS","M","M","?","M","M","E","?","?","T","$","R","E","?","M","R","BOSS","R","$","E","BOSS"],"items_purchased_type":["Card","Card","Relic","Relic","Relic","Relic","Relic","Card","Relic","Card","Card","Relic","Card","Relic","Card","Card","Card","Relic","Relic","Potion"],"build_version":"2020-12-22","purchased_purges":5,"victory":true,"max_hp_per_floor":[82,82,82,82,82,82,82,82,82,82,82,82,82,82,82,82,82,82,82,82,82,82,82,82,82,82,82,82,82,82,82,82,84,84,86,88,88,88,90,92,94,96,96,96,96,98,98,100,100,100,100,100,97,99,99],"card_choices":[{"not_picked":["PrismaMod:MiyuEvokeBuffDex","PrismaMod:MiyuMaid"],"picked":"PrismaMod:MiyuDevil","floor":1.0},{"not_picked":["PrismaMod:MiyuCheapAttack2","PrismaMod:MiyuAttackChannelWeak"],"picked":"PrismaMod:MiyuUncommonDexBuff+1","floor":2.0},{"not_picked":["PrismaMod:MiyuCommonAOEAttack","PrismaMod:MiyuUberAttack"],"picked":"PrismaMod:MiyuEvokeBuffStr","floor":4.0},{"not_picked":["PrismaMod:MiyuDefenseRemoval","PrismaMod:MiyuCheapChannelDefend"],"picked":"PrismaMod:MiyuUncommonStrBuff+1","floor":5.0},{"not_picked":["PrismaMod:MiyuCheapAttack2","PrismaMod:MiyuUncommonDefend","PrismaMod:MiyuCheapChannelAttack"],"picked":"SKIP","floor":6.0},{"not_picked":["PrismaMod:MiyuCheapPlate+1","PrismaMod:MiyuCheapChannelWeak"],"picked":"PrismaMod:MiyuEvokeBuffStr","floor":8.0},{"not_picked":["PrismaMod:MiyuUncommonPlate","PrismaMod:MiyuDefenseExplosion"],"picked":"PrismaMod:MiyuCheapDefend1","floor":10.0},{"not_picked":["PrismaMod:MiyuEvokeCheapAttack","PrismaMod:MiyuCheapChannelHeal","PrismaMod:MiyuEvokeAllAttack"],"picked":"SKIP","floor":11.0},{"not_picked":["PrismaMod:MiyuCheapChannelWeak","PrismaMod:MiyuUncommonAttack","PrismaMod:MiyuEvokeCheapAttack"],"picked":"SKIP","floor":12.0},{"not_picked":["PrismaMod:MiyuAttackChannelAttack","PrismaMod:MiyuCheapDexBuff+1"],"picked":"PrismaMod:MiyuCheapChannelDefend","floor":13.0},{"not_picked":["PrismaMod:MiyuCheapChannelHeal","PrismaMod:MiyuDevil","PrismaMod:MiyuCommonAOEAttack"],"picked":"SKIP","floor":14.0},{"not_picked":["PrismaMod:MiyuUberDefend","PrismaMod:MiyuDefenseAbsorbMinor"],"picked":"PrismaMod:MiyuBride","floor":16.0},{"not_picked":["PrismaMod:MiyuUncommonStrBuff+1","PrismaMod:MiyuCheapDexBuff+1"],"picked":"PrismaMod:MiyuUncommonDexBuff+1","floor":18.0},{"not_picked":["PrismaMod:MiyuCheapChannelWeak","PrismaMod:MiyuDefenseExplosion+1"],"picked":"PrismaMod:MiyuCarnivalAttack","floor":19.0},{"not_picked":["PrismaMod:MiyuEvokeBuffDex+1","PrismaMod:MiyuAttackChannelAttack"],"picked":"PrismaMod:MiyuCheapChannelAttack+1","floor":21.0},{"not_picked":["PrismaMod:MiyuCheapChannelVul+1","PrismaMod:MiyuDefendChannelDefend"],"picked":"PrismaMod:MiyuUncommonDexBuff+1","floor":22.0},{"not_picked":["PrismaMod:MiyuCarnivalAttack","PrismaMod:MiyuAttackChannelWeak"],"picked":"PrismaMod:MiyuOrbIncreasePerm","floor":25.0},{"not_picked":["PrismaMod:MiyuCheapAttack1","PrismaMod:MiyuCheapChannelVul","PrismaMod:MiyuCheapStrBuff+1"],"picked":"SKIP","floor":27.0},{"not_picked":["PrismaMod:MiyuCheapStrBuff+1","PrismaMod:MiyuCommonAOEAttack","PrismaMod:MiyuEvokeCheapAttack+1"],"picked":"SKIP","floor":28.0},{"not_picked":["PrismaMod:MiyuDefendChannelDefend","PrismaMod:MiyuAttackChannelWeak"],"picked":"PrismaMod:MiyuOrbIncreasePerm","floor":29},{"not_picked":["PrismaMod:MiyuEvokeCheapAttack","PrismaMod:MiyuCheapDexBuff+1"],"picked":"PrismaMod:MiyuOrbIncreasePerm","floor":29},{"not_picked":["PrismaMod:MiyuCheapAttack1+1","PrismaMod:MiyuDefendChannelDefend"],"picked":"PrismaMod:MiyuEvokeBuffStr","floor":31},{"not_picked":["PrismaMod:MiyuChannelDefendEvoke","PrismaMod:MiyuCheapDefend2","PrismaMod:MiyuEvokeAllAttack"],"picked":"Singing Bowl","floor":33},{"not_picked":["PrismaMod:MiyuCheapChannelHeal+1","PrismaMod:MiyuUberAOEAttack","PrismaMod:MiyuAttackChannelAttack"],"picked":"Singing Bowl","floor":35},{"not_picked":["PrismaMod:MiyuCheapEvoke","PrismaMod:MiyuUberAOEAttack","PrismaMod:MiyuCheapAttack1+1"],"picked":"Singing Bowl","floor":36},{"not_picked":["PrismaMod:MiyuCommonAOEAttack","PrismaMod:MiyuCheapStrBuff+1"],"picked":"PrismaMod:MiyuUncommonDexBuff+1","floor":38},{"not_picked":["PrismaMod:MiyuCheapChannelWeak+1","PrismaMod:MiyuMaid+1","PrismaMod:MiyuCheapChannelHeal"],"picked":"Singing Bowl","floor":39},{"not_picked":["PrismaMod:MiyuCheapChannelHeal+1","PrismaMod:MiyuCheapChannelVul","PrismaMod:MiyuDefenseExplosion"],"picked":"Singing Bowl","floor":40},{"not_picked":["PrismaMod:MiyuEvokeBuffDex","PrismaMod:MiyuUncommonPlate","PrismaMod:MiyuUberAttack+1"],"picked":"Singing Bowl","floor":41},{"not_picked":["PrismaMod:MiyuEvokeCheapAttack+1","PrismaMod:MiyuAttackChannelVul+1","PrismaMod:MiyuEvokeBuffDex+1"],"picked":"Singing Bowl","floor":42},{"not_picked":["PrismaMod:MiyuDevil+1","PrismaMod:MiyuUberAOEAttack","PrismaMod:MiyuUncommonAttack"],"picked":"Singing Bowl","floor":46},{"not_picked":["PrismaMod:MiyuChannelAttackEvoke","PrismaMod:MiyuCheapChannelAttack","PrismaMod:MiyuUncommonAOEAttack+1"],"picked":"Singing Bowl","floor":48},{"not_picked":["PrismaMod:MiyuAttackChannelVul+1","PrismaMod:MiyuUncommonPlate+1","PrismaMod:MiyuUncommonAOEAttack"],"picked":"Singing Bowl","floor":54}],"player_experience":495479,"relics_obtained":[{"floor":6.0,"key":"Bottled Flame"},{"floor":8.0,"key":"Eternal Feather"},{"floor":12.0,"key":"Pantograph"},{"floor":25.0,"key":"Akabeko"},{"floor":26.0,"key":"Bag of Preparation"},{"floor":29,"key":"Singing Bowl"},{"floor":31,"key":"Bronze Scales"},{"floor":40,"key":"Girya"},{"floor":41,"key":"MiracleMallet"},{"floor":43,"key":"MealTicket"},{"floor":46,"key":"Tea:ReiMu"},{"floor":47,"key":"Centennial Puzzle"},{"floor":54,"key":"Orichalcum"}],"event_choices":[{"cards_removed":["GradualImprovement"],"damage_healed":0,"gold_gain":0,"player_choice":"Removed Attack","damage_taken":0,"max_hp_gain":0,"max_hp_loss":0,"event_name":"Falling","floor":37,"gold_loss":0}],"is_beta":false,"boss_relics":[{"not_picked":["Fusion Hammer","Pandora\u0027s Box"],"picked":"Velvet Choker"},{"not_picked":["Tiny House","Philosopher\u0027s Stone"],"picked":"RedLine:ReiMu"}],"items_purged_floors":[0,0,20,44,53],"is_endless":false,"potions_floor_spawned":[2,4,5,10,11,18,22,25,27,33,36,38,39,48,54],"ascension_level":0}}