{"host":"o3b7ow6d1xe49css","time":1614299665,"event":{"mods":["Act Like it!","Aspiration","BaseMod","Bestiary","Better Altar","Better Match","Better Note","Better Sensory Stone","Better Skull","Better Third Choice","Colored Powertips","Conspire","Energized Spire","Force Act Four","GifTheSpireLib","Halation","Hermit","Hubris","Infinite Spire","Lobotomy","Minty Spire (QoL Compilation)","Quick Restart","Rare Cards Sparkle","Relic Filter Mod","Reliquary","Replay The Spire","Spicy Shops","Spikes Relics","StSLib","Stuff the Spire","The Blue Laboratory","The Jungle","Wandering Minibosses"],"gold_per_floor":[117,131,149,0,75,107,141,141,168,201,201,217,2,22,22,99,99,119,134,34,34,34],"floor_reached":21,"language":"ENG","playtime":973,"items_purged":["Strike_B","Strike_B"],"score":448,"play_id":"58dfba0c-d717-4705-a300-c96522f1729e","local_time":"20210225153425","daily_mods":["Heirloom","Flight"],"is_ascension_mode":true,"campfire_choices":[{"floor":8,"key":"REST"},{"floor":15,"key":"REST"}],"circlet_count":0,"master_deck":["AscendersBane","Strike_B","Strike_B","Defend_B","Defend_B","Defend_B","Defend_B","Zap","Dualcast","Leap","Cold Snap","Rip and Tear","Coolheaded","UniverseFragment","hubris:Ukulele","StuffTheSpire:Plugnplay","Hologram","Double Energy","hubris:PowerSurge","Ball Lightning","Lockon","Steam+1"],"relics":["Cracked Core","Ring of Chaos","WizardHat","CogitoBucket","Mummified Hand","StuffTheSpire:Mouthbags","Replay:Wax Seal","SkinProphecy","AncientExoskeleton"],"acts_visited":["Exordium","TheCity"],"potions_floor_usage":[6,7,10,14,16,21],"damage_taken":[{"damage":2,"enemies":"Cultist","floor":1,"turns":4},{"damage":0,"enemies":"Jaw Worm","floor":2,"turns":5},{"damage":0,"enemies":"2 Louse","floor":3,"turns":2},{"damage":11,"enemies":"3 Sentries","floor":6,"turns":6},{"damage":11,"enemies":"Gremlin Nob","floor":7,"turns":3},{"damage":0,"enemies":"Lagavulin","floor":10,"turns":4},{"damage":42,"enemies":"2 Fungi Beasts","floor":12,"turns":8},{"damage":3,"enemies":"Lots of Slimes","floor":14,"turns":4},{"damage":23,"enemies":"Fading Forest","floor":16,"turns":13},{"damage":14,"enemies":"3 Byrds","floor":18,"turns":5},{"damage":0,"enemies":"Spheric Guardian","floor":19,"turns":3},{"damage":29,"enemies":"Shelled Parasite and Fungi","floor":21,"turns":5}],"seed_played":"7004433820588022259","potions_obtained":[{"floor":1,"key":"GamblersBrew"},{"floor":3,"key":"SteroidPotion"},{"floor":7,"key":"blueLaboratory:CorrosionFlask"},{"floor":10,"key":"blueLaboratory:NullPotion"},{"floor":12,"key":"PotionOfCapacity"},{"floor":18,"key":"Flashbang"}],"is_trial":true,"path_per_floor":["M","M","M","$","?","E","E","R","T","E","?","M","$","M","R","B",null,"M","M","$","M"],"character_chosen":"DEFECT","items_purchased":["hubris:Ukulele","hubris:PowerSurge","Ball Lightning","blueLaboratory:HummingbirdPotion"],"campfire_rested":2,"item_purchase_floors":[4,13,13,13],"current_hp_per_floor":[62,62,62,62,51,40,29,50,50,50,52,10,10,3,24,11,59,41,37,37,0,0],"gold":34,"neow_bonus":"","is_daily":false,"chose_seed":false,"campfire_upgraded":0,"win_rate":0.0,"timestamp":1614299665,"path_taken":["M","M","M","?","?","E","E","R","T","E","?","?","$","M","R","BOSS","M","M","$","?"],"items_purchased_type":["Card","Card","Card","Potion"],"build_version":"2020-12-22","purchased_purges":2,"victory":false,"max_hp_per_floor":[71,71,71,71,71,71,71,71,71,71,71,71,71,73,73,75,75,77,79,79,83,83],"card_choices":[{"not_picked":["Capacitor","Rebound"],"picked":"Leap","floor":1},{"not_picked":["LaLuna","ShyLook","CherryBlossoms"],"picked":"Singing Bowl","floor":1},{"not_picked":["Rebound","Compile Driver"],"picked":"Cold Snap","floor":2},{"not_picked":["Wellcheers","WallGazer","SpiderBud"],"picked":"Singing Bowl","floor":2},{"not_picked":["ReplayGash","Lockon"],"picked":"Rip and Tear","floor":3},{"not_picked":["CrumblingArmor","ShyLook","BeautyBeast"],"picked":"Singing Bowl","floor":3},{"not_picked":["Steam","Redo"],"picked":"Coolheaded","floor":6},{"not_picked":["FairyFestival","Scorched"],"picked":"UniverseFragment","floor":6},{"not_picked":["Hologram","Beam Cell"],"picked":"StuffTheSpire:Plugnplay","floor":7},{"not_picked":["Compile Driver","Undo"],"picked":"Hologram","floor":10},{"not_picked":["StuffTheSpire:LoadUp","ReplayTheSpireMod:GoodbyeWorld"],"picked":"Double Energy","floor":12},{"not_picked":["Turbo","Redo"],"picked":"Lockon","floor":14},{"not_picked":["Auto Shields","Conserve Battery","Chaos"],"picked":"SKIP","floor":18},{"not_picked":["Hologram","FIFO Queue+1"],"picked":"Steam+1","floor":19}],"player_experience":1496926,"relics_obtained":[{"floor":6,"key":"Mummified Hand"},{"floor":7,"key":"StuffTheSpire:Mouthbags"},{"floor":10,"key":"Replay:Wax Seal"}],"event_choices":[{"damage_healed":0,"gold_gain":75,"player_choice":"Gold","damage_taken":11,"max_hp_gain":0,"max_hp_loss":0,"event_name":"betterThird:BetterGoop","floor":5,"gold_loss":0},{"damage_healed":2,"gold_gain":0,"player_choice":"LEAVE ","damage_taken":0,"relics_obtained":[],"max_hp_gain":0,"max_hp_loss":0,"event_name":"betterSkull:BetterSkull","floor":11,"gold_loss":0,"cards_upgraded":[]}],"is_beta":false,"boss_relics":[{"not_picked":["reliquary:RustamsPendant","halation:Prosthetics"],"picked":"AncientExoskeleton"}],"items_purged_floors":[4,20],"is_endless":false,"potions_floor_spawned":[1,3,7,10,12,18],"killed_by":"Shelled Parasite and Fungi","ascension_level":20}}