{"host":"31s8hzukbhz1k6i6","time":1614304227,"event":{"mods":["AchievementEnabler","BaseMod","Bestiary","Colored Map","Filter the Spire","Minty Spire (QoL Compilation)","Relic Stats"],"gold_per_floor":[110,121,196,206,225,225,258,308,308,308,324,344,344,344],"floor_reached":13,"language":"ENG","playtime":755,"items_purged":[],"score":174,"play_id":"a2322f91-ec7c-4085-8885-02aab808d8e3","local_time":"20210225175027","is_ascension_mode":true,"campfire_choices":[{"data":"Predator","floor":6,"key":"SMITH"},{"floor":10,"key":"REST"}],"circlet_count":0,"master_deck":["AscendersBane","Strike_G","Strike_G","Strike_G","Strike_G","Strike_G","Defend_G","Defend_G","Defend_G","Defend_G","Survivor","Neutralize","Doppelganger","Poisoned Stab","Deadly Poison","Predator+1","Deadly Poison","Acrobatics","Catalyst"],"relics":["Ring of the Snake","Dream Catcher","Vajra"],"acts_visited":["Exordium"],"potions_floor_usage":[7,12],"damage_taken":[{"damage":4,"enemies":"2 Louse","floor":1,"turns":4},{"damage":1,"enemies":"Cultist","floor":2,"turns":4},{"damage":2,"enemies":"Jaw Worm","floor":4,"turns":4},{"damage":2,"enemies":"3 Louse","floor":5,"turns":5},{"damage":32,"enemies":"Gremlin Nob","floor":7,"turns":4},{"damage":6,"enemies":"Looter","floor":11,"turns":3},{"damage":13,"enemies":"Lots of Slimes","floor":12,"turns":5},{"damage":40,"enemies":"3 Sentries","floor":13,"turns":8}],"seed_played":"-2697932085583798523","potions_obtained":[{"floor":1,"key":"Dexterity Potion"},{"floor":5,"key":"Fire Potion"},{"floor":7,"key":"BlessingOfTheForge"},{"floor":11,"key":"FairyPotion"}],"is_trial":false,"path_per_floor":["M","M","?","M","M","R","E","?","T","R","M","M","E"],"character_chosen":"THE_SILENT","items_purchased":[],"campfire_rested":1,"item_purchase_floors":[],"current_hp_per_floor":[55,54,43,41,39,39,7,7,7,26,20,7,0,0],"gold":344,"neow_bonus":"TRANSFORM_CARD","is_daily":false,"chose_seed":false,"campfire_upgraded":1,"win_rate":0.0,"timestamp":1614304227,"path_taken":["M","M","?","M","M","R","E","?","T","R","M","M","E"],"items_purchased_type":[],"build_version":"2020-12-22","purchased_purges":0,"victory":false,"max_hp_per_floor":[66,66,66,66,66,66,66,66,66,66,66,66,66,66],"relic_stats":{"Dream Catcher":1,"counters":[8,37],"obtain_stats":[{"Dream Catcher":7,"Vajra":9,"Ring of the Snake":0},{"Dream Catcher":5,"Vajra":5,"Ring of the Snake":0},{"Dream Catcher":21,"Vajra":21,"Ring of the Snake":0}],"Ring of the Snake":[16]},"card_choices":[{"not_picked":["Calculated Gamble","Dagger Throw"],"picked":"Poisoned Stab","floor":1},{"not_picked":["Escape Plan","Prepared"],"picked":"Deadly Poison","floor":2},{"not_picked":["Prepared","Tactician"],"picked":"Predator","floor":4},{"not_picked":["Choke","Sucker Punch","Infinite Blades"],"picked":"SKIP","floor":5},{"not_picked":["Sucker Punch","Dagger Throw"],"picked":"Deadly Poison","floor":7},{"not_picked":["Masterful Stab","Prepared"],"picked":"Acrobatics","floor":10},{"not_picked":["Quick Slash","Poisoned Stab"],"picked":"Catalyst","floor":11},{"not_picked":["Storm of Steel","Bouncing Flask","Blade Dance"],"picked":"SKIP","floor":12}],"player_experience":239096,"relics_obtained":[{"floor":7,"key":"Dream Catcher"},{"floor":9,"key":"Vajra"}],"event_choices":[{"damage_healed":0,"gold_gain":75,"player_choice":"Gather Gold","damage_taken":11,"max_hp_gain":0,"max_hp_loss":0,"event_name":"World of Goop","floor":3,"gold_loss":0},{"damage_healed":0,"gold_gain":50,"player_choice":"Pray","damage_taken":0,"max_hp_gain":0,"max_hp_loss":0,"event_name":"Golden Shrine","floor":8,"gold_loss":0}],"is_beta":false,"boss_relics":[],"items_purged_floors":[],"is_endless":false,"potions_floor_spawned":[1,5,7,11],"killed_by":"3 Sentries","ascension_level":20}}