{"host":"4c7m9tuvqombcnjj","time":1614319585,"event":{"mods":["100% Spire Juice","ATMod(∞¢Ë™Mod)","Act Like it!","Aspiration","Astrologer","BaseMod","Chen","Conspire","Dota2Spire","Downfall","Gensokyo","GungeonMod","Hallownest","HololiveMod","Jedi Mod","Jorbs\u0027s Wanderer Trilogy","Koishi","KomeijiMod","Lobotomy","LobotomyExtend","Marisa£®ÏF”Í°°ƒß¿Ì…≥£©","Minty Spire (QoL Compilation)","MostiFishMod","Prisma Mod","Quarter Circle Forward PUNCH!","Reimu£®≤©¿ˆ¡È√Œ£©","Reliquary","Remilia£®¿Ÿ√◊¿Ú—«£©","Replay The Spire","RumiaBox-¬∂√◊Ê´µƒ…Ò√ÿ∫–◊”","Smile Girya","StSLib","TestMod","The Alterego","The Animator","The Bug Knight","The Construct","The Cursed","The Hierophant","The Jungle","The Runesmith","WarShipGirlsR/’ΩΩ¢…Ÿ≈ÆR mod","Youmu£®ªÍ∆«—˝√Œ£©","Yuri Mod","Yuyuko","[IsaacMod]“‘»ˆº‚À˛","°æπ¶ƒ‹Mod°øªÏ„Á÷Æª∑–ﬁ∏¥≤π∂°","°æ“≈ŒÔø®≈∆°øREMEMod"],"gold_per_floor":[119,13,23,23,37,37,67,77,131,162,182,196,231,249,249,348,348,366,366,314,314,211,240,240,240,293,311,323,356,356,356],"floor_reached":30,"language":"ZHS","playtime":1682,"items_purged":[],"score":415,"play_id":"93230b13-c8d0-42f6-a133-09ca27febe97","local_time":"20210226140625","is_ascension_mode":false,"campfire_choices":[{"floor":6,"key":"RECALL"},{"data":"Moonworks:CrystalBarrier","floor":25,"key":"SMITH"}],"circlet_count":0,"master_deck":["Koishi:BasicStrike+1","Koishi:BasicStrike","Koishi:BasicStrike","Koishi:BasicStrike+1","Koishi:BasicDefend","Koishi:BasicDefend","Koishi:BasicDefend","Koishi:BasicDefend","Koishi:Provoke","Koishi:HauntingSlash","AT_FamilyPortrait+1","Moonworks:CrystalBarrier+1","Koishi:SprinkleStarAndHeart","Koishi:PhantomStrike","Koishi:Prune","Koishi:RacingHeart","Koishi:StingingMind","Koishi:HeartAttack","Koishi:StingingMind","Koishi:CatchAndRose+1","Koishi:TremblingHands","Koishi:JumpScare+1","Koishi:FleetingPhantom","Koishi:TerrifyingSpectre","MostiFishMod:ButterFly","Koishi:SprinkleStarAndHeart","Koishi:ParalyzingFear","Koishi:JumpScare","Koishi:SpiritedAway","Koishi:ParalyzingFear+1","MostiFishMod:ButterFly","Koishi:TerrifyingSpectre","Koishi:BloodcurdlingScream+1","Koishi:SubterraneanRose"],"relics":["Koishi:ImaginaryFriend","HushsDoor","REME_ComplimentaryCards","DaveBox","testmod-TestBox","AT_ATBox","testmod-InfectionSource","MetatronsCube","MoneyPower","ReplayTheSpireMod:TigerMarble","SynthV:TestCard","conspire:Dentures","testmod-LifeArmor","War Paint","conspire:RunicOctahedron","REME_HandOfSuture","Peace Pipe","Void"],"acts_visited":["Exordium","TheCity"],"potions_floor_usage":[12,18],"damage_taken":[{"damage":0,"enemies":"conspire:RoseBush","floor":1,"turns":4},{"damage":1,"enemies":"Jaw Worm","floor":3,"turns":2},{"damage":0,"enemies":"Cultist","floor":5,"turns":3},{"damage":11,"enemies":"3 Sentries","floor":7,"turns":6},{"damage":3,"enemies":"2 Fungi Beasts","floor":8,"turns":2},{"damage":0,"enemies":"Replay:BlueRogue","floor":10,"turns":3},{"damage":5,"enemies":"Blue Slaver","floor":11,"turns":3},{"damage":7,"enemies":"Exordium Thugs","floor":12,"turns":3},{"damage":21,"enemies":"Gremlin Nob","floor":13,"turns":4},{"damage":0,"enemies":"Looter","floor":14,"turns":3},{"damage":0,"enemies":"Slime Boss","floor":16,"turns":10},{"damage":5,"enemies":"2 Thieves","floor":18,"turns":2},{"damage":0,"enemies":"conspire:Head Lice","floor":23,"turns":2},{"damage":0,"enemies":"3 Byrds","floor":27,"turns":2},{"damage":4,"enemies":"conspire:HollyBat","floor":28,"turns":8},{"damage":8,"enemies":"Book of Stabbing","floor":29,"turns":5},{"damage":0,"enemies":"3 Cultists","floor":30,"turns":1}],"seed_played":"-3134719623545037254","potions_obtained":[{"floor":1,"key":"Explosive Potion"},{"floor":7,"key":"Dota2Spire:Clarity"},{"floor":8,"key":"SkillPotion"},{"floor":12,"key":"Dota2Spire:Clarity"},{"floor":28,"key":"GrandPatriotsElixir:ReiMu"}],"is_trial":false,"path_per_floor":["M","$","M","$","M","R","E","M","T","E","M","M","E","M","R","B",null,"M","?","$","?","$","E","?","R","T","M","M","E","M"],"character_chosen":"KOISHI","items_purchased":["Koishi:PhantomStrike","Koishi:Prune","MostiFishMod:ButterFly","Koishi:ParalyzingFear","Koishi:JumpScare","Koishi:SpiritedAway"],"campfire_rested":0,"item_purchase_floors":[2,2,17,20,22,22],"current_hp_per_floor":[60,60,59,59,60,60,57,57,57,60,60,60,47,56,60,60,58,58,58,58,43,43,58,58,58,58,58,58,58,58,58],"gold":356,"neow_bonus":"RANDOM_COMMON_RELIC","is_daily":false,"chose_seed":false,"campfire_upgraded":1,"win_rate":0.0,"timestamp":1614319585,"path_taken":["M","$","M","$","M","R","E","M","T","E","M","M","E","M","R","BOSS","M","?","$","?","$","E","?","R","T","M","M","E","M"],"items_purchased_type":["Card","Card","Card","Card","Card","Card"],"build_version":"2020-12-22","purchased_purges":0,"victory":false,"max_hp_per_floor":[60,60,60,60,60,60,60,60,60,60,60,60,60,60,60,60,58,58,58,58,58,58,58,58,58,58,58,58,58,58,58],"card_choices":[{"not_picked":[],"picked":"Bomb","floor":0},{"not_picked":["Koishi:UnconsciousUprising","Koishi:HeartfeltFancy"],"picked":"Koishi:SprinkleStarAndHeart","floor":1},{"not_picked":["Koishi:CatchAndRose","Koishi:Catatonia","Koishi:Prune","Koishi:EmbryosDream"],"picked":"Koishi:RacingHeart","floor":3},{"not_picked":["Koishi:ReflexRadar","Koishi:IdleWhim","Koishi:Jaunt","Koishi:RacingHeart"],"picked":"Koishi:StingingMind","floor":5},{"not_picked":["Koishi:BloodcurdlingScream","Koishi:Prune","Koishi:ReflexRadar","Koishi:PhilosophyOfTheDespised"],"picked":"Koishi:HeartAttack","floor":7},{"not_picked":["Koishi:ReflexRadar","Koishi:GhostParty","Koishi:TraumaticStroke","Koishi:UnansweredLove"],"picked":"Koishi:StingingMind","floor":8},{"not_picked":["Koishi:UnconsciousUprising","Koishi:PhantomBarrier","Koishi:TraumaticStroke","Koishi:DanmakuParanoia"],"picked":"Koishi:CatchAndRose","floor":10},{"not_picked":["Koishi:StrangeCloudFist","Koishi:ReflexRadar","Koishi:CatchAndRose","Koishi:ConditionedTeleport"],"picked":"Bomb","floor":11},{"not_picked":["Koishi:BloodcurdlingScream","Koishi:EmbersOfLove","Koishi:Prune","Koishi:RacingHeart"],"picked":"Koishi:TremblingHands","floor":12},{"not_picked":["Koishi:Untouchable","Koishi:UnansweredLove","Koishi:DreadfulBlow","Koishi:SubterraneanRose"],"picked":"Koishi:JumpScare","floor":13},{"not_picked":["Koishi:FleetingPhantom","Koishi:Whimsy","Koishi:ReflexRadar","Bomb","Koishi:RorschachInDanmaku"],"picked":"SKIP","floor":14},{"not_picked":["Koishi:Whimsy","Koishi:ReflexRadar","Bomb","Koishi:RorschachInDanmaku"],"picked":"Koishi:FleetingPhantom","floor":14},{"not_picked":["Koishi:Ego","Koishi:RoseHell","Koishi:ConditionedTeleport","Koishi:MindStellarRelief"],"picked":"Koishi:TerrifyingSpectre","floor":16},{"not_picked":["Koishi:PhantomStrike+1","Koishi:FourthEye","Koishi:Prune","Koishi:TraumaticStroke"],"picked":"Koishi:SprinkleStarAndHeart","floor":18},{"not_picked":["Koishi:Vanish","Koishi:JumpScare","Koishi:UnansweredLove+1","Koishi:UnseenTerror"],"picked":"Koishi:ParalyzingFear+1","floor":23},{"not_picked":["Koishi:SubconsciousSweep","Koishi:MassHysteria","Koishi:SubterraneanRose","Koishi:SpiritedAway"],"picked":"Koishi:TerrifyingSpectre","floor":27},{"not_picked":["Koishi:DreadfulBlow+1","Koishi:SpiritedAway","Koishi:Possession+1","Koishi:BramblyRoseGarden+1"],"picked":"Koishi:BloodcurdlingScream+1","floor":28},{"not_picked":["Koishi:SubconsciousSweep","Koishi:BloodcurdlingScream+1","Koishi:Whimsy","Koishi:Jaunt"],"picked":"Koishi:SubterraneanRose","floor":29}],"player_experience":112183,"relics_obtained":[{"floor":1,"key":"SynthV:TestCard"},{"floor":7,"key":"conspire:Dentures"},{"floor":10,"key":"testmod-LifeArmor"},{"floor":13,"key":"War Paint"},{"floor":23,"key":"Peace Pipe"},{"floor":26,"key":"Simple Rune"},{"floor":29,"key":"Void"}],"event_choices":[{"damage_healed":0,"gold_gain":0,"player_choice":"Copied","damage_taken":0,"max_hp_gain":0,"max_hp_loss":0,"event_name":"Duplicator","floor":24,"gold_loss":0,"cards_obtained":["MostiFishMod:ButterFly"]}],"is_beta":false,"boss_relics":[{"not_picked":["testmod-Temperance","Painkiller Herb"],"picked":"conspire:RunicOctahedron"},{"not_picked":[]}],"items_purged_floors":[],"is_endless":false,"potions_floor_spawned":[1,7,8,12,13,16,28,29],"killed_by":"3 Cultists","ascension_level":0}}