{"host":"iljn8z24jf01458o","time":1614298793,"event":{"mods":["AchievementEnabler","BaseMod","Colored Map","Colored Powertips","Duelist Mod","GifTheSpireLib","Minty Spire (QoL Compilation)","Quick Restart","Replay The Spire","StSLib","The IronCluck","everything is the same but u backflip on backflip"],"gold_per_floor":[111,111,111,111,20,52,70,70,70,89,89,109,120,138,138,138,138],"floor_reached":16,"language":"ENG","playtime":520,"items_purged":["Voices"],"score":168,"play_id":"db0e85af-448b-4662-b62e-17cefa4a82be","local_time":"20210225191953","is_ascension_mode":true,"campfire_choices":[{"data":"Apotheosis","floor":8,"key":"SMITH"},{"floor":15,"key":"REST"}],"circlet_count":0,"master_deck":["Strike_R","Strike_R","Strike_R","Strike_R","Strike_R","Defend_R","Defend_R","Defend_R","Defend_R","Bash+1","Defend_B","Strike_B","Ghostly Armor+1","Apotheosis+1","Armaments","Pommel Strike","ReplayTheSpireMod:LeadingStrike","Reaper","ReplayTheSpireMod:Stacked","True Grit"],"relics":["Burning Blood","Bag of Preparation","ReplayTheSpireMod:CursedCoin","Prayer Wheel","Quantum Egg"],"acts_visited":["Exordium"],"potions_floor_usage":[],"damage_taken":[{"damage":1,"enemies":"Cultist","floor":1,"turns":4},{"damage":43,"enemies":"Lagavulin","floor":6,"turns":7},{"damage":4,"enemies":"Jaw Worm","floor":7,"turns":3},{"damage":0,"enemies":"2 Louse","floor":10,"turns":4},{"damage":33,"enemies":"Gremlin Gang","floor":12,"turns":5},{"damage":25,"enemies":"Lots of Slimes","floor":13,"turns":5},{"damage":12,"enemies":"3 Louse","floor":14,"turns":6},{"damage":16,"enemies":"The Guardian","floor":16,"turns":8}],"seed_played":"-5179940380626546155","potions_obtained":[{"floor":1,"key":"Weak Potion"},{"floor":7,"key":"LiquidMemories"},{"floor":13,"key":"FairyPotion"}],"is_trial":false,"path_per_floor":["M","?","T","?","$","E","M","R","T","M","?","M","M","M","R","B"],"character_chosen":"IRONCLAD","items_purchased":["ReplayTheSpireMod:CursedCoin","Apotheosis"],"campfire_rested":1,"item_purchase_floors":[5,5],"current_hp_per_floor":[93,93,93,93,93,56,58,58,58,64,64,37,18,18,46,34,34],"gold":138,"neow_bonus":"TWENTY_PERCENT_HP_BONUS","is_daily":false,"chose_seed":false,"campfire_upgraded":1,"win_rate":0.0,"timestamp":1614298793,"path_taken":["M","?","?","?","$","E","?","R","T","M","?","?","M","M","R","BOSS"],"items_purchased_type":["Relic","Card"],"build_version":"2020-12-22","purchased_purges":1,"victory":false,"max_hp_per_floor":[96,96,96,96,96,96,96,96,96,96,96,96,96,96,96,96,96],"card_choices":[{"not_picked":["Feel No Pain","Flex"],"picked":"Ghostly Armor","floor":1},{"not_picked":["Rage","Rupture"],"picked":"Armaments","floor":6},{"not_picked":["Power Through","ReplayTheSpireMod:Corrosion Curse","Sword Boomerang"],"picked":"SKIP","floor":7},{"not_picked":["Burning Pact","Wild Strike","Anger"],"picked":"SKIP","floor":7},{"not_picked":["Ghostly Armor","ReplayTheSpireMod:Strike From Hell"],"picked":"Pommel Strike","floor":10},{"not_picked":["Thunderclap","Defy Death","Iron Wave"],"picked":"SKIP","floor":10},{"not_picked":["Cleave","Perfected Strike"],"picked":"ReplayTheSpireMod:LeadingStrike","floor":12},{"not_picked":["Rupture","Armaments","Defy Death"],"picked":"SKIP","floor":12},{"not_picked":["Cleave","Run Through"],"picked":"Reaper","floor":13},{"not_picked":["Fire Breathing","Massacre"],"picked":"ReplayTheSpireMod:Stacked","floor":13},{"not_picked":["Twin Strike","Burning Pact"],"picked":"True Grit","floor":14},{"not_picked":["Replay:Undeath\u0027s Touch","Metallicize","Perfected Strike"],"picked":"SKIP","floor":14}],"player_experience":307592,"relics_obtained":[{"floor":3,"key":"Bag of Preparation"},{"floor":6,"key":"Prayer Wheel"},{"floor":9,"key":"Quantum Egg"}],"event_choices":[{"damage_healed":0,"gold_gain":0,"player_choice":"Grow","damage_taken":0,"max_hp_gain":0,"max_hp_loss":0,"event_name":"Living Wall","floor":2,"gold_loss":0,"cards_upgraded":["Bash"]},{"damage_healed":0,"gold_gain":0,"player_choice":"Upgraded","damage_taken":0,"max_hp_gain":0,"max_hp_loss":0,"event_name":"Upgrade Shrine","floor":4,"gold_loss":0,"cards_upgraded":["Ghostly Armor"]},{"damage_healed":0,"gold_gain":0,"player_choice":"0 cards matched","damage_taken":0,"max_hp_gain":0,"max_hp_loss":0,"event_name":"Match and Keep!","floor":11,"gold_loss":0,"cards_obtained":[]}],"is_beta":false,"boss_relics":[],"items_purged_floors":[5],"is_endless":false,"potions_floor_spawned":[1,7,13,14],"killed_by":"The Guardian","ascension_level":8}}