{"host":"ovivighfa421z0zp","time":1614333663,"event":{"mods":["BaseMod","Colored Map","DeckTracker","Keyboard Shortcuts","Minty Spire (QoL Compilation)","Permanent Neow","Quick Restart","Replay The Spire","StSLib","SuperFastMode","The Cursed","The Hierophant","The Poker Player"],"gold_per_floor":[111,125,125,141,198,231,231,231,231,241,241,15,15,43,43,141,141,152,164,164,9,9,9,24,49,66,66,66,66,81,99,128,140,140,240,240,253,265,1264,874,892,924,939,939,989,989,989,1001,1020,59,59,59],"floor_reached":53,"language":"KOR","playtime":4829,"items_purged":["PokerPlayerMod:Diamond2","PokerPlayerMod:Diamond1","PokerPlayerMod:Spade1"],"score":1070,"play_id":"46a44611-2b9b-47d9-9417-16cd40b160e1","local_time":"20210226190103","is_ascension_mode":true,"metric_token":862,"campfire_choices":[{"data":"PokerPlayerMod:Raise","floor":8.0,"key":"SMITH"},{"data":"PokerPlayerMod:Mulligan","floor":11.0,"key":"SMITH"},{"data":"PokerPlayerMod:TrumpStrike","floor":15.0,"key":"SMITH"},{"floor":27.0,"key":"DIG"},{"floor":29.0,"key":"DIG"},{"floor":34.0,"key":"DIG"},{"floor":44,"key":"DIG"},{"floor":51,"key":"DIG"}],"circlet_count":0,"master_deck":["PokerPlayerMod:Diamond3","PokerPlayerMod:Diamond4","PokerPlayerMod:Diamond5","PokerPlayerMod:Spade2","PokerPlayerMod:Spade3","PokerPlayerMod:Spade4","PokerPlayerMod:Club1","PokerPlayerMod:Club2","PokerPlayerMod:Heart2","PokerPlayerMod:TrumpStrike+1","PokerPlayerMod:BadJoker","PokerPlayerMod:Mulligan+1","PokerPlayerMod:Club7","PokerPlayerMod:Diamond5","PokerPlayerMod:Heart4","PokerPlayerMod:Raise+1","PokerPlayerMod:Diamond6","PokerPlayerMod:ClubsClub+1","PokerPlayerMod:Diamond4","PokerPlayerMod:Diamond5","PokerPlayerMod:Club9","PokerPlayerMod:CardBurn","PokerPlayerMod:ClubShade+1","PokerPlayerMod:Raise+1","PokerPlayerMod:CloakAndDiamond","PokerPlayerMod:Diamond5","PokerPlayerMod:Spade5","PokerPlayerMod:Club5","PokerPlayerMod:Diamond7","PokerPlayerMod:Spade10+","PokerPlayerMod:Spade5","PokerPlayerMod:FillThePot","PokerPlayerMod:ItsShowtime","PokerPlayerMod:Spade4","PokerPlayerMod:Duplicate","PokerPlayerMod:ClubDance+1","PokerPlayerMod:CardBurn+1","PokerPlayerMod:HiddenCard","PokerPlayerMod:Club8"],"relics":["PokerPlayerMod:DeckCase","Smiling Mask","Torii","Ice Cream","Omamori","Shovel","Ring of Chaos","PokerPlayerMod:BottledPoker","Membership Card","The Courier","Girya","Onion Ring","Replay:Ringing Soul","Replay:Rubber Ducky","Ginger","SacredBark","Lee\u0027s Waffle","PokerPlayerMod:FairLicense","Whetstone","Mirror","Gremlin Food","Du-Vu Doll","Blue Doll","Sundial","PokerPlayerMod:StuffedPocket","ReplayTheSpireMod:Lightbulb","TungstenRod","Boot","Lantern","ReplayFunnel","Calipers","Divine Protection","Anchor","Nunchaku","PreservedInsect"],"acts_visited":["Exordium","TheCity","TheBeyond"],"potions_floor_usage":[42,52,52,52,52,52,52],"damage_taken":[{"damage":0.0,"enemies":"Jaw Worm","floor":1.0,"turns":3.0},{"damage":0.0,"enemies":"2 Louse","floor":2.0,"turns":1.0},{"damage":0.0,"enemies":"Small Slimes","floor":4.0,"turns":1.0},{"damage":31.0,"enemies":"Lagavulin","floor":6.0,"turns":5.0},{"damage":1.0,"enemies":"Looter","floor":10.0,"turns":2.0},{"damage":1.0,"enemies":"Replay:BlueRogue","floor":14.0,"turns":4.0},{"damage":0.0,"enemies":"Fading Forest","floor":16.0,"turns":11.0},{"damage":12.0,"enemies":"2 Thieves","floor":18.0,"turns":3.0},{"damage":2.0,"enemies":"3 Byrds","floor":19.0,"turns":2.0},{"damage":0.0,"enemies":"Snecko","floor":24.0,"turns":3.0},{"damage":7.0,"enemies":"Gremlin Leader","floor":25.0,"turns":4.0},{"damage":0.0,"enemies":"3 Cultists","floor":26.0,"turns":3.0},{"damage":13.0,"enemies":"Chosen and Byrds","floor":30.0,"turns":4.0},{"damage":0.0,"enemies":"Snecko","floor":31.0,"turns":2.0},{"damage":10.0,"enemies":"Replay:Snechameleon","floor":32.0,"turns":5.0},{"damage":0.0,"enemies":"Sentry and Sphere","floor":33.0,"turns":1.0},{"damage":20.0,"enemies":"Automaton","floor":35.0,"turns":5.0},{"damage":13.0,"enemies":"Orb Walker","floor":37.0,"turns":2.0},{"damage":0.0,"enemies":"3 Shapes","floor":38.0,"turns":4.0},{"damage":0.0,"enemies":"3 Darklings","floor":41.0,"turns":5.0},{"damage":0,"enemies":"R_Hoarder","floor":42,"turns":7},{"damage":0,"enemies":"Sphere and 2 Shapes","floor":43,"turns":3},{"damage":0,"enemies":"Maw","floor":48,"turns":6},{"damage":16,"enemies":"Jaw Worm Horde","floor":49,"turns":3},{"damage":0,"enemies":"Time Eater","floor":52,"turns":7}],"seed_played":"-6875908424729555032","potions_obtained":[{"floor":1.0,"key":"SpeedPotion"},{"floor":5.0,"key":"Reflective Coating"},{"floor":5.0,"key":"Cursed Concoction"},{"floor":14.0,"key":"BlessingOfTheForge"},{"floor":18.0,"key":"BlessingOfTheForge"},{"floor":30.0,"key":"Explosive Potion"},{"floor":32.0,"key":"Fire Potion"},{"floor":35.0,"key":"EntropicBrew"},{"floor":38.0,"key":"Strength Potion"},{"floor":42,"key":"Ancient Potion"},{"floor":49,"key":"FearPotion"}],"is_trial":false,"path_per_floor":["M","M","?","M","?","E","?","R","T","M","R","$","?","E","R","B",null,"M","M","?","$","PTL","PTL","M","E","M","R","T","R","M","M","E","M","R_BF","B",null,"M","M","?","$","M","E","M","R","T","?","?","M","M","$","R","B",null],"character_chosen":"THE_POKER_PLAYER","items_purchased":["Omamori","PokerPlayerMod:Diamond4","Membership Card","Lee\u0027s Waffle","PokerPlayerMod:ItsShowtime","PokerPlayerMod:FairLicense","Whetstone","Mirror","PokerPlayerMod:StuffedPocket","ReplayTheSpireMod:Lightbulb","PokerPlayerMod:Club8","TungstenRod","Boot","Lantern","ReplayFunnel","Calipers","Divine Protection","Anchor","Block Potion","Block Potion","Nunchaku"],"campfire_rested":0,"item_purchase_floors":[12,12,21,40,40,40,40,40,50,50,50,50,50,50,50,50,50,50,50,50,50],"current_hp_per_floor":[57,57,62,62,47,25,25,25,25,24,24,24,24,34,34,56,62,50,58,58,58,58,58,62,61,62,62,62,62,62,68,63,63,63,54,74,64,78,78,90,93,96,99,99,99,94,94,97,84,87,87,96],"gold":59,"neow_bonus":"TEN_PERCENT_HP_BONUS","is_daily":false,"chose_seed":false,"campfire_upgraded":3,"win_rate":0.0,"timestamp":1614333663,"path_taken":["M","M","?","M","?","E","?","R","T","M","R","$","?","E","R","BOSS","M","M","?","$","PTL","PTL","M","E","M","R","T","R","?","M","E","M","R_BF","BOSS","M","M","?","$","M","E","M","R","T","?","?","M","?","$","R","BOSS"],"items_purchased_type":["Relic","Card","Relic","Relic","Card","Relic","Relic","Relic","Relic","Relic","Card","Relic","Relic","Relic","Relic","Relic","Relic","Relic","Potion","Potion","Relic"],"build_version":"2020-12-22","purchased_purges":3,"victory":true,"max_hp_per_floor":[57,57,62,62,62,62,62,62,62,62,62,62,62,62,62,62,62,62,62,62,62,62,62,62,62,62,62,62,62,65,68,71,71,71,74,74,77,80,80,90,93,96,99,99,99,94,94,97,100,103,103,103],"card_choices":[{"not_picked":["PokerPlayerMod:Club4","PokerPlayerMod:Diamond2"],"picked":"PokerPlayerMod:Club7","floor":1.0},{"not_picked":["PokerPlayerMod:Spade3","PokerPlayerMod:DartThrow"],"picked":"PokerPlayerMod:Diamond5","floor":2.0},{"not_picked":["PokerPlayerMod:SpadeStrike","PokerPlayerMod:FlyingCard"],"picked":"PokerPlayerMod:Heart4","floor":4.0},{"not_picked":["PokerPlayerMod:MagicTrick","PokerPlayerMod:SpadeStrike"],"picked":"PokerPlayerMod:Raise","floor":5.0},{"not_picked":["PokerPlayerMod:PoorCopy","PokerPlayerMod:Diamond2"],"picked":"PokerPlayerMod:Diamond6","floor":6.0},{"not_picked":["PokerPlayerMod:FlyingCard","PokerPlayerMod:Club2"],"picked":"PokerPlayerMod:ClubsClub","floor":10.0},{"not_picked":["PokerPlayerMod:HiddenCard","PokerPlayerMod:Manipulation"],"picked":"PokerPlayerMod:Diamond5","floor":14.0},{"not_picked":["PokerPlayerMod:Duplicate","PokerPlayerMod:SecretDealer"],"picked":"PokerPlayerMod:Club9","floor":16.0},{"not_picked":["PokerPlayerMod:Fold+1","PokerPlayerMod:DartThrow"],"picked":"PokerPlayerMod:CardBurn","floor":18.0},{"not_picked":["PokerPlayerMod:Manipulation","PokerPlayerMod:DiamondStrike"],"picked":"PokerPlayerMod:ClubShade+1","floor":19.0},{"not_picked":["PokerPlayerMod:DiamondStrike","PokerPlayerMod:Spade1"],"picked":"PokerPlayerMod:Raise+1","floor":24.0},{"not_picked":["PokerPlayerMod:Spade5","PokerPlayerMod:DiamondStrike"],"picked":"PokerPlayerMod:CloakAndDiamond","floor":25.0},{"not_picked":["PokerPlayerMod:Trickery+1","PokerPlayerMod:ClubStrike+1"],"picked":"PokerPlayerMod:Diamond5","floor":26.0},{"not_picked":["PokerPlayerMod:CardBurn","PokerPlayerMod:DiamondStrike"],"picked":"PokerPlayerMod:Spade5","floor":30.0},{"not_picked":["PokerPlayerMod:ClubShade","PokerPlayerMod:PoorCopy+1"],"picked":"PokerPlayerMod:Club5","floor":31.0},{"not_picked":["PokerPlayerMod:Diamond3","PokerPlayerMod:Extraction"],"picked":"PokerPlayerMod:Diamond7","floor":32.0},{"not_picked":["PokerPlayerMod:HeartStrike","PokerPlayerMod:Spade2","PokerPlayerMod:Manipulation"],"picked":"SKIP","floor":33.0},{"not_picked":["PokerPlayerMod:ChangeRules","PokerPlayerMod:Heart9"],"picked":"PokerPlayerMod:Spade10+","floor":35.0},{"not_picked":["PokerPlayerMod:Diamond6","PokerPlayerMod:Heart3"],"picked":"PokerPlayerMod:Spade5","floor":37.0},{"not_picked":["PokerPlayerMod:RiskyBet","PokerPlayerMod:Club4"],"picked":"PokerPlayerMod:FillThePot","floor":38.0},{"not_picked":["PokerPlayerMod:Diamond3","PokerPlayerMod:Diamond1"],"picked":"PokerPlayerMod:Spade4","floor":41.0},{"not_picked":["PokerPlayerMod:SpadeStrike+1","PokerPlayerMod:Diamond3"],"picked":"PokerPlayerMod:Duplicate","floor":42},{"not_picked":["PokerPlayerMod:Diamond4","PokerPlayerMod:CardPrinter+1"],"picked":"PokerPlayerMod:ClubDance+1","floor":43},{"not_picked":["PokerPlayerMod:FlyingCard","PokerPlayerMod:FillThePot+1"],"picked":"PokerPlayerMod:CardBurn+1","floor":48},{"not_picked":["PokerPlayerMod:Extraction+1","PokerPlayerMod:CardPrinter+1"],"picked":"PokerPlayerMod:HiddenCard","floor":49}],"player_experience":888960,"relics_obtained":[{"floor":5.0,"key":"Smiling Mask"},{"floor":6.0,"key":"Torii"},{"floor":9.0,"key":"Ice Cream"},{"floor":14.0,"key":"Shovel"},{"floor":25.0,"key":"The Courier"},{"floor":27.0,"key":"Girya"},{"floor":28.0,"key":"Onion Ring"},{"floor":29.0,"key":"Replay:Ringing Soul"},{"floor":32.0,"key":"Replay:Rubber Ducky"},{"floor":34.0,"key":"Ginger"},{"floor":42,"key":"Gremlin Food"},{"floor":44,"key":"Du-Vu Doll"},{"floor":45,"key":"Blue Doll"},{"floor":47,"key":"Sundial"},{"floor":51,"key":"PreservedInsect"}],"event_choices":[{"damage_healed":0.0,"max_hp_gain":5.0,"max_hp_loss":0.0,"gold_gain":0.0,"event_name":"Big Fish","player_choice":"Donut","floor":3.0,"gold_loss":0.0,"damage_taken":0.0},{"damage_healed":0.0,"max_hp_gain":0.0,"max_hp_loss":0.0,"gold_gain":0.0,"event_name":"Liars Game","player_choice":"Ignored","floor":13.0,"gold_loss":0.0,"damage_taken":0.0},{"damage_healed":0.0,"max_hp_gain":0.0,"max_hp_loss":0.0,"gold_gain":0.0,"event_name":"WeMeetAgain","player_choice":"Gave Potion","floor":20.0,"gold_loss":0.0,"damage_taken":0.0,"relics_obtained":["PokerPlayerMod:BottledPoker"]},{"damage_healed":0.0,"max_hp_gain":0.0,"max_hp_loss":0.0,"gold_gain":999.0,"event_name":"MindBloom","player_choice":"Gold","floor":39.0,"gold_loss":0.0,"damage_taken":0.0,"cards_obtained":["Normality","Normality"]},{"damage_healed":0,"gold_gain":0,"player_choice":"Max HP","damage_taken":0,"max_hp_gain":0,"max_hp_loss":5,"event_name":"Winding Halls","floor":46,"gold_loss":0},{"damage_healed":0,"gold_gain":0,"player_choice":"Relic","damage_taken":0,"max_hp_gain":0,"max_hp_loss":0,"event_name":"Wheel of Change","floor":47,"gold_loss":0}],"is_beta":false,"boss_relics":[{"not_picked":["Replay:Wanted Poster","Fusion Hammer"],"picked":"Ring of Chaos"},{"not_picked":["Tiny House","Philosopher\u0027s Stone"],"picked":"SacredBark"}],"items_purged_floors":[12,40,50],"is_endless":false,"potions_floor_spawned":[1,14,16,18,30,32,33,35,38,42,48,49],"ascension_level":2}}