{"host":"konjmgczbcns2r3g","time":1614374941,"event":{"mods":["AchievementEnabler","BaseMod","Chen","Colored Powertips","Hermit","Infinite Spire","Koishi","Marisa????????","Minty Spire (QoL Compilation)","Replay The Spire","StSLib","The Cursed","The Gatherer","The Necromancer","The Servant 0.9.4"],"gold_per_floor":[214,234,31,48,67,92,159,129,175,187,187,206,206,238,238,238,238],"floor_reached":16,"language":"ENG","playtime":1100,"items_purged":[],"score":118,"play_id":"a43d2ed7-dd5b-493b-8bfa-13611b41a112","local_time":"20210226162901","is_ascension_mode":true,"campfire_choices":[{"floor":11,"key":"REST"},{"floor":13,"key":"RECALL"},{"floor":15,"key":"REST"}],"circlet_count":0,"master_deck":["Koishi:BasicStrike","Koishi:BasicStrike","Koishi:BasicStrike+1","Koishi:BasicStrike","Koishi:BasicDefend","Koishi:BasicDefend","Koishi:BasicDefend","Koishi:BasicDefend","Koishi:Provoke","Koishi:HauntingSlash","Koishi:EmbryosDream","Koishi:JumpScare","Koishi:DanmakuParanoia+1","Koishi:DreadfulBlow+1","Koishi:VengefulSpirit","Koishi:RacingHeart+1","Koishi:FleetingPhantom","Koishi:DreadfulBlow+1","Koishi:TremblingHands+1","Koishi:EmbersOfLove"],"relics":["Koishi:ImaginaryFriend","Replay:Mystery Machine","Molten Egg 2","Gremlin Food","Dream Catcher"],"acts_visited":["Exordium"],"potions_floor_usage":[6,6,12,14,16],"damage_taken":[{"damage":9,"enemies":"2 Louse","floor":1,"turns":3},{"damage":0,"enemies":"Small Slimes","floor":2,"turns":5},{"damage":0,"enemies":"Cultist","floor":4,"turns":6},{"damage":6,"enemies":"Lots of Slimes","floor":5,"turns":8},{"damage":28,"enemies":"Gremlin Nob","floor":6,"turns":6},{"damage":0,"enemies":"3 Louse","floor":10,"turns":4},{"damage":12,"enemies":"Blue Slaver","floor":12,"turns":5},{"damage":11,"enemies":"Lagavulin","floor":14,"turns":7},{"damage":64,"enemies":"Hexaghost","floor":16,"turns":7}],"seed_played":"8066557474232247714","potions_obtained":[{"floor":2,"key":"Block Potion"},{"floor":4,"key":"AttackPotion"},{"floor":8,"key":"PowerPotion"},{"floor":8,"key":"Doom Potion"},{"floor":10,"key":"Strength Potion"}],"is_trial":false,"path_per_floor":["M","M","$","M","M","E","?","?","T","M","R","M","R","E","R","B"],"character_chosen":"KOISHI","items_purchased":["Replay:Mystery Machine","Koishi:DanmakuParanoia+1"],"campfire_rested":2,"item_purchase_floors":[3,3],"current_hp_per_floor":[52,55,55,59,59,37,37,37,37,42,60,56,56,57,60,0,0],"gold":238,"neow_bonus":"HUNDRED_GOLD","is_daily":false,"chose_seed":false,"campfire_upgraded":0,"win_rate":0.0,"timestamp":1614374941,"path_taken":["M","M","$","M","M","E","?","?","T","M","R","M","R","E","R","BOSS"],"items_purchased_type":["Relic","Card"],"build_version":"2020-12-22","purchased_purges":0,"victory":false,"max_hp_per_floor":[60,60,60,60,60,60,60,60,60,60,60,60,60,60,60,60,60],"card_choices":[{"not_picked":["Koishi:UnconsciousUprising","Koishi:StingingMind"],"picked":"Koishi:EmbryosDream","floor":1},{"not_picked":["Koishi:RorschachInDanmaku","Koishi:BloodcurdlingScream"],"picked":"Koishi:JumpScare","floor":2},{"not_picked":["Koishi:Catatonia","Koishi:CatchAndRose"],"picked":"Koishi:DreadfulBlow","floor":4},{"not_picked":["Koishi:HeartfeltFancy","Koishi:Jaunt"],"picked":"Koishi:VengefulSpirit","floor":5},{"not_picked":["Koishi:UnconsciousUprising","Koishi:PhilosophyOfTheDespised"],"picked":"Koishi:RacingHeart+1","floor":6},{"not_picked":["Koishi:Bloodlust","Koishi:ReleaseOfTheId"],"picked":"Koishi:FleetingPhantom","floor":10},{"not_picked":["Koishi:Whimsy","Koishi:Bloodlust"],"picked":"Koishi:DreadfulBlow+1","floor":12},{"not_picked":["Koishi:MentalBreakdown+1","Koishi:UnconsciousUprising"],"picked":"Koishi:TremblingHands+1","floor":14},{"not_picked":["Koishi:ParalyzingFear+1","Koishi:BloodcurdlingScream+1"],"picked":"Koishi:EmbersOfLove","floor":15}],"player_experience":361824,"relics_obtained":[{"floor":6,"key":"Molten Egg 2"},{"floor":9,"key":"Gremlin Food"},{"floor":14,"key":"Dream Catcher"}],"event_choices":[{"damage_healed":0,"gold_gain":67,"player_choice":"Gained Gold","damage_taken":0,"max_hp_gain":0,"max_hp_loss":0,"event_name":"Golden Wing","floor":7,"gold_loss":0},{"damage_healed":0,"gold_gain":0,"player_choice":"Bought 2 Potions","damage_taken":0,"max_hp_gain":0,"max_hp_loss":0,"event_name":"The Woman in Blue","floor":8,"gold_loss":0}],"is_beta":false,"boss_relics":[],"items_purged_floors":[],"is_endless":false,"potions_floor_spawned":[2,4,10],"killed_by":"Hexaghost","ascension_level":1}}