{"host":"tr0r177cvmpvg89h","time":1614350964,"event":{"mods":["BaseMod","Colored Map","DeckTracker","Minty Spire (QoL Compilation)","StSLib","SuperFastMode"],"gold_per_floor":[119,134,148,159,178,178,178,190,190,190,204,216,216,216,216,314,314,326,338,369,369,156,187,187,187,266,277,277,177,203,231,243,255,255],"floor_reached":33,"language":"KOR","playtime":2147,"items_purged":["Strike_B","Strike_B"],"score":304,"play_id":"b8519b6b-6470-4738-96d0-8a6809308778","local_time":"20210226234924","is_ascension_mode":false,"campfire_choices":[{"data":"All For One","floor":6,"key":"SMITH"},{"data":"Genetic Algorithm","floor":10,"key":"SMITH"},{"data":"Go for the Eyes","floor":13,"key":"SMITH"},{"data":"Redo","floor":15,"key":"SMITH"},{"data":"Electrodynamics","floor":24,"key":"SMITH"},{"data":"Flash of Steel","floor":28,"key":"SMITH"},{"data":"FTL","floor":32,"key":"SMITH"}],"circlet_count":0,"master_deck":["Strike_B","Strike_B","Defend_B","Defend_B","Defend_B+1","Defend_B","Zap","Dualcast+1","Redo+1","Conserve Battery","Genetic Algorithm+1","All For One+1","Go for the Eyes+1","Turbo","Electrodynamics+1","Go for the Eyes","Consume","Beam Cell","Flash of Steel+1","FTL+1","Defragment+1"],"relics":["Cracked Core","War Paint","InkBottle","Nuclear Battery","Red Mask","Bag of Marbles","GremlinMask","Eternal Feather","MawBank"],"acts_visited":["Exordium","TheCity"],"potions_floor_usage":[16,16,23,30,33],"damage_taken":[{"damage":0,"enemies":"Small Slimes","floor":1,"turns":2},{"damage":1,"enemies":"Cultist","floor":2,"turns":3},{"damage":0,"enemies":"Jaw Worm","floor":3,"turns":2},{"damage":18,"enemies":"Gremlin Gang","floor":4,"turns":4},{"damage":1,"enemies":"2 Fungi Beasts","floor":5,"turns":3},{"damage":6,"enemies":"Large Slime","floor":8,"turns":6},{"damage":9,"enemies":"Exordium Thugs","floor":11,"turns":4},{"damage":0,"enemies":"2 Fungi Beasts","floor":12,"turns":3},{"damage":18,"enemies":"The Guardian","floor":16,"turns":10},{"damage":13,"enemies":"Shell Parasite","floor":18,"turns":3},{"damage":7,"enemies":"2 Thieves","floor":19,"turns":3},{"damage":19,"enemies":"Masked Bandits","floor":20,"turns":5},{"damage":29,"enemies":"Gremlin Leader","floor":23,"turns":5},{"damage":0,"enemies":"Snake Plant","floor":27,"turns":2},{"damage":0,"enemies":"Slavers","floor":30,"turns":2},{"damage":13,"enemies":"Snecko","floor":31,"turns":5},{"damage":64,"enemies":"Automaton","floor":33,"turns":6}],"seed_played":"1671191623483570368","potions_obtained":[{"floor":1,"key":"Ancient Potion"},{"floor":2,"key":"Dexterity Potion"},{"floor":4,"key":"Weak Potion"},{"floor":5,"key":"Block Potion"},{"floor":19,"key":"GamblersBrew"},{"floor":23,"key":"Ancient Potion"}],"is_trial":false,"path_per_floor":["M","M","M","M","M","R","?","M","T","R","M","M","R","?","R","B",null,"M","M","?","?","$","E","R","?","T","M","R","$","E","M","R","B"],"character_chosen":"DEFECT","items_purchased":["Beam Cell","Flash of Steel"],"campfire_rested":0,"item_purchase_floors":[22,22],"current_hp_per_floor":[75,74,74,56,55,55,75,69,69,69,60,60,60,60,60,42,75,62,55,36,61,61,32,32,32,32,32,44,44,44,31,43,0,0],"gold":255,"neow_bonus":"RANDOM_COMMON_RELIC","is_daily":false,"chose_seed":false,"campfire_upgraded":7,"win_rate":0.0,"timestamp":1614350964,"path_taken":["M","M","M","M","M","R","?","M","T","R","M","?","R","?","R","BOSS","M","?","?","?","$","E","R","?","T","?","R","$","E","M","R","BOSS"],"items_purchased_type":["Card","Card"],"build_version":"2020-12-22","purchased_purges":2,"victory":false,"max_hp_per_floor":[75,75,75,75,75,75,75,75,75,75,75,75,75,75,75,75,75,75,75,75,75,75,75,75,75,75,75,75,75,75,75,75,75,75],"card_choices":[{"not_picked":["Genetic Algorithm","Hologram"],"picked":"Redo","floor":1},{"not_picked":["Stack","BootSequence"],"picked":"Conserve Battery","floor":2},{"not_picked":["Doom and Gloom","Steam","Go for the Eyes"],"picked":"SKIP","floor":3},{"not_picked":["Auto Shields","Streamline"],"picked":"Genetic Algorithm","floor":4},{"not_picked":["Fusion","Gash"],"picked":"All For One","floor":5},{"not_picked":["Coolheaded","Leap"],"picked":"Go for the Eyes","floor":8},{"not_picked":["Scrape","Aggregate","Chaos"],"picked":"SKIP","floor":11},{"not_picked":["Ball Lightning","Doom and Gloom"],"picked":"Turbo","floor":12},{"not_picked":["Biased Cognition","Fission"],"picked":"Electrodynamics","floor":16},{"not_picked":["Compile Driver","Self Repair+1"],"picked":"Go for the Eyes","floor":18},{"not_picked":["Compile Driver","Turbo+1","Cold Snap+1"],"picked":"SKIP","floor":19},{"not_picked":["Double Energy","Genetic Algorithm+1"],"picked":"Consume","floor":20},{"not_picked":["Auto Shields","Loop+1","Leap+1"],"picked":"SKIP","floor":23},{"not_picked":["Cold Snap","Reinforced Body+1"],"picked":"FTL","floor":27},{"not_picked":["Leap","Fusion","Conserve Battery"],"picked":"SKIP","floor":30},{"not_picked":["Ball Lightning","Steam+1"],"picked":"Defragment+1","floor":31}],"player_experience":143289,"relics_obtained":[{"floor":9,"key":"InkBottle"},{"floor":20,"key":"Red Mask"},{"floor":23,"key":"Bag of Marbles"},{"floor":26,"key":"Eternal Feather"},{"floor":30,"key":"MawBank"}],"event_choices":[{"damage_healed":20,"gold_gain":0,"player_choice":"Full Heal","damage_taken":0,"max_hp_gain":0,"max_hp_loss":0,"event_name":"Wheel of Change","floor":7,"gold_loss":0},{"damage_healed":0,"gold_gain":0,"player_choice":"Bought 0 Potions","damage_taken":0,"max_hp_gain":0,"max_hp_loss":0,"event_name":"The Woman in Blue","floor":14,"gold_loss":0},{"damage_healed":0,"gold_gain":0,"player_choice":"Fought Bandits","damage_taken":0,"max_hp_gain":0,"max_hp_loss":0,"event_name":"Masked Bandits","floor":20,"gold_loss":0},{"damage_healed":25,"gold_gain":0,"player_choice":"Heal","damage_taken":0,"max_hp_gain":0,"max_hp_loss":0,"event_name":"The Library","floor":21,"gold_loss":0},{"damage_healed":0,"gold_gain":0,"player_choice":"Trade","damage_taken":0,"relics_obtained":["GremlinMask"],"max_hp_gain":0,"max_hp_loss":0,"event_name":"FaceTrader","floor":25,"gold_loss":0}],"is_beta":false,"boss_relics":[{"not_picked":["SacredBark","Coffee Dripper"],"picked":"Nuclear Battery"}],"items_purged_floors":[22,29],"is_endless":false,"potions_floor_spawned":[1,2,4,5,19,23],"killed_by":"Automaton","ascension_level":0}}