{"host":"gh3zu8twc6gptyag","time":1614326600,"event":{"mods":["2.2 Compatiblity","AchievementEnabler","Act Like it!","BaseMod","BetterRewards","Colored Powertips","Evolution","Faster Ascension Climbing","Friendly Minions","GifTheSpireLib","Minty Spire (QoL Compilation)","Quick Restart","StSLib"],"gold_per_floor":[113,127,127,127,138,167,167,180,180,180,207,226,253,263,263,368,368,382,396,140,160,160,194,211,211,264,264,276,303,303,303,303,401,401,421,431,431,431,447,480,496,496,521,553,553,553,553],"floor_reached":46,"language":"ENG","playtime":4367,"items_purged":[],"score":615,"play_id":"00616d64-1fb9-4f17-938a-9ee5fe3520ce","local_time":"20210226100320","is_ascension_mode":false,"campfire_choices":[{"floor":7.0,"key":"REST"},{"data":"Barricade","floor":15.0,"key":"SMITH"},{"floor":25.0,"key":"REST"},{"data":"Iron Wave","floor":27.0,"key":"SMITH"},{"data":"Iron Wave","floor":30.0,"key":"SMITH"},{"data":"Cleave","floor":32.0,"key":"SMITH"},{"floor":42,"key":"REST"}],"circlet_count":0,"master_deck":["Strike_R","Strike_R","Strike_R","Strike_R","Defend_R","Defend_R","Defend_R","Defend_R","Flex","Anger+1","Clash","Reaper","Seeing Red","Barricade+1","Thunderclap","Flex","Iron Wave+1","Feed","Iron Wave+1","Shrug It Off","Shrug It Off","Inflame","Cleave+1","Shrug It Off","Feed","Feel No Pain+1","Body Slam+1","Shrug It Off","Shockwave","Flame Barrier+1","Dual Wield+1"],"relics":["Burning Blood","EVO:Axolotl","Torii","Ginger","Charon\u0027s Ashes","Bottled Tornado","Runic Cube","Ornamental Fan","Kunai","Centennial Puzzle","Strawberry","Black Star","Eternal Feather","Vajra","Oddly Smooth Stone","Pear","Dream Catcher"],"acts_visited":["Exordium","TheCity","TheBeyond"],"potions_floor_usage":[40,40,44,46],"damage_taken":[{"damage":17.0,"enemies":"Small Slimes","floor":1.0,"turns":4.0},{"damage":14.0,"enemies":"Jaw Worm","floor":2.0,"turns":4.0},{"damage":0.0,"enemies":"2 Louse","floor":5.0,"turns":2.0},{"damage":38.0,"enemies":"3 Sentries","floor":6.0,"turns":8.0},{"damage":20.0,"enemies":"Red Slaver","floor":8.0,"turns":4.0},{"damage":1.0,"enemies":"Gremlin Nob","floor":11.0,"turns":3.0},{"damage":6.0,"enemies":"3 Louse","floor":12.0,"turns":2.0},{"damage":16.0,"enemies":"Lagavulin","floor":13.0,"turns":7.0},{"damage":1.0,"enemies":"2 Fungi Beasts","floor":14.0,"turns":3.0},{"damage":54.0,"enemies":"The Guardian","floor":16.0,"turns":18.0},{"damage":17.0,"enemies":"3 Byrds","floor":18.0,"turns":4.0},{"damage":2.0,"enemies":"Chosen","floor":19.0,"turns":4.0},{"damage":40.0,"enemies":"Shelled Parasite and Fungi","floor":21.0,"turns":6.0},{"damage":39.0,"enemies":"Gremlin Leader","floor":23.0,"turns":11.0},{"damage":14.0,"enemies":"3 Cultists","floor":24.0,"turns":6.0},{"damage":14.0,"enemies":"Snake Plant","floor":28.0,"turns":5.0},{"damage":31.0,"enemies":"Slavers","floor":29.0,"turns":5.0},{"damage":53.0,"enemies":"Automaton","floor":33.0,"turns":15.0},{"damage":0.0,"enemies":"3 Shapes","floor":35.0,"turns":4.0},{"damage":32.0,"enemies":"3 Darklings","floor":36.0,"turns":6.0},{"damage":49.0,"enemies":"Sphere and 2 Shapes","floor":39.0,"turns":8.0},{"damage":89,"enemies":"Nemesis","floor":40,"turns":16},{"damage":28,"enemies":"4 Shapes","floor":41,"turns":3},{"damage":31,"enemies":"Reptomancer","floor":44,"turns":10},{"damage":69,"enemies":"Giant Head","floor":46,"turns":10}],"seed_played":"-3571479346976301390","potions_obtained":[{"floor":2.0,"key":"FairyPotion"},{"floor":8.0,"key":"FearPotion"},{"floor":11.0,"key":"Weak Potion"},{"floor":16.0,"key":"LiquidBronze"},{"floor":21.0,"key":"DistilledChaos"},{"floor":23.0,"key":"Weak Potion"},{"floor":24.0,"key":"Swift Potion"},{"floor":29.0,"key":"Dexterity Potion"},{"floor":35.0,"key":"ColorlessPotion"},{"floor":39.0,"key":"ElixirPotion"},{"floor":41,"key":"AttackPotion"},{"floor":44,"key":"SkillPotion"}],"is_trial":false,"path_per_floor":["M","M","?","?","M","E","R","M","T","?","E","M","E","M","R","B",null,"M","M","$","M","?","E","M","R","T","R","M","E","R","?","R","B",null,"M","M","$","?","M","E","M","R","T","E","?","E"],"character_chosen":"IRONCLAD","items_purchased":["Ornamental Fan"],"campfire_rested":3,"item_purchase_floors":[20],"current_hp_per_floor":[77,69,69,69,75,43,69,59,59,59,70,74,64,77,77,33,88,86,93,93,59,90,61,68,97,97,97,89,98,98,98,98,60,110,110,91,91,91,56,12,21,72,72,57,57,0,0],"gold":553,"neow_bonus":"TEN_PERCENT_HP_BONUS","is_daily":false,"chose_seed":false,"campfire_upgraded":4,"win_rate":0.0,"timestamp":1614326600,"path_taken":["M","M","?","?","M","E","R","M","T","?","E","M","E","M","R","BOSS","M","M","$","M","?","E","M","R","T","R","M","E","R","?","R","BOSS","M","M","$","?","M","E","M","R","T","E","?","E"],"items_purchased_type":["Relic"],"build_version":"2020-12-22","purchased_purges":0,"victory":false,"max_hp_per_floor":[88,88,88,88,88,88,88,88,88,88,88,88,88,88,88,88,88,91,94,94,94,94,94,97,97,97,97,97,107,107,107,107,110,110,110,110,110,110,110,110,113,113,113,123,123,123,123],"card_choices":[{"not_picked":["Armaments","Heavy Blade"],"picked":"Flex","floor":1.0},{"not_picked":["Blood for Blood","Whirlwind"],"picked":"Anger","floor":2.0},{"not_picked":["Sword Boomerang","Anger"],"picked":"Clash","floor":5.0},{"not_picked":["Searing Blow","Sever Soul"],"picked":"Reaper","floor":6.0},{"not_picked":["Warcry","Sword Boomerang"],"picked":"Seeing Red","floor":8.0},{"not_picked":["Perfected Strike","Fiend Fire"],"picked":"Barricade","floor":11.0},{"not_picked":["Clothesline","Uppercut"],"picked":"Thunderclap","floor":12.0},{"not_picked":["Perfected Strike","Ghostly Armor"],"picked":"Flex","floor":13.0},{"not_picked":["Hemokinesis","Intimidate"],"picked":"Iron Wave","floor":14.0},{"not_picked":["Corruption","Fiend Fire"],"picked":"Feed","floor":16.0},{"not_picked":["Body Slam","Clothesline","Burning Pact"],"picked":"SKIP","floor":18.0},{"not_picked":["Anger","Rampage"],"picked":"Iron Wave","floor":19.0},{"not_picked":["Perfected Strike","Sever Soul"],"picked":"Shrug It Off","floor":21.0},{"not_picked":["Fire Breathing","Clothesline"],"picked":"Shrug It Off","floor":23.0},{"not_picked":["Iron Wave+1","Double Tap"],"picked":"Inflame","floor":24.0},{"not_picked":["Heavy Blade+1","Armaments"],"picked":"Cleave","floor":28.0},{"not_picked":["Carnage","Bloodletting+1"],"picked":"Shrug It Off","floor":29.0},{"not_picked":["Corruption","Reaper"],"picked":"Feed","floor":33.0},{"not_picked":["Anger","Clash"],"picked":"Feel No Pain+1","floor":35.0},{"not_picked":["Perfected Strike","True Grit+1"],"picked":"Body Slam+1","floor":36.0},{"not_picked":["Heavy Blade+1","Perfected Strike+1"],"picked":"Shrug It Off","floor":39.0},{"not_picked":["True Grit+1","Double Tap"],"picked":"Shockwave","floor":40},{"not_picked":["Heavy Blade+1","Intimidate+1"],"picked":"Flame Barrier+1","floor":41},{"not_picked":["Searing Blow","Sword Boomerang"],"picked":"Dual Wield+1","floor":44}],"player_experience":5694,"relics_obtained":[{"floor":6.0,"key":"Torii"},{"floor":9.0,"key":"Ginger"},{"floor":11.0,"key":"Charon\u0027s Ashes"},{"floor":13.0,"key":"Bottled Tornado"},{"floor":23.0,"key":"Kunai"},{"floor":26.0,"key":"Centennial Puzzle"},{"floor":29.0,"key":"Strawberry"},{"floor":40,"key":"Eternal Feather"},{"floor":40,"key":"Vajra"},{"floor":43,"key":"Oddly Smooth Stone"},{"floor":44,"key":"Pear"},{"floor":44,"key":"Dream Catcher"}],"event_choices":[{"damage_healed":0.0,"max_hp_gain":0.0,"max_hp_loss":0.0,"gold_gain":0.0,"event_name":"Golden Wing","player_choice":"Ignored","floor":3.0,"gold_loss":0.0,"damage_taken":0.0},{"damage_healed":0.0,"max_hp_gain":0.0,"max_hp_loss":0.0,"gold_gain":0.0,"event_name":"Living Wall","player_choice":"Grow","floor":4.0,"gold_loss":0.0,"damage_taken":0.0,"cards_upgraded":["Anger"]},{"cards_removed":["Bash"],"damage_healed":0.0,"max_hp_gain":0.0,"max_hp_loss":0.0,"gold_gain":0.0,"event_name":"Wheel of Change","player_choice":"Card Removal","floor":10.0,"gold_loss":0.0,"damage_taken":0.0},{"damage_healed":31.0,"max_hp_gain":0.0,"max_hp_loss":0.0,"gold_gain":0.0,"event_name":"The Library","player_choice":"Heal","floor":22.0,"gold_loss":0.0,"damage_taken":0.0},{"damage_healed":0.0,"max_hp_gain":0.0,"max_hp_loss":0.0,"gold_gain":0.0,"event_name":"Vampires","player_choice":"Ignored","floor":31.0,"gold_loss":0.0,"damage_taken":0.0},{"cards_removed":["Strike_R"],"damage_healed":0.0,"max_hp_gain":0.0,"max_hp_loss":0.0,"gold_gain":0.0,"event_name":"Falling","player_choice":"Removed Attack","floor":38.0,"gold_loss":0.0,"damage_taken":0.0},{"damage_healed":0,"gold_gain":0,"player_choice":"Ignored","damage_taken":0,"max_hp_gain":0,"max_hp_loss":0,"event_name":"Tomb of Lord Red Mask","floor":45,"gold_loss":0}],"is_beta":false,"boss_relics":[{"not_picked":["Snecko Eye","Fusion Hammer"],"picked":"Runic Cube"},{"not_picked":["Empty Cage","Busted Crown"],"picked":"Black Star"}],"items_purged_floors":[],"is_endless":false,"potions_floor_spawned":[2,8,11,16,21,23,24,29,35,39,41,44],"killed_by":"Giant Head","ascension_level":0}}