{"host":"5tir6155jnoxijqh","time":1614323433,"event":{"mods":["Act Like it!","Arknights","BaseMod","Downfall","Hermit","Library of Ruina","Library of Ruina Extra","Minty Spire (QoL Compilation)","MostiFishMod","Shop Mod","Spicy Shops","StSLib","WarShipGirlsR/’ΩΩ¢…Ÿ≈ÆR mod"],"gold_per_floor":[15,32,32,32,46,84,84,99,149,199,263,277,298,298,298,464,464,488,532,555,555,600,650,713,713,713,775,809,886,908,908,908,1106,1106,1126,1184,72,72,27,88,142,160,186,257,257,309,362,228,228,228,228,228,228,284,334,334],"floor_reached":57,"language":"ZHS","playtime":4049,"items_purged":["LightAttack","LightAttack","LightDefense"],"score":1505,"play_id":"0e6b46ea-3c1e-494a-9137-7a11a344f86c","local_time":"20210226151033","is_ascension_mode":false,"campfire_choices":[{"floor":7,"key":"RECALL"},{"data":"GuidanceOfTheGears","floor":15,"key":"SMITH"},{"data":"SnakesPrey","floor":32,"key":"SMITH"},{"data":"LeRegole","floor":45,"key":"SMITH"},{"data":"Violence","floor":49,"key":"SMITH"},{"data":"ExtractFuel","floor":53,"key":"SMITH"}],"circlet_count":0,"master_deck":["Dodge","LightDefense","LightDefense","LightDefense","ChargeAndCover","FocusedStrikes","Thinking Ahead","ChopItOff+1","GutHarvesting","TendonChords","AutomatedMovement","Faith","Outburst","VioletBlade+1","TrashDisposal","GuidanceOfTheGears+1","Track","RepressedFlesh","IronWall","StrikeDown","SnakesPrey+1","BattleCommand","QuickSuppression+1","DarkCloud","SerpentSwordTechnique+1","FrontalAssault+1","ExtractFuel+1","MindPrepared","GreatSerpentsImpact","LeRegole+1","FierceCharge+1","CrackOfDawn","UnavoidableGaze","Double Tap","Madness","Madness","Parasite","Preparation+1","Acrobatics+1","Violence+1","EndlessBattle","UnavoidableGaze","Mind Blast","CleanUp"],"relics":["PageOfLibrarian","DaveBox","PatriotShield","SynthV:TestCard","Golden Idol","White Beast Statue","Odd Mushroom","PageOfBlackSwan","Red Mask","CeramicFish","PageOfBloodbath","GreenFoldingFan","PageOfSnowWhitesApple","MerchantsRug","Letter Opener","Juzu Bracelet","PrismaticShard","Dream Catcher","Whetstone","Anchor","PageOfSingingMachine","Bronze Scales","Ying","Singing Bowl","Ornamental Fan","PageOfNosferatu","PageOfForsakenMurderer","Toy Ornithopter","Lantern"],"acts_visited":["Exordium","TheCity","TheBeyond","TheEnding"],"potions_floor_usage":[11,11,16,16,19,20,22,23,24,27,28,33,33,33,40,40,44,50,51,51,56,56,56],"damage_taken":[{"damage":0,"enemies":"Small Slimes","floor":1,"turns":2},{"damage":0,"enemies":"2 Louse","floor":2,"turns":1},{"damage":0,"enemies":"Jaw Worm","floor":5,"turns":1},{"damage":0,"enemies":"Lagavulin","floor":6,"turns":3},{"damage":6,"enemies":"Lots of Slimes","floor":8,"turns":5},{"damage":1,"enemies":"3 Louse","floor":10,"turns":4},{"damage":0,"enemies":"The Mushroom Lair","floor":11,"turns":3},{"damage":0,"enemies":"Red Slaver","floor":12,"turns":2},{"damage":0,"enemies":"Blue Slaver","floor":13,"turns":3},{"damage":22,"enemies":"The Guardian","floor":16,"turns":4},{"damage":2,"enemies":"Shell Parasite","floor":18,"turns":2},{"damage":1,"enemies":"Masked Bandits","floor":19,"turns":4},{"damage":0,"enemies":"3 Byrds","floor":20,"turns":5},{"damage":4,"enemies":"Snecko","floor":22,"turns":2},{"damage":0,"enemies":"Slavers","floor":23,"turns":5},{"damage":0,"enemies":"Shelled Parasite and Fungi","floor":24,"turns":2},{"damage":2,"enemies":"3 Cultists","floor":27,"turns":4},{"damage":0,"enemies":"Centurion and Healer","floor":28,"turns":3},{"damage":0,"enemies":"Book of Stabbing","floor":29,"turns":2},{"damage":0,"enemies":"Snake Plant","floor":30,"turns":2},{"damage":17,"enemies":"KingOfGreed","floor":33,"turns":8},{"damage":14,"enemies":"3 Shapes","floor":35,"turns":3},{"damage":6,"enemies":"Orb Walker","floor":36,"turns":3},{"damage":6,"enemies":"Reptomancer","floor":40,"turns":3},{"damage":8,"enemies":"Sphere and 2 Shapes","floor":41,"turns":4},{"damage":8,"enemies":"Writhing Mass","floor":44,"turns":4},{"damage":8,"enemies":"Jaw Worm Horde","floor":46,"turns":4},{"damage":4,"enemies":"Spire Growth","floor":47,"turns":2},{"damage":8,"enemies":"Donu and Deca","floor":50,"turns":4},{"damage":44,"enemies":"Donu and Deca","floor":51,"turns":6},{"damage":8,"enemies":"Shield and Spear","floor":55,"turns":4},{"damage":20,"enemies":"The Heart","floor":56,"turns":5}],"seed_played":"-6179346295171625931","potions_obtained":[{"floor":2,"key":"Guardian:BlockOnCardUsePotion"},{"floor":5,"key":"Block Potion"},{"floor":8,"key":"BlessingOfTheForge"},{"floor":11,"key":"Explosive Potion"},{"floor":12,"key":"Fire Potion"},{"floor":13,"key":"Block Potion"},{"floor":16,"key":"Dexterity Potion"},{"floor":18,"key":"AttackPotion"},{"floor":19,"key":"Energy Potion"},{"floor":20,"key":"PowerPotion"},{"floor":22,"key":"SkillPotion"},{"floor":23,"key":"Fire Potion"},{"floor":24,"key":"Fire Potion"},{"floor":27,"key":"Dexterity Potion"},{"floor":29,"key":"BlessingOfTheForge"},{"floor":30,"key":"Fruit Juice"},{"floor":33,"key":"Fire Potion"},{"floor":35,"key":"Fire Potion"},{"floor":36,"key":"Energy Potion"},{"floor":38,"key":"Energy Potion"},{"floor":38,"key":"DuplicationPotion"},{"floor":40,"key":"BlessingOfTheForge"},{"floor":41,"key":"Strength Potion"},{"floor":44,"key":"SteroidPotion"},{"floor":46,"key":"Dexterity Potion"},{"floor":47,"key":"Strength Potion"}],"is_trial":false,"path_per_floor":["M","M","?","?","M","E","R","M","T","M","?","M","M","?","R","B",null,"M","?","M","?","M","E","M","?","T","M","M","E","M","?","R","B",null,"M","M","$","?","$","E","M","?","T","M","R","M","M","$","R","B",null,null,"R","$","E","B",null],"character_chosen":"Librarian","items_purchased":["CrackOfDawn","PageOfSnowWhitesApple","MerchantsRug","Letter Opener","Juzu Bracelet","PrismaticShard","Dream Catcher","UnavoidableGaze","DiscerningMonocle","PageOfSingingMachine","Bronze Scales","Ying","Violence","Singing Bowl","EndlessBattle","Ornamental Fan","PageOfNosferatu","PageOfForsakenMurderer","Toy Ornithopter","Strength Potion","SkillPotion","Strength Potion","UnavoidableGaze","Mind Blast"],"campfire_rested":0,"item_purchase_floors":[37,37,37,37,37,37,37,39,48,48,48,48,48,48,48,54,54,54,54,54,54,54,54,54],"current_hp_per_floor":[60,60,65,47,47,53,53,56,56,61,64,70,74,74,74,58,82,80,81,75,75,75,75,75,75,75,73,81,81,91,91,91,92,99,95,99,99,99,99,99,99,87,87,91,91,68,66,66,66,69,26,233,233,46,56,69],"gold":334,"neow_bonus":"RANDOM_COLORLESS_2","is_daily":false,"chose_seed":false,"campfire_upgraded":5,"win_rate":0.0,"timestamp":1614323433,"path_taken":["M","M","?","?","M","E","R","M","T","M","?","?","?","?","R","BOSS","M","?","M","?","?","E","M","?","T","?","M","E","M","?","R","BOSS","M","M","$","?","?","E","M","?","T","M","R","M","M","$","R","BOSS","R","$","E","BOSS"],"items_purchased_type":["Card","Relic","Relic","Relic","Relic","Relic","Relic","Card","Relic","Relic","Relic","Relic","Card","Relic","Card","Relic","Relic","Relic","Relic","Potion","Potion","Potion","Card","Card"],"build_version":"2020-12-22","purchased_purges":3,"victory":true,"max_hp_per_floor":[68,70,75,75,75,82,82,82,82,82,82,82,82,82,82,82,82,82,82,75,75,75,75,75,75,75,94,94,94,94,94,94,99,99,99,99,99,99,99,99,99,99,99,233,233,233,233,233,233,233,233,233,233,419,419,419],"card_choices":[{"not_picked":["Secret Weapon","MostiFishMod:StoryBook"],"picked":"Thinking Ahead","floor":0},{"not_picked":["FieryWaltz","ExtractFuel","SetFire","AutomatedMovement","BindingArms","FrontalAssault","GuardingStance","StrikeDown"],"picked":"ChopItOff","floor":1},{"not_picked":["FeatherShield","BurningFlash","IronWall","Zzzzzap","Unlock1","Leap_lor","UpbeatPerformance","ChopItOff","Feast","PuppetBlockade"],"picked":"GutHarvesting","floor":2},{"not_picked":["SharpSwipe","DefenseOrder","Endure","SuanNi","MultiBlock","SinglePointStab","InhaleSmoke","SmokingPipe","InkOver","LossOfSenses"],"picked":"TendonChords","floor":5},{"not_picked":["Parry","FleetFootsteps","HandlingWork","AsThePrescriptOrders","UpbeatPerformance","KeepItFresh","SpearedSweep","FierceCharge","StrikeDown","BiAn"],"picked":"AutomatedMovement","floor":6},{"not_picked":["FeelinGood","LawAndOrder","EnergyCycle","BindingArms","GreatSerpentsImpact","Overpower","BladeWhirl","SerpentSwordTechnique","Eliminate","Leap_lor"],"picked":"Faith","floor":8},{"not_picked":["CoordinatedAssault","Castigation","WillOfThePrescript","Wallop_lor","NightInTheBackstreets","TendonChords","VenomousFangs","FrontalAssault","StartinOutLightly","SnakesPrey"],"picked":"Outburst","floor":10},{"not_picked":["HandleRequest","Mutilate","Quickness","ChiWen","WillOfThePrescript","Unlock1","CoordinatedAssault","TrimTheIngredients","Diversion","Pound"],"picked":"VioletBlade","floor":11},{"not_picked":["Quickness","BiAn","FleetFootsteps","Faith","StartinOutLightly","SharpSwipe","EndlessBattle","Guardian_lor","GreatSerpentsImpact","DesperateStruggle"],"picked":"TrashDisposal","floor":12},{"not_picked":["Reload","FleetFootsteps","CutIn","GreatSerpentsImpact","Concentration","ToWhereThePrescriptPoints","Tailoring","SunsetBlade","Transpierce","BurningFlash"],"picked":"GuidanceOfTheGears","floor":13},{"not_picked":["Cruelty","RagingStormLove","ScratchThat","Punishment"],"picked":"RepressedFlesh","floor":16},{"not_picked":["Standoff","Faith","AsThePrescriptOrders","GroundSmash","PinpointShot+1","FleetFootsteps","QuickSuppression","ElectricShock","SpearedSweep","StrongStrike"],"picked":"IronWall","floor":18},{"not_picked":["BiteOff","PuppetBlockade","RepressedFlesh","HighSpeedStabbing","DarkCloud","Standoff+1","Wallop_lor+1","GrazeTheGrass+1","Leap_lor","FleetEdge+1"],"picked":"StrikeDown","floor":19},{"not_picked":["Multislash","QuickSuppression","OpportunitySpotted","Overpower","AbsorbImpact+1","BulkyImpact+1","EnergyStrike","HighKick+1","GuardingStance","ClassAndRespect"],"picked":"SnakesPrey","floor":20},{"not_picked":["IllEndYou","Zzzzzap","ExtremeEdge","HighKick","Faith+1","CookingPrep","HandleRequest","DeepDrag","ShrineToMusic","Eliminate"],"picked":"QuickSuppression+1","floor":22},{"not_picked":["GreatSerpentsImpact","EndlessBattle+1","SerpentSwordTechnique","EnergyBeam","RulesOfTheBackstreets","Multislash+1","UpbeatPerformance","ClassAndRespect","Eliminate","YouOnlyLiveOnce"],"picked":"DarkCloud","floor":23},{"not_picked":["Rewind","NonstopAssault","MultiHit","EmotionalTurbulence","Standoff","ShrineToMusic","FeatherShield","DefenseOrder","MultiBlock","FierceCharge"],"picked":"SerpentSwordTechnique","floor":24},{"not_picked":["MultiBlock","QuickSuppression+1","AsThePrescriptOrders","SilentMist","GreatSerpentsImpact","StrongStrike","FleetEdge","EnergyStrike","Diversion","LeRegole"],"picked":"FrontalAssault+1","floor":27},{"not_picked":["YouOnlyLiveOnce+1","FieryDragonSlash","EndlessBattle","HiddenBlade","SearingSword+1","FleetFootsteps+1","BizarreAttack","HeavyPeaks","PreemptiveStrike","EnergyConversion"],"picked":"ExtractFuel","floor":28},{"not_picked":["BlowItUp","InhaleSmoke","Feast+1","FleetEdge","FleshFillet","FlyingSword+1","GuardingStance","IngredientHunt","SkitterAway","AutomatedMovement"],"picked":"MindPrepared","floor":29},{"not_picked":["SuppressingShot","PinpointShot+1","FleetFootsteps","SinglePointStab","AutonomousRush","SnakesPrey+1","SmokingPipe","LossOfSenses","InnerArdor","SharpNails"],"picked":"GreatSerpentsImpact","floor":30},{"not_picked":["FormingStorm","Disposal","DaringDecision","Tttonst"],"picked":"LeRegole","floor":33},{"not_picked":["PreemptiveStrike","SunsetBlade","Thrust+1","DesperateStruggle","GuardingStance+1","ForTheFamily","Concentration+1","Quickness","HighSpeedStabbing","Feast+1","HandleRequest"],"picked":"SKIP","floor":35},{"not_picked":["GuardingStance","AssaultOrder+1","SpearedSweep+1","DesperateStruggle","ReadyUp+1","Marionette","UncannyStrike","TendonChords+1","FleetFootsteps","SunsetBlade"],"picked":"FierceCharge+1","floor":36},{"not_picked":["hexamod:InspiringFlames","MostiFishMod:BrandingRite+1","Slimebound:MegaLick+1","bronze:OilSpill","Slimebound:HauntingLick","BiteOff","Guardian:VentSteam","Aggregate","champ:Parry+1","hexamod:GhostflameInferno","MostiFishMod:PerfectParry+1"],"picked":"SKIP","floor":40},{"not_picked":["bronze:MaxOutput+1","DesperateStruggle","rmod:fuelsupply+1","hermit:Misfire+1","FleetEdge+1","champ:GutPunch","ats:Cat Scratch+1","ats:Guard Mode","champ:ShieldSlam+1","champ:FlashCut"],"picked":"Double Tap","floor":41},{"not_picked":["ReachHeaven+1","Collision+1","bronze:WhirlingStrike","Ball Lightning+1","Guardian:TemporalShield","rmod:steelsupply","Clash+1","Disarm+1","sneckomod:SoulCleanse+1","sneckomod:UnknownClassDEFAULT_GRAY_COLOR+1"],"picked":"Preparation+1","floor":44},{"not_picked":["AbsorbImpact","sneckomod:UnknownClassPURPLE+1","Guardian:ShieldCharger+1","bronze:OilSpill+1","StructuralAnalysis+1","True Grit+1","Dodge and Roll+1","MostiFishMod:SpreadingSpore","hexamod:ShieldOfDarkness","hexamod:Hexaguard+1"],"picked":"Acrobatics+1","floor":46},{"not_picked":["MostiFishMod:Exploitation","Guardian:Gem_Lightblue","AutonomousRush+1","hexamod:NightmareGuise","champ:AdrenalArmor+1","Leap_lor","Rebound","champ:FocusedBerserking+1","ats:Revitalization","Slimebound:DouseInSlime","bronze:Safeguard"],"picked":"SKIP","floor":47},{"not_picked":["CombatPreparation","MostiFishMod:SupremeArchaeology+1","Body Slam","Masterful Stab+1","Double Energy","StrikeDown+1","hermit:Feint+1","Metamorphosis","BackAttack","ToOvercomeCrisis+1"],"picked":"CleanUp","floor":55}],"player_experience":416906,"relics_obtained":[{"floor":1,"key":"SynthV:TestCard"},{"floor":6,"key":"White Beast Statue"},{"floor":11,"key":"Odd Mushroom"},{"floor":19,"key":"Red Mask"},{"floor":23,"key":"CeramicFish"},{"floor":26,"key":"Darkstone Periapt"},{"floor":29,"key":"PageOfBloodbath"},{"floor":40,"key":"Whetstone"},{"floor":43,"key":"Anchor"},{"floor":55,"key":"Lantern"}],"event_choices":[{"damage_healed":0,"gold_gain":0,"player_choice":"Donut","damage_taken":0,"max_hp_gain":5,"max_hp_loss":0,"event_name":"Big Fish","floor":3,"gold_loss":0},{"damage_healed":0,"gold_gain":0,"player_choice":"Take Damage","damage_taken":18,"relics_obtained":["Golden Idol"],"max_hp_gain":0,"max_hp_loss":0,"event_name":"Golden Idol","floor":4,"gold_loss":0},{"damage_healed":0,"gold_gain":0,"player_choice":"Fought Mushrooms","damage_taken":0,"max_hp_gain":0,"max_hp_loss":0,"event_name":"Mushrooms","floor":11,"gold_loss":0},{"damage_healed":0,"gold_gain":0,"cards_transformed":["LightAttack"],"player_choice":"Transformed","damage_taken":0,"max_hp_gain":0,"max_hp_loss":0,"event_name":"Transmorgrifier","floor":14,"gold_loss":0,"cards_obtained":["Track"]},{"damage_healed":0,"gold_gain":0,"player_choice":"Fought Bandits","damage_taken":0,"max_hp_gain":0,"max_hp_loss":0,"event_name":"Masked Bandits","floor":19,"gold_loss":0},{"damage_healed":0,"gold_gain":0,"player_choice":"Read","damage_taken":0,"max_hp_gain":0,"max_hp_loss":0,"event_name":"The Library","floor":21,"gold_loss":0,"cards_obtained":["BattleCommand"]},{"damage_healed":0,"gold_gain":0,"player_choice":"Upgraded","damage_taken":0,"max_hp_gain":0,"max_hp_loss":0,"event_name":"Upgrade Shrine","floor":25,"gold_loss":0,"cards_upgraded":["SerpentSwordTechnique"]},{"damage_healed":0,"gold_gain":0,"player_choice":"Ignored","damage_taken":0,"max_hp_gain":0,"max_hp_loss":0,"event_name":"Vampires","floor":31,"gold_loss":0},{"damage_healed":0,"gold_gain":0,"player_choice":"Got Potions","damage_taken":0,"max_hp_gain":0,"max_hp_loss":0,"event_name":"Lab","floor":38,"gold_loss":0},{"damage_healed":0,"gold_gain":0,"player_choice":"Embrace Madness","damage_taken":12,"max_hp_gain":0,"max_hp_loss":0,"event_name":"Winding Halls","floor":42,"gold_loss":0,"cards_obtained":["Madness","Madness"]}],"is_beta":false,"boss_relics":[{"not_picked":["Snecko Eye","BloodWine"],"picked":"PageOfBlackSwan"},{"not_picked":["Velvet Choker","xbg"],"picked":"GreenFoldingFan"}],"items_purged_floors":[37,48,54],"is_endless":false,"potions_floor_spawned":[2,5,8,10,11,12,13,16,18,19,20,22,23,24,27,28,29,30,33,35,36,40,41,44,46,47,51,55],"ascension_level":0}}