{"host":"bf5upntvbdompq33","time":1614356072,"event":{"mods":["BaseMod","Bestiary","Colored Map","Colored Powertips","Curses Come First","Highlight Path","Minty Spire (QoL Compilation)","StSLib","ojb\u0027s Info Mod"],"gold_per_floor":[115,115,130,29,43,74,74,88,111,141,160,189,189,189,189,189,189],"floor_reached":16,"language":"ENG","playtime":1366,"items_purged":["Regret"],"score":210,"play_id":"65b99d7c-48cd-4f55-b987-a051be037553","local_time":"20210226091432","is_ascension_mode":true,"campfire_choices":[{"floor":7,"key":"REST"},{"data":"Perfected Strike","floor":13,"key":"SMITH"},{"floor":15,"key":"REST"}],"circlet_count":0,"master_deck":["AscendersBane","Strike_R","Strike_R","Strike_R","Strike_R","Strike_R","Defend_R","Defend_R+1","Defend_R+1","Bash","Flex","Perfected Strike+1","Pommel Strike","Whirlwind","Battle Trance","Wild Strike","Wild Strike","Wild Strike","Warcry","Pommel Strike","Armaments"],"relics":["Burning Blood","NeowsBlessing","Ancient Tea Set","Dream Catcher","Centennial Puzzle","War Paint","Torii"],"acts_visited":["Exordium"],"potions_floor_usage":[12,16],"damage_taken":[{"damage":0,"enemies":"Small Slimes","floor":1,"turns":1},{"damage":0,"enemies":"Cultist","floor":3,"turns":1},{"damage":0,"enemies":"Jaw Worm","floor":5,"turns":1},{"damage":40,"enemies":"Gremlin Nob","floor":6,"turns":4},{"damage":7,"enemies":"Looter","floor":8,"turns":3},{"damage":30,"enemies":"Lagavulin","floor":10,"turns":5},{"damage":6,"enemies":"Exordium Wildlife","floor":11,"turns":2},{"damage":4,"enemies":"Gremlin Nob","floor":12,"turns":3},{"damage":65,"enemies":"Hexaghost","floor":16,"turns":11}],"seed_played":"-8910789773508823856","potions_obtained":[{"floor":6,"key":"Dexterity Potion"},{"floor":11,"key":"BlessingOfTheForge"}],"is_trial":false,"path_per_floor":["M","?","M","$","M","E","R","M","T","E","M","E","R","?","R","B"],"character_chosen":"IRONCLAD","items_purchased":["Pommel Strike"],"campfire_rested":2,"item_purchase_floors":[4],"current_hp_per_floor":[74,74,75,75,75,41,63,62,62,38,38,40,40,40,62,0,0],"gold":189,"neow_bonus":"THREE_ENEMY_KILL","is_daily":false,"chose_seed":false,"campfire_upgraded":1,"win_rate":0.0,"timestamp":1614356072,"path_taken":["M","?","M","$","M","E","R","M","T","E","M","E","R","?","R","BOSS"],"items_purchased_type":["Card"],"build_version":"2020-12-22","purchased_purges":1,"victory":false,"max_hp_per_floor":[75,75,75,75,75,75,75,75,75,75,75,75,75,75,75,75,75],"card_choices":[{"not_picked":["True Grit","Heavy Blade"],"picked":"Flex","floor":1},{"not_picked":["Sever Soul","Shockwave"],"picked":"Perfected Strike","floor":3},{"not_picked":["Pommel Strike","Shockwave"],"picked":"Whirlwind","floor":5},{"not_picked":["Searing Blow","Anger"],"picked":"Battle Trance","floor":6},{"not_picked":["Feel No Pain","Cleave"],"picked":"Wild Strike","floor":7},{"not_picked":["Body Slam","Clash"],"picked":"Wild Strike","floor":8},{"not_picked":["Thunderclap","True Grit"],"picked":"Wild Strike","floor":10},{"not_picked":["Bludgeon","Combust"],"picked":"Warcry","floor":11},{"not_picked":["Heavy Blade","Anger"],"picked":"Pommel Strike","floor":12},{"not_picked":["Heavy Blade","Searing Blow"],"picked":"Armaments","floor":15}],"player_experience":1754854,"relics_obtained":[{"floor":6,"key":"Dream Catcher"},{"floor":9,"key":"Centennial Puzzle"},{"floor":10,"key":"War Paint"},{"floor":12,"key":"Torii"}],"event_choices":[{"damage_healed":0,"gold_gain":0,"player_choice":"Box","damage_taken":0,"relics_obtained":["Ancient Tea Set"],"max_hp_gain":0,"max_hp_loss":0,"event_name":"Big Fish","floor":2,"gold_loss":0,"cards_obtained":["Regret"]},{"cards_removed":["Defend_R"],"damage_healed":0,"gold_gain":0,"player_choice":"Purged","damage_taken":0,"max_hp_gain":0,"max_hp_loss":0,"event_name":"Purifier","floor":14,"gold_loss":0}],"is_beta":false,"boss_relics":[],"items_purged_floors":[4],"is_endless":false,"potions_floor_spawned":[6,11],"killed_by":"Hexaghost","ascension_level":15}}