{"host":"dgzcrkpp5hmi1639","time":1614380780,"event":{"mods":["A Magickal Journey","BaseMod","BetterRewards","Colored Powertips","Duelist Mod","Energized Spire","GifTheSpireLib","Infinite Spire","Koishi","Minty Spire (QoL Compilation)","Prisma Mod","Quick Restart","Shop Mod","StSLib","Stuff the Spire","The Bug Knight","The Forsaken","The Jungle","The Necromancer","The Servant 0.9.4","The Wild Card","???mod?????"],"gold_per_floor":[113,113,113,123,136,162,124,141,196,215,215,240,251,251,251,354,354,369,388,63,63,63,95,115,115,115,115,115],"floor_reached":27,"language":"ENG","playtime":2050,"items_purged":[],"score":318,"play_id":"a6456ac0-f403-4b1a-84c6-56f1509c18dc","local_time":"20210227000620","is_ascension_mode":false,"campfire_choices":[{"floor":11,"key":"REST"},{"data":"Luminosity","floor":15,"key":"SMITH"}],"circlet_count":0,"master_deck":["Strike_S","Strike_S","Strike_S","Strike_S+1","Defend_S","Defend_S","Defend_S","Defend_S","KidneyShot+1","Exchange","Contraction","Ricochet","FastForward","Spin","Luminosity+1","Luminosity","SurpressingFire","GearUp","Unruled","FlawlessForm","Unruled","FastForward","MurderousAura","Advance","BottledTime","infinitespire:Punishment","Mind Blast","Dramatic Entrance","Starlight+1","Initiator","StuffTheSpire:Deluminance","StuffTheSpire:Deluminance","StuffTheSpire:Deluminance","StuffTheSpire:Deluminance","StuffTheSpire:Deluminance"],"relics":["Uniform","Whetstone","StuffTheSpire:EmeraldSignet","Strawberry","infinitespire:PuzzleCube","Sozu","Membership Card","StuffTheSpire:Gunfinga","StuffTheSpire:Wildfire","Peace Pipe","StuffTheSpire:BlackoutCurse","infinitespire:BottledMercury"],"acts_visited":["Exordium","TheCity"],"potions_floor_usage":[6,19],"damage_taken":[{"damage":8,"enemies":"Jaw Worm","floor":1,"turns":3},{"damage":0,"enemies":"2 Louse","floor":4,"turns":2},{"damage":0,"enemies":"Small Slimes","floor":5,"turns":4},{"damage":28,"enemies":"Lagavulin","floor":6,"turns":11},{"damage":0,"enemies":"Gremlin Gang","floor":8,"turns":2},{"damage":7,"enemies":"Blue Slaver","floor":10,"turns":4},{"damage":9,"enemies":"3 Sentries","floor":12,"turns":7},{"damage":0,"enemies":"2 Fungi Beasts","floor":13,"turns":3},{"damage":36,"enemies":"Slime Boss","floor":16,"turns":9},{"damage":2,"enemies":"Shell Parasite","floor":18,"turns":7},{"damage":0,"enemies":"Chosen and Byrds","floor":19,"turns":6},{"damage":0,"enemies":"theDuelist:KaibaA2","floor":23,"turns":4},{"damage":0,"enemies":"Snecko","floor":24,"turns":4},{"damage":28,"enemies":"Gremlin Leader","floor":27,"turns":6}],"seed_played":"1915906375025770971","potions_obtained":[{"floor":1,"key":"Fire Potion"},{"floor":10,"key":"SpeedPotion"},{"floor":13,"key":"Ancient Potion"},{"floor":16,"key":"Block Potion"}],"is_trial":false,"path_per_floor":["M","?","?","M","M","E","$","M","T","M","R","E","M","?","R","B",null,"M","M","$","AVR","?","E","M","?","T","E"],"character_chosen":"THE_SERVANT","items_purchased":["Luminosity","Membership Card","MurderousAura","Advance","StuffTheSpire:Gunfinga","BottledTime"],"campfire_rested":1,"item_purchase_floors":[7,20,20,20,20,20],"current_hp_per_floor":[57,57,57,57,57,29,29,31,38,37,58,53,55,55,55,25,72,72,72,72,72,53,55,55,55,55,35,35],"gold":115,"neow_bonus":"RANDOM_COMMON_RELIC","is_daily":false,"chose_seed":false,"campfire_upgraded":1,"win_rate":0.0,"timestamp":1614380780,"path_taken":["M","?","?","M","M","E","$","M","T","M","R","E","M","?","R","BOSS","M","M","?","AVR","?","E","?","?","T","E"],"items_purchased_type":["Card","Relic","Card","Card","Relic","Card"],"build_version":"2020-12-22","purchased_purges":0,"victory":false,"max_hp_per_floor":[65,65,65,65,65,65,65,65,72,72,72,72,72,72,72,72,72,72,72,72,72,72,72,72,72,72,72,72],"card_choices":[{"not_picked":["ReturningBlade","Unruled"],"picked":"Contraction","floor":1},{"not_picked":["TimeWarp","RealityMarble"],"picked":"Ricochet","floor":4},{"not_picked":["Replace","RealityMarble"],"picked":"FastForward","floor":5},{"not_picked":["Revamp","BestPractice"],"picked":"Spin","floor":6},{"not_picked":["Defy","KillingDoll"],"picked":"Luminosity","floor":8},{"not_picked":["Replace","Revamp"],"picked":"SurpressingFire","floor":10},{"not_picked":["Manipulate","Unruled"],"picked":"GearUp","floor":12},{"not_picked":["TimeWarp","Contraction"],"picked":"Unruled","floor":13},{"not_picked":["PendulumOfEternity","ForgedInTime"],"picked":"FlawlessForm","floor":16},{"not_picked":["Rewind","Moondial+1"],"picked":"Unruled","floor":18},{"not_picked":["ReturningBlade+1","Replace"],"picked":"FastForward","floor":19},{"not_picked":["Alleviate","Revamp"],"picked":"Starlight+1","floor":23},{"not_picked":["TimeWarp","Starlight"],"picked":"Initiator","floor":24}],"player_experience":65389,"relics_obtained":[{"floor":6,"key":"StuffTheSpire:EmeraldSignet"},{"floor":9,"key":"Strawberry"},{"floor":12,"key":"infinitespire:PuzzleCube"},{"floor":23,"key":"Peace Pipe"},{"floor":26,"key":"infinitespire:BottledMercury"}],"event_choices":[{"damage_healed":0,"gold_gain":0,"player_choice":"Ignored","damage_taken":0,"max_hp_gain":0,"max_hp_loss":0,"event_name":"Golden Wing","floor":2,"gold_loss":0},{"damage_healed":0,"gold_gain":0,"player_choice":"Leave","damage_taken":0,"max_hp_gain":0,"max_hp_loss":0,"event_name":"The Cleric","floor":3,"gold_loss":0},{"damage_healed":0,"gold_gain":0,"player_choice":"Ignored","damage_taken":0,"max_hp_gain":0,"max_hp_loss":0,"event_name":"Purifier","floor":14,"gold_loss":0},{"damage_healed":0,"gold_gain":0,"player_choice":"CARD CARD ","damage_taken":19,"max_hp_gain":0,"max_hp_loss":0,"event_name":"Knowing Skull","floor":22,"potions_obtained":[],"gold_loss":0,"cards_obtained":["Mind Blast","Dramatic Entrance"]}],"is_beta":false,"boss_relics":[{"not_picked":["SlaversCollar","SacredBark"],"picked":"Sozu"}],"items_purged_floors":[],"is_endless":false,"potions_floor_spawned":[1,10,13,16,18],"killed_by":"Gremlin Leader","ascension_level":0}}