{"host":"ml2ro5l6hu6y0pll","time":1614346788,"event":{"mods":["AchievementEnabler","BaseMod","Colored Map","Colored Powertips","Custom Start","Downfall","Googly Eyes","Minty Spire (QoL Compilation)","Quick Restart","Rare Cards Sparkle","Relic Stats","StSLib","everything is the same but u backflip on backflip"],"gold_per_floor":[118,137,137,312,15,40,40,64,64,91,105,105,105],"floor_reached":12,"language":"ENG","playtime":591,"items_purged":[],"score":129,"play_id":"b1591d6f-a299-4032-945f-76fdfb1a73e3","local_time":"20210226133948","is_ascension_mode":true,"campfire_choices":[{"floor":7,"key":"REST"}],"circlet_count":0,"master_deck":["AscendersBane","Strike_B","Strike_B","Strike_B","Strike_B","Defend_B","Defend_B","Defend_B","Defend_B","Zap","Dualcast","Core Surge","Conserve Battery","Compile Driver","Doubt","Cold Snap","Capacitor","FTL","Doom and Gloom","Coolheaded"],"relics":["Cracked Core","Ancient Tea Set","DataDisk","Orrery","Akabeko","Odd Mushroom","InkBottle","Orichalcum"],"acts_visited":["Exordium"],"potions_floor_usage":[11],"damage_taken":[{"damage":8,"enemies":"Small Slimes","floor":1,"turns":2},{"damage":0,"enemies":"Jaw Worm","floor":2,"turns":3},{"damage":29,"enemies":"3 Sentries","floor":6,"turns":8},{"damage":23,"enemies":"The Mushroom Lair","floor":8,"turns":4},{"damage":0,"enemies":"2 Louse","floor":11,"turns":2},{"damage":11,"enemies":"Gremlin Nob","floor":12,"turns":3}],"seed_played":"-1176218562384887735","potions_obtained":[{"floor":6,"key":"SpeedPotion"}],"is_trial":false,"path_per_floor":["M","M","?","?","$","E","R","?","T","T","M","E"],"character_chosen":"DEFECT","items_purchased":["DataDisk","Orrery"],"campfire_rested":1,"item_purchase_floors":[5,5],"current_hp_per_floor":[56,56,38,38,38,9,30,7,7,7,7,0,0],"gold":105,"neow_bonus":"ONE_RANDOM_RARE_CARD","is_daily":false,"chose_seed":false,"campfire_upgraded":0,"win_rate":0.0,"timestamp":1614346788,"path_taken":["M","M","?","?","$","E","R","?","T","?","M","E"],"items_purchased_type":["Relic","Relic"],"build_version":"2020-12-22","purchased_purges":0,"victory":false,"max_hp_per_floor":[71,71,71,71,71,71,71,71,71,71,71,71,71],"relic_stats":{"counters":[6,22],"Orichalcum":[6],"obtain_stats":[{"DataDisk":5,"Orrery":5,"Odd Mushroom":8,"Orichalcum":10,"Cracked Core":0,"Ancient Tea Set":3,"Akabeko":6,"InkBottle":9},{"DataDisk":2,"Orrery":2,"Odd Mushroom":4,"Orichalcum":4,"Cracked Core":0,"Ancient Tea Set":2,"Akabeko":3,"InkBottle":4},{"DataDisk":5,"Orrery":5,"Odd Mushroom":17,"Orichalcum":17,"Cracked Core":0,"Ancient Tea Set":5,"Akabeko":13,"InkBottle":17}],"InkBottle":[1]},"card_choices":[{"not_picked":["Turbo","Steam"],"picked":"Conserve Battery","floor":1},{"not_picked":["Go for the Eyes","Hologram"],"picked":"Compile Driver","floor":2},{"not_picked":["Capacitor","Auto Shields"],"picked":"Cold Snap","floor":5},{"not_picked":["Loop","Barrage"],"picked":"Capacitor","floor":5},{"not_picked":["Barrage","Hello World"],"picked":"FTL","floor":5},{"not_picked":["Turbo","Barrage"],"picked":"Doom and Gloom","floor":6},{"not_picked":["Leap","Cold Snap"],"picked":"Coolheaded","floor":11}],"player_experience":1008715,"relics_obtained":[{"floor":6,"key":"Akabeko"},{"floor":8,"key":"Odd Mushroom"},{"floor":9,"key":"InkBottle"},{"floor":10,"key":"Orichalcum"}],"event_choices":[{"damage_healed":0,"gold_gain":0,"player_choice":"Success","damage_taken":18,"relics_obtained":["Ancient Tea Set"],"max_hp_gain":0,"max_hp_loss":0,"event_name":"Scrap Ooze","floor":3,"gold_loss":0},{"damage_healed":0,"gold_gain":175,"player_choice":"AGREE","damage_taken":0,"max_hp_gain":0,"max_hp_loss":0,"event_name":"Liars Game","floor":4,"gold_loss":0,"cards_obtained":["Doubt"]},{"damage_healed":0,"gold_gain":0,"player_choice":"Fought Mushrooms","damage_taken":0,"max_hp_gain":0,"max_hp_loss":0,"event_name":"Mushrooms","floor":8,"gold_loss":0}],"is_beta":false,"boss_relics":[],"items_purged_floors":[],"is_endless":false,"potions_floor_spawned":[6],"killed_by":"Gremlin Nob","ascension_level":14}}