{"host":"m7jrdcbl89w2s34c","time":1614353658,"event":{"mods":["AchievementEnabler","BaseMod","Bestiary","Block Reminder","Colored Map","Colored Powertips","Minty Spire (QoL Compilation)","Permanent Neow","Relic Stats","StSLib"],"gold_per_floor":[110,110,130,190,263,263,296,315,315,332,332,441,473,490,490,562,562,575,66,78,128,195,229,229,239,294,328,346,7,57,86,86,159,159,178,228,278,348,398,423,434,495,495,27,60,110,110,123,123,123],"floor_reached":51,"language":"ENG","playtime":5582,"items_purged":[],"score":1621,"play_id":"b49c8086-d54d-481c-8020-c0eea693f16b","local_time":"20210226163418","is_ascension_mode":true,"campfire_choices":[{"data":"Zap","floor":6.0,"key":"SMITH"},{"data":"Darkness","floor":11.0,"key":"SMITH"},{"data":"Darkness","floor":15.0,"key":"SMITH"},{"data":"Apotheosis","floor":24.0,"key":"SMITH"},{"data":"Buffer","floor":32.0,"key":"SMITH"},{"data":"1","floor":47,"key":"LIFT"},{"data":"2","floor":49,"key":"LIFT"}],"circlet_count":0,"master_deck":["AscendersBane","Defend_B","Zap+1","Dualcast","Coolheaded","Darkness+1","Glacier","Conserve Battery","Darkness+1","Conserve Battery","Core Surge","Glacier","Fission","Apotheosis+1","Loop","Darkness+1","Hologram","Go for the Eyes","Buffer+1","Doom and Gloom","Bite","Bite","Bite","Bite","Bite","Leap","Consume","Buffer+1","Coolheaded"],"relics":["Cracked Core","SsserpentHead","Pen Nib","StoneCalendar","Singing Bowl","Nunchaku","Coffee Dripper","Bottled Lightning","MealTicket","Bag of Preparation","Pantograph","FossilizedHelix","Strawberry","Busted Crown","Girya","Eternal Feather","Bronze Scales","DollysMirror","Gambling Chip"],"acts_visited":["Exordium","TheCity","TheBeyond"],"potions_floor_usage":[41,44],"damage_taken":[{"damage":0.0,"enemies":"Cultist","floor":1.0,"turns":3.0},{"damage":0.0,"enemies":"2 Louse","floor":3.0,"turns":6.0},{"damage":11.0,"enemies":"Small Slimes","floor":4.0,"turns":5.0},{"damage":7.0,"enemies":"Lagavulin","floor":7.0,"turns":6.0},{"damage":1.0,"enemies":"Exordium Thugs","floor":8.0,"turns":6.0},{"damage":0.0,"enemies":"Large Slime","floor":10.0,"turns":5.0},{"damage":8.0,"enemies":"3 Sentries","floor":13.0,"turns":7.0},{"damage":4.0,"enemies":"Looter","floor":14.0,"turns":4.0},{"damage":11.0,"enemies":"Slime Boss","floor":16.0,"turns":6.0},{"damage":6.0,"enemies":"Chosen","floor":18.0,"turns":4.0},{"damage":0.0,"enemies":"3 Byrds","floor":20.0,"turns":4.0},{"damage":0.0,"enemies":"Snecko","floor":22.0,"turns":5.0},{"damage":30.0,"enemies":"Gremlin Leader","floor":23.0,"turns":6.0},{"damage":0.0,"enemies":"Cultist and Chosen","floor":25.0,"turns":5.0},{"damage":25.0,"enemies":"Slavers","floor":27.0,"turns":7.0},{"damage":0.0,"enemies":"3 Cultists","floor":28.0,"turns":6.0},{"damage":0.0,"enemies":"Book of Stabbing","floor":31.0,"turns":6.0},{"damage":0.0,"enemies":"Champ","floor":33.0,"turns":14.0},{"damage":0.0,"enemies":"Orb Walker","floor":35.0,"turns":2.0},{"damage":0.0,"enemies":"3 Shapes","floor":38.0,"turns":6.0},{"damage":7.0,"enemies":"Nemesis","floor":40.0,"turns":7.0},{"damage":18,"enemies":"3 Darklings","floor":41,"turns":6},{"damage":0,"enemies":"Jaw Worm Horde","floor":42,"turns":4},{"damage":0,"enemies":"Reptomancer","floor":45,"turns":5},{"damage":0,"enemies":"Sphere and 2 Shapes","floor":48,"turns":6},{"damage":49,"enemies":"Time Eater","floor":50,"turns":11}],"seed_played":"2968636059651162134","potions_obtained":[{"floor":3.0,"key":"Dexterity Potion"},{"floor":7.0,"key":"PowerPotion"},{"floor":16.0,"key":"Fire Potion"},{"floor":18.0,"key":"Swift Potion"},{"floor":22.0,"key":"SteroidPotion"},{"floor":31.0,"key":"PowerPotion"},{"floor":33.0,"key":"DistilledChaos"},{"floor":35.0,"key":"Dexterity Potion"},{"floor":40.0,"key":"LiquidBronze"},{"floor":45,"key":"Fire Potion"}],"is_trial":false,"path_per_floor":["M","?","M","M","T","R","E","M","T","M","R","?","E","M","R","B",null,"M","$","M","?","M","E","R","M","T","E","M","$","?","E","R","B",null,"M","?","?","M","?","E","M","M","T","$","E","?","R","M","R","B",null],"character_chosen":"DEFECT","items_purchased":["Apotheosis","Bottled Lightning","Loop","FossilizedHelix","Consume","Bronze Scales","Fruit Juice","DollysMirror"],"campfire_rested":0,"item_purchase_floors":[19,19,19,29,44,44,44,44],"current_hp_per_floor":[64,64,64,53,53,53,46,45,45,45,45,45,37,35,35,24,56,52,52,54,54,56,26,26,26,26,1,1,16,16,34,34,61,61,63,63,63,65,65,63,66,71,71,76,78,78,78,78,78,38],"gold":123,"neow_bonus":"TRANSFORM_TWO_CARDS","is_daily":false,"chose_seed":false,"campfire_upgraded":5,"win_rate":0.0,"timestamp":1614353658,"path_taken":["M","?","M","?","?","R","E","M","T","M","R","?","E","M","R","BOSS","M","$","M","?","?","E","R","M","T","E","M","$","?","E","R","BOSS","M","?","?","?","?","E","M","?","T","$","E","?","R","M","R","BOSS"],"items_purchased_type":["Card","Relic","Card","Relic","Card","Relic","Potion","Relic"],"build_version":"2020-12-22","purchased_purges":0,"victory":true,"max_hp_per_floor":[64,64,64,64,64,64,64,64,64,64,64,64,64,66,66,66,66,68,68,70,70,72,72,72,72,72,72,72,72,50,59,59,61,61,63,63,63,65,65,67,69,71,71,76,78,78,78,78,78,78],"relic_stats":{"Singing Bowl":24,"counters":[26,152],"StoneCalendar":[190],"Eternal Feather":0,"Pen Nib":[14],"Bag of Preparation":[24],"SsserpentHead":600,"Nunchaku":[12],"Busted Crown":14,"Pantograph":25,"Bronze Scales":[68],"Gambling Chip":[6],"MealTicket":15,"obtain_stats":[{"Girya":40,"Singing Bowl":9,"StoneCalendar":7,"Eternal Feather":43,"Pen Nib":5,"Bag of Preparation":26,"SsserpentHead":2,"Nunchaku":13,"Busted Crown":34,"DollysMirror":44,"Pantograph":27,"Strawberry":31,"Bronze Scales":44,"Gambling Chip":45,"MealTicket":23,"Coffee Dripper":17,"Bottled Lightning":19,"Cracked Core":0,"FossilizedHelix":29},{"Girya":21,"Singing Bowl":5,"StoneCalendar":4,"Eternal Feather":23,"Pen Nib":3,"Bag of Preparation":14,"SsserpentHead":1,"Nunchaku":7,"Busted Crown":18,"DollysMirror":23,"Pantograph":15,"Strawberry":17,"Bronze Scales":23,"Gambling Chip":24,"MealTicket":13,"Coffee Dripper":9,"Bottled Lightning":10,"Cracked Core":0,"FossilizedHelix":16},{"Girya":120,"Singing Bowl":26,"StoneCalendar":20,"Eternal Feather":130,"Pen Nib":14,"Bag of Preparation":72,"SsserpentHead":3,"Nunchaku":38,"Busted Crown":105,"DollysMirror":130,"Pantograph":79,"Strawberry":91,"Bronze Scales":130,"Gambling Chip":135,"MealTicket":67,"Coffee Dripper":48,"Bottled Lightning":52,"Cracked Core":0,"FossilizedHelix":85}]},"card_choices":[{"not_picked":["Stack","Sweeping Beam"],"picked":"Glacier","floor":1.0},{"not_picked":["Leap","Stack"],"picked":"Conserve Battery","floor":3.0},{"not_picked":["Blizzard","Recycle"],"picked":"Darkness","floor":4.0},{"not_picked":["Rip and Tear","Sweeping Beam"],"picked":"Conserve Battery","floor":7.0},{"not_picked":["Coolheaded","Undo"],"picked":"Sweeping Beam","floor":8.0},{"not_picked":["Sunder","Force Field"],"picked":"Core Surge","floor":10.0},{"not_picked":["Compile Driver","All For One"],"picked":"Glacier","floor":13.0},{"not_picked":["Aggregate","Gash","Ball Lightning"],"picked":"Singing Bowl","floor":14.0},{"not_picked":["Rainbow","Hyperbeam"],"picked":"Fission","floor":16.0},{"not_picked":["Sweeping Beam","Stack","Cold Snap"],"picked":"Singing Bowl","floor":18.0},{"not_picked":["Barrage","Ball Lightning","Sunder"],"picked":"Singing Bowl","floor":20.0},{"not_picked":["Double Energy","Gash","Cold Snap"],"picked":"Singing Bowl","floor":22.0},{"not_picked":["Barrage","Rebound"],"picked":"Hologram","floor":23.0},{"not_picked":["Steam","Gash"],"picked":"Go for the Eyes","floor":25.0},{"not_picked":["Genetic Algorithm","Steam Power"],"picked":"Buffer","floor":27.0},{"not_picked":["Undo","Hologram+1"],"picked":"Doom and Gloom","floor":28.0},{"not_picked":["Steam+1","Leap","Stack"],"picked":"Singing Bowl","floor":31.0},{"not_picked":["Hyperbeam","All For One","Reboot"],"picked":"Singing Bowl","floor":33.0},{"not_picked":["Steam"],"picked":"Singing Bowl","floor":35.0},{"not_picked":["Glacier"],"picked":"Singing Bowl","floor":38.0},{"not_picked":["Auto Shields"],"picked":"Singing Bowl","floor":40.0},{"not_picked":["Recycle"],"picked":"Singing Bowl","floor":41},{"not_picked":["Beam Cell"],"picked":"Singing Bowl","floor":42},{"not_picked":["Chill"],"picked":"Singing Bowl","floor":45},{"not_picked":[],"picked":"Coolheaded","floor":48}],"player_experience":273597,"relics_obtained":[{"floor":5.0,"key":"Pen Nib"},{"floor":7.0,"key":"StoneCalendar"},{"floor":9.0,"key":"Singing Bowl"},{"floor":13.0,"key":"Nunchaku"},{"floor":23.0,"key":"MealTicket"},{"floor":26.0,"key":"Bag of Preparation"},{"floor":27.0,"key":"Pantograph"},{"floor":31.0,"key":"Strawberry"},{"floor":40.0,"key":"Girya"},{"floor":43,"key":"Eternal Feather"},{"floor":45,"key":"Gambling Chip"}],"event_choices":[{"damage_healed":0.0,"max_hp_gain":0.0,"max_hp_loss":0.0,"gold_gain":0.0,"event_name":"FaceTrader","player_choice":"Trade","floor":2.0,"gold_loss":0.0,"damage_taken":0.0,"relics_obtained":["SsserpentHead"]},{"damage_healed":0.0,"max_hp_gain":0.0,"max_hp_loss":0.0,"gold_gain":59.0,"event_name":"Golden Wing","player_choice":"Gained Gold","floor":12.0,"gold_loss":0.0,"damage_taken":0.0},{"damage_healed":0.0,"max_hp_gain":0.0,"max_hp_loss":0.0,"gold_gain":0.0,"event_name":"Duplicator","player_choice":"Copied","floor":21.0,"gold_loss":0.0,"damage_taken":0.0,"cards_obtained":["Darkness"]},{"damage_healed":0.0,"max_hp_gain":0.0,"max_hp_loss":22.0,"gold_gain":0.0,"event_name":"Vampires","player_choice":"Became a vampire","floor":30.0,"gold_loss":0.0,"damage_taken":0.0,"cards_obtained":["Bite","Bite","Bite","Bite","Bite"]},{"cards_removed":["Sweeping Beam"],"damage_healed":0.0,"max_hp_gain":0.0,"max_hp_loss":0.0,"gold_gain":0.0,"event_name":"Falling","player_choice":"Removed Attack","floor":36.0,"gold_loss":0.0,"damage_taken":0.0},{"damage_healed":0.0,"max_hp_gain":0.0,"max_hp_loss":0.0,"gold_gain":0.0,"cards_transformed":["Defend_B"],"event_name":"Transmorgrifier","player_choice":"Transformed","floor":37.0,"gold_loss":0.0,"damage_taken":0.0,"cards_obtained":["Leap"]},{"damage_healed":0.0,"max_hp_gain":0.0,"max_hp_loss":0.0,"gold_gain":0.0,"event_name":"SecretPortal","player_choice":"Ignored","floor":39.0,"gold_loss":0.0,"damage_taken":0.0},{"cards_removed":["Defend_B"],"damage_healed":0,"gold_gain":0,"player_choice":"Purged","damage_taken":0,"max_hp_gain":0,"max_hp_loss":0,"event_name":"Purifier","floor":46,"gold_loss":0}],"is_beta":false,"boss_relics":[{"not_picked":["Cursed Key","Fusion Hammer"],"picked":"Coffee Dripper"},{"not_picked":["Runic Dome","Calling Bell"],"picked":"Busted Crown"}],"items_purged_floors":[],"is_endless":false,"potions_floor_spawned":[3,7,14,16,18,22,31,33,35,40,45],"ascension_level":18}}