{"host":"7vlopc64487frs6y","time":1614337897,"event":{"mods":["Aspiration","BaseMod","BetterRewards","Colored Map","Decade(Õı–°√˜)","Downfall","Good Game Mod","Highlight Path","Minty Spire (QoL Compilation)","Quick Restart","Reimu£®≤©¿ˆ¡È√Œ£©","Remilia£®¿Ÿ√◊¿Ú—«£©","Replay The Spire","Shop Mod","StSLib","TestMod","Unceasing Turn Reminder","Youmu£®ªÍ∆«—˝√Œ£©"],"gold_per_floor":[113,129,143,169,194,238,238,238,238,281,182,220,235,258,258,338,338,357,383,404,404,429,470,497,542,569,569,588,607,68,111,111,203,203,203],"floor_reached":34,"language":"ZHS","playtime":3425,"items_purged":["Defend_G","Bullet Time"],"score":1342,"play_id":"dc60f0bc-952b-4945-8725-b405a0e821a2","local_time":"20210226191137","is_ascension_mode":true,"campfire_choices":[{"data":"Acrobatics","floor":7,"key":"SMITH"},{"floor":15,"key":"DIG"},{"floor":27,"key":"RECALL"},{"data":"Catalyst","floor":32,"key":"SMITH"}],"circlet_count":0,"master_deck":["AscendersBane","Survivor","Neutralize","Good Instincts","Acrobatics+1","ReplayTheSpireMod:Speed Training","Deflect","Infinite Blades","Backflip","Backstab","Deflect","Adrenaline","Outmaneuver","Underhanded Strike","Doppelganger","Leg Sweep","Accuracy","Catalyst+1","Sucker Punch+1","Bouncing Flask","Slice","Acrobatics","Hidden Blade+1","Crippling Poison+1","Calculated Gamble+1","After Image"],"relics":["Ring of the Snake","testmod-TestBox","REME:ComplimentaryCards","testmod-DeterminationOfClimber","NeowsBlessing","Replay:WaspNest","ReplayTheSpireMod:Ninjato","testmod-ObsoleteBoomerang","Vampiric Spirits","Pondfish Scales","Pandora\u0027s Box","Toxic Egg 2","Molten Egg 2","Bag of Preparation","Gremlin Horn","testmod-BalancedPeriapt","Ring of Chaos"],"acts_visited":["Exordium","TheCity","TheBeyond"],"potions_floor_usage":[6],"damage_taken":[{"damage":0,"enemies":"2 Louse","floor":1,"turns":1},{"damage":0,"enemies":"Jaw Worm","floor":2,"turns":2},{"damage":0,"enemies":"Cultist","floor":3,"turns":1},{"damage":0,"enemies":"2 Fungi Beasts","floor":4,"turns":3},{"damage":0,"enemies":"Looter","floor":5,"turns":3},{"damage":33,"enemies":"3 Sentries","floor":6,"turns":16},{"damage":0,"enemies":"Gremlin Nob","floor":10,"turns":2},{"damage":0,"enemies":"3 Sentries","floor":12,"turns":1},{"damage":0,"enemies":"3 Louse","floor":13,"turns":1},{"damage":0,"enemies":"Exordium Wildlife","floor":14,"turns":1},{"damage":0,"enemies":"Slime Boss","floor":16,"turns":2},{"damage":0,"enemies":"Chosen","floor":18,"turns":1},{"damage":0,"enemies":"Shell Parasite","floor":19,"turns":1},{"damage":0,"enemies":"Snake Plant","floor":20,"turns":1},{"damage":0,"enemies":"3 Cultists","floor":22,"turns":1},{"damage":0,"enemies":"Gremlin Leader","floor":23,"turns":1},{"damage":0,"enemies":"Cultist and Chosen","floor":24,"turns":1},{"damage":0,"enemies":"Slavers","floor":25,"turns":1},{"damage":0,"enemies":"Centurion and Healer","floor":28,"turns":1},{"damage":0,"enemies":"Sentry and Sphere","floor":29,"turns":1},{"damage":0,"enemies":"Book of Stabbing","floor":31,"turns":1},{"damage":0,"enemies":"Champ","floor":33,"turns":1}],"seed_played":"7753718818284673101","potions_obtained":[{"floor":1,"key":"Fire Potion"},{"floor":2,"key":"Adrenaline Potion"},{"floor":13,"key":"PowerPotion"}],"is_trial":false,"path_per_floor":["M","M","M","M","M","E","R","?","T","E","$","E","M","M","R_BF","B",null,"M","M","M","?","M","E","M","E","T","R","M","M","$","E","R","B",null],"character_chosen":"THE_SILENT","items_purchased":["Backflip","Bag of Preparation","Gremlin Horn"],"campfire_rested":0,"item_purchase_floors":[11,30,30],"current_hp_per_floor":[60,60,61,66,66,39,39,32,32,45,45,50,59,66,66,66,66,66,66,66,66,66,66,66,66,66,66,66,66,66,66,66,66,66,66],"gold":203,"neow_bonus":"THREE_ENEMY_KILL","is_daily":false,"chose_seed":false,"campfire_upgraded":2,"win_rate":0.0,"timestamp":1614337897,"path_taken":["M","M","M","M","M","E","R","?","T","E","$","E","M","M","R_BF","BOSS","M","M","M","?","?","E","M","E","T","R","M","M","$","E","R","BOSS"],"items_purchased_type":["Card","Relic","Relic"],"build_version":"2020-12-22","purchased_purges":2,"victory":false,"max_hp_per_floor":[66,66,66,66,66,66,66,66,66,66,66,66,66,66,66,66,66,66,66,66,66,66,66,66,66,66,66,66,66,66,66,66,66,66,66],"card_choices":[{"not_picked":["Poisoned Stab","Sucker Punch","Riddle With Holes"],"picked":"SKIP","floor":1},{"not_picked":["Deadly Poison","Reflex"],"picked":"Acrobatics","floor":2},{"not_picked":["Flying Knee","Glass Knife"],"picked":"ReplayTheSpireMod:Speed Training","floor":3},{"not_picked":["PiercingWail","Outmaneuver","Caltrops"],"picked":"SKIP","floor":4},{"not_picked":["Quick Slash","Crippling Poison","Dodge and Roll"],"picked":"SKIP","floor":5},{"not_picked":["Fluid Movement","Endless Agony"],"picked":"Deflect","floor":6},{"not_picked":["Malaise","Catalyst"],"picked":"Infinite Blades","floor":10},{"not_picked":["Draining Mist","Well Laid Plans"],"picked":"Backstab","floor":12},{"not_picked":["Blade Dance","Terror"],"picked":"Deflect","floor":13},{"not_picked":["Setup","Outmaneuver","Bane"],"picked":"SKIP","floor":14},{"not_picked":["Setup","Outmaneuver","Bane"],"picked":"SKIP","floor":14},{"not_picked":["Underhanded Strike","Finisher"],"picked":"Sucker Punch+1","floor":18},{"not_picked":["Cloak And Dagger","Replay:Poison Smokescreen"],"picked":"Bouncing Flask","floor":19},{"not_picked":["Hidden Blade","Doppelganger"],"picked":"Slice","floor":20},{"not_picked":["Sucker Punch","Dagger Throw"],"picked":"Acrobatics","floor":22},{"not_picked":["Underhanded Strike+1","Poisoned Stab"],"picked":"Hidden Blade+1","floor":23},{"not_picked":["Predator","Riddle With Holes","Night Terror+1"],"picked":"SKIP","floor":24},{"not_picked":["Backflip+1","Outmaneuver+1","Noxious Fumes"],"picked":"SKIP","floor":25},{"not_picked":["Dagger Spray+1","Acrobatics+1","Blade Dance+1"],"picked":"SKIP","floor":28},{"not_picked":["Cloak And Dagger+1","Flying Knee+1"],"picked":"Crippling Poison+1","floor":29},{"not_picked":["Blade Dance+1","Dagger Throw+1"],"picked":"Calculated Gamble+1","floor":31},{"not_picked":["Glass Knife+1","Atom Bomb+1"],"picked":"After Image","floor":33}],"player_experience":784338,"relics_obtained":[{"floor":6,"key":"Replay:WaspNest"},{"floor":9,"key":"ReplayTheSpireMod:Ninjato"},{"floor":10,"key":"testmod-ObsoleteBoomerang"},{"floor":12,"key":"Vampiric Spirits"},{"floor":15,"key":"Pondfish Scales"},{"floor":23,"key":"Toxic Egg 2"},{"floor":25,"key":"Molten Egg 2"},{"floor":31,"key":"testmod-BalancedPeriapt"}],"event_choices":[{"cards_removed":["Strike_G"],"damage_healed":0,"gold_gain":0,"player_choice":"Card Removal","damage_taken":7,"max_hp_gain":0,"max_hp_loss":0,"event_name":"Golden Wing","floor":8,"gold_loss":0},{"damage_healed":0,"gold_gain":0,"player_choice":"Ignored","damage_taken":0,"max_hp_gain":0,"max_hp_loss":0,"event_name":"The Mausoleum","floor":21,"gold_loss":0}],"is_beta":false,"boss_relics":[{"not_picked":["SacredBark","Velvet Choker"],"picked":"Pandora\u0027s Box"},{"not_picked":["aspiration:RitualDagger","Replay:Wanted Poster"],"picked":"Ring of Chaos"}],"items_purged_floors":[11,30],"is_endless":false,"potions_floor_spawned":[1,2,13,14,16,18,20,23,29,33],"ascension_level":19}}