{"host":"7t8rqoeeopyy0nh0","time":1614306695,"event":{"mods":["AchievementEnabler","Aspiration","BaseMod","Better Third Choice","BetterRewards","Colored Map","Colored Powertips","Conspire","Downfall","Hubris","Jorbs\u0027s Wanderer Trilogy","Minty Spire (QoL Compilation)","Permanent Neow","Quick Restart","Random Character Button","Rare Cards Sparkle","Reliquary","Replay The Spire","StSLib"],"gold_per_floor":[115,115,115,129,146,175,175,200,274,274,309,309,326,344,344,447,447,459,478,250,250,250,275,275,295,295,295,310,336,350,365,365,461,461,478,498,512,512,267,267,294,294,294,294,311,411,411,424,424,424,424],"floor_reached":50,"language":"ENG","playtime":1828,"items_purged":["Strike_P","Strike_P"],"score":1089,"play_id":"1f1137a4-58f5-448f-a143-9b00121d98b5","local_time":"20210225213135","is_ascension_mode":true,"campfire_choices":[{"floor":7,"key":"REST"},{"floor":10,"key":"REST"},{"data":"Vault","floor":12,"key":"SMITH"},{"data":"LessonLearned","floor":15,"key":"SMITH"},{"data":"Alpha","floor":24,"key":"SMITH"},{"data":"Eruption","floor":27,"key":"SMITH"},{"floor":32,"key":"REST"},{"floor":40,"key":"REST"},{"floor":47,"key":"REST"},{"floor":49,"key":"REST"}],"circlet_count":0,"master_deck":["Strike_P","Strike_P","Defend_P","Defend_P+1","Defend_P","Defend_P","Eruption+1","Vigilance","EmptyFist","Vault+1","Nirvana+1","Apotheosis+1","FlurryOfBlows+1","Consecrate","ThirdEye+1","CutThroughFate","JustLucky","EmptyFist","EmptyMind","FearNoEvil","BowlingBash","LessonLearned+1","Alpha+1","Wallop","ClearTheMind","Weave","Crescendo","Replay:Cycle","TalkToTheHand","Omniscience","ThirdEye+1"],"relics":["PureWater","Ginger","reliquary:PartyBalloon","ReplayTheSpireMod:Lightbulb","hubris:PeanutButter","reliquary:TuningFork","hubris:TerracottaHorce","Oddly Smooth Stone","hubris:Towel","reliquary:RosewoodLute","aspiration:Lifesprig","Dream Catcher","conspire:SpecialSausage","Centennial Puzzle","Vajra","Golden Egg","Happy Flower"],"acts_visited":["Exordium","TheCity","TheBeyond"],"potions_floor_usage":[18,29,33,41],"damage_taken":[{"damage":4,"enemies":"Jaw Worm","floor":1,"turns":2},{"damage":0,"enemies":"2 Louse","floor":4,"turns":3},{"damage":0,"enemies":"Small Slimes","floor":5,"turns":2},{"damage":0,"enemies":"Lagavulin","floor":6,"turns":6},{"damage":11,"enemies":"3 Sentries","floor":8,"turns":6},{"damage":0,"enemies":"Lagavulin","floor":11,"turns":6},{"damage":0,"enemies":"2 Fungi Beasts","floor":13,"turns":3},{"damage":0,"enemies":"3 Louse","floor":14,"turns":2},{"damage":0,"enemies":"Fading Forest","floor":16,"turns":12},{"damage":4,"enemies":"Chosen","floor":18,"turns":4},{"damage":0,"enemies":"Shell Parasite","floor":19,"turns":4},{"damage":14,"enemies":"Replay:Snechameleon","floor":23,"turns":5},{"damage":1,"enemies":"Centurion and Healer","floor":25,"turns":4},{"damage":0,"enemies":"Chosen and Byrds","floor":28,"turns":6},{"damage":8,"enemies":"Gremlin Leader","floor":29,"turns":4},{"damage":6,"enemies":"Snake Plant","floor":30,"turns":4},{"damage":0,"enemies":"Sentry and Sphere","floor":31,"turns":5},{"damage":33,"enemies":"Pondfish","floor":33,"turns":8},{"damage":24,"enemies":"3 Darklings","floor":35,"turns":5},{"damage":26,"enemies":"Orb Walker","floor":36,"turns":5},{"damage":1,"enemies":"Jaw Worm Horde","floor":37,"turns":5},{"damage":5,"enemies":"Giant Head","floor":41,"turns":7},{"damage":11,"enemies":"3 Darklings","floor":45,"turns":3},{"damage":19,"enemies":"Transient","floor":48,"turns":5},{"damage":76,"enemies":"conspire:OrnateMirror","floor":50,"turns":4}],"seed_played":"-1622019602778301196","potions_obtained":[{"floor":4,"key":"Venom Potion"},{"floor":5,"key":"Energy Potion"},{"floor":14,"key":"sneckomod:MuddlingPotion"},{"floor":16,"key":"AttackPotion"},{"floor":25,"key":"Toxic Potion"},{"floor":29,"key":"Strength Potion"},{"floor":30,"key":"Toxic Potion"},{"floor":33,"key":"Ancient Potion"},{"floor":41,"key":"LifebloodPotion"},{"floor":48,"key":"Adrenaline Potion"}],"is_trial":false,"path_per_floor":["M","?","?","M","M","E","R","E","T","R","E","R","M","M","R","B",null,"M","M","$","?","?","E","R","M","T","R","M","E","M","M","R","B",null,"M","M","M","?","$","R","E","?","T","T","M","?","R","M","R","B"],"character_chosen":"WATCHER","items_purchased":["EmptyFist","Vault","Nirvana+1","Apotheosis","FlurryOfBlows+1","Consecrate","Oddly Smooth Stone","Centennial Puzzle"],"campfire_rested":6,"item_purchase_floors":[0,0,0,0,0,0,20,39],"current_hp_per_floor":[29,29,15,15,15,15,36,25,25,46,46,46,46,46,46,56,68,64,64,64,64,64,50,50,49,49,49,49,41,35,35,56,23,60,36,10,9,9,9,30,25,25,25,25,14,14,35,16,37,0,0],"gold":424,"neow_bonus":"","is_daily":false,"chose_seed":false,"campfire_upgraded":4,"win_rate":0.0,"timestamp":1614306695,"path_taken":["M","?","?","M","M","E","R","E","T","R","E","R","M","M","R","BOSS","M","M","$","?","?","E","R","M","T","R","?","E","M","M","R","BOSS","M","M","M","?","$","R","E","?","T","?","?","?","R","M","R","BOSS"],"items_purchased_type":["Card","Card","Card","Card","Card","Card","Relic","Relic"],"build_version":"2020-12-22","purchased_purges":2,"victory":false,"max_hp_per_floor":[72,72,72,72,72,72,72,72,72,72,72,72,72,72,72,72,72,72,72,72,72,72,72,72,72,72,72,72,72,72,72,72,72,72,72,72,72,72,72,72,72,72,72,72,72,72,72,72,72,72,72],"card_choices":[{"not_picked":["Pray","Evaluate"],"picked":"ThirdEye","floor":1},{"not_picked":["Consecrate","Prostrate"],"picked":"CutThroughFate","floor":4},{"not_picked":["Evaluate","FollowUp"],"picked":"JustLucky","floor":5},{"not_picked":["Judgement","Sanctity"],"picked":"EmptyFist","floor":6},{"not_picked":["Prostrate","Replay:AtTheReady"],"picked":"EmptyMind","floor":8},{"not_picked":["Crescendo","BattleHymn"],"picked":"FearNoEvil","floor":11},{"not_picked":["FearNoEvil","ReachHeaven"],"picked":"BowlingBash","floor":13},{"not_picked":["Halt","CrushJoints"],"picked":"LessonLearned","floor":14},{"not_picked":["Judgement","Vault"],"picked":"Alpha","floor":16},{"not_picked":["CutThroughFate","EmptyFist"],"picked":"Wallop","floor":18},{"not_picked":["Sanctity","PathToVictory"],"picked":"ClearTheMind","floor":19},{"not_picked":["Conclude","SandsOfTime"],"picked":"Weave","floor":23},{"not_picked":["Swivel","Blasphemy"],"picked":"Crescendo","floor":25},{"not_picked":["BattleHymn","BowlingBash"],"picked":"Replay:Cycle","floor":28},{"not_picked":["FlurryOfBlows","FlyingSleeves","Pray"],"picked":"SKIP","floor":29},{"not_picked":["FollowUp","CrushJoints","WheelKick"],"picked":"SKIP","floor":30},{"not_picked":["Replay:BluntJabs+1","EmptyBody"],"picked":"TalkToTheHand","floor":31},{"not_picked":["Judgement","LessonLearned"],"picked":"Omniscience","floor":33},{"not_picked":["Evaluate","Replay:DivineShield+1","Sanctity"],"picked":"SKIP","floor":35},{"not_picked":["JustLucky+1","FollowUp","SandsOfTime"],"picked":"SKIP","floor":36},{"not_picked":["Replay:AtTheReady","EmptyBody","LikeWater"],"picked":"SKIP","floor":37},{"not_picked":["ClearTheMind","Replay:LoomingThreat","EmptyFist"],"picked":"SKIP","floor":41},{"not_picked":["CrushJoints","Pray","FlyingSleeves"],"picked":"SKIP","floor":45},{"not_picked":["EmptyBody","Halt"],"picked":"ThirdEye+1","floor":47},{"not_picked":["FollowUp","Crescendo+1","ThirdEye"],"picked":"SKIP","floor":48}],"player_experience":458235,"relics_obtained":[{"floor":6,"key":"reliquary:PartyBalloon"},{"floor":8,"key":"ReplayTheSpireMod:Lightbulb"},{"floor":9,"key":"hubris:PeanutButter"},{"floor":11,"key":"reliquary:TuningFork"},{"floor":23,"key":"reliquary:RosewoodLute"},{"floor":26,"key":"aspiration:Lifesprig"},{"floor":29,"key":"Dream Catcher"},{"floor":41,"key":"Vajra"},{"floor":43,"key":"Golden Egg"},{"floor":44,"key":"Happy Flower"}],"event_choices":[{"damage_healed":0,"gold_gain":0,"player_choice":"Ignored","damage_taken":0,"max_hp_gain":0,"max_hp_loss":0,"event_name":"Golden Wing","floor":2,"gold_loss":0},{"damage_healed":29,"gold_gain":0,"player_choice":"Upgrade","damage_taken":14,"max_hp_gain":0,"max_hp_loss":72,"event_name":"betterThird:BetterShining","floor":3,"gold_loss":0,"cards_upgraded":["Defend_P","Apotheosis"]},{"damage_healed":0,"gold_gain":0,"player_choice":"Bought 0 Potions","damage_taken":0,"max_hp_gain":0,"max_hp_loss":0,"event_name":"The Woman in Blue","floor":22,"gold_loss":0},{"damage_healed":0,"gold_gain":0,"player_choice":"Memory 1","damage_taken":0,"max_hp_gain":0,"max_hp_loss":0,"event_name":"SensoryStone","floor":38,"gold_loss":0},{"damage_healed":0,"gold_gain":0,"player_choice":"Ignored","damage_taken":0,"max_hp_gain":0,"max_hp_loss":0,"event_name":"Mysterious Sphere","floor":42,"gold_loss":0},{"damage_healed":0,"gold_gain":100,"player_choice":"Pray","damage_taken":0,"max_hp_gain":0,"max_hp_loss":0,"event_name":"Golden Shrine","floor":46,"gold_loss":0}],"is_beta":false,"boss_relics":[{"not_picked":["hubris:VirtuousBlindfold","hubris:RunicObelisk"],"picked":"hubris:TerracottaHorce"},{"not_picked":["aspiration:PoetsPen_weak","ReplayTheSpireMod:DimensionalGlitch"],"picked":"conspire:SpecialSausage"}],"items_purged_floors":[20,39],"is_endless":false,"potions_floor_spawned":[4,5,14,16,25,28,29,30,33,41,48],"killed_by":"conspire:OrnateMirror","ascension_level":7}}