{"host":"auii0tli5ebhxikt","time":1614307169,"event":{"mods":["ATMod(°¢èªMod)","Aspiration","BaseMod","Downfall","Energized Spire","Library of Ruina","Minty Spire (QoL Compilation)","Quick Restart","Relic Stats","Reliquary","Replay The Spire","Spicy Shops","StSLib","The Marked","Warlord Emblem","[IsaacMod]ÒÔÈö¼âËþ","¡¾ÒÅÎï¿¨ÅÆ¡¿REMEMod"],"gold_per_floor":[109,71,85,85,102,102,117,117,117,210,210,14,45,64,64,186,186,226,226,242,73,73,73,73],"floor_reached":23,"language":"ZHS","playtime":2704,"items_purged":["downfall:Aged"],"score":181,"play_id":"26935451-7181-44b8-8167-73236830112d","local_time":"20210226103929","is_ascension_mode":false,"campfire_choices":[{"floor":6,"key":"DIG"},{"floor":15,"key":"DIG"}],"circlet_count":0,"master_deck":["theMarked:Strike+1","theMarked:Strike+1","theMarked:Strike+1","theMarked:Strike+1","theMarked:Defend+1","theMarked:Defend+1","theMarked:Defend+1","theMarked:Defend+1","theMarked:SoldierOfQuellstein","BettingIsNotGood","theMarked:Aftermath","theMarked:Maelstrom","theMarked:Overcharge+1","theMarked:Electrocute","theMarked:BiggerThanFate","theMarked:Improvise","theMarked:LightningStrikesTwice"],"relics":["theMarked:ArtifactOfAir","AT_ATBox","HushsDoor","REME_ComplimentaryCards","SteamSale","Shovel","Ring of Panic","Ring of Hypnosis","reliquary:JackalopeAntler","Chaos","Pantograph","ForgetMeNow","PageOfLittleHelper","aspiration:Nostalgia","Iron Core","Chemical X"],"acts_visited":["Exordium","TheCity"],"potions_floor_usage":[16,16,18],"damage_taken":[{"damage":0,"enemies":"Cultist","floor":1,"turns":2},{"damage":2,"enemies":"Jaw Worm","floor":3,"turns":3},{"damage":0,"enemies":"2 Louse","floor":5,"turns":3},{"damage":0,"enemies":"Red Slaver","floor":7,"turns":1},{"damage":10,"enemies":"Large Slime","floor":13,"turns":7},{"damage":0,"enemies":"3 Louse","floor":14,"turns":2},{"damage":70,"enemies":"The Guardian","floor":16,"turns":14},{"damage":10,"enemies":"Spheric Guardian","floor":18,"turns":3},{"damage":13,"enemies":"3 Byrds","floor":20,"turns":5},{"damage":48,"enemies":"Book of Stabbing","floor":23,"turns":5}],"seed_played":"7671318259668347931","potions_obtained":[{"floor":5,"key":"Energy Potion"},{"floor":13,"key":"BlessingOfTheForge"},{"floor":16,"key":"REME_GoldPotion"}],"is_trial":false,"path_per_floor":["M","$","M","?","M","R","M","?","T","?","?","$","M","M","R","B",null,"M","?","M","$","?","E"],"character_chosen":"THE_DEFAULT","items_purchased":["Chaos","Pantograph","aspiration:Nostalgia","Chemical X","theMarked:LightningStrikesTwice"],"campfire_rested":0,"item_purchase_floors":[12,12,21,21,21],"current_hp_per_floor":[72,72,70,70,72,72,72,72,72,57,57,57,47,47,47,22,72,62,62,49,49,49,1,1],"gold":73,"neow_bonus":"ONE_RARE_RELIC","is_daily":false,"chose_seed":false,"campfire_upgraded":0,"win_rate":0.0,"timestamp":1614307169,"path_taken":["M","$","?","?","M","R","M","?","T","?","?","$","M","?","R","BOSS","M","?","M","$","?","E"],"items_purchased_type":["Card","Relic","Relic","Relic","Card"],"build_version":"2020-12-22","purchased_purges":1,"victory":false,"max_hp_per_floor":[72,72,72,72,72,72,72,72,72,72,72,72,72,72,72,72,72,72,72,72,72,72,72,72],"relic_stats":{"Shovel":2,"counters":[10,45],"Pantograph":25,"Chemical X":[1],"obtain_stats":[{"KeepersGift":0,"Chaos":12,"Iron Core":21,"AT_ATBox":0,"Ring of Hypnosis":8,"aspiration:Nostalgia":21,"PageOfLittleHelper":17,"SteamSale":0,"reliquary:JackalopeAntler":9,"theMarked:ArtifactOfAir":0,"Shovel":0,"Pantograph":12,"ForgetMeNow":15,"Chemical X":21,"Ring of Panic":8,"HushsDoor":0,"REME_ComplimentaryCards":0},{"KeepersGift":0,"Chaos":4,"Iron Core":9,"AT_ATBox":0,"Ring of Hypnosis":4,"aspiration:Nostalgia":9,"PageOfLittleHelper":7,"SteamSale":0,"reliquary:JackalopeAntler":4,"theMarked:ArtifactOfAir":0,"Shovel":0,"Pantograph":4,"ForgetMeNow":6,"Chemical X":9,"Ring of Panic":4,"HushsDoor":0,"REME_ComplimentaryCards":0},{"KeepersGift":0,"Chaos":9,"Iron Core":40,"AT_ATBox":0,"Ring of Hypnosis":9,"aspiration:Nostalgia":40,"PageOfLittleHelper":32,"SteamSale":0,"reliquary:JackalopeAntler":9,"theMarked:ArtifactOfAir":0,"Shovel":0,"Pantograph":9,"ForgetMeNow":18,"Chemical X":40,"Ring of Panic":9,"HushsDoor":0,"REME_ComplimentaryCards":0}]},"card_choices":[{"not_picked":[],"picked":"BettingIsNotGood","floor":0},{"not_picked":["theMarked:Electrocute","Bomb"],"picked":"theMarked:Aftermath","floor":1},{"not_picked":["theMarked:Aftermath","theMarked:TunnelVision"],"picked":"theMarked:Maelstrom","floor":3},{"not_picked":["theMarked:Standoff","Bomb","theMarked:Heritage"],"picked":"SKIP","floor":5},{"not_picked":["theMarked:Challenge","theMarked:RepellingDischarge","theMarked:Parkour"],"picked":"SKIP","floor":7},{"not_picked":["theMarked:Parkour","theMarked:HeightenedSenses"],"picked":"theMarked:Electrocute","floor":13},{"not_picked":["theMarked:Reabsorb","theMarked:KeepCalmAndFight","theMarked:RepellingDischarge"],"picked":"SKIP","floor":14},{"not_picked":["theMarked:Challenge","theMarked:Vacuum"],"picked":"theMarked:BiggerThanFate","floor":16},{"not_picked":["theMarked:WastefulAttack","theMarked:TakeCover","theMarked:Parkour"],"picked":"SKIP","floor":18},{"not_picked":["theMarked:Heritage+1","theMarked:BanishingStrike"],"picked":"theMarked:Improvise","floor":20}],"player_experience":162901,"relics_obtained":[{"floor":8,"key":"Ring of Panic"},{"floor":8,"key":"Ring of Hypnosis"},{"floor":9,"key":"reliquary:JackalopeAntler"},{"floor":15,"key":"ForgetMeNow"}],"event_choices":[{"cards_removed":["Voices"],"damage_healed":0,"gold_gain":0,"player_choice":"Removed Curses","damage_taken":0,"max_hp_gain":0,"max_hp_loss":0,"event_name":"Fountain of Cleansing","floor":11,"gold_loss":0},{"damage_healed":0,"gold_gain":0,"player_choice":"Simplicity","damage_taken":0,"max_hp_gain":0,"max_hp_loss":0,"event_name":"Back to Basics","floor":19,"gold_loss":0,"cards_upgraded":["theMarked:Strike","theMarked:Strike","theMarked:Strike","theMarked:Strike","theMarked:Defend","theMarked:Defend","theMarked:Defend","theMarked:Defend"]},{"damage_healed":0,"gold_gain":0,"player_choice":"Ignored","damage_taken":0,"max_hp_gain":0,"max_hp_loss":0,"event_name":"Vampires","floor":22,"gold_loss":0}],"is_beta":false,"boss_relics":[{"not_picked":["aspiration:FrozenJewel","AT_SilverBalance"],"picked":"PageOfLittleHelper"},{"not_picked":[]}],"items_purged_floors":[2],"is_endless":false,"potions_floor_spawned":[5,13,16],"killed_by":"Book of Stabbing","ascension_level":0}}