{"host":"Christian","time":1614365601,"event":{"mods":["BaseMod","Bestiary","Block Reminder","DeckTracker","Minty Spire (QoL Compilation)","Relic Stats","StSLib"],"gold_per_floor":[113,127,277,35,0,28,28,56,104,169,169,194,194,214,214,290,290,303,303,41,41,52,80,80,109,109,23,23,23,23,23],"floor_reached":30,"language":"ENG","playtime":1345,"items_purged":["Doubt","Writhe"],"score":560,"play_id":"f9d86747-13f6-418f-8d15-cbb1b0945d62","local_time":"20210226125321","is_ascension_mode":true,"campfire_choices":[{"floor":7,"key":"REST"},{"floor":11,"key":"REST"},{"data":"Barrage","floor":15,"key":"SMITH"},{"floor":24,"key":"REST"},{"data":"Fission","floor":28,"key":"SMITH"},{"data":"Hologram","floor":29,"key":"SMITH"}],"circlet_count":0,"master_deck":["AscendersBane","Strike_B","Strike_B","Strike_B","Strike_B","Defend_B","Defend_B","Defend_B","Defend_B","Zap","Dualcast","Fission+1","Sweeping Beam","Cold Snap","Cold Snap","Barrage+1","Ball Lightning","Hologram","Hologram+1","Electrodynamics","Go for the Eyes+1","Beam Cell+1","Leap"],"relics":["FrozenCore","Runic Capacitor","Juzu Bracelet","HornCleat","Toy Ornithopter","Torii","DataDisk","WingedGreaves","StoneCalendar","MealTicket"],"acts_visited":["Exordium","TheCity"],"potions_floor_usage":[6,12,23,25],"damage_taken":[{"damage":0,"enemies":"Cultist","floor":1,"turns":4},{"damage":3,"enemies":"2 Louse","floor":2,"turns":3},{"damage":50,"enemies":"Gremlin Nob","floor":6,"turns":6},{"damage":14,"enemies":"3 Sentries","floor":8,"turns":10},{"damage":14,"enemies":"3 Sentries","floor":10,"turns":7},{"damage":20,"enemies":"Gremlin Nob","floor":12,"turns":4},{"damage":7,"enemies":"Small Slimes","floor":14,"turns":2},{"damage":30,"enemies":"Slime Boss","floor":16,"turns":7},{"damage":0,"enemies":"Chosen","floor":18,"turns":6},{"damage":15,"enemies":"Shell Parasite","floor":22,"turns":7},{"damage":27,"enemies":"Gremlin Leader","floor":23,"turns":7},{"damage":31,"enemies":"Slavers","floor":25,"turns":6},{"damage":49,"enemies":"Gremlin Leader","floor":30,"turns":4}],"seed_played":"1199775537155426795","potions_obtained":[{"floor":2,"key":"Weak Potion"},{"floor":8,"key":"SkillPotion"}],"is_trial":false,"path_per_floor":["M","M","?","$","?","E","R","E","T","?","R","E","?","M","R","B",null,"M","?","$","T","M","E","R","E","T","$","R","R","E"],"character_chosen":"DEFECT","items_purchased":["Runic Capacitor","DuplicationPotion","LiquidBronze","DuplicationPotion"],"campfire_rested":3,"item_purchase_floors":[4,20,20,27],"current_hp_per_floor":[64,61,61,61,61,11,32,18,18,4,25,10,71,64,64,34,62,62,62,62,62,47,25,46,20,20,35,35,35,0,0],"gold":23,"neow_bonus":"ONE_RANDOM_RARE_CARD","is_daily":false,"chose_seed":false,"campfire_upgraded":3,"win_rate":0.0,"timestamp":1614365601,"path_taken":["M","M","?","$","?","E","R","E","T","?","R","E","?","M","R","BOSS","M","?","?","?","M","E","R","E","T","$","R","R","E"],"items_purchased_type":["Relic","Potion","Potion","Potion"],"build_version":"2020-12-18","purchased_purges":2,"victory":false,"max_hp_per_floor":[71,71,71,71,71,71,71,71,71,71,71,71,71,71,71,71,71,71,71,71,71,71,71,71,71,71,71,71,71,71,71],"relic_stats":{"Torii":12,"counters":[13,73],"StoneCalendar":[0],"MealTicket":15,"Juzu Bracelet":1,"obtain_stats":[{"DataDisk":12,"HornCleat":8,"Torii":10,"StoneCalendar":25,"MealTicket":26,"WingedGreaves":19,"Runic Capacitor":4,"Juzu Bracelet":6,"Cracked Core":0,"Toy Ornithopter":9,"FrozenCore":17},{"DataDisk":6,"HornCleat":4,"Torii":5,"StoneCalendar":12,"MealTicket":12,"WingedGreaves":9,"Runic Capacitor":2,"Juzu Bracelet":3,"Cracked Core":0,"Toy Ornithopter":4,"FrozenCore":8},{"DataDisk":34,"HornCleat":23,"Torii":30,"StoneCalendar":69,"MealTicket":69,"WingedGreaves":49,"Runic Capacitor":7,"Juzu Bracelet":13,"Cracked Core":0,"Toy Ornithopter":23,"FrozenCore":43}],"Toy Ornithopter":15,"FrozenCore":[13]},"card_choices":[{"not_picked":["Redo","Lockon"],"picked":"Sweeping Beam","floor":1},{"not_picked":["Streamline","Gash"],"picked":"Cold Snap","floor":2},{"not_picked":["Hologram","Reboot"],"picked":"Cold Snap","floor":6},{"not_picked":["Lockon","Ball Lightning"],"picked":"Barrage","floor":8},{"not_picked":["Rip and Tear","Lockon"],"picked":"Ball Lightning","floor":10},{"not_picked":["Beam Cell","Rebound"],"picked":"Hologram","floor":12},{"not_picked":["Steam","Redo"],"picked":"Hologram","floor":14},{"not_picked":["Meteor Strike","Biased Cognition"],"picked":"Electrodynamics","floor":16},{"not_picked":["Stack","Sweeping Beam","Barrage"],"picked":"SKIP","floor":18},{"not_picked":["Lockon+1","Blizzard"],"picked":"Go for the Eyes+1","floor":22},{"not_picked":["Barrage","Streamline"],"picked":"Beam Cell+1","floor":23},{"not_picked":["All For One","Recycle"],"picked":"Leap","floor":25}],"player_experience":121200,"relics_obtained":[{"floor":6,"key":"Juzu Bracelet"},{"floor":8,"key":"HornCleat"},{"floor":9,"key":"Toy Ornithopter"},{"floor":10,"key":"Torii"},{"floor":12,"key":"DataDisk"},{"floor":25,"key":"StoneCalendar"},{"floor":26,"key":"MealTicket"}],"event_choices":[{"damage_healed":0,"gold_gain":150,"player_choice":"AGREE","damage_taken":0,"max_hp_gain":0,"max_hp_loss":0,"event_name":"Liars Game","floor":3,"gold_loss":0,"cards_obtained":["Doubt"]},{"damage_healed":0,"gold_gain":0,"player_choice":"Left Gold","damage_taken":0,"max_hp_gain":0,"max_hp_loss":0,"event_name":"World of Goop","floor":5,"gold_loss":35},{"damage_healed":0,"gold_gain":0,"player_choice":"Searched \u00271\u0027 times","damage_taken":0,"max_hp_gain":0,"max_hp_loss":0,"event_name":"Dead Adventurer","floor":10,"gold_loss":0},{"damage_healed":61,"gold_gain":0,"player_choice":"Full Heal","damage_taken":0,"max_hp_gain":0,"max_hp_loss":0,"event_name":"Wheel of Change","floor":13,"gold_loss":0},{"damage_healed":0,"gold_gain":0,"player_choice":"Opened","damage_taken":0,"relics_obtained":["WingedGreaves"],"max_hp_gain":0,"max_hp_loss":0,"event_name":"The Mausoleum","floor":19,"gold_loss":0,"cards_obtained":["Writhe"]}],"is_beta":true,"boss_relics":[{"not_picked":["Calling Bell","SlaversCollar"],"picked":"FrozenCore"}],"items_purged_floors":[4,20],"is_endless":false,"potions_floor_spawned":[2,8,22],"killed_by":"Gremlin Leader","ascension_level":20}}