{"host":"89iuq2p5kwriuwfq","time":1614338477,"event":{"mods":["BaseMod","Curses Come First","Custom Start","Minty Spire (QoL Compilation)","Permanent Neow","StSLib"],"gold_per_floor":[117,134,153,173,188,222,222,222,222],"floor_reached":8,"language":"ENG","playtime":503,"items_purged":[],"score":108,"play_id":"ea2757a2-2bb2-44f6-a44c-417ad1d1b8bc","local_time":"20210226112117","is_ascension_mode":true,"campfire_choices":[{"floor":7,"key":"REST"}],"circlet_count":0,"master_deck":["AscendersBane","Strike_B","Strike_B","Strike_B","Strike_B","Defend_B","Defend_B","Defend_B","Defend_B","Zap","Dualcast","Gash","Auto Shields","Streamline","Seek","Steam Power"],"relics":["Cracked Core","Bronze Scales","Vajra"],"acts_visited":["Exordium"],"potions_floor_usage":[5,8],"damage_taken":[{"damage":4,"enemies":"Jaw Worm","floor":1,"turns":3},{"damage":1,"enemies":"Cultist","floor":2,"turns":3},{"damage":5,"enemies":"Small Slimes","floor":3,"turns":3},{"damage":1,"enemies":"2 Fungi Beasts","floor":4,"turns":4},{"damage":13,"enemies":"Lots of Slimes","floor":5,"turns":3},{"damage":36,"enemies":"Lagavulin","floor":6,"turns":7},{"damage":29,"enemies":"3 Sentries","floor":8,"turns":5}],"seed_played":"-8342172127682252234","potions_obtained":[{"floor":4,"key":"LiquidMemories"},{"floor":6,"key":"SneckoOil"}],"is_trial":false,"path_per_floor":["M","M","M","M","M","E","R","E"],"character_chosen":"DEFECT","items_purchased":[],"campfire_rested":1,"item_purchase_floors":[],"current_hp_per_floor":[60,59,54,53,40,4,25,0,0],"gold":222,"neow_bonus":"RANDOM_COMMON_RELIC","is_daily":false,"chose_seed":false,"campfire_upgraded":0,"win_rate":0.0,"timestamp":1614338477,"path_taken":["M","M","M","M","M","E","R","E"],"items_purchased_type":[],"build_version":"2020-12-22","purchased_purges":0,"victory":false,"max_hp_per_floor":[71,71,71,71,71,71,71,71,71],"card_choices":[{"not_picked":["Stack","Redo","Barrage"],"picked":"SKIP","floor":1},{"not_picked":["Beam Cell","Melter"],"picked":"Gash","floor":2},{"not_picked":["Conserve Battery","Steam"],"picked":"Auto Shields","floor":3},{"not_picked":["Barrage","Stack"],"picked":"Streamline","floor":4},{"not_picked":["Barrage","Rip and Tear"],"picked":"Seek","floor":5},{"not_picked":["Thunder Strike","Darkness"],"picked":"Steam Power","floor":6}],"player_experience":795574,"relics_obtained":[{"floor":6,"key":"Vajra"}],"event_choices":[],"is_beta":false,"boss_relics":[],"items_purged_floors":[],"is_endless":false,"potions_floor_spawned":[4,6],"killed_by":"3 Sentries","ascension_level":16}}