{"host":"lvs2wt6hnb8ekxok","time":1614324005,"event":{"mods":["Act Like it!","Arknights","Ascension Reborn","Bartender","BaseMod","BetterRewards","Card Forge","Challenge The Spire","Custom Start","Downfall","Elementarium","Friendly Minions","Gensokyo","GifTheSpireLib","Halation","Hallownest","Hero for Fun","Hubris","Infinite Spire","Kiyohime????","Lobotomy","Menagerie","Minty Spire (QoL Compilation)","Relic Filter","Relic Stats","Replay The Spire","Reworked Bosses","Ruina","SOS???????","StSLib","Stuff the Spire","Td1madao Mod","The Animator","The Bladedancer","The Bug Knight","The Death Knight","The Exalted","The Forsaken","The Servant 0.9.4","Wandering Minibosses","???Mod??????Boss","???mod?????"],"gold_per_floor":[99,119,104,119,219,219,219,204,238,257,257,286,271,271,287,383,383,383,395,495,495,495,495,542,553,565,598,598,611,621,654,671,769,769,569,581,600,712,712,737,810,176,190,203,203,237,249,249,268,268,268],"floor_reached":52,"language":"ENG","playtime":3926,"items_purged":[],"score":1012,"play_id":"68704662-56c4-418e-bbe2-0f22a22e790b","local_time":"20210225232005","is_ascension_mode":false,"campfire_choices":[{"floor":1,"key":"RECALL"},{"floor":6,"key":"REST"},{"floor":18,"key":"REST"},{"floor":23,"key":"REST"},{"floor":35,"key":"REST"},{"floor":45,"key":"REST"}],"circlet_count":0,"master_deck":["Slimebound:Strike_Slimebound+1","Slimebound:Strike_Slimebound+1","Slimebound:Strike_Slimebound+1","Slimebound:Tackle+1","Slimebound:Defend_Slimebound+1","Slimebound:Defend_Slimebound+1","Slimebound:Defend_Slimebound+1","Slimebound:Defend_Slimebound+1","Slimebound:Split+1","Slimebound:CorrosiveSpit+1","Slimebound:OozeBath+1","Slimebound:Overexert+1","Slimebound:Recycling+1","Slimebound:WasteNot+1","Slimebound:SelfFormingGoo+1","Slimebound:MinionMaster+1","Slimebound:LevelUp+1","Slimebound:LivingWall+1","Slimebound:Gluttony+1","Slimebound:OozeBath+1","Slimebound:LeechLife+1","Slimebound:OozeBath+1","Slimebound:OozeBath+1","Slimebound:LevelUp+1","Slimebound:AcidTongue+1","Slimebound:SplitSpecialist+1","Slimebound:Split+1","Slimebound:OozeBath+1","Slimebound:LevelUp+1","Slimebound:AcidTongue+1","Slimebound:SamplingLick+1","Slimebound:SlimeSpikes+1","Slimebound:SplitMire+1","Slimebound:Prepare+1","Slimebound:SplitAcid+1","Slimebound:SplitBruiser+1","Slimebound:Prepare+1","Slimebound:Repurpose+1","Slimebound:LivingWall+1","Slimebound:MassRepurpose+1","Spreading Infection","Knight Kick+1","Slimebound:LeechLife+1","Enlightenment+1","infinitespire:SevenWalls+1","Slimebound:Schlurp+1","Slimebound:SplitLeeching+1","infinitespire:Starlight+1","ReplayTheSpireMod:Book of Names+1","Slimebound:SpikyOuterGoop+1","Slimebound:ForwardTackle+1","Slimebound:Schlurp+1","Slimebound:HauntingLick+1","Slimebound:SlimeBrawl+1","Slimebound:FormOfPuddle+1","Slimebound:ProtectTheBoss+1","Slimebound:TagTeam+1","Slimebound:LeechingTouch+1","Slimebound:ItLooksTasty+1","Specialist+1","ReplayTheSpireMod:Black Plague+1","Slimebound:LeadByExample+1","expansioncontent:QuickStudy+1","Slimebound:FlameTackle+1","Slimebound:Dissolve+1","Slimebound:SpikyOuterGoop+1","Slimebound:ComboTackle+1"],"relics":["Slimebound:AbsorbEndCombat","Hammer of Thor","Seething Fire","Anvil of the Gods","Kunai","hubris:TenFootPole","hubris:Towel","infinitespire:BottledMercury","StuffTheSpire:RedRose","ReplayTheSpireMod:SealedPack","Bromod:ArcaneUltimatum","infinitespire:ShieldingShard","Honey Jar","Blood Vial","Bromod:ArcaneMomentum","wanderingMiniBosses:OtherGremlinHorn","Happy Flower","Anchor","Runic Pyramid","downfall:HeartBlessingRed","downfall:HeartBlessingGreen","StuffTheSpire:Gunfinga","Ring of Searing","ReplayTheSpireMod:Ring of Addiction","White Beast Statue","Potion Belt","hubris:64BitClover","DeathKnight:SindragosasSkull","hubris:AstralHammer","Frozen Eye","theForsaken:Kindling"],"acts_visited":["Exordium","TheCity","TheBeyond"],"potions_floor_usage":[20,40,50,50,50,50],"damage_taken":[{"damage":18,"enemies":"ats:Genji","floor":2,"turns":7},{"damage":0,"enemies":"downfall:FleeingMerchant","floor":3,"turns":4},{"damage":17,"enemies":"Jaw Worm","floor":4,"turns":7},{"damage":0,"enemies":"downfall:FleeingMerchant","floor":8,"turns":4},{"damage":11,"enemies":"Replay:BlueRogue","floor":9,"turns":4},{"damage":12,"enemies":"2 Louse","floor":10,"turns":2},{"damage":11,"enemies":"HollowMod:MossKnight","floor":12,"turns":6},{"damage":20,"enemies":"downfall:FleeingMerchant","floor":13,"turns":4},{"damage":16,"enemies":"Large Slime","floor":15,"turns":4},{"damage":5,"enemies":"WA_ARCHETYPE_RETAIN","floor":16,"turns":6},{"damage":24,"enemies":"Shell Parasite","floor":19,"turns":6},{"damage":42,"enemies":"Colosseum Nobs","floor":20,"turns":4},{"damage":7,"enemies":"Chosen","floor":25,"turns":6},{"damage":17,"enemies":"Centurion and Healer","floor":26,"turns":3},{"damage":0,"enemies":"Book of Stabbing","floor":27,"turns":5},{"damage":14,"enemies":"Snake Plant","floor":29,"turns":3},{"damage":7,"enemies":"Shelled Parasite and Fungi","floor":30,"turns":5},{"damage":0,"enemies":"Nightmare","floor":31,"turns":5},{"damage":15,"enemies":"3 Cultists","floor":32,"turns":4},{"damage":0,"enemies":"IC_MUSHROOM_ARCHETYPE","floor":33,"turns":7},{"damage":2,"enemies":"Orb Walker","floor":36,"turns":5},{"damage":0,"enemies":"3 Shapes","floor":37,"turns":4},{"damage":10,"enemies":"downfall:FleeingMerchant","floor":38,"turns":4},{"damage":70,"enemies":"Nightmare","floor":40,"turns":4},{"damage":0,"enemies":"Spire Growth","floor":43,"turns":4},{"damage":9,"enemies":"3 Darklings","floor":44,"turns":4},{"damage":17,"enemies":"Giant Head","floor":46,"turns":5},{"damage":17,"enemies":"Maw","floor":47,"turns":5},{"damage":9,"enemies":"Spire Growth","floor":49,"turns":4},{"damage":35,"enemies":"DF_ARCHETYPE_ORBS","floor":50,"turns":6}],"seed_played":"4284390308126087836","potions_obtained":[{"floor":0,"key":"AttackPotion"},{"floor":0,"key":"sneckomod:MuddlingPotion"},{"floor":0,"key":"Venom Potion"},{"floor":12,"key":"Elixir"},{"floor":25,"key":"Explosive Potion"},{"floor":31,"key":"Energy Potion"},{"floor":32,"key":"Elixir"},{"floor":33,"key":"Guardian:BlockOnCardUsePotion"},{"floor":37,"key":"Death Potion"},{"floor":39,"key":"Slimebound:SlimedPotion"},{"floor":39,"key":"Swift Potion"},{"floor":39,"key":"ColorlessPotion"},{"floor":40,"key":"Explosive Potion"},{"floor":43,"key":"PowerPotion"},{"floor":44,"key":"Ancient Potion"},{"floor":46,"key":"Slimebound:SlimedPotion"}],"is_trial":false,"path_per_floor":["R","M","$","M","?","R","T","$","E","M","?","E","$","?","M","B",null,"R","M","?","?","AVR","R","T","M","M","E","?","M","M","NM","M","B",null,"R","M","M","$","?","NM","T","$","M","M","R","E","M","?","M","B",null,null],"character_chosen":"SLIMEBOUND","items_purchased":["StuffTheSpire:Gunfinga","Specialist","hubris:AstralHammer","Frozen Eye","expansioncontent:QuickStudy"],"campfire_rested":5,"item_purchase_floors":[38,38,42,42,42],"current_hp_per_floor":[65,49,51,55,55,65,65,65,65,55,55,65,65,65,51,65,65,65,45,34,34,34,53,53,65,65,65,65,65,65,65,65,65,65,65,65,65,65,65,46,46,46,65,56,63,63,61,61,54,59,59],"gold":268,"neow_bonus":"THREE_SMALL_POTIONS","is_daily":false,"chose_seed":false,"campfire_upgraded":0,"win_rate":0.0,"timestamp":1614324005,"path_taken":["R","M","$","M","?","R","T","?","E","?","?","E","$","?","M","BOSS","R","M","?","?","AVR","R","T","?","M","E","?","M","?","NM","M","BOSS","R","M","M","$","?","NM","T","?","M","?","R","E","M","?","M","BOSS"],"items_purchased_type":["Relic","Card","Relic","Relic","Card"],"build_version":"2020-12-22","purchased_purges":0,"victory":true,"max_hp_per_floor":[65,65,65,65,65,65,65,65,65,65,65,65,65,65,65,65,65,65,65,65,65,65,65,65,65,65,65,65,65,65,65,65,65,65,65,65,65,65,65,65,65,65,65,63,63,63,61,61,61,59,59],"relic_stats":{"Blood Vial":6,"Happy Flower":[23],"counters":[30,140],"Kunai":[4],"obtain_stats":[{"Bromod:ArcaneUltimatum":20,"infinitespire:BottledMercury":12,"downfall:HeartBlessingGreen":35,"Hammer of Thor":0,"wanderingMiniBosses:OtherGremlinHorn":25,"Ring of Searing":39,"Blood Vial":22,"Frozen Eye":42,"StuffTheSpire:Gunfinga":38,"infinitespire:ShieldingShard":20,"hubris:AstralHammer":42,"theForsaken:Kindling":46,"Honey Jar":22,"Kunai":7,"StuffTheSpire:RedRose":14,"Runic Pyramid":34,"Potion Belt":39,"Happy Flower":27,"downfall:HeartBlessingRed":35,"hubris:64BitClover":40,"ReplayTheSpireMod:Ring of Addiction":39,"ReplayTheSpireMod:SealedPack":17,"Seething Fire":0,"hubris:Towel":11,"White Beast Statue":39,"Bromod:ArcaneMomentum":24,"Anchor":31,"Anvil of the Gods":0,"Slimebound:AbsorbEndCombat":0,"hubris:TenFootPole":9,"DeathKnight:SindragosasSkull":41},{"Bromod:ArcaneUltimatum":12,"infinitespire:BottledMercury":7,"downfall:HeartBlessingGreen":20,"Hammer of Thor":0,"wanderingMiniBosses:OtherGremlinHorn":13,"Ring of Searing":23,"Blood Vial":12,"Frozen Eye":24,"StuffTheSpire:Gunfinga":23,"infinitespire:ShieldingShard":12,"hubris:AstralHammer":24,"theForsaken:Kindling":27,"Honey Jar":12,"Kunai":3,"StuffTheSpire:RedRose":8,"Runic Pyramid":20,"Potion Belt":23,"Happy Flower":15,"downfall:HeartBlessingRed":20,"hubris:64BitClover":24,"ReplayTheSpireMod:Ring of Addiction":23,"ReplayTheSpireMod:SealedPack":10,"Seething Fire":0,"hubris:Towel":6,"White Beast Statue":23,"Bromod:ArcaneMomentum":12,"Anchor":18,"Anvil of the Gods":0,"Slimebound:AbsorbEndCombat":0,"hubris:TenFootPole":5,"DeathKnight:SindragosasSkull":24},{"Bromod:ArcaneUltimatum":57,"infinitespire:BottledMercury":33,"downfall:HeartBlessingGreen":95,"Hammer of Thor":0,"wanderingMiniBosses:OtherGremlinHorn":63,"Ring of Searing":108,"Blood Vial":57,"Frozen Eye":112,"StuffTheSpire:Gunfinga":108,"infinitespire:ShieldingShard":57,"hubris:AstralHammer":112,"theForsaken:Kindling":125,"Honey Jar":57,"Kunai":17,"StuffTheSpire:RedRose":37,"Runic Pyramid":95,"Potion Belt":108,"Happy Flower":71,"downfall:HeartBlessingRed":95,"hubris:64BitClover":112,"ReplayTheSpireMod:Ring of Addiction":108,"ReplayTheSpireMod:SealedPack":47,"Seething Fire":0,"hubris:Towel":27,"White Beast Statue":108,"Bromod:ArcaneMomentum":57,"Anchor":84,"Anvil of the Gods":0,"Slimebound:AbsorbEndCombat":0,"hubris:TenFootPole":25,"DeathKnight:SindragosasSkull":112}]},"card_choices":[{"not_picked":["Slimebound:ServeAndProtect","Slimebound:GoopTackle"],"picked":"Slimebound:SamplingLick","floor":2},{"not_picked":["Slimebound:SamplingLick","Slimebound:SplitAcid"],"picked":"Slimebound:SlimeSpikes","floor":3},{"not_picked":["Slimebound:SplitAcid","Slimebound:Chomp"],"picked":"Slimebound:SplitMire","floor":4},{"not_picked":["Slimebound:GrowthPunch","Slimebound:Grow"],"picked":"Slimebound:Prepare","floor":8},{"not_picked":["Slimebound:SplitMire","Slimebound:HauntingLick"],"picked":"Slimebound:SplitAcid","floor":9},{"not_picked":["Slimebound:LevelUp","Slimebound:Grow"],"picked":"Slimebound:SplitBruiser","floor":10},{"not_picked":["Slimebound:SplitBruiser","Slimebound:RallyTheTroops"],"picked":"Slimebound:Prepare","floor":12},{"not_picked":["Slimebound:SplitAcid","Slimebound:GoopTackle"],"picked":"Slimebound:Repurpose","floor":13},{"not_picked":["Slimebound:Nibble","Slimebound:SlimeSpikes"],"picked":"Slimebound:LivingWall","floor":15},{"not_picked":["Slimebound:MinionMaster","Slimebound:LeechLife"],"picked":"Slimebound:MassRepurpose","floor":16},{"not_picked":["Slimebound:Tackle","m_Bronzebash"],"picked":"Knight Kick","floor":17},{"not_picked":["Slimebound:RallyTheTroops","Slimebound:DuplicatedForm"],"picked":"Slimebound:LeechLife","floor":17},{"not_picked":["Specialist","Dramatic Entrance"],"picked":"Enlightenment","floor":17},{"not_picked":["hubris:Fate","ReplayTheSpireMod:Echoes of Time"],"picked":"infinitespire:SevenWalls","floor":17},{"not_picked":["Slimebound:LivingWall","Slimebound:SlimeBarrage+1"],"picked":"Slimebound:Schlurp","floor":19},{"not_picked":["Slimebound:GoopTackle+1","Slimebound:Schlurp"],"picked":"Slimebound:SplitLeeching","floor":20},{"not_picked":["Slimebound:Gluttony","Slimebound:Equalize","Slimebound:SlimeBrawl"],"picked":"Slimebound:SpikyOuterGoop+1","floor":25},{"not_picked":["Slimebound:SpikyOuterGoop","Slimebound:Chomp","Slimebound:GrowthPunch"],"picked":"Slimebound:ForwardTackle","floor":26},{"not_picked":["Slimebound:PrepareCrush","Slimebound:SplitBruiser","Slimebound:FinishingTackle"],"picked":"Slimebound:Schlurp","floor":27},{"not_picked":["Slimebound:GrowthPunch","Slimebound:BestDefense","Slimebound:SplitLeeching+1"],"picked":"Slimebound:HauntingLick+1","floor":29},{"not_picked":["Slimebound:LeadByExample","Slimebound:DisruptingSlam+1","Slimebound:PrepareCrush"],"picked":"Slimebound:SlimeBrawl+1","floor":30},{"not_picked":["Slimebound:ItLooksTasty","Slimebound:ForwardTackle","Slimebound:RollThrough+1"],"picked":"Slimebound:FormOfPuddle","floor":31},{"not_picked":["Slimebound:LivingWall","Slimebound:PressTheAttack+1","Slimebound:SamplingLick"],"picked":"Slimebound:ProtectTheBoss","floor":32},{"not_picked":["Slimebound:RallyTheTroops","Slimebound:MassFeed","Slimebound:MinionMaster"],"picked":"Slimebound:TagTeam","floor":33},{"not_picked":["Slimebound:ComboTackle+1","Slimebound:SplitAcid+1","Slimebound:LeadByExample"],"picked":"Slimebound:LeechingTouch","floor":36},{"not_picked":["Slimebound:RollThrough+1","Slimebound:FinishingTackle","Slimebound:TagTeam"],"picked":"Slimebound:ItLooksTasty+1","floor":37},{"not_picked":["Slimebound:TongueLash","Slimebound:ItLooksTasty","Slimebound:SlimeSpikes","Slimebound:LeechingTouch"],"picked":"SKIP","floor":38},{"not_picked":["infinitespire:Collect","infinitespire:Starlight"],"picked":"ReplayTheSpireMod:Black Plague","floor":40},{"not_picked":["Slimebound:LeechingTouch+1","Slimebound:Teamwork","Slimebound:TongueLash"],"picked":"Slimebound:LeadByExample","floor":40},{"not_picked":["Slimebound:SplitLeeching+1","Slimebound:Chomp","Slimebound:ComboTackle"],"picked":"Slimebound:FlameTackle","floor":43},{"not_picked":["Slimebound:SlimeSlap","Slimebound:SplitLeeching+1","Slimebound:FinishingTackle"],"picked":"Slimebound:Dissolve","floor":44},{"not_picked":["Slimebound:RallyTheTroops","Slimebound:SplitBruiser+1","Slimebound:SamplingLick+1"],"picked":"Slimebound:SpikyOuterGoop","floor":46},{"not_picked":["Slimebound:ItLooksTasty","Slimebound:SplitMire+1","Slimebound:LeechingTouch"],"picked":"Slimebound:ComboTackle","floor":47},{"not_picked":["Slimebound:LeechingTouch","Slimebound:SplitLeeching","Slimebound:ServeAndProtect","Slimebound:LivingWall"],"picked":"SKIP","floor":49}],"player_experience":120984,"relics_obtained":[{"floor":7,"key":"Kunai"},{"floor":9,"key":"hubris:TenFootPole"},{"floor":12,"key":"infinitespire:BottledMercury"},{"floor":20,"key":"Bromod:ArcaneUltimatum"},{"floor":20,"key":"infinitespire:ShieldingShard"},{"floor":24,"key":"Bromod:ArcaneMomentum"},{"floor":25,"key":"wanderingMiniBosses:OtherGremlinHorn"},{"floor":27,"key":"Happy Flower"},{"floor":31,"key":"Anchor"},{"floor":39,"key":"Ring of Searing"},{"floor":39,"key":"ReplayTheSpireMod:Ring of Addiction"},{"floor":39,"key":"White Beast Statue"},{"floor":39,"key":"Potion Belt"},{"floor":40,"key":"hubris:64BitClover"},{"floor":41,"key":"DeathKnight:SindragosasSkull"},{"floor":46,"key":"theForsaken:Kindling"}],"event_choices":[],"is_beta":false,"boss_relics":[{"not_picked":["hubris:Backtick","Pandora\u0027s Box"],"picked":"ReplayTheSpireMod:SealedPack"},{"not_picked":["Tiny House","StuffTheSpire:RunicConfusion"],"picked":"Runic Pyramid"}],"items_purged_floors":[],"is_endless":false,"potions_floor_spawned":[4,9,10,12,15,16,19,25,31,32,33,37,40,43,44,46,47,49],"ascension_level":0}}