{"host":"Brandi","time":1614373818,"event":{"mods":["BaseMod","Colored Map","Minty Spire (QoL Compilation)","Relic Stats","StSLib"],"gold_per_floor":[115,132,132,145,71,103,103,138,138,138,157,189,189,207,207,282,282,302,321,4,19,19,50,66,98,98,131,142,242,255,255,255,331,331,341,351,363,374,9,43,43,63,63,95,95,128,128,128,128,128,128],"floor_reached":52,"language":"ENG","playtime":2745,"items_purged":["Strike_R"],"score":2144,"play_id":"a1d4b95d-1351-4986-a8cb-e3c077812d93","local_time":"20210226161018","is_ascension_mode":true,"campfire_choices":[{"floor":7,"key":"REST"},{"data":"1","floor":13,"key":"LIFT"},{"data":"2","floor":15,"key":"LIFT"},{"data":"3","floor":32,"key":"LIFT"},{"data":"Heavy Blade","floor":41,"key":"SMITH"},{"data":"Heavy Blade","floor":49,"key":"SMITH"}],"circlet_count":0,"master_deck":["AscendersBane","Strike_R","Strike_R","Strike_R","Defend_R","Defend_R","Defend_R","Bash","Mayhem","Mayhem","Mayhem","Mayhem","Mayhem","Mayhem","Mayhem","Mayhem","Mayhem","Mayhem","Mayhem","Mayhem","Mayhem","Mayhem","Mayhem","Mayhem","Mayhem","Mayhem","Mayhem","Mayhem","Mayhem","Mayhem","Mayhem","Mayhem","Mayhem","Heavy Blade+1","Heavy Blade","Heavy Blade","Shrug It Off","Shrug It Off","Anger","Iron Wave","Impervious","Iron Wave","Perfected Strike","Shrug It Off","Bludgeon","Ghostly Armor+1","Heavy Blade+1","Disarm","Perfected Strike","Whirlwind+1","Perfected Strike","Whirlwind","Clash","Immolate","Havoc+1","Perfected Strike","Disarm","Uppercut","Reaper"],"relics":["Burning Blood","WarpedTongs","Bird Faced Urn","Bag of Preparation","CaptainsWheel","Girya","Philosopher\u0027s Stone","Magic Flower","InkBottle","Unceasing Top","Omamori","PreservedInsect","Torii","Paper Frog","Coffee Dripper","HandDrill","Pen Nib","White Beast Statue","TungstenRod","Gambling Chip"],"acts_visited":["Exordium","TheCity","TheBeyond"],"potions_floor_usage":[16,19,50,50],"damage_taken":[{"damage":12,"enemies":"2 Louse","floor":1,"turns":4},{"damage":27,"enemies":"Cultist","floor":2,"turns":5},{"damage":17,"enemies":"Small Slimes","floor":4,"turns":5},{"damage":64,"enemies":"Gremlin Nob","floor":6,"turns":5},{"damage":31,"enemies":"3 Sentries","floor":8,"turns":7},{"damage":54,"enemies":"Gremlin Gang","floor":11,"turns":6},{"damage":29,"enemies":"Gremlin Nob","floor":12,"turns":5},{"damage":8,"enemies":"2 Fungi Beasts","floor":14,"turns":6},{"damage":41,"enemies":"Hexaghost","floor":16,"turns":7},{"damage":5,"enemies":"Chosen","floor":18,"turns":5},{"damage":31,"enemies":"3 Byrds","floor":19,"turns":6},{"damage":45,"enemies":"Shelled Parasite and Fungi","floor":21,"turns":5},{"damage":78,"enemies":"Slavers","floor":23,"turns":7},{"damage":10,"enemies":"Cultist and Chosen","floor":24,"turns":6},{"damage":60,"enemies":"Book of Stabbing","floor":25,"turns":6},{"damage":53,"enemies":"Gremlin Leader","floor":27,"turns":8},{"damage":14,"enemies":"Snake Plant","floor":28,"turns":5},{"damage":37,"enemies":"Colosseum Slavers","floor":29,"turns":6},{"damage":17,"enemies":"Colosseum Nobs","floor":29,"turns":3},{"damage":9,"enemies":"Shelled Parasite and Fungi","floor":30,"turns":6},{"damage":19,"enemies":"Champ","floor":33,"turns":7},{"damage":2,"enemies":"Orb Walker","floor":35,"turns":4},{"damage":4,"enemies":"3 Shapes","floor":36,"turns":3},{"damage":44,"enemies":"Jaw Worm Horde","floor":37,"turns":3},{"damage":0,"enemies":"Maw","floor":38,"turns":6},{"damage":38,"enemies":"Giant Head","floor":40,"turns":5},{"damage":58,"enemies":"4 Shapes","floor":42,"turns":6},{"damage":46,"enemies":"Reptomancer","floor":44,"turns":5},{"damage":21,"enemies":"Nemesis","floor":46,"turns":5},{"damage":44,"enemies":"Time Eater","floor":50,"turns":6},{"damage":55,"enemies":"Donu and Deca","floor":51,"turns":6}],"seed_played":"5996435712257096462","potions_obtained":[{"floor":1,"key":"PowerPotion"},{"floor":8,"key":"Ancient Potion"},{"floor":14,"key":"Regen Potion"},{"floor":16,"key":"Block Potion"},{"floor":19,"key":"Weak Potion"},{"floor":38,"key":"CultistPotion"}],"is_trial":false,"path_per_floor":["M","M","?","M","$","E","R","E","T","?","M","E","R","M","R","B",null,"M","M","$","M","?","E","M","E","T","E","M","?","M","?","R","B",null,"M","M","M","M","$","E","R","M","T","E","?","E","?","?","R","B","B",null],"character_chosen":"IRONCLAD","items_purchased":["Shrug It Off","Anger","Magic Flower","Disarm","Uppercut","HandDrill"],"campfire_rested":1,"item_purchase_floors":[5,5,20,39,39,39],"current_hp_per_floor":[72,75,75,75,75,49,71,75,75,71,59,62,62,75,75,75,75,75,75,75,75,75,59,75,59,59,75,75,70,75,75,75,75,75,75,75,48,75,75,58,58,49,49,48,48,71,71,71,71,50,71],"gold":128,"neow_bonus":"THREE_CARDS","is_daily":false,"chose_seed":false,"campfire_upgraded":2,"win_rate":0.0,"timestamp":1614373818,"path_taken":["M","M","?","?","$","E","R","E","T","?","M","E","R","M","R","BOSS","M","?","$","M","?","E","M","E","T","E","M","?","M","?","R","BOSS","M","?","M","M","$","E","R","M","T","E","?","E","?","?","R","BOSS","BOSS"],"items_purchased_type":["Card","Card","Relic","Card","Card","Relic"],"build_version":"2020-12-18","purchased_purges":1,"victory":true,"max_hp_per_floor":[75,75,75,75,75,75,75,75,75,75,75,75,75,75,75,75,75,75,75,75,75,75,75,75,75,75,75,75,75,75,75,75,75,75,75,75,75,75,75,75,75,75,75,75,71,71,71,71,71,71,71],"relic_stats":{"Torii":11,"counters":[31,169],"Magic Flower":[203],"PreservedInsect":276,"Pen Nib":[6],"Bag of Preparation":[54],"Burning Blood":129,"WarpedTongs":[168],"Bird Faced Urn":[806],"Gambling Chip":[8],"HandDrill":[12],"obtain_stats":[{"Girya":12,"Torii":29,"Magic Flower":20,"PreservedInsect":27,"Pen Nib":40,"Bag of Preparation":6,"Omamori":26,"Burning Blood":0,"White Beast Statue":43,"WarpedTongs":0,"CaptainsWheel":8,"Bird Faced Urn":0,"Gambling Chip":46,"Philosopher\u0027s Stone":17,"Coffee Dripper":34,"HandDrill":39,"InkBottle":23,"Unceasing Top":25,"TungstenRod":44,"Paper Frog":29},{"Girya":7,"Torii":19,"Magic Flower":11,"PreservedInsect":16,"Pen Nib":26,"Bag of Preparation":4,"Omamori":15,"Burning Blood":0,"White Beast Statue":27,"WarpedTongs":0,"CaptainsWheel":5,"Bird Faced Urn":0,"Gambling Chip":29,"Philosopher\u0027s Stone":9,"Coffee Dripper":21,"HandDrill":25,"InkBottle":13,"Unceasing Top":15,"TungstenRod":28,"Paper Frog":19},{"Girya":37,"Torii":107,"Magic Flower":61,"PreservedInsect":93,"Pen Nib":141,"Bag of Preparation":19,"Omamori":85,"Burning Blood":0,"White Beast Statue":147,"WarpedTongs":0,"CaptainsWheel":26,"Bird Faced Urn":0,"Gambling Chip":157,"Philosopher\u0027s Stone":50,"Coffee Dripper":120,"HandDrill":136,"InkBottle":73,"Unceasing Top":85,"TungstenRod":152,"Paper Frog":107}],"InkBottle":[60],"Unceasing Top":[0],"TungstenRod":13},"card_choices":[{"not_picked":["Body Slam","Infernal Blade"],"picked":"Heavy Blade","floor":0},{"not_picked":["Second Wind","Flex"],"picked":"Heavy Blade","floor":1},{"not_picked":["Rage","Warcry"],"picked":"Heavy Blade","floor":2},{"not_picked":["Armaments","Warcry"],"picked":"Shrug It Off","floor":4},{"not_picked":["Armaments","Shrug It Off"],"picked":"Iron Wave","floor":6},{"not_picked":["Body Slam","Wild Strike"],"picked":"Impervious","floor":8},{"not_picked":["Flex","Anger"],"picked":"Iron Wave","floor":11},{"not_picked":["Clash","Flame Barrier"],"picked":"Perfected Strike","floor":12},{"not_picked":["Havoc","Corruption"],"picked":"Shrug It Off","floor":14},{"not_picked":["Limit Break","Brutality"],"picked":"Bludgeon","floor":16},{"not_picked":["Body Slam","Pommel Strike","Searing Blow"],"picked":"SKIP","floor":18},{"not_picked":["Thunderclap","Feel No Pain"],"picked":"Ghostly Armor+1","floor":19},{"not_picked":["Sever Soul","Entrench","Seeing Red"],"picked":"SKIP","floor":21},{"not_picked":["Carnage","Twin Strike"],"picked":"Heavy Blade","floor":23},{"not_picked":["Heavy Blade","Power Through"],"picked":"Disarm","floor":24},{"not_picked":["Iron Wave","Brutality","Body Slam+1"],"picked":"SKIP","floor":25},{"not_picked":["Armaments","Bloodletting"],"picked":"Perfected Strike","floor":27},{"not_picked":["Sentinel","Perfected Strike"],"picked":"Whirlwind+1","floor":28},{"not_picked":["Headbutt","Thunderclap"],"picked":"Perfected Strike","floor":29},{"not_picked":["Whirlwind","Body Slam","Dual Wield+1"],"picked":"SKIP","floor":30},{"not_picked":["Body Slam","Dual Wield+1"],"picked":"Whirlwind","floor":30},{"not_picked":["Bludgeon","Demon Form"],"picked":"Immolate","floor":33},{"not_picked":["Pommel Strike","Sentinel","Bloodletting"],"picked":"SKIP","floor":35},{"not_picked":["Shrug It Off","Cleave"],"picked":"Havoc+1","floor":36},{"not_picked":["Flex+1","Twin Strike+1","Cleave"],"picked":"SKIP","floor":37},{"not_picked":["Feel No Pain","True Grit+1"],"picked":"Perfected Strike","floor":38},{"not_picked":["Searing Blow+1","Rupture","Juggernaut"],"picked":"SKIP","floor":40},{"not_picked":["Searing Blow+1","Thunderclap+1","Heavy Blade"],"picked":"SKIP","floor":42},{"not_picked":["Sword Boomerang","Iron Wave","Thunderclap"],"picked":"SKIP","floor":44},{"not_picked":["Flex","Sword Boomerang"],"picked":"Reaper","floor":46}],"player_experience":821820,"relics_obtained":[{"floor":6,"key":"Bag of Preparation"},{"floor":8,"key":"CaptainsWheel"},{"floor":12,"key":"Girya"},{"floor":23,"key":"InkBottle"},{"floor":25,"key":"Unceasing Top"},{"floor":26,"key":"Omamori"},{"floor":27,"key":"PreservedInsect"},{"floor":29,"key":"Torii"},{"floor":29,"key":"Paper Frog"},{"floor":40,"key":"Pen Nib"},{"floor":43,"key":"White Beast Statue"},{"floor":44,"key":"TungstenRod"},{"floor":46,"key":"Gambling Chip"}],"event_choices":[{"cards_removed":["Strike_R"],"damage_healed":0,"gold_gain":0,"player_choice":"Card Removal","damage_taken":0,"max_hp_gain":0,"max_hp_loss":0,"event_name":"Wheel of Change","floor":3,"gold_loss":0},{"damage_healed":0,"gold_gain":0,"player_choice":"Bought 0 Potions","damage_taken":0,"max_hp_gain":0,"max_hp_loss":0,"event_name":"The Woman in Blue","floor":10,"gold_loss":0},{"damage_healed":0,"gold_gain":0,"player_choice":"Ignored","damage_taken":0,"max_hp_gain":0,"max_hp_loss":0,"event_name":"The Mausoleum","floor":22,"gold_loss":0},{"damage_healed":0,"gold_gain":0,"player_choice":"Fight","damage_taken":0,"max_hp_gain":0,"max_hp_loss":0,"event_name":"Colosseum","floor":29,"gold_loss":0},{"damage_healed":0,"gold_gain":0,"player_choice":"Fought Nobs","damage_taken":0,"max_hp_gain":0,"max_hp_loss":0,"event_name":"Colosseum","floor":29,"gold_loss":0},{"damage_healed":0,"gold_gain":0,"player_choice":"1 cards matched","damage_taken":0,"max_hp_gain":0,"max_hp_loss":0,"event_name":"Match and Keep!","floor":31,"gold_loss":0,"cards_obtained":["Clash"]},{"damage_healed":0,"gold_gain":0,"player_choice":"Max HP","damage_taken":0,"max_hp_gain":0,"max_hp_loss":4,"event_name":"Winding Halls","floor":45,"gold_loss":0},{"cards_removed":["Defend_R"],"damage_healed":0,"gold_gain":0,"player_choice":"Removed Skill","damage_taken":0,"max_hp_gain":0,"max_hp_loss":0,"event_name":"Falling","floor":47,"gold_loss":0},{"damage_healed":0,"gold_gain":0,"player_choice":"Got Potions","damage_taken":0,"max_hp_gain":0,"max_hp_loss":0,"event_name":"Lab","floor":48,"gold_loss":0}],"is_beta":true,"boss_relics":[{"not_picked":["Runic Dome","Ectoplasm"],"picked":"Philosopher\u0027s Stone"},{"not_picked":["Mark of Pain","Velvet Choker"],"picked":"Coffee Dripper"}],"items_purged_floors":[39],"is_endless":false,"potions_floor_spawned":[1,8,14,16,19,21,29,33,35,38,44,46],"ascension_level":20}}