{"host":"d3b2x3wue20uj2ir","time":1614334686,"event":{"mods":["AchievementEnabler","BaseMod","Better Third Choice","BetterRewards","Exacting","FTL Soundtrack","Minty Spire (QoL Compilation)","Shop Mod","StSLib"],"gold_per_floor":[114,114,214,231,51,85,103,173,221,221,278,278,278,294,294,399,399,412,412,412],"floor_reached":19,"language":"ENG","playtime":838,"items_purged":[],"score":341,"play_id":"d11b2d9d-db75-4ff3-bf17-c0a0a9d9a2e3","local_time":"20210226201806","is_ascension_mode":true,"campfire_choices":[{"floor":10,"key":"REST"},{"floor":13,"key":"REST"},{"floor":15,"key":"RECALL"}],"circlet_count":0,"master_deck":["Strike_G","Strike_G","Strike_G","Strike_G","Strike_G","Defend_G","Defend_G","Defend_G","Defend_G","Defend_G","Survivor","Neutralize","Noxious Fumes","Cloak And Dagger","Envenom","Terror","Deflect","Bouncing Flask","Bouncing Flask","Blade Dance","Infinite Blades","Dagger Spray","Slice","Quick Slash","Night Terror","Leg Sweep"],"relics":["Ring of the Snake","Sling","White Beast Statue","Gambling Chip","Potion Belt","Blood Vial","Gremlin Horn","Omamori","Lantern","Dream Catcher","SacredBark"],"acts_visited":["Exordium","TheCity"],"potions_floor_usage":[1,1,6,6,11,11,11,16,16,19,19],"damage_taken":[{"damage":0,"enemies":"Cultist","floor":1,"turns":4},{"damage":2,"enemies":"2 Louse","floor":4,"turns":4},{"damage":7,"enemies":"Gremlin Nob","floor":6,"turns":3},{"damage":2,"enemies":"Jaw Worm","floor":7,"turns":4},{"damage":26,"enemies":"3 Sentries","floor":8,"turns":7},{"damage":18,"enemies":"Lagavulin Event","floor":11,"turns":4},{"damage":5,"enemies":"2 Fungi Beasts","floor":14,"turns":3},{"damage":26,"enemies":"The Guardian","floor":16,"turns":6},{"damage":46,"enemies":"Spheric Guardian","floor":18,"turns":6},{"damage":46,"enemies":"Masked Bandits","floor":19,"turns":3}],"seed_played":"-9027711918438436819","potions_obtained":[{"floor":1,"key":"Weak Potion"},{"floor":4,"key":"SteroidPotion"},{"floor":6,"key":"CultistPotion"},{"floor":7,"key":"SkillPotion"},{"floor":8,"key":"Ancient Potion"},{"floor":11,"key":"Strength Potion"},{"floor":14,"key":"CunningPotion"},{"floor":16,"key":"Weak Potion"},{"floor":18,"key":"Weak Potion"}],"is_trial":false,"path_per_floor":["M","?","?","M","$","E","M","E","T","R","?","?","R","M","R","B",null,"M","?"],"character_chosen":"THE_SILENT","items_purchased":["Sling","Fruit Juice","White Beast Statue","Noxious Fumes","Cloak And Dagger","Gambling Chip","Envenom","Potion Belt","Fruit Juice","Blood Vial","Bouncing Flask"],"campfire_rested":2,"item_purchase_floors":[0,0,0,0,0,0,0,0,0,5,5],"current_hp_per_floor":[38,43,43,41,41,36,36,12,12,37,21,42,67,64,64,40,85,39,0,0],"gold":412,"neow_bonus":"","is_daily":false,"chose_seed":false,"campfire_upgraded":0,"win_rate":0.0,"timestamp":1614334686,"path_taken":["M","?","?","M","$","E","?","E","T","R","?","?","R","M","R","BOSS","M","?"],"items_purchased_type":["Relic","Potion","Relic","Card","Card","Relic","Card","Relic","Potion","Relic","Card"],"build_version":"2020-12-22","purchased_purges":0,"victory":false,"max_hp_per_floor":[80,85,85,85,85,85,85,85,85,85,85,85,85,85,85,85,85,85,85,85],"card_choices":[{"not_picked":["Expertise","Footwork"],"picked":"Terror","floor":1},{"not_picked":["Expertise","Deadly Poison"],"picked":"Deflect","floor":4},{"not_picked":["Dagger Spray","Tactician"],"picked":"Bouncing Flask","floor":6},{"not_picked":["Backstab","Skewer"],"picked":"Blade Dance","floor":7},{"not_picked":["Predator","Envenom"],"picked":"Infinite Blades","floor":8},{"not_picked":["Deflect","Skewer"],"picked":"Dagger Spray","floor":11},{"not_picked":["Quick Slash","Reflex"],"picked":"Slice","floor":13},{"not_picked":["Poisoned Stab","Crippling Poison"],"picked":"Quick Slash","floor":14},{"not_picked":["Die Die Die","Malaise"],"picked":"Night Terror","floor":16},{"not_picked":["Acrobatics","Caltrops"],"picked":"Leg Sweep","floor":18}],"player_experience":735688,"relics_obtained":[{"floor":6,"key":"Gremlin Horn"},{"floor":8,"key":"Omamori"},{"floor":9,"key":"Lantern"},{"floor":11,"key":"Dream Catcher"}],"event_choices":[{"damage_healed":0,"gold_gain":0,"player_choice":"Donut","damage_taken":0,"max_hp_gain":5,"max_hp_loss":0,"event_name":"Big Fish","floor":2,"gold_loss":0},{"damage_healed":0,"gold_gain":100,"player_choice":"Gold","damage_taken":0,"max_hp_gain":0,"max_hp_loss":0,"event_name":"Wheel of Change","floor":3,"gold_loss":0},{"damage_healed":0,"gold_gain":0,"player_choice":"Searched \u00272\u0027 times","damage_taken":0,"max_hp_gain":0,"max_hp_loss":0,"event_name":"Dead Adventurer","floor":11,"gold_loss":0},{"damage_healed":21,"gold_gain":0,"player_choice":"Healed and dodged fight","damage_taken":0,"max_hp_gain":0,"max_hp_loss":0,"event_name":"Mushrooms","floor":12,"gold_loss":0,"cards_obtained":["Parasite"]},{"damage_healed":0,"gold_gain":0,"player_choice":"Fought Bandits","damage_taken":0,"max_hp_gain":0,"max_hp_loss":0,"event_name":"Masked Bandits","floor":19,"gold_loss":0}],"is_beta":false,"boss_relics":[{"not_picked":["HoveringKite","Ectoplasm"],"picked":"SacredBark"}],"items_purged_floors":[],"is_endless":false,"potions_floor_spawned":[1,4,6,7,8,11,14,16,18],"killed_by":"Masked Bandits","ascension_level":3}}