{"host":"2qv44oxt58ptq59r","time":1614356769,"event":{"mods":["AchievementEnabler","BaseMod","Colored Powertips","Highlight Path","Minty Spire (QoL Compilation)","Permanent Neow","StSLib"],"gold_per_floor":[115,65,85,85,85,85,103,136,136,146,164,192,192,209,209,305,305,319,319,331,33,52,77,77,102,128,0,0,0,0,19,19,124,124,143,154,174,186,5,5,5,5],"floor_reached":41,"language":"ENG","playtime":5097,"items_purged":["Strike_G","Strike_G"],"score":598,"play_id":"a61d99f8-9ba3-47cb-b99b-9e68b1c57ac5","local_time":"20210226162609","is_ascension_mode":true,"campfire_choices":[{"data":"Neutralize","floor":6.0,"key":"SMITH"},{"floor":13.0,"key":"REST"},{"floor":15.0,"key":"REST"},{"floor":24.0,"key":"RECALL"},{"floor":28.0,"key":"REST"},{"data":"Noxious Fumes","floor":30.0,"key":"SMITH"},{"floor":32.0,"key":"REST"},{"floor":40.0,"key":"REST"}],"circlet_count":0,"master_deck":["Defend_G","Defend_G","Defend_G","Defend_G","Defend_G","Survivor","Neutralize+1","Flying Knee","Infinite Blades","Crippling Poison","Riddle With Holes","Bane","Deadly Poison","Dagger Spray","Bullet Time","Dodge and Roll","All Out Attack","Sucker Punch","Poisoned Stab","Deflect","Noxious Fumes+1","Poisoned Stab","Skewer","Adrenaline","Acrobatics","Bouncing Flask+1","PiercingWail","Catalyst"],"relics":["Ring of the Snake","Blue Candle","Bottled Lightning","Boot","Busted Crown","Akabeko","Orichalcum","Lantern","HoveringKite"],"acts_visited":["TheCity","TheBeyond"],"potions_floor_usage":[],"damage_taken":[{"damage":4.0,"enemies":"Small Slimes","floor":1.0,"turns":5.0},{"damage":2.0,"enemies":"Jaw Worm","floor":3.0,"turns":5.0},{"damage":0.0,"enemies":"2 Louse","floor":7.0,"turns":2.0},{"damage":14.0,"enemies":"3 Sentries","floor":8.0,"turns":9.0},{"damage":13.0,"enemies":"Exordium Thugs","floor":10.0,"turns":6.0},{"damage":0.0,"enemies":"2 Fungi Beasts","floor":11.0,"turns":4.0},{"damage":14.0,"enemies":"Lagavulin","floor":12.0,"turns":6.0},{"damage":1.0,"enemies":"Gremlin Gang","floor":14.0,"turns":3.0},{"damage":22.0,"enemies":"Hexaghost","floor":16.0,"turns":10.0},{"damage":7.0,"enemies":"Chosen","floor":18.0,"turns":5.0},{"damage":0.0,"enemies":"3 Byrds","floor":20.0,"turns":3.0},{"damage":1.0,"enemies":"3 Cultists","floor":22.0,"turns":4.0},{"damage":18.0,"enemies":"Gremlin Leader","floor":23.0,"turns":5.0},{"damage":28.0,"enemies":"Book of Stabbing","floor":25.0,"turns":5.0},{"damage":8.0,"enemies":"Snake Plant","floor":31.0,"turns":4.0},{"damage":56.0,"enemies":"Collector","floor":33.0,"turns":8.0},{"damage":18.0,"enemies":"3 Darklings","floor":35.0,"turns":4.0},{"damage":0.0,"enemies":"3 Shapes","floor":36.0,"turns":4.0},{"damage":12.0,"enemies":"Maw","floor":37.0,"turns":6.0},{"damage":10.0,"enemies":"Transient","floor":38.0,"turns":5.0},{"damage":46,"enemies":"Reptomancer","floor":41,"turns":3}],"seed_played":"-811222189793507435","potions_obtained":[{"floor":0.0,"key":"Fruit Juice"},{"floor":0.0,"key":"Weak Potion"},{"floor":0.0,"key":"Regen Potion"},{"floor":1.0,"key":"Block Potion"},{"floor":7.0,"key":"Fire Potion"},{"floor":11.0,"key":"FearPotion"},{"floor":12.0,"key":"Block Potion"},{"floor":14.0,"key":"Weak Potion"},{"floor":18.0,"key":"Block Potion"},{"floor":20.0,"key":"ColorlessPotion"},{"floor":31.0,"key":"Swift Potion"},{"floor":33.0,"key":"Energy Potion"},{"floor":36.0,"key":"Energy Potion"}],"is_trial":false,"path_per_floor":["M","?","M","?","?","R","M","E","T","M","M","E","R","M","R","B",null,"M","?","M","$","M","E","R","E","T","$","R","?","R","M","R","B",null,"M","M","M","M","$","R","E"],"character_chosen":"THE_SILENT","items_purchased":["Akabeko","All Out Attack","Noxious Fumes","Poisoned Stab","Catalyst"],"campfire_rested":5,"item_purchase_floors":[21,21,27,27,39],"current_hp_per_floor":[64,64,62,55,55,55,55,41,41,28,28,14,36,35,57,35,65,58,58,58,58,57,39,39,11,11,11,33,33,33,37,59,3,57,39,39,27,17,17,39,0,0],"gold":5,"neow_bonus":"THREE_SMALL_POTIONS","is_daily":false,"chose_seed":false,"campfire_upgraded":2,"win_rate":0.0,"timestamp":1614356769,"path_taken":["M","?","M","?","?","R","M","E","T","M","?","E","R","M","R","BOSS","M","?","M","$","M","E","R","E","T","?","R","?","R","M","R","BOSS","M","M","M","?","$","R","E"],"items_purchased_type":["Relic","Card","Card","Card","Card"],"build_version":"2020-12-22","purchased_purges":2,"victory":false,"max_hp_per_floor":[75,75,75,75,75,75,75,75,75,75,75,75,75,75,75,75,75,75,75,75,75,75,75,75,75,75,75,75,75,75,75,75,75,75,75,75,75,75,75,75,75,75],"card_choices":[{"not_picked":["Deflect","Slice"],"picked":"Flying Knee","floor":1.0},{"not_picked":["Endless Agony","Backflip"],"picked":"Infinite Blades","floor":3.0},{"not_picked":["Choke","Quick Slash"],"picked":"Crippling Poison","floor":7.0},{"not_picked":["Storm of Steel","Sucker Punch"],"picked":"Riddle With Holes","floor":8.0},{"not_picked":["Predator","Infinite Blades","Underhanded Strike"],"picked":"SKIP","floor":10.0},{"not_picked":["All Out Attack","Heel Hook"],"picked":"Bane","floor":11.0},{"not_picked":["Predator","Slice"],"picked":"Deadly Poison","floor":12.0},{"not_picked":["Cloak And Dagger","Dagger Throw"],"picked":"Dagger Spray","floor":14.0},{"not_picked":["Wraith Form v2","Phantasmal Killer"],"picked":"Bullet Time","floor":16.0},{"not_picked":[],"picked":"Dodge and Roll","floor":18.0},{"not_picked":["Masterful Stab+1"],"picked":"SKIP","floor":20.0},{"not_picked":[],"picked":"Sucker Punch","floor":22.0},{"not_picked":[],"picked":"Poisoned Stab","floor":23.0},{"not_picked":[],"picked":"Deflect","floor":25.0},{"not_picked":["Escape Plan"],"picked":"SKIP","floor":31.0},{"not_picked":[],"picked":"Adrenaline","floor":33.0},{"not_picked":[],"picked":"Acrobatics","floor":35.0},{"not_picked":[],"picked":"Bouncing Flask+1","floor":36.0},{"not_picked":[],"picked":"PiercingWail","floor":37.0},{"not_picked":["All Out Attack"],"picked":"SKIP","floor":38.0}],"player_experience":5851131,"relics_obtained":[{"floor":8.0,"key":"Blue Candle"},{"floor":9.0,"key":"Bottled Lightning"},{"floor":12.0,"key":"Boot"},{"floor":23.0,"key":"Orichalcum"},{"floor":25.0,"key":"Lantern"}],"event_choices":[{"cards_removed":["Strike_G"],"damage_healed":0.0,"max_hp_gain":0.0,"max_hp_loss":0.0,"gold_gain":0.0,"event_name":"The Cleric","player_choice":"Card Removal","floor":2.0,"gold_loss":50.0,"damage_taken":0.0},{"cards_removed":["Strike_G"],"damage_healed":0.0,"max_hp_gain":0.0,"max_hp_loss":0.0,"gold_gain":0.0,"event_name":"Golden Wing","player_choice":"Card Removal","floor":4.0,"gold_loss":0.0,"damage_taken":7.0},{"damage_healed":0.0,"max_hp_gain":0.0,"max_hp_loss":0.0,"gold_gain":0.0,"event_name":"Liars Game","player_choice":"Ignored","floor":5.0,"gold_loss":0.0,"damage_taken":0.0},{"damage_healed":0.0,"max_hp_gain":0.0,"max_hp_loss":0.0,"gold_gain":0.0,"event_name":"Cursed Tome","player_choice":"Ignored","floor":19.0,"gold_loss":0.0,"damage_taken":0.0},{"damage_healed":0.0,"max_hp_gain":0.0,"max_hp_loss":0.0,"gold_gain":0.0,"cards_transformed":["Strike_G"],"event_name":"Transmorgrifier","player_choice":"Transformed","floor":29.0,"gold_loss":0.0,"damage_taken":0.0,"cards_obtained":["Skewer"]}],"is_beta":false,"boss_relics":[{"not_picked":["Fusion Hammer","Tiny House"],"picked":"Busted Crown"},{"not_picked":["Philosopher\u0027s Stone","Pandora\u0027s Box"],"picked":"HoveringKite"}],"items_purged_floors":[21,39],"is_endless":false,"potions_floor_spawned":[1,7,11,12,14,18,20,31,33,36],"killed_by":"Reptomancer","ascension_level":7}}