{"host":"33hygxkqsm5kb9ql","time":1614381775,"event":{"mods":["BaseMod","Block Reminder","Colored Map","Colored Powertips","DeckTracker","Minty Spire (QoL Compilation)","Quick Restart","Random Character Button","Relic Sorter","Relic Stats"],"gold_per_floor":[112,112,112,131,26,26,59,70,70,97,97,131,131,131,131,259,259,282,124,139,139,152,152,192,217,241,241,284,284,319,319,319],"floor_reached":31,"language":"ENG","playtime":3365,"items_purged":["Seeing Red"],"score":376,"play_id":"2542e8d7-5297-4ee4-ab41-8c2c9ec44a51","local_time":"20210226172255","is_ascension_mode":true,"campfire_choices":[{"data":"Fire Breathing","floor":6,"key":"SMITH"},{"data":"Flex","floor":11,"key":"SMITH"},{"floor":13,"key":"REST"},{"data":"Perfected Strike","floor":15,"key":"SMITH"},{"data":"True Grit","floor":23,"key":"SMITH"},{"data":"True Grit","floor":27,"key":"SMITH"}],"circlet_count":0,"master_deck":["Strike_R","Strike_R","Strike_R","Strike_R","Strike_R","Defend_R","Defend_R","Defend_R","Bash","Twin Strike","Regret","Fire Breathing+1","Flex+1","True Grit+1","Perfected Strike+1","Impervious","Carnage","Injury","Immolate","Wild Strike","True Grit+1","Dark Embrace","Infernal Blade+1","Offering","Pummel+1","Second Wind+1"],"relics":["Burning Blood","Pen Nib","HornCleat","Toy Ornithopter","Mango","Golden Idol","Velvet Choker","NeowsBlessing","Charon\u0027s Ashes","Pear","Regal Pillow","Bag of Marbles","Smiling Mask"],"acts_visited":["Exordium","TheCity"],"potions_floor_usage":[22,24,25,28,30],"damage_taken":[{"damage":0,"enemies":"Cultist","floor":1,"turns":1},{"damage":0,"enemies":"Jaw Worm","floor":4,"turns":1},{"damage":0,"enemies":"Lagavulin","floor":7,"turns":1},{"damage":4,"enemies":"Small Slimes","floor":8,"turns":4},{"damage":35,"enemies":"3 Sentries","floor":10,"turns":5},{"damage":34,"enemies":"Gremlin Nob","floor":12,"turns":5},{"damage":8,"enemies":"Slime Boss","floor":16,"turns":6},{"damage":3,"enemies":"Chosen","floor":18,"turns":4},{"damage":21,"enemies":"Spheric Guardian","floor":20,"turns":4},{"damage":19,"enemies":"Snake Plant","floor":22,"turns":4},{"damage":40,"enemies":"Book of Stabbing","floor":24,"turns":5},{"damage":2,"enemies":"3 Cultists","floor":25,"turns":5},{"damage":29,"enemies":"Slavers","floor":28,"turns":3},{"damage":41,"enemies":"Gremlin Leader","floor":30,"turns":3},{"damage":14,"enemies":"Centurion and Healer","floor":31,"turns":3}],"seed_played":"-7840907596309914703","potions_obtained":[{"floor":4,"key":"EssenceOfSteel"},{"floor":8,"key":"Swift Potion"},{"floor":12,"key":"Explosive Potion"},{"floor":22,"key":"PowerPotion"},{"floor":28,"key":"Fire Potion"}],"is_trial":false,"path_per_floor":["M","?","?","M","$","R","E","M","T","E","R","E","R","?","R","B",null,"M","$","M","?","M","R","E","M","T","R","E","?","E","M"],"character_chosen":"IRONCLAD","items_purchased":["Seeing Red","Flex","True Grit","Dark Embrace"],"campfire_rested":1,"item_purchase_floors":[5,5,19,19],"current_hp_per_floor":[80,80,80,80,80,80,90,90,104,75,75,47,78,78,78,76,104,104,104,89,89,81,81,52,61,61,61,43,43,13,0,0],"gold":319,"neow_bonus":"THREE_ENEMY_KILL","is_daily":false,"chose_seed":false,"campfire_upgraded":5,"win_rate":0.0,"timestamp":1614381775,"path_taken":["M","?","?","M","$","R","E","M","T","E","R","E","R","?","R","BOSS","M","$","M","?","M","R","E","?","T","R","E","?","E","M"],"items_purchased_type":["Card","Card","Card","Card"],"build_version":"2020-12-22","purchased_purges":1,"victory":false,"max_hp_per_floor":[80,80,80,80,80,80,90,90,104,104,104,104,104,104,104,104,104,104,104,104,104,104,104,104,104,104,104,104,104,104,104,104],"relic_stats":{"Regal Pillow":0,"counters":[15,54],"Golden Idol":66,"Pen Nib":[1],"Charon\u0027s Ashes":[115],"Smiling Mask":0,"obtain_stats":[{"Regal Pillow":24,"Pear":7,"NeowsBlessing":0,"Golden Idol":14,"Velvet Choker":17,"Mango":9,"Charon\u0027s Ashes":3,"Pen Nib":26,"Smiling Mask":30,"Burning Blood":0,"HornCleat":12,"Bag of Marbles":28,"Toy Ornithopter":10},{"Regal Pillow":11,"Pear":3,"NeowsBlessing":0,"Golden Idol":6,"Velvet Choker":7,"Mango":4,"Charon\u0027s Ashes":1,"Pen Nib":12,"Smiling Mask":14,"Burning Blood":0,"HornCleat":6,"Bag of Marbles":13,"Toy Ornithopter":5},{"Regal Pillow":40,"Pear":3,"NeowsBlessing":0,"Golden Idol":17,"Velvet Choker":23,"Mango":7,"Charon\u0027s Ashes":1,"Pen Nib":45,"Smiling Mask":51,"Burning Blood":0,"HornCleat":17,"Bag of Marbles":48,"Toy Ornithopter":12}],"Burning Blood":61,"Toy Ornithopter":25},"card_choices":[{"not_picked":["Heavy Blade","Sword Boomerang"],"picked":"Twin Strike","floor":1},{"not_picked":["Dual Wield","Clash"],"picked":"Fire Breathing","floor":4},{"not_picked":["Flame Barrier","Dropkick"],"picked":"True Grit","floor":7},{"not_picked":["Bloodletting","Reckless Charge"],"picked":"Perfected Strike","floor":8},{"not_picked":["Thunderclap","Entrench"],"picked":"Impervious","floor":10},{"not_picked":["Thunderclap","Headbutt"],"picked":"Carnage","floor":12},{"not_picked":["Double Tap","Impervious"],"picked":"Immolate","floor":16},{"not_picked":["Rampage","Sword Boomerang"],"picked":"Wild Strike","floor":18},{"not_picked":["Rage","Carnage"],"picked":"Infernal Blade","floor":20},{"not_picked":["Anger","Uppercut","Dropkick"],"picked":"SKIP","floor":22},{"not_picked":["Clothesline","Headbutt"],"picked":"Offering","floor":24},{"not_picked":["Pommel Strike","Clothesline","Iron Wave"],"picked":"SKIP","floor":25},{"not_picked":["Fiend Fire","Sword Boomerang"],"picked":"Pummel+1","floor":28},{"not_picked":["Thunderclap","Flex"],"picked":"Second Wind+1","floor":30}],"player_experience":157768,"relics_obtained":[{"floor":7,"key":"Pear"},{"floor":9,"key":"Mango"},{"floor":10,"key":"Toy Ornithopter"},{"floor":12,"key":"HornCleat"},{"floor":24,"key":"Regal Pillow"},{"floor":26,"key":"Pen Nib"},{"floor":28,"key":"Bag of Marbles"},{"floor":30,"key":"Smiling Mask"}],"event_choices":[{"damage_healed":0,"gold_gain":0,"player_choice":"Ignored","damage_taken":0,"max_hp_gain":0,"max_hp_loss":0,"event_name":"Shining Light","floor":2,"gold_loss":0},{"damage_healed":0,"gold_gain":0,"player_choice":"Box","damage_taken":0,"relics_obtained":["Charon\u0027s Ashes"],"max_hp_gain":0,"max_hp_loss":0,"event_name":"Big Fish","floor":3,"gold_loss":0,"cards_obtained":["Regret"]},{"damage_healed":0,"gold_gain":0,"player_choice":"Take Wound","damage_taken":0,"relics_obtained":["Golden Idol"],"max_hp_gain":0,"max_hp_loss":0,"event_name":"Golden Idol","floor":14,"gold_loss":0,"cards_obtained":["Injury"]},{"cards_removed":["Defend_R"],"damage_healed":0,"gold_gain":0,"player_choice":"Purged","damage_taken":0,"max_hp_gain":0,"max_hp_loss":0,"event_name":"Purifier","floor":21,"gold_loss":0},{"damage_healed":0,"gold_gain":0,"player_choice":"Upgraded","damage_taken":0,"max_hp_gain":0,"max_hp_loss":0,"event_name":"Upgrade Shrine","floor":29,"gold_loss":0,"cards_upgraded":["Infernal Blade"]}],"is_beta":false,"boss_relics":[{"not_picked":["Busted Crown","Ectoplasm"],"picked":"Velvet Choker"}],"items_purged_floors":[19],"is_endless":false,"potions_floor_spawned":[4,8,12,20,22,28],"killed_by":"Centurion and Healer","ascension_level":1}}