{"host":"jx3f6ezc0g3s9edc","time":1614308341,"event":{"mods":["AchievementEnabler","BaseMod","Bestiary","Colored Map","Highlight Path","Minty Spire (QoL Compilation)","StSLib"],"gold_per_floor":[117,131,147,147,164,164,198,198,224,224,242,242,261,272,272,376,376,392,407,56,56,56,56,89,89,89,89,89,104,104,114,114,210,210,228,228,228,248,262,262,82,82,131,131,160,180,180,180,180],"floor_reached":48,"language":"ENG","playtime":2555,"items_purged":["Strike_B","Strike_B+1"],"score":530,"play_id":"b8ba7c39-3f3c-41c5-a74f-7d52bae139c5","local_time":"20210225215901","is_ascension_mode":false,"campfire_choices":[{"data":"Dualcast","floor":6,"key":"SMITH"},{"data":"Defragment","floor":8,"key":"SMITH"},{"data":"Ball Lightning","floor":10,"key":"SMITH"},{"data":"Cold Snap","floor":12,"key":"SMITH"},{"floor":15,"key":"REST"},{"data":"Barrage","floor":23,"key":"SMITH"},{"data":"Redo","floor":27,"key":"SMITH"},{"floor":30,"key":"REST"},{"floor":32,"key":"REST"},{"floor":40,"key":"REST"},{"data":"White Noise","floor":42,"key":"SMITH"},{"floor":44,"key":"REST"}],"circlet_count":0,"master_deck":["Strike_B+1","Defend_B+1","Defend_B+1","Defend_B+1","Zap","Dualcast+1","Glacier","Cold Snap+1","Ball Lightning+1","Defragment+1","Ball Lightning","White Noise+1","Beam Cell","Redo+1","Sweeping Beam+1","Trip","Machine Learning","Barrage+1","Streamline+1","Core Surge","Redo+1","Barrage+1","Loop","Chill"],"relics":["Empty Cage"],"acts_visited":["Exordium","TheCity","TheBeyond"],"potions_floor_usage":[19,33,33,33,45,45,45,45],"damage_taken":[{"damage":4,"enemies":"Jaw Worm","floor":1,"turns":4},{"damage":0,"enemies":"Cultist","floor":2,"turns":5},{"damage":0,"enemies":"Small Slimes","floor":3,"turns":3},{"damage":1,"enemies":"Blue Slaver","floor":5,"turns":4},{"damage":11,"enemies":"3 Sentries","floor":7,"turns":7},{"damage":16,"enemies":"Gremlin Gang","floor":11,"turns":4},{"damage":1,"enemies":"Looter","floor":13,"turns":3},{"damage":7,"enemies":"Blue Slaver","floor":14,"turns":3},{"damage":0,"enemies":"Slime Boss","floor":16,"turns":6},{"damage":1,"enemies":"Shell Parasite","floor":18,"turns":5},{"damage":0,"enemies":"Chosen","floor":19,"turns":4},{"damage":44,"enemies":"Slavers","floor":24,"turns":5},{"damage":4,"enemies":"Centurion and Healer","floor":29,"turns":6},{"damage":15,"enemies":"Snecko","floor":31,"turns":4},{"damage":30,"enemies":"Collector","floor":33,"turns":10},{"damage":17,"enemies":"Orb Walker","floor":35,"turns":4},{"damage":7,"enemies":"3 Shapes","floor":38,"turns":7},{"damage":34,"enemies":"Sphere and 2 Shapes","floor":39,"turns":7},{"damage":44,"enemies":"Reptomancer","floor":45,"turns":6},{"damage":14,"enemies":"3 Darklings","floor":46,"turns":7},{"damage":4,"enemies":"Spire Growth","floor":48,"turns":1}],"seed_played":"1599386672084968118","potions_obtained":[{"floor":1,"key":"GamblersBrew"},{"floor":3,"key":"PotionOfCapacity"},{"floor":5,"key":"GamblersBrew"},{"floor":14,"key":"EntropicBrew"},{"floor":18,"key":"Block Potion"},{"floor":33,"key":"SteroidPotion"},{"floor":39,"key":"Weak Potion"},{"floor":45,"key":"BlessingOfTheForge"}],"is_trial":false,"path_per_floor":["M","M","M","?","M","R","E","R","T","R","M","R","M","M","R","B",null,"M","M","$","?","?","R","E","$","T","R","?","M","R","M","R","B",null,"M","?","?","M","M","R","$","R","T","R","E","M","?","M"],"character_chosen":"DEFECT","items_purchased":["Trip","Machine Learning","Barrage","Loop"],"campfire_rested":5,"item_purchase_floors":[20,20,20,41],"current_hp_per_floor":[71,71,71,75,74,74,63,63,63,63,47,47,46,39,61,61,75,74,74,74,74,74,74,30,30,30,30,23,19,41,26,48,18,75,58,58,58,51,17,39,39,39,39,61,17,3,3,0,0],"gold":180,"neow_bonus":"BOSS_RELIC","is_daily":false,"chose_seed":false,"campfire_upgraded":7,"win_rate":0.0,"timestamp":1614308341,"path_taken":["M","M","M","?","M","R","E","R","T","R","M","R","M","?","R","BOSS","M","M","$","?","?","R","E","$","T","R","?","?","R","M","R","BOSS","M","?","?","?","M","R","$","R","T","R","E","M","?","M"],"items_purchased_type":["Card","Card","Card","Card"],"build_version":"2020-12-22","purchased_purges":2,"victory":false,"max_hp_per_floor":[75,75,75,75,75,75,75,75,75,75,75,75,75,75,75,75,75,75,75,75,75,75,75,75,75,75,75,75,75,75,75,75,75,75,75,75,75,75,75,75,75,75,75,75,75,75,75,75,75],"card_choices":[{"not_picked":["Force Field","Steam"],"picked":"Glacier","floor":1},{"not_picked":["Force Field","Heatsinks"],"picked":"Cold Snap","floor":2},{"not_picked":["Turbo","Steam","Recycle"],"picked":"SKIP","floor":3},{"not_picked":["Blizzard","Reprogram"],"picked":"Ball Lightning","floor":5},{"not_picked":["Core Surge","Leap"],"picked":"Defragment","floor":7},{"not_picked":["Static Discharge","Auto Shields"],"picked":"Ball Lightning","floor":11},{"not_picked":["Gash","Leap"],"picked":"White Noise","floor":13},{"not_picked":["Compile Driver","Reprogram"],"picked":"Beam Cell","floor":14},{"not_picked":["Leap+1","FTL"],"picked":"Redo","floor":18},{"not_picked":["Ball Lightning","Go for the Eyes"],"picked":"Sweeping Beam+1","floor":19},{"not_picked":["Beam Cell","Gash","Conserve Battery"],"picked":"SKIP","floor":24},{"not_picked":["Chaos","Beam Cell"],"picked":"Streamline+1","floor":29},{"not_picked":["Hyperbeam","Beam Cell","Barrage"],"picked":"SKIP","floor":31},{"not_picked":["Fission","Thunder Strike"],"picked":"Core Surge","floor":33},{"not_picked":["Gash","Redo","Rebound+1"],"picked":"SKIP","floor":35},{"not_picked":["Barrage+1","Leap+1"],"picked":"Redo+1","floor":38},{"not_picked":["Aggregate","Sunder"],"picked":"Barrage+1","floor":39},{"not_picked":["Leap","Streamline"],"picked":"Chill","floor":45},{"not_picked":["Stack+1","Ball Lightning+1","Recycle+1"],"picked":"SKIP","floor":46}],"player_experience":906435,"relics_obtained":[],"event_choices":[{"damage_healed":4,"gold_gain":0,"player_choice":"Full Heal","damage_taken":0,"max_hp_gain":0,"max_hp_loss":0,"event_name":"Wheel of Change","floor":4,"gold_loss":0},{"damage_healed":0,"gold_gain":0,"player_choice":"Ignored","damage_taken":0,"max_hp_gain":0,"max_hp_loss":0,"event_name":"The Mausoleum","floor":21,"gold_loss":0},{"damage_healed":0,"gold_gain":0,"player_choice":"Simplicity","damage_taken":0,"max_hp_gain":0,"max_hp_loss":0,"event_name":"Back to Basics","floor":22,"gold_loss":0,"cards_upgraded":["Strike_B","Strike_B","Defend_B","Defend_B","Defend_B"]},{"damage_healed":0,"gold_gain":0,"player_choice":"Damaged","damage_taken":7,"max_hp_gain":0,"max_hp_loss":0,"event_name":"Wheel of Change","floor":28,"gold_loss":0},{"damage_healed":0,"gold_gain":0,"player_choice":"Ignored","damage_taken":0,"max_hp_gain":0,"max_hp_loss":0,"event_name":"Mysterious Sphere","floor":36,"gold_loss":0},{"damage_healed":0,"gold_gain":0,"player_choice":"Ignored","damage_taken":0,"max_hp_gain":0,"max_hp_loss":0,"event_name":"NoteForYourself","floor":37,"gold_loss":0},{"damage_healed":0,"gold_gain":0,"player_choice":"Ignored","damage_taken":0,"max_hp_gain":0,"max_hp_loss":0,"event_name":"Tomb of Lord Red Mask","floor":47,"gold_loss":0}],"is_beta":false,"boss_relics":[{"not_picked":["Fusion Hammer","Runic Pyramid","Cursed Key"]},{"not_picked":["Velvet Choker","Runic Dome","SlaversCollar"]}],"items_purged_floors":[20,41],"is_endless":false,"potions_floor_spawned":[1,3,5,14,18,33,39,45],"killed_by":"Spire Growth","ascension_level":0}}