{"host":"Tuck","time":1614314842,"event":{"mods":["AchievementEnabler","BaseMod","Minty Spire (QoL Compilation)","StSLib"],"gold_per_floor":[113,288,300,300,300,336,336,376,376,389,389,423,218,239,239,378,378,406,505,546,570,600,640,653,687,687,730,774,808,84,102,102,232,232,245,245,245,277,277,277,313,153,153,193,104,147,167,192,192,192,192,192,48,88,88],"floor_reached":56,"language":"ENG","playtime":3835,"items_purged":[],"score":1956,"play_id":"73118c36-1938-4a77-bbd8-243230e49fc0","local_time":"20210225214722","is_ascension_mode":true,"campfire_choices":[{"data":"Calculated Gamble","floor":11.0,"key":"SMITH"},{"data":"Footwork","floor":15.0,"key":"SMITH"},{"data":"A Thousand Cuts","floor":32.0,"key":"SMITH"},{"floor":40.0,"key":"RECALL"},{"data":"Expertise","floor":49.0,"key":"SMITH"},{"data":"Prepared","floor":52,"key":"SMITH"}],"circlet_count":0,"master_deck":["Survivor","Neutralize+1","Burst","Well Laid Plans+1","After Image","Heel Hook+1","Unload","Venomology","Calculated Gamble+1","Dash","Blade Dance","Grand Finale+1","Phantasmal Killer+1","Dodge and Roll","Prepared+1","Night Terror","Footwork+1","A Thousand Cuts+1","Expertise+1","Blade Dance+1","Prepared+1","Reflex+1","Acrobatics+1","Prepared+1","Acrobatics+1","Prepared+1","Backflip+1","Backflip+1"],"relics":["Ring of the Serpent","Omamori","Golden Idol","Bird Faced Urn","WarpedTongs","Du-Vu Doll","Gremlin Horn","Calipers","CeramicFish","SacredBark","Potion Belt","Red Mask","Blood Vial","Art of War","WingedGreaves","Toy Ornithopter","Smiling Mask","Toxic Egg 2","Oddly Smooth Stone","Frozen Eye","Whetstone","OrangePellets","Boot","MealTicket","ClockworkSouvenir","Ornamental Fan"],"acts_visited":["Exordium","TheCity","TheBeyond","TheEnding"],"potions_floor_usage":[54],"damage_taken":[{"damage":0.0,"enemies":"Small Slimes","floor":1.0,"turns":2.0},{"damage":0.0,"enemies":"2 Louse","floor":3.0,"turns":3.0},{"damage":0.0,"enemies":"Lagavulin","floor":6.0,"turns":2.0},{"damage":7.0,"enemies":"Gremlin Nob","floor":8.0,"turns":3.0},{"damage":0.0,"enemies":"Jaw Worm","floor":10.0,"turns":1.0},{"damage":0.0,"enemies":"Lagavulin","floor":12.0,"turns":2.0},{"damage":0.0,"enemies":"2 Fungi Beasts","floor":14.0,"turns":2.0},{"damage":0.0,"enemies":"Hexaghost","floor":16.0,"turns":6.0},{"damage":0.0,"enemies":"Chosen","floor":18.0,"turns":7.0},{"damage":0.0,"enemies":"Masked Bandits","floor":20.0,"turns":1.0},{"damage":0.0,"enemies":"Shell Parasite","floor":21.0,"turns":2.0},{"damage":0.0,"enemies":"Sentry and Sphere","floor":22.0,"turns":3.0},{"damage":0.0,"enemies":"Gremlin Leader","floor":23.0,"turns":2.0},{"damage":0.0,"enemies":"Cultist and Chosen","floor":24.0,"turns":2.0},{"damage":0.0,"enemies":"Snake Plant","floor":25.0,"turns":2.0},{"damage":0.0,"enemies":"Book of Stabbing","floor":27.0,"turns":2.0},{"damage":0.0,"enemies":"Slavers","floor":28.0,"turns":1.0},{"damage":0.0,"enemies":"Gremlin Leader","floor":29.0,"turns":2.0},{"damage":0.0,"enemies":"Collector","floor":33.0,"turns":2.0},{"damage":0.0,"enemies":"3 Darklings","floor":35.0,"turns":1.0},{"damage":0.0,"enemies":"3 Shapes","floor":38.0,"turns":1.0},{"damage":0.0,"enemies":"Reptomancer","floor":41.0,"turns":2.0},{"damage":0.0,"enemies":"Giant Head","floor":44.0,"turns":2.0},{"damage":0.0,"enemies":"Reptomancer","floor":46.0,"turns":3.0},{"damage":0.0,"enemies":"Writhing Mass","floor":47.0,"turns":2.0},{"damage":0.0,"enemies":"Spire Growth","floor":48.0,"turns":1.0},{"damage":0.0,"enemies":"Awakened One","floor":50.0,"turns":2.0},{"damage":0,"enemies":"Shield and Spear","floor":54,"turns":1},{"damage":1,"enemies":"The Heart","floor":55,"turns":3}],"seed_played":"7091049120122654819","potions_obtained":[{"floor":3.0,"key":"Poison Potion"},{"floor":18.0,"key":"Energy Potion"},{"floor":28.0,"key":"SteroidPotion"},{"floor":33.0,"key":"PowerPotion"}],"is_trial":false,"path_per_floor":["M","?","M","?","?","E","?","E","T","M","R","E","$","M","R","B",null,"M","?","?","M","M","E","M","M","T","E","E","E","$","?","R","B",null,"M","$","?","M","?","R","E","$","T","E","?","E","M","M","R","B",null,"R","$","E","B",null],"character_chosen":"THE_SILENT","items_purchased":["CeramicFish","Footwork","Toxic Egg 2","Oddly Smooth Stone","Frozen Eye","Acrobatics+1","Fruit Juice","Dexterity Potion","OrangePellets","Acrobatics+1","ClockworkSouvenir"],"campfire_rested":0,"item_purchase_floors":[13,13,30,30,30,30,30,30,42,42,53],"current_hp_per_floor":[70,70,70,75,57,57,57,56,56,60,60,64,64,68,68,75,75,75,75,75,75,75,75,75,75,75,75,75,75,85,85,85,85,85,85,85,95,95,95,95,95,95,95,95,95,95,95,95,95,95,95,95,95,95,95],"gold":88,"neow_bonus":"THREE_RARE_CARDS","is_daily":false,"chose_seed":false,"campfire_upgraded":5,"win_rate":0.0,"timestamp":1614314842,"path_taken":["M","?","M","?","?","E","?","E","T","?","R","E","$","M","R","BOSS","M","?","?","M","M","E","M","M","T","E","E","E","$","?","R","BOSS","M","$","?","?","?","R","E","?","T","E","?","E","?","M","R","BOSS","R","$","E","BOSS"],"items_purchased_type":["Relic","Card","Relic","Relic","Relic","Card","Potion","Potion","Relic","Card","Relic"],"build_version":"2020-12-18","purchased_purges":0,"victory":true,"max_hp_per_floor":[70,70,70,75,75,75,75,75,75,75,75,75,75,75,75,75,75,75,75,75,75,75,75,75,75,75,75,75,75,85,85,85,85,85,85,85,95,95,95,95,95,95,95,95,95,95,95,95,95,95,95,95,95,95,95],"card_choices":[{"not_picked":["Corpse Explosion","Envenom"],"picked":"Burst","floor":0.0},{"not_picked":["Flechettes","Masterful Stab"],"picked":"Dodge and Roll","floor":1.0},{"not_picked":["Dash","Endless Agony"],"picked":"Noxious Fumes","floor":3.0},{"not_picked":["Skewer","Bane","Eviscerate"],"picked":"SKIP","floor":6.0},{"not_picked":["Underhanded Strike","Dagger Spray","Flechettes"],"picked":"SKIP","floor":8.0},{"not_picked":["Prepared","Bane","Caltrops"],"picked":"SKIP","floor":10.0},{"not_picked":["Bane","Caltrops"],"picked":"Prepared","floor":10.0},{"not_picked":["Backflip","Acrobatics"],"picked":"Night Terror","floor":12.0},{"not_picked":["Underhanded Strike","Slice","Calculated Gamble"],"picked":"SKIP","floor":14.0},{"not_picked":["Burst","Venomology"],"picked":"A Thousand Cuts","floor":16.0},{"not_picked":["Deadly Poison","Underhanded Strike"],"picked":"Expertise","floor":18.0},{"not_picked":["Prepared+1","Outmaneuver"],"picked":"Setup","floor":21.0},{"not_picked":["Slice","Setup"],"picked":"Blade Dance+1","floor":22.0},{"not_picked":["Quick Slash+1","Poisoned Stab"],"picked":"Prepared+1","floor":23.0},{"not_picked":["Flying Knee+1","Blur","Predator"],"picked":"SKIP","floor":24.0},{"not_picked":["Slice","Dagger Spray"],"picked":"Reflex+1","floor":25.0},{"not_picked":["Noxious Fumes","Prepared","Underhanded Strike+1"],"picked":"SKIP","floor":27.0},{"not_picked":["Deadly Poison","Quick Slash","Terror"],"picked":"SKIP","floor":28.0},{"not_picked":["Backstab+1","Deadly Poison","Poisoned Stab"],"picked":"SKIP","floor":29.0},{"not_picked":["Venomology+1","Die Die Die"],"picked":"Wraith Form v2","floor":33.0},{"not_picked":["Slice+1","Deflect+1","Bane+1"],"picked":"SKIP","floor":35.0},{"not_picked":["Crippling Poison+1","Quick Slash+1"],"picked":"Prepared+1","floor":38.0},{"not_picked":["Backstab+1","Underhanded Strike","A Thousand Cuts"],"picked":"SKIP","floor":41.0},{"not_picked":["Slice","All Out Attack+1"],"picked":"Prepared+1","floor":44.0},{"not_picked":["A Thousand Cuts","Blur+1","Quick Slash+1"],"picked":"SKIP","floor":46.0},{"not_picked":["PiercingWail+1","Deflect+1","Heel Hook"],"picked":"SKIP","floor":47.0},{"not_picked":["Dodge and Roll+1","Endless Agony+1"],"picked":"Backflip+1","floor":48.0},{"not_picked":["Predator","Poisoned Stab+1"],"picked":"Backflip+1","floor":54}],"player_experience":2528045,"relics_obtained":[{"floor":6.0,"key":"Bird Faced Urn"},{"floor":8.0,"key":"Du-Vu Doll"},{"floor":9.0,"key":"Gremlin Horn"},{"floor":12.0,"key":"Calipers"},{"floor":20.0,"key":"Red Mask"},{"floor":23.0,"key":"Blood Vial"},{"floor":26.0,"key":"Art of War"},{"floor":27.0,"key":"WingedGreaves"},{"floor":28.0,"key":"Toy Ornithopter"},{"floor":29.0,"key":"Smiling Mask"},{"floor":41.0,"key":"Whetstone"},{"floor":44.0,"key":"Omamori"},{"floor":46.0,"key":"MealTicket"},{"floor":54,"key":"Ornamental Fan"}],"event_choices":[{"damage_healed":0.0,"max_hp_gain":0.0,"max_hp_loss":0.0,"gold_gain":175.0,"event_name":"Liars Game","player_choice":"AGREE","floor":2.0,"gold_loss":0.0,"damage_taken":0.0,"cards_obtained":["Doubt"]},{"damage_healed":0.0,"max_hp_gain":5.0,"max_hp_loss":0.0,"gold_gain":0.0,"event_name":"Big Fish","player_choice":"Donut","floor":4.0,"gold_loss":0.0,"damage_taken":0.0},{"damage_healed":0.0,"max_hp_gain":0.0,"max_hp_loss":0.0,"gold_gain":0.0,"event_name":"Golden Idol","player_choice":"Take Damage","floor":5.0,"gold_loss":0.0,"damage_taken":18.0,"relics_obtained":["Golden Idol"]},{"damage_healed":0.0,"max_hp_gain":0.0,"max_hp_loss":0.0,"gold_gain":0.0,"event_name":"Accursed Blacksmith","player_choice":"Rummage","floor":7.0,"gold_loss":0.0,"damage_taken":0.0,"relics_obtained":["WarpedTongs"],"cards_obtained":["Pain"]},{"damage_healed":0.0,"max_hp_gain":0.0,"max_hp_loss":0.0,"gold_gain":99.0,"event_name":"Nest","player_choice":"Stole From Cult","floor":19.0,"gold_loss":0.0,"damage_taken":0.0},{"damage_healed":0.0,"max_hp_gain":0.0,"max_hp_loss":0.0,"gold_gain":0.0,"event_name":"Masked Bandits","player_choice":"Fought Bandits","floor":20.0,"gold_loss":0.0,"damage_taken":0.0},{"damage_healed":0.0,"max_hp_gain":0.0,"max_hp_loss":0.0,"gold_gain":0.0,"cards_transformed":["Noxious Fumes","Setup"],"event_name":"Drug Dealer","player_choice":"Became Test Subject","floor":31.0,"gold_loss":0.0,"damage_taken":0.0,"cards_obtained":["Storm of Steel","Glass Knife"]},{"cards_removed":["Wraith Form v2"],"damage_healed":0.0,"max_hp_gain":10.0,"max_hp_loss":0.0,"gold_gain":0.0,"event_name":"Bonfire Elementals","player_choice":"Offered Rare","floor":37.0,"gold_loss":0.0,"damage_taken":0.0},{"damage_healed":0.0,"max_hp_gain":0.0,"max_hp_loss":0.0,"gold_gain":0.0,"event_name":"Upgrade Shrine","player_choice":"Upgraded","floor":39.0,"gold_loss":0.0,"damage_taken":0.0,"cards_upgraded":["Well Laid Plans"]},{"damage_healed":0.0,"max_hp_gain":0.0,"max_hp_loss":0.0,"gold_gain":0.0,"event_name":"WeMeetAgain","player_choice":"Paid Gold","floor":45.0,"gold_loss":89.0,"damage_taken":0.0,"relics_obtained":["Boot"]}],"is_beta":true,"boss_relics":[{"not_picked":["Astrolabe","Busted Crown"],"picked":"SacredBark"},{"not_picked":["Cursed Key","Runic Dome"],"picked":"Ring of the Serpent"}],"items_purged_floors":[],"is_endless":false,"potions_floor_spawned":[3,8,14,18,20,21,28,33,38,41],"ascension_level":1}}