{"host":"s0nrlal5fls38heo","time":1614344114,"event":{"mods":["AchievementEnabler","BaseMod","Better Vampires","Colored Powertips","Dark Map","Displayed Cursed Tome","Downfall","Faster Ascension Climbing","GifTheSpireLib","Minty Spire (QoL Compilation)","Permanent Neow","Rare Cards Sparkle","Relic Filter Mod","Relic Stats","StSLib"],"gold_per_floor":[99,116,116,136,147,147,222,222,222,222],"floor_reached":8,"language":"ENG","playtime":303,"items_purged":[],"score":78,"play_id":"ec293cb2-f08b-4f22-8632-2cfa8976fe7d","local_time":"20210226135514","is_ascension_mode":true,"campfire_choices":[{"data":"Guardian:TwinSlam","floor":1,"key":"SMITH"},{"data":"Guardian:CurlUp","floor":6,"key":"SMITH"}],"circlet_count":0,"master_deck":["AscendersBane","Guardian:Strike_Guardian","Guardian:Strike_Guardian","Guardian:Strike_Guardian","Guardian:Defend_Guardian","Guardian:Defend_Guardian","Guardian:Defend_Guardian","Guardian:Defend_Guardian","Guardian:CurlUp+1","Guardian:TwinSlam+1","Guardian:TimeSifter","Guardian:TimeCapacitor","Guardian:TemporalShield","Guardian:TemporalShield"],"relics":["Guardian:ModeShifter","Question Card"],"acts_visited":[],"potions_floor_usage":[8],"damage_taken":[{"damage":5,"enemies":"Cultist","floor":2,"turns":5},{"damage":12,"enemies":"Jaw Worm","floor":4,"turns":5},{"damage":0,"enemies":"2 Louse","floor":5,"turns":5},{"damage":42,"enemies":"3 Sentries","floor":8,"turns":16}],"seed_played":"870442239390381279","potions_obtained":[{"floor":2,"key":"BlessingOfTheForge"},{"floor":5,"key":"FearPotion"}],"is_trial":false,"path_per_floor":["R","M","?","M","M","R","T","E"],"character_chosen":"GUARDIAN","items_purchased":[],"campfire_rested":0,"item_purchase_floors":[],"current_hp_per_floor":[65,60,60,48,48,48,48,6,6,6],"gold":222,"neow_bonus":"ONE_RANDOM_RARE_CARD","is_daily":false,"chose_seed":false,"campfire_upgraded":2,"win_rate":0.0,"timestamp":1614344114,"path_taken":["R","M","?","M","M","R","T","E"],"items_purchased_type":[],"build_version":"2020-12-22","purchased_purges":0,"victory":false,"max_hp_per_floor":[72,72,72,72,72,72,72,72,72,72],"relic_stats":{"counters":[4,31],"Question Card":0,"obtain_stats":[{"Guardian:ModeShifter":0,"Question Card":7},{"Guardian:ModeShifter":0,"Question Card":3},{"Guardian:ModeShifter":0,"Question Card":15}]},"card_choices":[{"not_picked":["Guardian:Incinerate","Guardian:Gem_White"],"picked":"Guardian:TimeCapacitor","floor":2},{"not_picked":["Guardian:Gem_White","Guardian:ShieldCharger"],"picked":"Guardian:TemporalShield","floor":4},{"not_picked":["Guardian:CrystalBeam","Guardian:RollAttack"],"picked":"Guardian:TemporalShield","floor":5}],"player_experience":89936,"relics_obtained":[{"floor":7,"key":"Question Card"}],"event_choices":[],"is_beta":false,"boss_relics":[],"items_purged_floors":[],"is_endless":false,"potions_floor_spawned":[2,5],"killed_by":"3 Sentries","ascension_level":14}}