{"host":"auii0tli5ebhxikt","time":1614309910,"event":{"mods":["ATMod(°¢èªMod)","Aspiration","BaseMod","Downfall","Energized Spire","Library of Ruina","Minty Spire (QoL Compilation)","Quick Restart","Relic Stats","Reliquary","Replay The Spire","Spicy Shops","StSLib","The Marked","Warlord Emblem","[IsaacMod]ÒÔÈö¼âËþ","¡¾ÒÅÎï¿¨ÅÆ¡¿REMEMod"],"gold_per_floor":[116,133,60,60,76,76,147,147,147,147,147,172,172,131,131,268,268,310,310,310,383,443,443,516,589,614,742,818,886,935,1003,1003,1156,1168,1339,1463,1525,1683,1799,1811,1893,1991,2081,2093,2262,2413,2527,2539,2539,2611],"floor_reached":51,"language":"ZHS","playtime":2663,"items_purged":["Parasite","Strike_R"],"score":1318,"play_id":"00a7a67c-ff0c-440f-88cd-239e4ce55d9d","local_time":"20210226112510","is_ascension_mode":true,"campfire_choices":[{"data":"Heavy Blade","floor":6,"key":"SMITH"},{"data":"Intimidate","floor":8,"key":"SMITH"},{"data":"Bash","floor":11,"key":"SMITH"},{"data":"Limit Break","floor":23,"key":"SMITH"},{"data":"Inflame","floor":32,"key":"SMITH"},{"data":"Flex","floor":40,"key":"SMITH"},{"data":"Strike_R","floor":49,"key":"SMITH"}],"circlet_count":0,"master_deck":["Strike_R","Strike_R","Strike_R+1","Strike_R","Strike_R","Defend_R","Defend_R","Defend_R","Bash+1","Heavy Blade+1","ReplayTheSpireMod:Stacked+1","Intimidate+1","REME_Cut+1","Inflame+1","Limit Break+1","Flex+1","ReplayTheSpireMod:Limb From Limb","Spot Weakness+1"],"relics":["Burning Blood","AT_ATBox","HushsDoor","REME_ComplimentaryCards","SteamSale","aspiration:Nostalgia","m_BurningSludge","Membership Card","Chameleon Ring","HowToJump","Iron Hammer","PageOfLittleHelper","PageOfApocalypseBird","Mummified Hand","PageOfScorchedGirl","YumHeart","REME_CardOfGreed","Charon\u0027s Ashes","Pet Ghost","Brimstone","Replay:Bandana","AT_MibuBalloonWealth","Vajra","reliquary:FingerTrap","PreservedInsect","reliquary:Tamtam","energizedSpire:DeadBattery","MomsKnife","REME_ArchaeologicalTools","BFFS","PageOfMountain","reliquary:Boomerang","ClockworkSouvenir","AT_BellDemon","Omamori","reliquary:PrincelyHelmet","Smiling Mask","Juzu Bracelet","PageOfFreischutz","Bottled Tornado","AT_ChloranthyRing","reliquary:PartyBalloon","Darkstone Periapt","aspiration:StickyExplosives_weak","AT_BladeRuinedKing","MawBank","energizedSpire:MagnifyingGlass","Ginger","PageOfGreed","PageOfAlriune","reliquary:Sod","Bag of Preparation","reliquary:GummyVitamins","PageOfTheQueenOfHatred","PageOfTheKnightOfDespair","PageOfThreeBirds","PageOfWrath","GnawedLeaf","PageOfNihil","Bird Faced Urn","reliquary:Spinner","Gremlin Food","AT_ImmortalShieldbow","Boot","PageOfBigBadWolf","reliquary:BrokenClock"],"acts_visited":["Exordium","TheCity","TheBeyond"],"potions_floor_usage":[7,16,16,16,16,33,33,33,41,45,50,50,50],"damage_taken":[{"damage":2,"enemies":"Small Slimes","floor":1,"turns":5},{"damage":1,"enemies":"2 Louse","floor":2,"turns":3},{"damage":0,"enemies":"Cultist","floor":5,"turns":2},{"damage":0,"enemies":"Lagavulin","floor":7,"turns":5},{"damage":0,"enemies":"Gremlin Nob","floor":12,"turns":2},{"damage":0,"enemies":"The Guardian","floor":16,"turns":3},{"damage":0,"enemies":"Chosen","floor":18,"turns":2},{"damage":0,"enemies":"Spheric Guardian","floor":22,"turns":1},{"damage":0,"enemies":"Book of Stabbing","floor":24,"turns":1},{"damage":0,"enemies":"Cultist and Chosen","floor":25,"turns":1},{"damage":0,"enemies":"Slavers","floor":27,"turns":1},{"damage":0,"enemies":"Centurion and Healer","floor":28,"turns":1},{"damage":0,"enemies":"Book of Stabbing","floor":29,"turns":1},{"damage":0,"enemies":"Snecko","floor":30,"turns":1},{"damage":0,"enemies":"REME_1_Revenger","floor":31,"turns":1},{"damage":0,"enemies":"Champ","floor":33,"turns":3},{"damage":0,"enemies":"3 Darklings","floor":35,"turns":2},{"damage":0,"enemies":"3 Shapes","floor":36,"turns":2},{"damage":0,"enemies":"Writhing Mass","floor":37,"turns":2},{"damage":2,"enemies":"3 Darklings","floor":38,"turns":2},{"damage":0,"enemies":"Sphere and 2 Shapes","floor":39,"turns":1},{"damage":0,"enemies":"R_Hoarder","floor":41,"turns":2},{"damage":0,"enemies":"Mind Bloom Boss Battle","floor":42,"turns":2},{"damage":8,"enemies":"Nemesis","floor":45,"turns":4},{"damage":0,"enemies":"4 Shapes","floor":46,"turns":2},{"damage":0,"enemies":"Sphere and 2 Shapes","floor":47,"turns":1},{"damage":15,"enemies":"Donu and Deca","floor":50,"turns":3}],"seed_played":"996185751295435598","potions_obtained":[{"floor":2,"key":"REME_GoldPotion"},{"floor":7,"key":"Block Potion"},{"floor":18,"key":"EssenceOfSteel"},{"floor":35,"key":"ColorlessPotion"},{"floor":37,"key":"Strength Potion"},{"floor":39,"key":"Fire Potion"},{"floor":46,"key":"Elixir"},{"floor":47,"key":"Swift Potion"}],"is_trial":false,"path_per_floor":["M","M","$","?","M","R","E","R","T","$","R","E","$","?","R","B",null,"M","?","$","?","M","R","E","M","T","E","M","E","M","E","R","B",null,"M","M","M","M","M","R","E","?","T","?","E","M","M","$","R","B",null],"character_chosen":"IRONCLAD","items_purchased":["Membership Card","Chameleon Ring","HowToJump","Iron Hammer","PageOfLittleHelper","Ancient Potion","AttackPotion","PageOfScorchedGirl","YumHeart","REME_CardOfGreed","Charon\u0027s Ashes","Pet Ghost","Brimstone","Strength Potion","SteroidPotion","AT_MibuBalloonWealth","Vajra","reliquary:FingerTrap","PreservedInsect","reliquary:Tamtam","Inflame","MomsKnife","REME_ArchaeologicalTools","BFFS","PageOfMountain","reliquary:Boomerang","ClockworkSouvenir","AT_BellDemon","BlessingOfTheForge","Toxic Potion","Gremlin Food","AT_ImmortalShieldbow","Boot","PageOfBigBadWolf","reliquary:BrokenClock","Weak Potion"],"campfire_rested":0,"item_purchase_floors":[3,3,3,3,3,3,3,10,10,10,10,10,10,10,10,13,13,13,13,13,13,17,20,20,20,20,20,20,20,20,48,48,48,48,48,48],"current_hp_per_floor":[80,80,80,80,80,80,80,80,80,80,80,80,80,80,80,80,48,48,48,45,30,36,36,42,45,45,45,45,45,45,45,45,45,45,45,45,45,45,45,45,45,45,45,45,45,45,45,45,45,42],"gold":2611,"neow_bonus":"NOSTALGIA","is_daily":false,"chose_seed":false,"campfire_upgraded":7,"win_rate":0.0,"timestamp":1614309910,"path_taken":["M","M","$","?","M","R","E","R","T","$","R","E","$","?","R","BOSS","M","?","$","?","M","R","E","?","T","E","M","E","M","E","R","BOSS","M","M","M","M","M","R","E","?","T","?","E","M","M","$","R","BOSS"],"items_purchased_type":["Relic","Relic","Relic","Relic","Relic","Potion","Potion","Relic","Relic","Relic","Relic","Relic","Relic","Potion","Potion","Relic","Relic","Relic","Relic","Relic","Card","Relic","Relic","Relic","Relic","Relic","Relic","Relic","Potion","Potion","Relic","Relic","Relic","Relic","Relic","Potion"],"build_version":"2020-12-22","purchased_purges":2,"victory":true,"max_hp_per_floor":[80,80,80,80,80,80,80,80,80,80,80,80,80,80,80,80,48,48,48,45,45,45,45,45,45,45,45,45,45,45,45,45,45,45,45,45,45,45,45,45,45,45,45,45,45,45,45,45,45,45],"relic_stats":{"Darkstone Periapt":0,"counters":[28,56],"Charon\u0027s Ashes":[269],"PreservedInsect":285,"Juzu Bracelet":0,"Bag of Preparation":[12],"Ginger":[0],"Smiling Mask":0,"MawBank":180,"Boot":[1],"Burning Blood":31,"Mummified Hand":[27],"Bird Faced Urn":[0],"obtain_stats":[{"PageOfTheQueenOfHatred":41,"AT_ATBox":0,"PageOfMountain":20,"reliquary:PartyBalloon":29,"AT_MibuBalloonWealth":13,"Vajra":13,"PageOfAlriune":37,"Ginger":35,"reliquary:Tamtam":13,"Bottled Tornado":27,"Boot":48,"BFFS":20,"Iron Hammer":3,"REME_ArchaeologicalTools":20,"reliquary:FingerTrap":13,"PageOfApocalypseBird":7,"KeepersGift":0,"PageOfThreeBirds":42,"aspiration:Nostalgia":0,"Charon\u0027s Ashes":10,"SteamSale":0,"YumHeart":10,"Brimstone":10,"Bird Faced Urn":46,"reliquary:GummyVitamins":41,"energizedSpire:MagnifyingGlass":34,"reliquary:BrokenClock":48,"HushsDoor":0,"AT_BellDemon":20,"Darkstone Periapt":30,"reliquary:Boomerang":20,"reliquary:PrincelyHelmet":24,"GnawedLeaf":45,"Juzu Bracelet":26,"Bag of Preparation":39,"MomsKnife":17,"Smiling Mask":25,"Burning Blood":0,"Pet Ghost":10,"ClockworkSouvenir":20,"aspiration:StickyExplosives_weak":31,"PageOfGreed":36,"PageOfWrath":43,"Replay:Bandana":12,"Chameleon Ring":3,"Mummified Hand":9,"PageOfFreischutz":27,"PageOfTheKnightOfDespair":42,"AT_ChloranthyRing":28,"Gremlin Food":48,"PageOfBigBadWolf":48,"HowToJump":3,"PageOfLittleHelper":3,"PageOfNihil":45,"PreservedInsect":13,"AT_BladeRuinedKing":31,"Omamori":24,"reliquary:Spinner":47,"energizedSpire:DeadBattery":17,"MawBank":33,"reliquary:Sod":38,"AT_ImmortalShieldbow":48,"PageOfScorchedGirl":10,"Membership Card":3,"REME_CardOfGreed":10,"REME_ComplimentaryCards":0,"m_BurningSludge":0},{"PageOfTheQueenOfHatred":22,"AT_ATBox":0,"PageOfMountain":7,"reliquary:PartyBalloon":13,"AT_MibuBalloonWealth":5,"Vajra":5,"PageOfAlriune":19,"Ginger":17,"reliquary:Tamtam":5,"Bottled Tornado":11,"Boot":27,"BFFS":7,"Iron Hammer":2,"REME_ArchaeologicalTools":7,"reliquary:FingerTrap":5,"PageOfApocalypseBird":4,"KeepersGift":0,"PageOfThreeBirds":23,"aspiration:Nostalgia":0,"Charon\u0027s Ashes":4,"SteamSale":0,"YumHeart":4,"Brimstone":4,"Bird Faced Urn":26,"reliquary:GummyVitamins":22,"energizedSpire:MagnifyingGlass":16,"reliquary:BrokenClock":27,"HushsDoor":0,"AT_BellDemon":7,"Darkstone Periapt":14,"reliquary:Boomerang":7,"reliquary:PrincelyHelmet":9,"GnawedLeaf":25,"Juzu Bracelet":10,"Bag of Preparation":21,"MomsKnife":6,"Smiling Mask":10,"Burning Blood":0,"Pet Ghost":4,"ClockworkSouvenir":7,"aspiration:StickyExplosives_weak":15,"PageOfGreed":18,"PageOfWrath":23,"Replay:Bandana":5,"Chameleon Ring":2,"Mummified Hand":4,"PageOfFreischutz":11,"PageOfTheKnightOfDespair":23,"AT_ChloranthyRing":12,"Gremlin Food":27,"PageOfBigBadWolf":27,"HowToJump":2,"PageOfLittleHelper":2,"PageOfNihil":25,"PreservedInsect":5,"AT_BladeRuinedKing":15,"Omamori":9,"reliquary:Spinner":27,"energizedSpire:DeadBattery":6,"MawBank":16,"reliquary:Sod":20,"AT_ImmortalShieldbow":27,"PageOfScorchedGirl":4,"Membership Card":2,"REME_CardOfGreed":4,"REME_ComplimentaryCards":0,"m_BurningSludge":0},{"PageOfTheQueenOfHatred":44,"AT_ATBox":0,"PageOfMountain":22,"reliquary:PartyBalloon":28,"AT_MibuBalloonWealth":17,"Vajra":17,"PageOfAlriune":39,"Ginger":35,"reliquary:Tamtam":17,"Bottled Tornado":26,"Boot":53,"BFFS":22,"Iron Hammer":8,"REME_ArchaeologicalTools":22,"reliquary:FingerTrap":17,"PageOfApocalypseBird":15,"KeepersGift":0,"PageOfThreeBirds":46,"aspiration:Nostalgia":0,"Charon\u0027s Ashes":15,"SteamSale":0,"YumHeart":15,"Brimstone":15,"Bird Faced Urn":52,"reliquary:GummyVitamins":44,"energizedSpire:MagnifyingGlass":33,"reliquary:BrokenClock":53,"HushsDoor":0,"AT_BellDemon":22,"Darkstone Periapt":29,"reliquary:Boomerang":22,"reliquary:PrincelyHelmet":24,"GnawedLeaf":50,"Juzu Bracelet":25,"Bag of Preparation":42,"MomsKnife":20,"Smiling Mask":25,"Burning Blood":0,"Pet Ghost":15,"ClockworkSouvenir":22,"aspiration:StickyExplosives_weak":30,"PageOfGreed":37,"PageOfWrath":46,"Replay:Bandana":17,"Chameleon Ring":8,"Mummified Hand":15,"PageOfFreischutz":26,"PageOfTheKnightOfDespair":46,"AT_ChloranthyRing":27,"Gremlin Food":53,"PageOfBigBadWolf":53,"HowToJump":8,"PageOfLittleHelper":8,"PageOfNihil":50,"PreservedInsect":17,"AT_BladeRuinedKing":30,"Omamori":24,"reliquary:Spinner":53,"energizedSpire:DeadBattery":20,"MawBank":33,"reliquary:Sod":41,"AT_ImmortalShieldbow":53,"PageOfScorchedGirl":15,"Membership Card":8,"REME_CardOfGreed":15,"REME_ComplimentaryCards":0,"m_BurningSludge":0}]},"card_choices":[{"not_picked":["Bomb","Warcry","Havoc"],"picked":"SKIP","floor":1},{"not_picked":["Clothesline","Battle Trance"],"picked":"Heavy Blade","floor":2},{"not_picked":["Exhume","Replay:Undeath\u0027s Touch"],"picked":"Intimidate","floor":5},{"not_picked":["Pommel Strike","ReplayTheSpireMod:Strike From Hell","Iron Wave"],"picked":"SKIP","floor":7},{"not_picked":["Hemokinesis","AT_IchimonjiDouble"],"picked":"REME_Cut","floor":12},{"not_picked":["AT_Dispersion","Hemogenesis"],"picked":"Limit Break","floor":16},{"not_picked":["Massacre+1","Wild Strike+1","Whirlwind"],"picked":"SKIP","floor":18},{"not_picked":["ReplayTheSpireMod:Strike From Hell","Body Slam+1","AT_BodySlamDance"],"picked":"SKIP","floor":22},{"not_picked":["Clothesline","Clash+1","Ghostly Armor"],"picked":"SKIP","floor":24},{"not_picked":["Replay:Undeath\u0027s Touch+1","Blood for Blood","Pummel+1"],"picked":"SKIP","floor":25},{"not_picked":["Warcry","Wild Strike+1","AT_ShrugMaster+1"],"picked":"SKIP","floor":27},{"not_picked":["Ghostly Armor","Dual Wield","Offering"],"picked":"SKIP","floor":28},{"not_picked":["Armaments","Replay:Undeath\u0027s Touch","Hemokinesis+1"],"picked":"SKIP","floor":29},{"not_picked":["Pommel Strike+1","Iron Wave"],"picked":"Flex","floor":30},{"not_picked":["Metallicize+1","AT_ShrugMaster+1","Replay:Many Hands"],"picked":"SKIP","floor":31},{"not_picked":["Headbutt","Warcry+1"],"picked":"ReplayTheSpireMod:Limb From Limb","floor":35},{"not_picked":["Blood for Blood+1","Fire Breathing"],"picked":"Spot Weakness+1","floor":36},{"not_picked":["Hemokinesis+1","Wild Strike+1","Perfected Strike"],"picked":"SKIP","floor":37},{"not_picked":["ReplayTheSpireMod:Corrosion Curse+1","Sever Soul+1","Sentinel+1"],"picked":"SKIP","floor":38},{"not_picked":["Run Through","Abandon","Burning Pact"],"picked":"SKIP","floor":39},{"not_picked":["Cleave","ReplayReversal","Bludgeon"],"picked":"SKIP","floor":41},{"not_picked":["AT_BodySlamDance+1","Body Slam+1","Armaments+1"],"picked":"SKIP","floor":45},{"not_picked":["Entrench+1","Run Through","Shrug It Off+1"],"picked":"SKIP","floor":46},{"not_picked":["Perfected Strike+1","AT_BodySlamDance","Clash+1"],"picked":"SKIP","floor":47}],"player_experience":165622,"relics_obtained":[{"floor":7,"key":"PageOfApocalypseBird"},{"floor":9,"key":"Mummified Hand"},{"floor":12,"key":"Replay:Bandana"},{"floor":24,"key":"Omamori"},{"floor":24,"key":"reliquary:PrincelyHelmet"},{"floor":25,"key":"Smiling Mask"},{"floor":26,"key":"Juzu Bracelet"},{"floor":27,"key":"PageOfFreischutz"},{"floor":27,"key":"Bottled Tornado"},{"floor":28,"key":"AT_ChloranthyRing"},{"floor":29,"key":"reliquary:PartyBalloon"},{"floor":30,"key":"Darkstone Periapt"},{"floor":31,"key":"aspiration:StickyExplosives_weak"},{"floor":31,"key":"AT_BladeRuinedKing"},{"floor":33,"key":"MawBank"},{"floor":35,"key":"Ginger"},{"floor":36,"key":"PageOfGreed"},{"floor":37,"key":"PageOfAlriune"},{"floor":38,"key":"reliquary:Sod"},{"floor":39,"key":"Bag of Preparation"},{"floor":41,"key":"reliquary:GummyVitamins"},{"floor":41,"key":"PageOfTheQueenOfHatred"},{"floor":42,"key":"PageOfTheKnightOfDespair"},{"floor":42,"key":"PageOfThreeBirds"},{"floor":43,"key":"PageOfWrath"},{"floor":45,"key":"GnawedLeaf"},{"floor":45,"key":"PageOfNihil"},{"floor":46,"key":"Bird Faced Urn"},{"floor":47,"key":"reliquary:Spinner"}],"event_choices":[{"damage_healed":0,"gold_gain":0,"player_choice":"Left Gold","damage_taken":0,"max_hp_gain":0,"max_hp_loss":0,"event_name":"World of Goop","floor":14,"gold_loss":41},{"damage_healed":0,"gold_gain":0,"player_choice":"Ignored","damage_taken":0,"max_hp_gain":0,"max_hp_loss":0,"event_name":"Vampires","floor":19,"gold_loss":0},{"damage_healed":0,"gold_gain":0,"player_choice":"Fight","damage_taken":0,"max_hp_gain":0,"max_hp_loss":0,"event_name":"MindBloom","floor":42,"gold_loss":0},{"damage_healed":0,"gold_gain":0,"player_choice":"Ignored","damage_taken":0,"max_hp_gain":0,"max_hp_loss":0,"event_name":"SecretPortal","floor":44,"gold_loss":0}],"is_beta":false,"boss_relics":[{"not_picked":["energizedSpire:TabascoSauce","Ooze Armor"],"picked":"energizedSpire:DeadBattery"},{"not_picked":[]},{"not_picked":["ChampionBelt","Pandora\u0027s Box"],"picked":"energizedSpire:MagnifyingGlass"},{"not_picked":[]}],"items_purged_floors":[20,48],"is_endless":false,"potions_floor_spawned":[2,5,7,18,24,25,28,30,35,37,39,46,47],"ascension_level":1}}