{"host":"rewczy2ihmzhwqlt","time":1614383444,"event":{"mods":["2.2 Compatiblity","Act Like it!","BaseMod","Bossed Relics","Energized Spire","Gensokyo","Minty Spire (QoL Compilation)","Permanent Neow","Quick Restart","Rare Cards Sparkle","Replay The Spire","StSLib"],"gold_per_floor":[111,122,134,57,69,103,103,130,130,156,173,173,203,15,15,93,93,109,59,72,90,102,127,127,127,127],"floor_reached":25,"language":"ZHS","playtime":1728,"items_purged":["Defend_P","Strike_P"],"score":461,"play_id":"34a0cfed-2f04-4954-9e51-159098abea13","local_time":"20210227075044","is_ascension_mode":true,"campfire_choices":[{"data":"Eruption","floor":7.0,"key":"SMITH"},{"data":"CutThroughFate","floor":15.0,"key":"SMITH"},{"floor":24,"key":"REST"}],"circlet_count":0,"master_deck":["AscendersBane","Strike_P","Strike_P","Strike_P","Defend_P","Eruption+1","Vigilance","Replay:Cycle","FlurryOfBlows","Conclude","MentalFortress","CutThroughFate+1","MentalFortress","Brilliance","Fasting2","Wallop","Adaptation"],"relics":["Painkiller Herb","Replay:Bottled Flurry","Toy Ornithopter","Tiny Chest","Eternal Feather","Singing Bowl","Membership Card","Empty Cage","GoldenEye"],"acts_visited":["Exordium","Gensokyo:Gensokyo"],"potions_floor_usage":[],"damage_taken":[{"damage":6.0,"enemies":"Gensokyo:Gryphon","floor":1.0,"turns":4.0},{"damage":2.0,"enemies":"Gensokyo:Python","floor":2.0,"turns":4.0},{"damage":0.0,"enemies":"Gensokyo:2_Kodama","floor":3.0,"turns":2.0},{"damage":8.0,"enemies":"Gensokyo:Gryphon_and_Rabbit","floor":5.0,"turns":5.0},{"damage":0.0,"enemies":"Gensokyo:Mamizou","floor":6.0,"turns":6.0},{"damage":4.0,"enemies":"Gensokyo:Cirno","floor":8.0,"turns":4.0},{"damage":9.0,"enemies":"Gensokyo:Aya","floor":10.0,"turns":4.0},{"damage":0.0,"enemies":"Gensokyo:3_Kodama","floor":11.0,"turns":1.0},{"damage":16.0,"enemies":"Gensokyo:Cirno","floor":13.0,"turns":5.0},{"damage":14.0,"enemies":"Gensokyo:Reimu","floor":16.0,"turns":6.0},{"damage":0.0,"enemies":"Gensokyo:2_Gloops","floor":18.0,"turns":4.0},{"damage":0.0,"enemies":"Gensokyo:Chomper","floor":20.0,"turns":3.0},{"damage":26.0,"enemies":"Gensokyo:Slime_Group","floor":21.0,"turns":3.0},{"damage":36.0,"enemies":"Gensokyo:Wraith","floor":22.0,"turns":4.0},{"damage":0,"enemies":"Gensokyo:Reisen","floor":23,"turns":3},{"damage":48,"enemies":"Gensokyo:Chomper_and_Gloop","floor":25,"turns":5}],"seed_played":"1766764838153915862","potions_obtained":[{"floor":1.0,"key":"PowerPotion"},{"floor":3.0,"key":"BlessingOfTheForge"},{"floor":5.0,"key":"Fire Potion"},{"floor":10.0,"key":"Strength Potion"},{"floor":20.0,"key":"Swift Potion"},{"floor":23,"key":"Adrenaline Potion"}],"is_trial":false,"path_per_floor":["?","?","?","T","?","E","T","E","T","E","?","?","E","T","T","B",null,"?","T","?","?","?","E","T","?"],"character_chosen":"WATCHER","items_purchased":["MentalFortress","Membership Card"],"campfire_rested":1,"item_purchase_floors":[4,14],"current_hp_per_floor":[59,57,57,57,49,49,49,45,45,41,41,48,34,34,43,29,68,68,68,68,42,8,10,44,0,0],"gold":127,"neow_bonus":"BOSS_RELIC","is_daily":false,"chose_seed":false,"campfire_upgraded":2,"win_rate":0.0,"timestamp":1614383444,"path_taken":["?","?","?","T","?","E","T","E","T","E","?","?","E","?","T","BOSS","?","T","?","?","?","E","T","?"],"items_purchased_type":["Card","Relic"],"build_version":"2020-12-22","purchased_purges":2,"victory":false,"max_hp_per_floor":[72,72,72,72,72,72,72,72,72,72,72,79,81,81,81,81,81,81,81,81,81,83,85,85,85,85],"card_choices":[{"not_picked":["Nirvana","Pray"],"picked":"Replay:Cycle","floor":1.0},{"not_picked":["Replay:Battleflow","Halt"],"picked":"FlurryOfBlows","floor":2.0},{"not_picked":["EmptyBody","Replay:BluntJabs"],"picked":"Conclude","floor":3.0},{"not_picked":["FlyingSleeves","WaveOfTheHand","DeceiveReality"],"picked":"SKIP","floor":5.0},{"not_picked":["Sanctity","Fasting2"],"picked":"CutThroughFate","floor":6.0},{"not_picked":["FlurryOfBlows","Crescendo"],"picked":"MentalFortress","floor":8.0},{"not_picked":["Evaluate","Collect","FlurryOfBlows"],"picked":"SKIP","floor":10.0},{"not_picked":["Replay:Hum","Halt","Crescendo"],"picked":"SKIP","floor":11.0},{"not_picked":["BowlingBash","Replay:AllIn","FlyingSleeves"],"picked":"Singing Bowl","floor":13.0},{"not_picked":["Alpha","Ragnarok"],"picked":"Brilliance","floor":16.0},{"not_picked":["Replay:ManipulateFuture","PathToVictory"],"picked":"Fasting2","floor":18.0},{"not_picked":["FollowUp","FlurryOfBlows"],"picked":"Wallop","floor":20.0},{"not_picked":["Prostrate+1","SashWhip"],"picked":"Adaptation","floor":21.0},{"not_picked":["EmptyFist","Brilliance","EmptyBody"],"picked":"Singing Bowl","floor":22.0},{"not_picked":["Consecrate","JustLucky","Collect"],"picked":"Singing Bowl","floor":23}],"player_experience":604960,"relics_obtained":[{"floor":6.0,"key":"Replay:Bottled Flurry"},{"floor":8.0,"key":"Toy Ornithopter"},{"floor":9.0,"key":"Tiny Chest"},{"floor":10.0,"key":"Eternal Feather"},{"floor":13.0,"key":"Singing Bowl"},{"floor":23,"key":"GoldenEye"}],"event_choices":[],"is_beta":false,"boss_relics":[{"not_picked":["Philosopher\u0027s Stone","Replay:Ancient Bell"],"picked":"Empty Cage"}],"items_purged_floors":[14,19],"is_endless":false,"potions_floor_spawned":[1,3,5,10,20,23],"killed_by":"Gensokyo:Chomper_and_Gloop","ascension_level":13}}