{"host":"uyfpom4rlahfoee4","time":1614379313,"event":{"mods":["BaseMod","Downfall","Minty Spire (QoL Compilation)","StSLib"],"gold_per_floor":[99,109,109,126,141,158,237,237,247,262,273,288,288,298,310,414,414,414,429,429,198,198,218,244,262,212,212,224,253,153,163,173,173,173,173],"floor_reached":33,"language":"ENG","playtime":1686,"items_purged":[],"score":267,"play_id":"5c5c03ef-beaf-4fe4-b7ef-6056d50c1771","local_time":"20210226144153","is_ascension_mode":false,"campfire_choices":[{"data":"bronze:Replicate","floor":1,"key":"SMITH"},{"data":"bronze:WhirlingStrike","floor":13,"key":"SMITH"},{"data":"bronze:Repulsor","floor":18,"key":"SMITH"},{"data":"bronze:Iterate","floor":30,"key":"SMITH"}],"circlet_count":0,"master_deck":["bronze:Strike+1","bronze:Strike+1","bronze:Strike+1","bronze:Strike+1","bronze:Defend+1","bronze:Defend+1","bronze:Defend+1","bronze:Defend+1","bronze:Replicate+1","bronze:Goto","bronze:Constructor","bronze:WhirlingStrike+1","bronze:Terminator","bronze:WhirlingStrike","bronze:WhirlingStrike","bronze:Flail","bronze:Shield","bronze:Repulsor+1","bronze:Backtrace","bronze:Separator","bronze:DigitalCarnage","bronze:ShipIt","bronze:Repair+1","bronze:OilSpill","bronze:ItsAFeature","bronze:BuggyMess+1","bronze:BuggyMess","bronze:OilSpill","bronze:Iterate+1","bronze:Invalidate","bronze:Shield+1"],"relics":["bronze:BronzeCore","bronze:BottledCode","Question Card","SlaversCollar","Oddly Smooth Stone","Sling","MutagenicStrength","Centennial Puzzle","downfall:HeartBlessingBlue"],"acts_visited":["Exordium","TheCity"],"potions_floor_usage":[21,21,29],"damage_taken":[{"damage":0,"enemies":"Jaw Worm","floor":2,"turns":3},{"damage":0,"enemies":"2 Louse","floor":4,"turns":2},{"damage":0,"enemies":"Cultist","floor":5,"turns":3},{"damage":0,"enemies":"Red Slaver","floor":6,"turns":2},{"damage":6,"enemies":"Large Slime","floor":9,"turns":3},{"damage":2,"enemies":"Blue Slaver","floor":10,"turns":2},{"damage":0,"enemies":"3 Louse","floor":11,"turns":2},{"damage":0,"enemies":"Exordium Wildlife","floor":12,"turns":2},{"damage":1,"enemies":"Blue Slaver","floor":14,"turns":3},{"damage":5,"enemies":"downfall:LooterAlt","floor":15,"turns":3},{"damage":33,"enemies":"IC_STATUS_ARCHETYPE","floor":16,"turns":9},{"damage":18,"enemies":"Shell Parasite","floor":19,"turns":3},{"damage":4,"enemies":"downfall:FleeingMerchant","floor":21,"turns":4},{"damage":0,"enemies":"downfall:LooterAlt2","floor":23,"turns":1},{"damage":16,"enemies":"Centurion and Healer","floor":25,"turns":8},{"damage":3,"enemies":"Snecko","floor":28,"turns":5},{"damage":2,"enemies":"Gremlin Leader","floor":29,"turns":5},{"damage":30,"enemies":"Shelled Parasite and Fungi","floor":31,"turns":7},{"damage":31,"enemies":"Centurion and Healer","floor":32,"turns":7},{"damage":16,"enemies":"SI_MIRROR_ARCHETYPE","floor":33,"turns":6}],"seed_played":"216317789642619766","potions_obtained":[{"floor":6,"key":"bronze:BuildAFunctionPotion"},{"floor":9,"key":"sneckomod:MuddlingPotion"},{"floor":11,"key":"FearPotion"},{"floor":28,"key":"BlessingOfTheForge"},{"floor":29,"key":"Strength Potion"},{"floor":31,"key":"GamblersBrew"}],"is_trial":false,"path_per_floor":["R","M","?","M","M","M","T","?","M","M","M","M","R","M","M","B",null,"R","M","T","$","?","M","T","M","?","?","M","E","R","M","M","B"],"character_chosen":"THE_AUTOMATON","items_purchased":["Sling","bronze:ItsAFeature"],"campfire_rested":0,"item_purchase_floors":[21,21],"current_hp_per_floor":[70,70,60,60,60,60,60,60,54,52,52,52,52,51,46,13,60,60,42,42,48,48,48,48,42,60,60,57,60,70,40,19,13,13,13],"gold":173,"neow_bonus":"THREE_CARDS","is_daily":false,"chose_seed":false,"campfire_upgraded":4,"win_rate":0.0,"timestamp":1614379313,"path_taken":["R","M","?","M","M","M","T","?","M","M","M","M","R","?","M","BOSS","R","M","?","$","?","M","T","M","?","?","M","E","R","M","M","BOSS"],"items_purchased_type":["Relic","Card"],"build_version":"2020-12-22","purchased_purges":0,"victory":false,"max_hp_per_floor":[70,70,60,60,60,60,60,60,60,60,60,60,60,60,60,60,60,60,60,60,60,60,60,60,60,60,60,60,60,70,70,70,70,70,70],"card_choices":[{"not_picked":["bronze:DelayedGuard","bronze:Safeguard"],"picked":"bronze:Constructor","floor":0},{"not_picked":["bronze:OilSpill","bronze:BugBarrage"],"picked":"bronze:WhirlingStrike","floor":2},{"not_picked":["bronze:Constructor","bronze:BugBarrage"],"picked":"bronze:Terminator","floor":4},{"not_picked":["bronze:Overheat","bronze:WildBeam"],"picked":"bronze:WhirlingStrike","floor":5},{"not_picked":["bronze:Overload","bronze:DelayedGuard","bronze:BitShift"],"picked":"SKIP","floor":6},{"not_picked":["bronze:Backtrace","bronze:Invalidate","bronze:Overheat"],"picked":"bronze:Flail","floor":9},{"not_picked":["bronze:ShipIt","bronze:BuggyMess","bronze:Overload"],"picked":"bronze:Shield","floor":10},{"not_picked":["bronze:Branch","bronze:BitShift","bronze:CutThrough"],"picked":"bronze:Repulsor","floor":11},{"not_picked":["bronze:ClassDefault","bronze:ItsAFeature","bronze:Refactor"],"picked":"bronze:Backtrace","floor":12},{"not_picked":["bronze:Format","bronze:Constructor","bronze:Boost"],"picked":"bronze:Separator","floor":14},{"not_picked":["bronze:ForLoop","bronze:CutThrough","bronze:Turbo"],"picked":"bronze:DigitalCarnage","floor":15},{"not_picked":["bronze:FindAndReplace","bronze:HardenedForm","bronze:SpaghettiCode"],"picked":"bronze:ShipIt","floor":16},{"not_picked":["bronze:Optimize+1","bronze:DelayedGuard","bronze:ChildClass+1"],"picked":"bronze:Repair+1","floor":19},{"not_picked":["bronze:Backtrace+1","bronze:Return","bronze:ForLoop"],"picked":"bronze:OilSpill","floor":21},{"not_picked":["bronze:DelayedGuard","bronze:Return","bronze:CloningBeam"],"picked":"bronze:BuggyMess+1","floor":23},{"not_picked":["bronze:NullPointer","bronze:Separator","bronze:BitShift"],"picked":"bronze:BuggyMess","floor":25},{"not_picked":["bronze:Refactor","bronze:BuggyMess","bronze:Assembly"],"picked":"bronze:OilSpill","floor":28},{"not_picked":["bronze:OilSpill","bronze:DelayedGuard+1","bronze:GetLatest"],"picked":"bronze:Iterate","floor":29},{"not_picked":["bronze:BuggyMess","bronze:Deprecate","bronze:Philosophize"],"picked":"bronze:Invalidate","floor":31},{"not_picked":["bronze:Optimize","bronze:OilSpill+1","bronze:DelayedSlice"],"picked":"bronze:Shield+1","floor":32}],"player_experience":226086,"relics_obtained":[{"floor":7,"key":"Question Card"},{"floor":20,"key":"Oddly Smooth Stone"},{"floor":29,"key":"Centennial Puzzle"}],"event_choices":[{"damage_healed":0,"gold_gain":0,"player_choice":"Inject Mutagens","damage_taken":0,"relics_obtained":["MutagenicStrength"],"max_hp_gain":0,"max_hp_loss":0,"event_name":"Drug Dealer","floor":22,"gold_loss":0}],"is_beta":false,"boss_relics":[{"not_picked":["Astrolabe","Velvet Choker"],"picked":"SlaversCollar"}],"items_purged_floors":[],"is_endless":false,"potions_floor_spawned":[6,9,11,12,15,19,28,29,31],"killed_by":"SI_MIRROR_ARCHETYPE","ascension_level":0}}