{"host":"ccvtb4ygtwow2q2g","time":1614321687,"event":{"mods":["AchievementEnabler","BaseMod","Colored Map","Colored Powertips","DeckTracker","Keyboard Shortcuts","Minty Spire (QoL Compilation)","Permanent Neow","SuperFastMode"],"gold_per_floor":[113,113,123,136,150,184,184,209,235,235,253,253,303,303,303],"floor_reached":14,"language":"KOR","playtime":511,"items_purged":[],"score":140,"play_id":"96e8bbfc-53f2-471b-bd14-9d065cae4586","local_time":"20210226154127","is_ascension_mode":true,"campfire_choices":[{"floor":7.0,"key":"REST"},{"data":"Heavy Blade","floor":10.0,"key":"SMITH"}],"circlet_count":0,"master_deck":["Strike_R","Strike_R","Strike_R","Strike_R","Strike_R","Defend_R","Defend_R","Defend_R","Defend_R","Bash","True Grit","Warcry","Seeing Red","Carnage","Dropkick","Heavy Blade+1","Intimidate"],"relics":["Burning Blood","Du-Vu Doll","Pantograph","Red Skull"],"acts_visited":["Exordium"],"potions_floor_usage":[],"damage_taken":[{"damage":5.0,"enemies":"Small Slimes","floor":1.0,"turns":3.0},{"damage":6.0,"enemies":"Cultist","floor":3.0,"turns":3.0},{"damage":1.0,"enemies":"2 Louse","floor":4.0,"turns":3.0},{"damage":49.0,"enemies":"Exordium Thugs","floor":5.0,"turns":9.0},{"damage":32.0,"enemies":"Gremlin Nob","floor":6.0,"turns":4.0},{"damage":18.0,"enemies":"3 Sentries","floor":8.0,"turns":9.0},{"damage":8.0,"enemies":"3 Louse","floor":11.0,"turns":2.0},{"damage":0,"enemies":"Gremlin Nob","floor":14,"turns":1}],"seed_played":"8615804235340882614","potions_obtained":[{"floor":3.0,"key":"Dexterity Potion"},{"floor":6.0,"key":"AttackPotion"}],"is_trial":false,"path_per_floor":["M","?","M","M","M","E","R","E","T","R","M","?","?","E"],"character_chosen":"IRONCLAD","items_purchased":[],"campfire_rested":1,"item_purchase_floors":[],"current_hp_per_floor":[73,73,73,78,35,9,33,21,21,21,19,1,1,1,1],"gold":303,"neow_bonus":"ONE_RARE_RELIC","is_daily":false,"chose_seed":false,"campfire_upgraded":1,"win_rate":0.0,"timestamp":1614321687,"path_taken":["M","?","M","?","M","E","R","E","T","R","M","?","?","E"],"items_purchased_type":[],"build_version":"2020-12-22","purchased_purges":0,"victory":false,"max_hp_per_floor":[80,80,80,80,80,80,80,80,80,80,80,80,80,80,80],"card_choices":[{"not_picked":["Power Through","Thunderclap"],"picked":"True Grit","floor":1.0},{"not_picked":["Sever Soul","Dual Wield"],"picked":"Warcry","floor":3.0},{"not_picked":["Shrug It Off","Sentinel"],"picked":"Seeing Red","floor":4.0},{"not_picked":["Iron Wave","Armaments"],"picked":"Carnage","floor":5.0},{"not_picked":["Anger","Perfected Strike"],"picked":"Dropkick","floor":6.0},{"not_picked":["Sword Boomerang","Pummel"],"picked":"Heavy Blade","floor":8.0},{"not_picked":["Iron Wave","Perfected Strike"],"picked":"Intimidate","floor":11.0}],"player_experience":598340,"relics_obtained":[{"floor":6.0,"key":"Pantograph"},{"floor":8.0,"key":"Red Skull"}],"event_choices":[{"cards_removed":["Regret"],"damage_healed":0.0,"max_hp_gain":0.0,"max_hp_loss":0.0,"gold_gain":0.0,"event_name":"Fountain of Cleansing","player_choice":"Removed Curses","floor":2.0,"gold_loss":0.0,"damage_taken":0.0},{"damage_healed":0.0,"max_hp_gain":0.0,"max_hp_loss":0.0,"gold_gain":0.0,"event_name":"Scrap Ooze","player_choice":"Fled","floor":12.0,"gold_loss":0.0,"damage_taken":18.0},{"damage_healed":0.0,"max_hp_gain":0.0,"max_hp_loss":0.0,"gold_gain":50.0,"event_name":"Golden Wing","player_choice":"Gained Gold","floor":13.0,"gold_loss":0.0,"damage_taken":0.0}],"is_beta":false,"boss_relics":[],"items_purged_floors":[],"is_endless":false,"potions_floor_spawned":[3,6],"killed_by":"Gremlin Nob","ascension_level":8}}