{"host":"21o28mgl9u9ntir2","time":1614352310,"event":{"mods":["BaseMod","BetterRewards","Colored Powertips","Minty Spire (QoL Compilation)","Quick Restart","Remove Card Discount Mod","SOS（斯巴达之子）","Spicy Shops","StSLib","SuperFastMode","[IsaacMod]以撒尖塔","【遗物卡牌】REMEMod","残留之物"],"gold_per_floor":[135,135,135,165,200,253,428,428,452,490,517,565,594,642,642,728,728,748,773,773,773,789,789,831,831,857,857,857,890,890,920,920,991,991,1001,1001,1054,1067,1067,1067,1067,1100,1100,1100,1113,1113,1113,1163,1163,1163,1163,1163,1163,1188,1200],"floor_reached":56,"language":"ZHS","playtime":1413,"items_purged":["PlaceholderMod:CrystallizationStrike","PlaceholderMod:BaseStrike","PlaceholderMod:BaseStrike","PlaceholderMod:BaseStrike","PlaceholderMod:BaseStrike","PlaceholderMod:BaseStrike","PlaceholderMod:BaseDefend+1","PlaceholderMod:PoisonAbsorb","PlaceholderMod:PoisonWhip","PlaceholderMod:BaseDefend","PlaceholderMod:CorePoison","PlaceholderMod:PoisonExcitation","PlaceholderMod:HardStinger","PlaceholderMod:DirectingGroup","PlaceholderMod:BaseDefend+1"],"score":2799,"play_id":"dfd0af53-99d6-4532-99d5-23aa8c4f0664","local_time":"20210226231150","is_ascension_mode":true,"campfire_choices":[{"data":"PlaceholderMod:DiffusionPoison","floor":15,"key":"SMITH"},{"data":"PlaceholderMod:FinalSpray","floor":23,"key":"SMITH"},{"data":"PlaceholderMod:FinalSpray","floor":25,"key":"SMITH"},{"floor":28,"key":"RECALL"},{"floor":32,"key":"DIG"},{"data":"1","floor":41,"key":"LIFT"},{"data":"2","floor":44,"key":"LIFT"},{"data":"3","floor":47,"key":"LIFT"},{"floor":49,"key":"DIG"},{"floor":52,"key":"DIG"}],"circlet_count":36,"master_deck":["AscendersBane","PlaceholderMod:DiffusionPoison+1","PlaceholderMod:FinalSpray+1","PlaceholderMod:FinalSpray+1","PlaceholderMod:FinalSpray+1","PlaceholderMod:PoisonAbsorb+1","PlaceholderMod:CorePoison+1","CurseOfTheBell","PlaceholderMod:FinalSpray+1","PlaceholderMod:PoisonExcitation+1","PlaceholderMod:FinalSpray+1"],"relics":["PlaceholderMod:Tancle","HushsDoor","REME_ComplimentaryCards","BFFS","Matryoshka","Tiny Chest","PreservedInsect","Omamori","Membership Card","Lee\u0027s Waffle","Oddly Smooth Stone","PillsDrop","SteamSale","Mango","TheBible","PlaceholderMod:NyogSothep","Anchor","Habit","Singing Bowl","Torii","FossilizedHelix","Sling","Cauldron","D4","PlaceholderMod:Abhoth","PlaceholderMod:DaolothFragment","PlaceholderMod:DeVermisMysteriis","SalivaCoin","Art of War","Medical Kit","Girya","Bag of Marbles","Kunai","Vajra","Orrery","GuppysHead","Blood Vial","Nunchaku","Damocles","Sundial","Chemical X","BlankCard","ClockworkSouvenir","Strange Spoon","DeadEye","Toy Ornithopter","Shovel","Du-Vu Doll","REME_LimitBreaker","PlaceholderMod:EltdownShards","Orichalcum","Pen Nib","OrangePellets","Juzu Bracelet","Calipers","Ancient Tea Set","Happy Flower","HandDrill","NineVolt","Pocketwatch","Ice Cream","Boot","TheAbacus","PunchingBag","TungstenRod","Frozen Egg 2","Regal Pillow","BelialBook","Pear","Eternal Feather","Bronze Scales","PlaceholderMod:FlatBlood","WingedGreaves","Bag of Preparation","TheBattery","Frozen Eye","CaptainsWheel","GnawedLeaf","DollysMirror","Potion Belt","Chaos","BookofShadows","War Paint","REME_CardOfGreed","HornCleat","Centennial Puzzle","Bottled Lightning","DeathBook","REME_LowDesire","Darkstone Periapt","MealTicket","REME_HourglassOfDeath","Gremlin Horn","SlaversCollar","Dream Catcher","Meat on the Bone","Toxic Egg 2","Strawberry","AnarchistCookbook","BookOfRevelations","SacredBark","DoctorsRemote","StoneCalendar","REME_ArchaeologicalTools","Unceasing Top","MegaBlast","Question Card","Sozu","TheBean","PlaceholderMod:SlimeBlood","Bottled Tornado","Turnip","Incubus","REME_HandOfSuture","InkBottle","Blue Candle","REME_IWantAll","MegaBlast","MomsKnife","Mummified Hand","ForgetMeNow","Thread and Needle","SatanicBible","Empty Cage","Molten Egg 2","PokeGo","Philosopher\u0027s Stone","Pantograph","Ginger","Void","Calling Bell","Circlet","RottenBaby","GuppysPaw","Mercury Hourglass","GuppysCollar"],"acts_visited":["Exordium","TheCity","TheBeyond","TheEnding"],"potions_floor_usage":[55],"damage_taken":[{"damage":0.0,"enemies":"Cultist","floor":1.0,"turns":1.0},{"damage":0.0,"enemies":"2 Louse","floor":4.0,"turns":1.0},{"damage":0.0,"enemies":"Small Slimes","floor":5.0,"turns":1.0},{"damage":0.0,"enemies":"Gremlin Nob","floor":6.0,"turns":1.0},{"damage":0.0,"enemies":"3 Sentries","floor":10.0,"turns":1.0},{"damage":0.0,"enemies":"Exordium Thugs","floor":11.0,"turns":1.0},{"damage":0.0,"enemies":"Lagavulin","floor":12.0,"turns":1.0},{"damage":0,"enemies":"Exordium Wildlife","floor":13,"turns":1},{"damage":0,"enemies":"Gremlin Nob","floor":14,"turns":1},{"damage":0,"enemies":"Slime Boss","floor":16,"turns":1},{"damage":0,"enemies":"Spheric Guardian","floor":18,"turns":1},{"damage":0,"enemies":"Chosen","floor":19,"turns":1},{"damage":0,"enemies":"Snake Plant","floor":22,"turns":1},{"damage":0,"enemies":"REME_1_Revenger","floor":24,"turns":1},{"damage":0,"enemies":"Gremlin Leader","floor":29,"turns":1},{"damage":0,"enemies":"REME_1_Revenger","floor":31,"turns":1},{"damage":0,"enemies":"Automaton","floor":33,"turns":1},{"damage":0,"enemies":"Orb Walker","floor":35,"turns":1},{"damage":0,"enemies":"2 Orb Walkers","floor":37,"turns":1},{"damage":0,"enemies":"3 Shapes","floor":38,"turns":1},{"damage":0,"enemies":"Nemesis","floor":42,"turns":1},{"damage":0,"enemies":"Maw","floor":45,"turns":1},{"damage":0,"enemies":"Hiden Room Battle","floor":48,"turns":1},{"damage":0,"enemies":"Time Eater","floor":50,"turns":1},{"damage":0,"enemies":"Shield and Spear","floor":54,"turns":1},{"damage":0,"enemies":"Delirium","floor":55,"turns":10}],"seed_played":"4545487466813400004","potions_obtained":[{"floor":0.0,"key":"Block Potion"},{"floor":0.0,"key":"Swift Potion"}],"is_trial":false,"path_per_floor":["M","$","?","M","M","E","?","$","T","E","M","E","M","E","R","B",null,"M","M","?","T","M","R","E","R","T","$","R","E","?","E","R","B",null,"M","?","?","M","$","T","R","E","T","R","M","$","R","?","R","B",null,"R","$","E","B",null],"character_chosen":"THE_PLACEHOLDER","items_purchased":["Matryoshka","Tiny Chest","PreservedInsect","Omamori","Membership Card","Lee\u0027s Waffle","Oddly Smooth Stone","PillsDrop","SteamSale","Mango","TheBible","PlaceholderMod:NyogSothep","Anchor","Habit","PlaceholderMod:HardStinger","PlaceholderMod:DirectingGroup","Singing Bowl","Torii","FossilizedHelix","Sling","Cauldron","D4","Bomb","PlaceholderMod:Abhoth","PlaceholderMod:DaolothFragment","PlaceholderMod:DeVermisMysteriis","SalivaCoin","Art of War","Medical Kit","PlaceholderMod:DiffusionPoison","Bag of Marbles","Kunai","Vajra","Orrery","Blood Vial","PlaceholderMod:FinalSpray","Nunchaku","Damocles","Sundial","Chemical X","BlankCard","ClockworkSouvenir","Strange Spoon","DeadEye","Toy Ornithopter","Shovel","REME_LimitBreaker","PlaceholderMod:CorePoison","PlaceholderMod:EltdownShards","Orichalcum","Pen Nib","OrangePellets","Juzu Bracelet","Calipers","Ancient Tea Set","Happy Flower","HandDrill","NineVolt","Ice Cream","Boot","TheAbacus","TungstenRod","Frozen Egg 2","Regal Pillow","BelialBook","PlaceholderMod:PoisonAbsorb","Pear","Eternal Feather","Bronze Scales","PlaceholderMod:FlatBlood","Bag of Preparation","TheBattery","Frozen Eye","CaptainsWheel","GnawedLeaf","DollysMirror","Potion Belt","Chaos","BookofShadows","War Paint","REME_CardOfGreed","HornCleat","Centennial Puzzle","Bottled Lightning","DeathBook","REME_LowDesire","Darkstone Periapt","MealTicket","REME_HourglassOfDeath","Gremlin Horn","SlaversCollar","Dream Catcher","Meat on the Bone","Toxic Egg 2","Strawberry","AnarchistCookbook","Diplopia","BookOfRevelations","SacredBark","DoctorsRemote","StoneCalendar","PlaceholderMod:FinalSpray+1","REME_ArchaeologicalTools","PlaceholderMod:PoisonAbsorb+1","Unceasing Top","MegaBlast","Question Card","Sozu","TheBean","PlaceholderMod:SlimeBlood","Bottled Tornado","InkBottle","Blue Candle","ForgetMeNow","Thread and Needle","SatanicBible","Empty Cage","Molten Egg 2","PokeGo","PlaceholderMod:CorePoison+1","PlaceholderMod:FinalSpray+1","GuppysPaw","Circlet","GuppysCollar","Circlet","Circlet","Circlet"],"campfire_rested":0,"item_purchase_floors":[0,0,0,0,0,0,0,0,0,0,0,0,0,0,0,0,0,0,0,0,0,0,0,0,0,0,0,0,0,0,0,0,0,0,0,0,0,0,0,0,0,0,0,0,0,0,0,0,0,0,0,0,0,0,0,0,0,0,0,0,0,0,0,0,0,0,0,0,0,0,0,0,0,0,0,0,0,0,0,0,0,0,0,0,0,0,0,0,0,0,0,0,0,0,0,0,0,0,0,0,0,0,0,0,0,0,0,0,0,0,0,2,2,8,8,8,8,8,8,8,17,17,27,34,39,39,53],"current_hp_per_floor":[125,125,130,132,129,131,131,131,131,133,136,144,151,163,163,165,152,159,166,166,176,183,183,198,198,203,203,203,218,218,233,238,240,227,234,234,244,251,251,256,256,268,273,273,280,280,280,300,305,305,305,310,310,322,322],"gold":1200,"neow_bonus":"","is_daily":false,"chose_seed":false,"campfire_upgraded":3,"win_rate":0.0,"timestamp":1614352310,"path_taken":["M","$","?","M","M","E","?","$","T","E","M","E","M","E","R","BOSS","M","M","?","?","M","R","E","R","T","$","R","E","?","E","R","BOSS","M","?","?","M","$","?","R","E","T","R","M","$","R","?","R","BOSS","R","$","E","BOSS"],"items_purchased_type":["Relic","Relic","Relic","Relic","Relic","Relic","Relic","Relic","Relic","Relic","Relic","Relic","Relic","Relic","Card","Card","Relic","Relic","Relic","Relic","Relic","Relic","Card","Relic","Relic","Relic","Relic","Relic","Relic","Card","Relic","Relic","Relic","Relic","Relic","Card","Relic","Relic","Relic","Relic","Relic","Relic","Relic","Relic","Relic","Relic","Relic","Card","Relic","Relic","Relic","Relic","Relic","Relic","Relic","Relic","Relic","Relic","Relic","Relic","Relic","Relic","Relic","Relic","Relic","Card","Relic","Relic","Relic","Relic","Relic","Relic","Relic","Relic","Relic","Relic","Relic","Card","Relic","Relic","Relic","Relic","Relic","Relic","Relic","Relic","Relic","Relic","Relic","Relic","Relic","Relic","Relic","Relic","Relic","Relic","Relic","Relic","Relic","Relic","Relic","Card","Relic","Card","Relic","Relic","Relic","Relic","Relic","Relic","Relic","Relic","Relic","Relic","Relic","Relic","Relic","Relic","Relic","Card","Card","Relic","Undefined","Relic","Undefined","Undefined","Undefined"],"build_version":"2020-12-22","purchased_purges":15,"victory":true,"max_hp_per_floor":[125,125,130,132,129,131,131,131,131,133,136,144,151,163,163,165,152,159,166,166,176,183,183,198,198,203,203,203,218,218,233,238,240,227,234,234,244,251,251,256,256,268,273,273,280,280,280,300,305,305,305,310,310,322,322],"card_choices":[{"not_picked":["PlaceholderMod:HealingAttack","PlaceholderMod:HornyBlast","PlaceholderMod:TriggerStrike"],"picked":"Singing Bowl","floor":0.0},{"not_picked":["PlaceholderMod:SevereHeat","PlaceholderMod:PericyclicReaction"],"picked":"PlaceholderMod:PoisonExcitation","floor":0.0},{"not_picked":["PlaceholderMod:AttackAsDefend","PlaceholderMod:Internalization","PlaceholderMod:CycleAttack"],"picked":"Singing Bowl","floor":0.0},{"not_picked":["PlaceholderMod:HornyBlast","PlaceholderMod:PoisonExcitation","PlaceholderMod:HardStinger"],"picked":"Singing Bowl","floor":0.0},{"not_picked":["PlaceholderMod:DirectingGroup+1","PlaceholderMod:PoisonExcitation","PlaceholderMod:Internalization+1"],"picked":"Singing Bowl","floor":0.0},{"not_picked":["PlaceholderMod:ConsolidateHit","PlaceholderMod:SpinBlade","PlaceholderMod:AngryAttack","PlaceholderMod:SeverePoisonStrike","REME_MagicPocketWatch+1"],"picked":"Singing Bowl","floor":1.0},{"not_picked":["PlaceholderMod:Internalization+1","PlaceholderMod:PoisonExcitation","PlaceholderMod:SelfCoupling+1","PlaceholderMod:PoisonAbsorb+1","Impatience+1"],"picked":"Singing Bowl","floor":4.0},{"not_picked":["PlaceholderMod:EvolutionSpray","PlaceholderMod:PoisonExcitation","PlaceholderMod:StressReaction+1","PlaceholderMod:Sweep","Discovery+1"],"picked":"Singing Bowl","floor":5.0},{"not_picked":["PlaceholderMod:SprayAttack","PlaceholderMod:ParasiteChange+1","PlaceholderMod:PoisonAbsorb+1","PlaceholderMod:HardStrike","REME_AllRoundStrike"],"picked":"Singing Bowl","floor":6.0},{"not_picked":["PlaceholderMod:AttackAsDefend+1","Bomb","PlaceholderMod:ComplexForm+1","PlaceholderMod:DoublePoint+1","REME_WheelOfFate+1"],"picked":"Singing Bowl","floor":10.0},{"not_picked":["PlaceholderMod:StressReaction+1","PlaceholderMod:Internalization+1","PlaceholderMod:HealingAttack+1","Magnetism+1"],"picked":"PlaceholderMod:PoisonExcitation+1","floor":11.0},{"not_picked":["PlaceholderMod:Turn+1","PlaceholderMod:PoisonAbsorb+1","PlaceholderMod:QualitativeChange+1","PlaceholderMod:DiffusionChemical+1","Dramatic Entrance+1"],"picked":"Singing Bowl","floor":12.0},{"not_picked":["PlaceholderMod:ChainPoly+1","PlaceholderMod:Hard+1","PlaceholderMod:HealingAttack+1","PlaceholderMod:DissolvingSpikes+1","Metamorphosis+1"],"picked":"Singing Bowl","floor":13},{"not_picked":["PlaceholderMod:PericyclicReaction+1","PlaceholderMod:AttackAsDefend+1","PlaceholderMod:ContinueSpray+1","PlaceholderMod:HornyBlast+1","ChaosCard"],"picked":"Singing Bowl","floor":14},{"not_picked":["PlaceholderMod:SelfCoupling+1","PlaceholderMod:MultiReaction+1","PlaceholderMod:GrowthForm+1","PlaceholderMod:Eat+1","Dramatic Entrance+1"],"picked":"Singing Bowl","floor":16},{"not_picked":["PlaceholderMod:SprayAttack+1","PlaceholderMod:HornyBlast+1","PlaceholderMod:TriggerStrike+1","PlaceholderMod:NearChange+1","Flash of Steel+1"],"picked":"Singing Bowl","floor":18},{"not_picked":["PlaceholderMod:OHStrongAttack+1","PlaceholderMod:Crystallization+1","PlaceholderMod:NearChange+1","PlaceholderMod:StressReaction+1","Swift Strike+1"],"picked":"Singing Bowl","floor":19},{"not_picked":["PlaceholderMod:SubstitutionNucleophilic1+1","PlaceholderMod:Polyp+1","PlaceholderMod:SeverePoisonStrike+1","PlaceholderMod:StrongAcid+1","REME_HeartOfCthun+1"],"picked":"Singing Bowl","floor":22},{"not_picked":["PlaceholderMod:HornyBlast+1","PlaceholderMod:Polyp+1","PlaceholderMod:OHStrongAttack+1","PlaceholderMod:MultiReaction+1","Violence+1"],"picked":"Singing Bowl","floor":24},{"not_picked":["PlaceholderMod:MultipleOxi+1","PlaceholderMod:ChainPoly+1","PlaceholderMod:EnergyAbsorb+1","PlaceholderMod:StressReaction+1","Magnetism+1"],"picked":"Singing Bowl","floor":29},{"not_picked":["PlaceholderMod:UnpureUse+1","PlaceholderMod:QualitativeChange+1","PlaceholderMod:ThreeBenzyolStart+1","PlaceholderMod:NearChange+1","Dark Shackles+1"],"picked":"Singing Bowl","floor":31},{"not_picked":["PlaceholderMod:CorePoison+1","PlaceholderMod:Assimilation+1","PlaceholderMod:InnerSoften+1","PlaceholderMod:HornyCollision+1","REME_TheoryOfElimination+1"],"picked":"Singing Bowl","floor":33},{"not_picked":["PlaceholderMod:ParasiteChange+1","PlaceholderMod:HardStinger+1","PlaceholderMod:Crystallization+1","PlaceholderMod:Turn+1","Dramatic Entrance+1"],"picked":"Singing Bowl","floor":35},{"not_picked":["PlaceholderMod:ContinueSpray+1","PlaceholderMod:Corrosion+1","PlaceholderMod:TriggerStrike+1","Good Instincts+1"],"picked":"PlaceholderMod:PoisonExcitation+1","floor":37},{"not_picked":["PlaceholderMod:Internalization+1","PlaceholderMod:TriggerStrike+1","PlaceholderMod:ProliferateStrike+1","PlaceholderMod:DissolvingSpikes+1","Discovery+1"],"picked":"Singing Bowl","floor":38},{"not_picked":["PlaceholderMod:NutritionAbsorb+1","PlaceholderMod:ConsolidateHit+1","PlaceholderMod:SeverePoisonStrike+1","PlaceholderMod:ChainPoly+1","Blind+1"],"picked":"Singing Bowl","floor":42},{"not_picked":["PlaceholderMod:BlastSpray+1","PlaceholderMod:HornyBlast+1","PlaceholderMod:HealingAttack+1","PlaceholderMod:SubstitutionNucleophilic1+1","Flash of Steel+1"],"picked":"Singing Bowl","floor":45},{"not_picked":["PlaceholderMod:RadicalHit+1","PlaceholderMod:SpinBlade+1","PlaceholderMod:ProliferateStrike+1","PlaceholderMod:DirectingGroup+1","Swift Strike+1"],"picked":"Singing Bowl","floor":48},{"not_picked":["PlaceholderMod:ChainPoly+1","PlaceholderMod:FastReaction+1","PlaceholderMod:SevereHeat+1","PlaceholderMod:Package+1","REME_MawOfCthun+1"],"picked":"Singing Bowl","floor":54}],"player_experience":775511,"relics_obtained":[{"floor":0.0,"key":"Turnip"},{"floor":0.0,"key":"Incubus"},{"floor":1.0,"key":"REME_HandOfSuture"},{"floor":4.0,"key":"REME_IWantAll"},{"floor":5.0,"key":"MomsKnife"},{"floor":6.0,"key":"Mummified Hand"},{"floor":9.0,"key":"Philosopher\u0027s Stone"},{"floor":10.0,"key":"Pantograph"},{"floor":10.0,"key":"Ginger"},{"floor":11.0,"key":"Void"},{"floor":12.0,"key":"Calling Bell"},{"floor":13,"key":"Circlet"},{"floor":14,"key":"Circlet"},{"floor":14,"key":"Circlet"},{"floor":18,"key":"Circlet"},{"floor":19,"key":"Circlet"},{"floor":21,"key":"Circlet"},{"floor":21,"key":"Circlet"},{"floor":22,"key":"Circlet"},{"floor":24,"key":"Circlet"},{"floor":24,"key":"Circlet"},{"floor":26,"key":"Circlet"},{"floor":29,"key":"Circlet"},{"floor":29,"key":"Circlet"},{"floor":31,"key":"Circlet"},{"floor":31,"key":"Circlet"},{"floor":32,"key":"Circlet"},{"floor":35,"key":"Circlet"},{"floor":37,"key":"Circlet"},{"floor":37,"key":"Circlet"},{"floor":38,"key":"Circlet"},{"floor":40,"key":"Circlet"},{"floor":42,"key":"Circlet"},{"floor":42,"key":"Circlet"},{"floor":43,"key":"Circlet"},{"floor":45,"key":"Circlet"},{"floor":48,"key":"Circlet"},{"floor":48,"key":"Circlet"},{"floor":48,"key":"Circlet"},{"floor":49,"key":"Circlet"},{"floor":52,"key":"Circlet"},{"floor":54,"key":"Circlet"},{"floor":54,"key":"Circlet"}],"event_choices":[{"damage_healed":0.0,"max_hp_gain":5.0,"max_hp_loss":0.0,"gold_gain":0.0,"event_name":"Big Fish","player_choice":"Donut","floor":3.0,"gold_loss":0.0,"damage_taken":0.0},{"damage_healed":0.0,"max_hp_gain":0.0,"max_hp_loss":0.0,"gold_gain":175.0,"event_name":"Liars Game","player_choice":"AGREE","floor":7.0,"gold_loss":0.0,"damage_taken":0.0,"cards_obtained":["Doubt"]},{"damage_healed":55,"gold_gain":0,"player_choice":"Heal","damage_taken":0,"max_hp_gain":0,"max_hp_loss":0,"event_name":"The Library","floor":20,"gold_loss":0},{"cards_removed":["PlaceholderMod:PoisonExcitation"],"damage_healed":0,"gold_gain":0,"player_choice":"Removed Attack","damage_taken":0,"max_hp_gain":0,"max_hp_loss":0,"event_name":"Falling","floor":36,"gold_loss":0},{"damage_healed":0,"gold_gain":0,"player_choice":"Fight","damage_taken":0,"max_hp_gain":0,"max_hp_loss":0,"event_name":"Mysterious Sphere","floor":37,"gold_loss":0},{"damage_healed":0,"gold_gain":0,"player_choice":"Fight","damage_taken":0,"max_hp_gain":0,"max_hp_loss":0,"event_name":"HidenRoomEvent","floor":48,"gold_loss":0}],"is_beta":false,"boss_relics":[{"not_picked":["REME_DemonsWealth","Letter Opener"],"picked":"RottenBaby"},{"not_picked":[]},{"not_picked":["PlaceholderMod:LiveLive","JudasShadow"],"picked":"Mercury Hourglass"},{"not_picked":[]}],"items_purged_floors":[2,2,2,2,2,2,2,2,2,2,8,27,27,27,27],"is_endless":false,"potions_floor_spawned":[1,11,12,14,16,19,24,31,42,48],"ascension_level":14}}