{"host":"lvs2wt6hnb8ekxok","time":1614326207,"event":{"mods":["Act Like it!","Arknights","Ascension Reborn","Bartender","BaseMod","BetterRewards","Card Forge","Challenge The Spire","Custom Start","Downfall","Elementarium","Friendly Minions","Gensokyo","GifTheSpireLib","Halation","Hallownest","Hero for Fun","Hubris","Infinite Spire","Kiyohime????","Library of Ruina","Library of Ruina Extra","Lobotomy","Menagerie","Minty Spire (QoL Compilation)","Relic Filter","Relic Stats","Replay The Spire","Reworked Bosses","Ruina","SOS???????","StSLib","Stuff the Spire","Td1madao Mod","The Animator","The Bladedancer","The Bug Knight","The Death Knight","The Exalted","The Forsaken","The Servant 0.9.4","Wandering Minibosses","???Mod??????Boss","???mod?????"],"gold_per_floor":[419,123,152,185,219,219,219,219,251,285,315,315,106,106,141,173,203,238],"floor_reached":19,"language":"ENG","playtime":1185,"items_purged":[],"score":370,"play_id":"658edcfc-653f-4f42-9c0e-55361d972369","local_time":"20210225235647","daily_mods":["challengethespire:Platinum Difficulty","challengethespire:Elite Rush","Uncertain Future"],"is_ascension_mode":true,"campfire_choices":[{"floor":7,"key":"REST"},{"floor":8,"key":"REST"},{"floor":14,"key":"REST"}],"circlet_count":0,"master_deck":["KiyohimeMod:Strike+2","KiyohimeMod:Strike+2","KiyohimeMod:Strike+2","KiyohimeMod:Strike+2","KiyohimeMod:Defend+2","KiyohimeMod:Defend+2","KiyohimeMod:Defend+2","KiyohimeMod:Defend+2","KiyohimeMod:Track+1","KiyohimeMod:FlameKiss+1","KiyohimeMod:Shapeshift+1","KiyohimeMod:BeastOfBillows+1","KiyohimeMod:SteelTraining+1","KiyohimeMod:ImaginaryAround+1","KiyohimeMod:EatSoul+1","KiyohimeMod:AVerseOfBurningLoveStory+1","KiyohimeMod:Servant_TamamoNoMae+1","KiyohimeMod:Berserker+1","KiyohimeMod:ImaginaryAround+1","KiyohimeMod:LimitedZeroOver+1","KiyohimeMod:CommandCard_Buster+1","KiyohimeMod:HotSpringOfTheMoon+1","KiyohimeMod:CelestialInvertedMoon+1","KiyohimeMod:FormalCraft+1","KiyohimeMod:Servant_Osakabehime"],"relics":["KiyohimeMod:FireDragon","Hammer of Thor","Seething Fire","Anvil of the Gods","Black Star","Sling","PreservedInsect","ReplayTheSpireMod:CursedCoin","PageOfSingingMachine","Ancient Tea Set","Incense Burner","hubris:BottledRain","Bromod:ArcaneAwakening","Bag of Preparation","Replay:Baseball","Bird Faced Urn","PageOfAspirationHeart","KiyohimeMod:Necromancy","Replay:Bottled Eggs","hubris:64BitClover","InkBottle","PageOfBigBird","Pen Nib","PageOfMercenary","halation:SmartPhone","bronze:DonusWashers","bronze:BronzeIdol","Regal Pillow","Bromod:ArcaneAvenger","halation:LettersToHer","Simple Rune","Bromod:ArcaneEnergize","hubris:CuriousFeather","CeramicFish"],"acts_visited":["Exordium"],"potions_floor_usage":[],"damage_taken":[{"damage":0,"enemies":"3 Sentries","floor":3,"turns":7},{"damage":14,"enemies":"Lagavulin","floor":4,"turns":3},{"damage":0,"enemies":"Gremlin Nob","floor":5,"turns":2},{"damage":20,"enemies":"Slavers","floor":9,"turns":5},{"damage":0,"enemies":"Gremlin Leader","floor":10,"turns":4},{"damage":5,"enemies":"Book of Stabbing","floor":11,"turns":4},{"damage":9,"enemies":"Reptomancer","floor":15,"turns":2},{"damage":1,"enemies":"Giant Head","floor":16,"turns":4},{"damage":13,"enemies":"Nemesis","floor":17,"turns":5},{"damage":49,"enemies":"Shield and Spear","floor":18,"turns":5}],"seed_played":"3862602284717455090","potions_obtained":[{"floor":9,"key":"SneckoOil"},{"floor":11,"key":"FearPotion"}],"is_trial":true,"path_per_floor":["$","$","E","E","E","T","R","R","E","E","E","T","$","R","E","E","E","E",null],"character_chosen":"Kiyohime","items_purchased":["ReplayTheSpireMod:CursedCoin","PageOfSingingMachine","Ancient Tea Set","KiyohimeMod:BeastOfBillows","KiyohimeMod:SteelTraining","KiyohimeMod:ImaginaryAround","Incense Burner","bronze:DonusWashers","KiyohimeMod:CommandCard_Buster+1"],"campfire_rested":3,"item_purchase_floors":[1,1,1,1,1,1,2,13,13],"current_hp_per_floor":[60,60,60,46,55,55,69,69,55,67,68,68,68,69,56,62,66,32],"gold":238,"neow_bonus":"","is_daily":false,"chose_seed":false,"campfire_upgraded":0,"win_rate":0.0,"timestamp":1614326207,"path_taken":["$","$","E","E","E","T","R","R","E","E","E","T","$","R","E","E","E","E"],"items_purchased_type":["Relic","Relic","Relic","Card","Card","Card","Relic","Relic","Card"],"build_version":"2020-12-22","purchased_purges":0,"victory":true,"max_hp_per_floor":[60,60,60,60,69,69,69,69,69,69,69,69,69,69,69,69,69,69],"relic_stats":{"Regal Pillow":0,"counters":[10,41],"Bird Faced Urn":[43],"CeramicFish":9,"PreservedInsect":572,"Pen Nib":[2],"Black Star":10,"Bag of Preparation":[16],"obtain_stats":[{"Bromod:ArcaneAvenger":16,"Regal Pillow":15,"CeramicFish":18,"Hammer of Thor":0,"Incense Burner":2,"Bag of Preparation":4,"PageOfSingingMachine":1,"Sling":0,"Ancient Tea Set":1,"Bromod:ArcaneAwakening":3,"KiyohimeMod:FireDragon":0,"PageOfMercenary":11,"hubris:CuriousFeather":18,"Replay:Bottled Eggs":9,"halation:LettersToHer":16,"InkBottle":10,"halation:SmartPhone":12,"bronze:DonusWashers":13,"ReplayTheSpireMod:CursedCoin":1,"hubris:64BitClover":9,"PreservedInsect":0,"Pen Nib":11,"Seething Fire":0,"bronze:BronzeIdol":15,"PageOfAspirationHeart":5,"Replay:Baseball":4,"Anvil of the Gods":0,"Bird Faced Urn":5,"Bromod:ArcaneEnergize":17,"Simple Rune":17,"Black Star":0,"PageOfBigBird":10,"KiyohimeMod:Necromancy":6,"hubris:BottledRain":3},{"Bromod:ArcaneAvenger":8,"Regal Pillow":7,"CeramicFish":10,"Hammer of Thor":0,"Incense Burner":0,"Bag of Preparation":2,"PageOfSingingMachine":0,"Sling":0,"Ancient Tea Set":0,"Bromod:ArcaneAwakening":1,"KiyohimeMod:FireDragon":0,"PageOfMercenary":6,"hubris:CuriousFeather":10,"Replay:Bottled Eggs":4,"halation:LettersToHer":8,"InkBottle":5,"halation:SmartPhone":6,"bronze:DonusWashers":6,"ReplayTheSpireMod:CursedCoin":0,"hubris:64BitClover":4,"PreservedInsect":0,"Pen Nib":6,"Seething Fire":0,"bronze:BronzeIdol":7,"PageOfAspirationHeart":3,"Replay:Baseball":2,"Anvil of the Gods":0,"Bird Faced Urn":3,"Bromod:ArcaneEnergize":9,"Simple Rune":9,"Black Star":0,"PageOfBigBird":5,"KiyohimeMod:Necromancy":3,"hubris:BottledRain":1},{"Bromod:ArcaneAvenger":31,"Regal Pillow":27,"CeramicFish":41,"Hammer of Thor":0,"Incense Burner":0,"Bag of Preparation":10,"PageOfSingingMachine":0,"Sling":0,"Ancient Tea Set":0,"Bromod:ArcaneAwakening":7,"KiyohimeMod:FireDragon":0,"PageOfMercenary":25,"hubris:CuriousFeather":41,"Replay:Bottled Eggs":17,"halation:LettersToHer":31,"InkBottle":21,"halation:SmartPhone":25,"bronze:DonusWashers":25,"ReplayTheSpireMod:CursedCoin":0,"hubris:64BitClover":17,"PreservedInsect":0,"Pen Nib":25,"Seething Fire":0,"bronze:BronzeIdol":27,"PageOfAspirationHeart":12,"Replay:Baseball":10,"Anvil of the Gods":0,"Bird Faced Urn":12,"Bromod:ArcaneEnergize":36,"Simple Rune":36,"Black Star":0,"PageOfBigBird":21,"KiyohimeMod:Necromancy":12,"hubris:BottledRain":7}],"InkBottle":[8]},"card_choices":[],"player_experience":125151,"relics_obtained":[{"floor":3,"key":"hubris:BottledRain"},{"floor":3,"key":"Bromod:ArcaneAwakening"},{"floor":4,"key":"Bag of Preparation"},{"floor":4,"key":"Replay:Baseball"},{"floor":5,"key":"Bird Faced Urn"},{"floor":5,"key":"PageOfAspirationHeart"},{"floor":9,"key":"Replay:Bottled Eggs"},{"floor":9,"key":"hubris:64BitClover"},{"floor":10,"key":"InkBottle"},{"floor":10,"key":"PageOfBigBird"},{"floor":11,"key":"Pen Nib"},{"floor":11,"key":"PageOfMercenary"},{"floor":15,"key":"bronze:BronzeIdol"},{"floor":15,"key":"Regal Pillow"},{"floor":16,"key":"Bromod:ArcaneAvenger"},{"floor":16,"key":"halation:LettersToHer"},{"floor":17,"key":"Simple Rune"},{"floor":17,"key":"Bromod:ArcaneEnergize"},{"floor":18,"key":"hubris:CuriousFeather"},{"floor":18,"key":"CeramicFish"}],"event_choices":[],"is_beta":false,"boss_relics":[{"not_picked":["Replay:Wanted Poster","Sozu"],"picked":"KiyohimeMod:Necromancy"},{"not_picked":["ReplayTheSpireMod:SealedPack","halation:HeavySnake"],"picked":"halation:SmartPhone"}],"items_purged_floors":[],"is_endless":false,"potions_floor_spawned":[9,11,15,16],"ascension_level":0}}