{"host":"p34rppyhk302xzzg","time":1614351023,"event":{"mods":["AchievementEnabler","Act Like it!","Ascension Reborn","BaseMod","Better Vampires","BetterRewards","Colored Map","Gensokyo","Googly Eyes","Hallownest","Koishi","Library of Ruina","Library of Ruina Extra","Lobotomy","LobotomyExtend","Marisa£®ÏF”Í°°ƒß¿Ì…≥£©","Minty Spire (QoL Compilation)","Pale of the Ancients","Quick Restart","Reimu£®≤©¿ˆ¡È√Œ£©","Remilia£®¿Ÿ√◊¿Ú—«£©","Replay The Spire","SOS£®Àπ∞Õ¥Ô÷Æ◊”£©","StSLib","The Administrix","The Bug Knight","UnlockEverythingMod","Waifu the Spire","Yakumo Yukari mod","Youmu£®ªÍ∆«—˝√Œ£©","noobMod","°æ“≈ŒÔø®≈∆°øREMEMod"],"gold_per_floor":[112,147,187,202,217,217,217,231,276,316,316,316,491,519,519,642,642,657,617,617,628,643,699,699,716,716,253,269,289,289,22,22,152,152,193,193,204,54,95,95,127,127,127,158,217,402,412,428,428,428,428,428,428,64,91,91],"floor_reached":57,"language":"ZHS","playtime":2526,"items_purged":["HollowMod:QuickDashStart"],"score":1461,"play_id":"90da40f2-974a-47c9-a0b8-69dbf9880a72","local_time":"20210226225023","is_ascension_mode":true,"campfire_choices":[{"floor":6,"key":"RECALL"},{"data":"HandOfGreed","floor":11,"key":"SMITH"},{"floor":15,"key":"DIG"},{"data":"ZunPunch:ReiMu","floor":24,"key":"SMITH"},{"data":"HollowMod:AwokenDreamNail","floor":32,"key":"SMITH"},{"data":"HollowMod:SlysStrikes","floor":40,"key":"SMITH"},{"data":"HollowMod:MonarchWings","floor":42,"key":"SMITH"},{"data":"HollowMod:SoulStrike","floor":49,"key":"SMITH"},{"data":"HollowMod:HowlingWraiths","floor":53,"key":"SMITH"}],"circlet_count":0,"master_deck":["BlueStar","LongBird","Funeral","HollowMod:NailStrikeStart","HollowMod:NailStrikeStart","HollowMod:NailStrikeStart","HollowMod:QuickDashStart","HollowMod:QuickDashStart+1","HollowMod:QuickDashStart","HollowMod:FocusHealStart","HollowMod:PogoStrike","HandOfGreed+1","Scorched","HollowMod:InfectionAssault","ShyLook","HollowMod:SoulStrike+1","UniverseFragment","HollowMod:HowlingWraiths+1","Bloodbath","HollowMod:SoulStrike+1","Wellcheers","HollowMod:DoubleDash","OldLady","HollowMod:CycloneSlash","OSAHOGD","HollowMod:CycloneSlash","CrumblingArmor","Rudolta","HollowMod:AwokenDreamNail+1","HollowMod:MonarchWings+1","ZunPunch:ReiMu+1","FairyFestival","HollowMod:QuirrelsAssistance+1","Good Instincts","SilentOrchestra","Finesse","HollowMod:PureNailStrike+1","HollowMod:HowlingWraiths+1","HollowMod:HeavyBlow+1","Alriune","HollowMod:InfectedAttack+1","Strike_G+1","HollowMod:VengefulSpirit+1","HollowMod:SharpenedNail+1","Murderer","HollowMod:SlysStrikes+1","BeautyBeast","HollowMod:SoulEater+1","ReplayTheSpireMod:Uncanny Aura+1","HollowMod:WraithStrike+1","Scarecrow","HollowMod:DashSlash+1","WhitesApple","HollowMod:GrimmsGift","SpiderBud","HollowMod:SharpenedNail+1","QueenBee","HollowMod:BlackTendrils+1","SnowQueen","HollowMod:CycloneSlash+1","Parasite","Parasite","HollowMod:SoulStrike+1","HollowMod:ChannelNail+1","HollowMod:InfectedAttack+1","GalaxyChild","HollowMod:HeavyBlow+1"],"relics":["HollowMod:VesselMask","REME_ComplimentaryCards","ice","CogitoBucket","LetterFromLob","AspirationHeart","ReplayTheSpireMod:Lightbulb","Potion Belt","Darkstone Periapt","Dream Catcher","REME_LowDesire","Bag of Preparation","Pen Nib","FaceOfCleric","TreeSap","Bronze Scales","BargainBundle","Molten Egg 2","SolemnVow_r","HellTrain","AtMidnight","Sling","REME_DuelDisc","HollowMod:StagPassRelic","Justitia_r","Replay:WaspNest","PageOfBigBadWolf","Anchor","Peace Pipe","SoundOfStar_r","Hallownest:GodTamersBeastRelic","Mastiff:ReiMu","Snack Pack"],"acts_visited":["Exordium","TheCity","TheCity","TheEnding"],"potions_floor_usage":[16,23,29,29,46,46,51,51,51,51,56],"damage_taken":[{"damage":1,"enemies":"Cultist","floor":1,"turns":3},{"damage":5,"enemies":"2 Louse","floor":2,"turns":2},{"damage":6,"enemies":"Small Slimes","floor":3,"turns":2},{"damage":11,"enemies":"Exordium Wildlife","floor":4,"turns":2},{"damage":41,"enemies":"Large Slime","floor":5,"turns":4},{"damage":10,"enemies":"2 Fungi Beasts","floor":8,"turns":2},{"damage":61,"enemies":"HollowMod:HuskWarrior","floor":10,"turns":6},{"damage":0,"enemies":"Replay:BlueRogue","floor":14,"turns":4},{"damage":6,"enemies":"The Guardian","floor":16,"turns":4},{"damage":2,"enemies":"2 Thieves","floor":18,"turns":2},{"damage":4,"enemies":"Chosen","floor":21,"turns":3},{"damage":2,"enemies":"Snake Plant","floor":22,"turns":2},{"damage":47,"enemies":"Slavers","floor":23,"turns":2},{"damage":0,"enemies":"Snecko","floor":25,"turns":2},{"damage":0,"enemies":"Sentry and Sphere","floor":28,"turns":1},{"damage":7,"enemies":"Cultist and Chosen","floor":29,"turns":7},{"damage":9,"enemies":"KingOfGreed","floor":33,"turns":4},{"damage":7,"enemies":"Hallownest:Shield_Heavy","floor":35,"turns":3},{"damage":1,"enemies":"Hallownest:3_Siblings","floor":37,"turns":2},{"damage":12,"enemies":"Hallownest:2_Great","floor":39,"turns":2},{"damage":7,"enemies":"Hallownest:eliteCollector","floor":41,"turns":4},{"damage":12,"enemies":"Hallownest:eliteHiveKnight","floor":44,"turns":4},{"damage":5,"enemies":"Hallownest:2_Primals","floor":45,"turns":2},{"damage":0,"enemies":"Hallownest:2_Primals","floor":46,"turns":1},{"damage":0,"enemies":"Hallownest:2_Primals","floor":46,"turns":2},{"damage":2,"enemies":"Hallownest:2_Primals","floor":46,"turns":2},{"damage":0,"enemies":"Hallownest:2_Primals","floor":46,"turns":2},{"damage":4,"enemies":"Hallownest:Shield_Sturdy","floor":47,"turns":3},{"damage":0,"enemies":"Hallownest:2_Soldiers_and_1_Guardian","floor":48,"turns":3},{"damage":54,"enemies":"Hallownest:BossHollowKnight","floor":50,"turns":5},{"damage":25,"enemies":"Hallownest:BossHollowKnight","floor":51,"turns":4},{"damage":1,"enemies":"Shield and Spear","floor":55,"turns":2},{"damage":36,"enemies":"The Heart","floor":56,"turns":4}],"seed_played":"5851006760883568837","potions_obtained":[{"floor":4,"key":"Elixir"},{"floor":5,"key":"Swift Potion"},{"floor":8,"key":"Toxic Potion"},{"floor":14,"key":"REME_GoldPotion"},{"floor":22,"key":"SteroidPotion"},{"floor":23,"key":"DuplicationPotion"},{"floor":25,"key":"REME_GoldPotion"},{"floor":39,"key":"EssenceOfSteel"},{"floor":45,"key":"ZuzhouPotion:ReiMu"},{"floor":47,"key":"EntropicBrew"}],"is_trial":false,"path_per_floor":["M","M","M","M","M","R","?","M","T","M","R","?","?","E","R_BF","B",null,"M","?","?","M","M","E","R","M","T","$","M","M","?","$","R","B",null,"M","?","M","?","M","R","E","R","T","E","?","?","M","M","R","B",null,null,"R","$","E","B",null],"character_chosen":"THE_BUGKNIGHT","items_purchased":["BargainBundle","Molten Egg 2","HollowMod:PureNailStrike+1","HollowMod:HowlingWraiths+1","Sling","HollowMod:VengefulSpirit+1","HollowMod:SharpenedNail+1","HollowMod:SoulStrike+1","Flashbang","Mastiff:ReiMu","HollowMod:ChannelNail","HollowMod:InfectedAttack+1"],"campfire_rested":0,"item_purchase_floors":[27,27,27,27,31,31,31,54,54,54,54,54],"current_hp_per_floor":[75,70,64,53,12,12,75,75,75,14,14,11,11,98,98,92,107,105,105,105,108,107,63,63,64,64,64,66,63,63,63,63,61,161,158,158,159,159,150,150,150,150,150,149,145,152,157,173,173,154,145,229,229,229,229,204],"gold":91,"neow_bonus":"","is_daily":false,"chose_seed":false,"campfire_upgraded":7,"win_rate":0.0,"timestamp":1614351023,"path_taken":["M","M","?","?","M","R","?","M","T","M","R","?","?","E","R_BF","BOSS","M","?","?","M","M","E","R","M","T","$","M","M","?","$","R","BOSS","M","?","M","?","M","R","E","R","T","E","?","?","M","M","R","BOSS","R","$","E","BOSS"],"items_purchased_type":["Relic","Relic","Card","Card","Relic","Card","Card","Card","Potion","Relic","Card","Card"],"build_version":"2020-12-22","purchased_purges":1,"victory":true,"max_hp_per_floor":[75,75,75,75,75,75,75,87,87,97,97,97,97,98,98,107,107,109,109,109,129,133,137,137,138,138,138,139,156,156,156,156,161,161,165,160,161,161,163,163,167,167,167,170,177,185,188,192,192,220,229,229,229,229,232,270],"card_choices":[{"not_picked":["Variant","CherryBlossoms","BeautyBeast"],"picked":"Singing Bowl","floor":1},{"not_picked":["MeatLantern","Alriune"],"picked":"Scorched","floor":1},{"not_picked":["HollowMod:NewLittleFool","HollowMod:DashSlash"],"picked":"HollowMod:InfectionAssault","floor":1},{"not_picked":["MeatLantern","UniverseFragment","NothingThere"],"picked":"Singing Bowl","floor":2},{"not_picked":["UniverseFragment","Wellcheers"],"picked":"ShyLook","floor":2},{"not_picked":["HollowMod:SoulSplash","HollowMod:InfectedCysts"],"picked":"HollowMod:SoulStrike","floor":2},{"not_picked":["BigBird","BeautyBeast"],"picked":"UniverseFragment","floor":3},{"not_picked":["HollowMod:NewJinnsSoul","HollowMod:FallenFury"],"picked":"HollowMod:HowlingWraiths","floor":3},{"not_picked":["Alriune","MeatLantern"],"picked":"Bloodbath","floor":4},{"not_picked":["HollowMod:SiblingsSouls","HollowMod:AwokenDreamNail"],"picked":"HollowMod:SoulStrike","floor":4},{"not_picked":["FairyFestival","MeatLantern"],"picked":"Wellcheers","floor":5},{"not_picked":["HollowMod:DreamGate","HollowMod:CornifersMapStart"],"picked":"HollowMod:DoubleDash","floor":5},{"not_picked":["PunishingBird","CherryBlossoms"],"picked":"OldLady","floor":8},{"not_picked":["HollowMod:SoulEater","HollowMod:SiblingsShadow"],"picked":"HollowMod:CycloneSlash","floor":8},{"not_picked":["Freischutz","WallGazer"],"picked":"OSAHOGD","floor":10},{"not_picked":["HollowMod:LifebloodCocoon","HollowMod:DoubleDash"],"picked":"HollowMod:CycloneSlash","floor":10},{"not_picked":["HollowMod:Grubsong","HollowMod:DoubleDash"],"picked":"HollowMod:MantisMark","floor":14},{"not_picked":["PunishingBird","CherryBlossoms"],"picked":"CrumblingArmor","floor":14},{"not_picked":["WallGazer","RedShoes"],"picked":"Rudolta","floor":16},{"not_picked":["HollowMod:ElderbugsWisdom","HollowMod:MidwifesHunger"],"picked":"HollowMod:AwokenDreamNail","floor":16},{"not_picked":["MeatLantern","CherryBlossoms"],"picked":"SnowQueen","floor":18},{"not_picked":["HollowMod:NewGlowingWomb","HollowMod:NewJinnsSoul","REME_TwoStrings+1"],"picked":"HollowMod:MonarchWings","floor":18},{"not_picked":["PunishingBird","CherryBlossoms"],"picked":"FairyFestival","floor":21},{"not_picked":["HollowMod:InfectionAssault+1","HollowMod:NewJinnsSoul","REME_Flogging"],"picked":"HollowMod:QuirrelsAssistance+1","floor":21},{"not_picked":["LittlePrince","CherryBlossoms"],"picked":"DespairKnight","floor":22},{"not_picked":["HollowMod:CornifersMapStart","HollowMod:CoiledNail+1","HollowMod:HornetsHelp"],"picked":"Good Instincts","floor":22},{"not_picked":["BeautyBeast","SingingMachine"],"picked":"SilentOrchestra","floor":23},{"not_picked":["HollowMod:NewGlowingWomb","HollowMod:WraithStrike","REME_ProfessionalPlagiarism"],"picked":"HollowMod:ChannelNail","floor":23},{"not_picked":["BeautyBeast","BodiesMountain"],"picked":"BlackArmy","floor":25},{"not_picked":["HollowMod:NewJinnsSoul","HollowMod:WraithStrike","HollowMod:VengefulVoid+1"],"picked":"Finesse","floor":25},{"not_picked":["BigBadWolf","LittleHelper"],"picked":"Funeral","floor":28},{"not_picked":["HollowMod:DreamGate+1","HollowMod:FastStrike+1","Replay:Sssssssssshield"],"picked":"HollowMod:HeavyBlow+1","floor":28},{"not_picked":["BeautyBeast","SpiderBud"],"picked":"Alriune","floor":29},{"not_picked":["HollowMod:SharpenedNail+1","HollowMod:LifebloodCocoon","Midas Touch"],"picked":"HollowMod:InfectedAttack+1","floor":29},{"not_picked":["MHz","PunishingBird"],"picked":"Murderer","floor":33},{"not_picked":["HollowMod:LifebloodCore","HollowMod:AwokenDreamNail+1","REME_BuildACard"],"picked":"HollowMod:SlysStrikes","floor":33},{"not_picked":["QueenBee","MeatLantern"],"picked":"BeautyBeast","floor":35},{"not_picked":["HollowMod:MonarchWings","HollowMod:FallenFury+1","Discovery"],"picked":"HollowMod:SoulEater+1","floor":35},{"not_picked":["FieryBird","WallGazer"],"picked":"LongBird","floor":37},{"not_picked":["HollowMod:FallenFury+1","HollowMod:Grubsong+1","HollowMod:SoulShaman+1"],"picked":"ReplayTheSpireMod:Uncanny Aura+1","floor":37},{"not_picked":["CENSORED","FieryBird"],"picked":"BlueStar","floor":39},{"not_picked":["HollowMod:NewJinnsSoul+1","HollowMod:CrystalDash+1","Mayhem"],"picked":"HollowMod:WraithStrike+1","floor":39},{"not_picked":["Laetitia","BlackArmy"],"picked":"Scarecrow","floor":41},{"not_picked":["HollowMod:GoodIntentions+1","HollowMod:SoulSplash","Dark Shackles+1"],"picked":"HollowMod:DashSlash+1","floor":41},{"not_picked":["BodiesMountain","MeltingLove","SnowQueen"],"picked":"Singing Bowl","floor":44},{"not_picked":["BodiesMountain","FieryBird"],"picked":"WhitesApple","floor":44},{"not_picked":["HollowMod:SharpenedNail+1","HollowMod:SoulShaman","REME_Flogging"],"picked":"HollowMod:GrimmsGift","floor":44},{"not_picked":["HappyTeddy","Freischutz"],"picked":"SpiderBud","floor":45},{"not_picked":["HollowMod:SoulSplash+1","HollowMod:SharpenedShadows+1","Blind+1"],"picked":"HollowMod:SharpenedNail+1","floor":45},{"not_picked":["Laetitia","FieryBird"],"picked":"QueenBee","floor":47},{"not_picked":["HollowMod:SharpenedNail+1","HollowMod:MothsMistake+1","Specialist"],"picked":"HollowMod:BlackTendrils+1","floor":47},{"not_picked":["CENSORED","NothingThere"],"picked":"SnowQueen","floor":48},{"not_picked":["HollowMod:LifebloodCocoon+1","HollowMod:SiblingsShadow","Poisoned Strike+1"],"picked":"HollowMod:CycloneSlash+1","floor":48},{"not_picked":["NakedNest","Yin","LittlePrince"],"picked":"Singing Bowl","floor":55},{"not_picked":["MeltingLove","Woodsman"],"picked":"GalaxyChild","floor":55},{"not_picked":["HollowMod:PerfectDash+1","HollowMod:ShadowDash","Trip"],"picked":"HollowMod:HeavyBlow+1","floor":55}],"player_experience":103734,"relics_obtained":[{"floor":1,"key":"LetterFromLob"},{"floor":9,"key":"ReplayTheSpireMod:Lightbulb"},{"floor":14,"key":"Darkstone Periapt"},{"floor":15,"key":"Dream Catcher"},{"floor":17,"key":"Bag of Preparation"},{"floor":17,"key":"Pen Nib"},{"floor":23,"key":"Bronze Scales"},{"floor":29,"key":"AtMidnight"},{"floor":41,"key":"Replay:WaspNest"},{"floor":43,"key":"PageOfBigBadWolf"},{"floor":44,"key":"Anchor"},{"floor":45,"key":"Peace Pipe"},{"floor":55,"key":"Snack Pack"}],"event_choices":[{"damage_healed":0,"gold_gain":0,"player_choice":"Entered Light","damage_taken":15,"max_hp_gain":0,"max_hp_loss":0,"event_name":"Shining Light","floor":7,"gold_loss":0,"cards_upgraded":["HollowMod:QuickDashStart","HollowMod:SoulStrike"]},{"damage_healed":0,"gold_gain":0,"player_choice":"Success","damage_taken":3,"relics_obtained":["Potion Belt"],"max_hp_gain":0,"max_hp_loss":0,"event_name":"Scrap Ooze","floor":12,"gold_loss":0},{"damage_healed":0,"gold_gain":175,"player_choice":"AGREE","damage_taken":0,"max_hp_gain":0,"max_hp_loss":0,"event_name":"Liars Game","floor":13,"gold_loss":0,"cards_obtained":["Doubt"]},{"damage_healed":0,"gold_gain":0,"player_choice":"Ωª≥ˆ…Òæ∆","damage_taken":0,"max_hp_gain":0,"max_hp_loss":0,"event_name":"ZunEvent","floor":19,"relics_lost":["ZunR:ReiMu"],"gold_loss":0,"cards_obtained":["ZunPunch:ReiMu"]},{"damage_healed":0,"gold_gain":0,"player_choice":"Trade","damage_taken":0,"relics_obtained":["FaceOfCleric"],"max_hp_gain":0,"max_hp_loss":0,"event_name":"FaceTrader","floor":20,"gold_loss":0},{"cards_removed":["HollowMod:NailStrikeStart"],"damage_healed":0,"gold_gain":0,"player_choice":"Took Card","damage_taken":0,"max_hp_gain":0,"max_hp_loss":0,"event_name":"NoteForYourself","floor":30,"gold_loss":0,"cards_obtained":["Strike_G"]}],"is_beta":false,"boss_relics":[{"not_picked":["Painkiller Herb","Astrolabe"],"picked":"REME_LowDesire"},{"not_picked":["Kintsugi","Runic Pyramid"],"picked":"REME_DuelDisc"}],"items_purged_floors":[27],"is_endless":false,"potions_floor_spawned":[4,5,8,10,14,22,23,25,39,45,46,46,47],"ascension_level":0}}