{"host":"v63m4f6t57xrjbnq","time":1614323912,"event":{"mods":["100% Spire Juice","ATMod(阿瑾Mod)","Act Like it!","Arknights","BaseMod","Colored Powertips","Dota2Spire","Downfall","Energized Spire","Gensokyo","Hallownest","KinomotoSakuraMod(木之本樱)","KomeijiMod","LagranYue(拉格朗・月)","Lobotomy","LobotomyExtend","Marisa（F雨　魔理沙）","Marked Mod","Minty Spire (QoL Compilation)","Quick Restart","Reimu（博丽灵梦）","Relic Filter Mod","Remilia（蕾米莉亚）","Replay The Spire","RumiaBox-露米娅的神秘盒子","StSLib","The Administrix","The Marked","The Senshi","The Servant 0.9.4","Waifu the Spire","WarShipGirlsR/战舰少女R mod","Yakumo Yukari mod","Youmu（魂魄妖梦）","Yuyuko","【遗物卡牌】REMEMod"],"gold_per_floor":[213,71,88,88,88,88,388,388],"floor_reached":7,"language":"ZHS","playtime":231,"items_purged":[],"score":114,"play_id":"45c7c5d5-92f3-456d-8144-81859171044d","local_time":"20210226151832","is_ascension_mode":true,"campfire_choices":[{"data":"ats:Shell Defense","floor":6,"key":"SMITH"}],"circlet_count":0,"master_deck":["AscendersBane","ats:Strike C","ats:Strike G","ats:Strike S","ats:Strike V","ats:Armor Crushing Shot","ats:Defend","ats:Defend","ats:Defend","ats:Defend","ats:Emotion Absorption","ats:Curse Doll","Gensokyo:TarnishedGold","Gensokyo:Shovel","ats:Shell Defense+1"],"relics":["ats:Sanity","AT_ATBox","REME_ComplimentaryCards","LagranYue:RandomDrawCardRelic","Baka","LetterFromLob"],"acts_visited":["Gensokyo:Gensokyo"],"potions_floor_usage":[7],"damage_taken":[{"damage":12,"enemies":"Gensokyo:Python","floor":1,"turns":3},{"damage":25,"enemies":"Gensokyo:2_Kodama","floor":3,"turns":6},{"damage":122,"enemies":"Gensokyo:Aya","floor":7,"turns":9}],"seed_played":"4225544721123185655","potions_obtained":[{"floor":3,"key":"PowerPotion"}],"is_trial":false,"path_per_floor":["M","COS","M","?","?","R","E"],"character_chosen":"DOCTOR_CLASS","items_purchased":[],"campfire_rested":0,"item_purchase_floors":[],"current_hp_per_floor":[53,53,28,36,67,67,0,0],"gold":388,"neow_bonus":"HUNDRED_GOLD","is_daily":false,"chose_seed":false,"campfire_upgraded":1,"win_rate":0.0,"timestamp":1614323912,"path_taken":["M","COS","M","?","?","R","E"],"items_purchased_type":[],"build_version":"2020-12-22","purchased_purges":0,"victory":false,"max_hp_per_floor":[72,72,102,102,102,102,102,102],"card_choices":[{"not_picked":["ats:Absolute Focus","ats:Counter Healing Mode"],"picked":"ats:Curse Doll","floor":1},{"not_picked":["ats:Cat Scratch","ats:Sunburst"],"picked":"ats:Shell Defense","floor":3}],"player_experience":276652,"relics_obtained":[{"floor":1,"key":"Baka"},{"floor":1,"key":"LetterFromLob"}],"event_choices":[],"is_beta":false,"boss_relics":[],"items_purged_floors":[],"is_endless":false,"potions_floor_spawned":[3],"killed_by":"Gensokyo:Aya","ascension_level":13}}