{"host":"trw84khdytc0ixrp","time":1614382142,"event":{"mods":["BaseMod","Downfall","Hermit","Jorbs\u0027s Wanderer Trilogy","Minty Spire (QoL Compilation)","StSLib","The Cursed","The Disciple"],"gold_per_floor":[119,133,148,161,161,161,181,224,224,224,242,275,287,299,311,443,455,481,513,543,555,588,600,630,685,697,723,770,820,857,794,806,937,1012,1042,359,380,401,197,419,419,437,516,516,249,269,69,85,85,85,85,85,14,55,55],"floor_reached":56,"language":"ENG","playtime":12176,"items_purged":["hermit:Strike_Hermit","hermit:Defend_Hermit","hermit:Strike_Hermit","hermit:Snapshot"],"score":1178,"play_id":"32c4a35a-8dd5-4eb2-8137-eada107bb468","local_time":"20210227002902","is_ascension_mode":false,"campfire_choices":[{"data":"hermit:GoldenBullet","floor":6.0,"key":"SMITH"},{"data":"hermit:CalledShot","floor":13.0,"key":"SMITH"},{"floor":15.0,"key":"REST"},{"data":"hermit:DeadMansHand","floor":23.0,"key":"SMITH"},{"floor":32,"key":"REST"},{"floor":49,"key":"RECALL"},{"data":"hermit:HighNoon","floor":52,"key":"SMITH"}],"circlet_count":0,"master_deck":["hermit:Strike_Hermit+1","hermit:Defend_Hermit+1","hermit:Defend_Hermit","hermit:Covet+1","hermit:GoldenBullet+1","hermit:LowProfile+1","hermit:LuckOfTheDraw","hermit:Virtue","hermit:CalledShot+1","hermit:Coalescence","hermit:LuckOfTheDraw","hermit:RoundhouseKick","hermit:Snipe+1","hermit:Gestalt+1","hermit:DeadMansHand+1","hermit:LowProfile","hermit:HighNoon+1","hermit:TakeAim+1","hermit:EyeOfTheStorm+1","Flash of Steel","hermit:CalledShot+1","hermit:Magnum","PanicButton+1","PanicButton+1","hermit:Determination","hermit:Virtue+1"],"relics":["hermit:Momento","NeowsBlessing","Golden Idol","Smiling Mask","Ancient Tea Set","MawBank","Philosopher\u0027s Stone","Ornamental Fan","Kunai","Toxic Egg 2","Red Mask","Tiny House","HornCleat","OrangePellets","Omamori","Bag of Marbles","War Paint","Slimebound:StickyStick","Sundial"],"acts_visited":["Exordium","TheCity","TheBeyond","TheEnding"],"potions_floor_usage":[38,46,55,55,55,55,55],"damage_taken":[{"damage":0.0,"enemies":"2 Louse","floor":1.0,"turns":1.0},{"damage":0.0,"enemies":"Cultist","floor":2.0,"turns":2.0},{"damage":0.0,"enemies":"Jaw Worm","floor":3.0,"turns":1.0},{"damage":3.0,"enemies":"2 Fungi Beasts","floor":4.0,"turns":4.0},{"damage":0.0,"enemies":"Blue Slaver","floor":7.0,"turns":2.0},{"damage":8.0,"enemies":"3 Sentries","floor":8.0,"turns":10.0},{"damage":0.0,"enemies":"Exordium Wildlife","floor":11.0,"turns":2.0},{"damage":16.0,"enemies":"Gremlin Nob","floor":12.0,"turns":3.0},{"damage":25.0,"enemies":"Slime Boss","floor":16.0,"turns":13.0},{"damage":6.0,"enemies":"Shell Parasite","floor":18.0,"turns":6.0},{"damage":0.0,"enemies":"Spheric Guardian","floor":19.0,"turns":3.0},{"damage":0.0,"enemies":"Centurion and Healer","floor":20.0,"turns":3.0},{"damage":0.0,"enemies":"Snake Plant","floor":22.0,"turns":4.0},{"damage":2.0,"enemies":"Cultist and Chosen","floor":24.0,"turns":4.0},{"damage":16.0,"enemies":"Slavers","floor":25.0,"turns":5.0},{"damage":13.0,"enemies":"Sentry and Sphere","floor":27.0,"turns":7.0},{"damage":30.0,"enemies":"Book of Stabbing","floor":28.0,"turns":9.0},{"damage":1,"enemies":"Masked Bandits","floor":29,"turns":6},{"damage":1,"enemies":"Chosen and Byrds","floor":30,"turns":7},{"damage":2,"enemies":"Automaton","floor":33,"turns":9},{"damage":4,"enemies":"Orb Walker","floor":35,"turns":4},{"damage":5,"enemies":"3 Shapes","floor":37,"turns":4},{"damage":1,"enemies":"Writhing Mass","floor":38,"turns":7},{"damage":0,"enemies":"3 Darklings","floor":42,"turns":3},{"damage":22,"enemies":"Sphere and 2 Shapes","floor":46,"turns":5},{"damage":0,"enemies":"Maw","floor":48,"turns":4},{"damage":17,"enemies":"Awakened One","floor":50,"turns":10},{"damage":8,"enemies":"Shield and Spear","floor":54,"turns":6},{"damage":61,"enemies":"The Heart","floor":55,"turns":10}],"seed_played":"2086791982107997244","potions_obtained":[{"floor":3.0,"key":"hexamod:SoulburnPotion"},{"floor":7.0,"key":"Dexterity Potion"},{"floor":8.0,"key":"hermit:BlackBile"},{"floor":11.0,"key":"DistilledChaos"},{"floor":16.0,"key":"sneckomod:MuddlingPotion"},{"floor":18.0,"key":"LiquidBronze"},{"floor":19.0,"key":"BlessingOfTheForge"},{"floor":20.0,"key":"Strength Potion"},{"floor":28.0,"key":"FairyPotion"},{"floor":30,"key":"Block Potion"},{"floor":33,"key":"Slimebound:ThreeZeroPotion"},{"floor":34,"key":"Regen Potion"},{"floor":38,"key":"EntropicBrew"},{"floor":46,"key":"AttackPotion"}],"is_trial":false,"path_per_floor":["M","M","M","M","?","R","M","E","T","?","M","E","R","?","R","B",null,"M","M","M","?","M","R","M","E","T","M","E","?","M","?","R","B",null,"M","$","M","M","$","?","?","M","T","?","$","M","$","M","R","B",null,"R","$","E","B",null],"character_chosen":"HERMIT","items_purchased":["Flash of Steel","HornCleat","OrangePellets","Omamori","Bag of Marbles","hermit:Determination","War Paint","Slimebound:StickyStick","Ancient Potion"],"campfire_rested":2,"item_purchase_floors":[36,36,36,36,39,45,45,47,53],"current_hp_per_floor":[75,75,75,72,54,54,54,46,46,39,39,23,23,8,30,5,75,69,69,69,62,62,62,60,44,44,31,1,22,21,21,43,41,80,76,76,71,70,70,70,70,70,70,65,65,52,52,52,52,35,80,80,80,72,11],"gold":55,"neow_bonus":"THREE_ENEMY_KILL","is_daily":false,"chose_seed":false,"campfire_upgraded":4,"win_rate":0.0,"timestamp":1614382142,"path_taken":["M","M","M","M","?","R","M","E","T","?","M","E","R","?","R","BOSS","M","M","M","?","M","R","?","E","T","M","E","?","M","?","R","BOSS","M","$","M","M","$","?","?","M","T","?","$","?","?","M","R","BOSS","R","$","E","BOSS"],"items_purchased_type":["Card","Relic","Relic","Relic","Relic","Card","Relic","Relic","Potion"],"build_version":"2020-12-22","purchased_purges":4,"victory":true,"max_hp_per_floor":[75,75,75,75,75,75,75,75,75,75,75,75,75,75,75,75,75,75,75,75,75,75,75,75,75,75,75,75,75,75,75,75,75,80,80,80,80,80,80,80,80,80,80,80,80,80,80,80,80,80,80,80,80,80,80],"card_choices":[{"not_picked":["hermit:Ricochet","hermit:Horror"],"picked":"hermit:GoldenBullet","floor":1.0},{"not_picked":["hermit:Cheat","hermit:PistolWhip"],"picked":"hermit:LowProfile","floor":2.0},{"not_picked":["hermit:Coalescence","hermit:NoHoldsBarred"],"picked":"hermit:LuckOfTheDraw","floor":3.0},{"not_picked":["hermit:Vantage","hermit:HighCaliber"],"picked":"hermit:Virtue","floor":4.0},{"not_picked":["hermit:ItchyTrigger","hermit:Quickdraw"],"picked":"hermit:CalledShot","floor":7.0},{"not_picked":["hermit:TakeAim","hermit:Dive","hermit:Vantage"],"picked":"SKIP","floor":8.0},{"not_picked":["hermit:HeroicBravado","hermit:FullyLoaded"],"picked":"hermit:Coalescence","floor":11.0},{"not_picked":["hermit:Ricochet","hermit:Roulette"],"picked":"hermit:LuckOfTheDraw","floor":12.0},{"not_picked":["hermit:HeroicBravado","hermit:DeadOrAlive"],"picked":"hermit:RoundhouseKick","floor":16.0},{"not_picked":["hermit:Enervate","hermit:SprayPray","hermit:HighCaliber"],"picked":"SKIP","floor":18.0},{"not_picked":["hermit:Feint","hermit:Misfire"],"picked":"hermit:Snipe+1","floor":19.0},{"not_picked":["hermit:Gambit","hermit:Vantage+1"],"picked":"hermit:Gestalt","floor":20.0},{"not_picked":["hermit:NoHoldsBarred","hermit:TakeCover"],"picked":"hermit:DeadMansHand","floor":22.0},{"not_picked":["hermit:LoneWolf","hermit:BodyArmor","hermit:Combo"],"picked":"SKIP","floor":24.0},{"not_picked":["hermit:WideOpen","hermit:ItchyTrigger+1","hermit:Manifest"],"picked":"SKIP","floor":25.0},{"not_picked":["hermit:CursedWeapon+1","hermit:FlashPowder"],"picked":"hermit:LowProfile","floor":27.0},{"not_picked":["hermit:Deadeye+1","hermit:Brawl","hermit:Quickdraw"],"picked":"SKIP","floor":28.0},{"not_picked":["hermit:Malice+1","hermit:Coalescence+1","hermit:TrackingShot+1"],"picked":"SKIP","floor":30},{"not_picked":["hermit:FinalCanter","hermit:Roughhouse"],"picked":"hermit:HighNoon","floor":33},{"not_picked":["hermit:PistolWhip","hermit:BodyArmor+1"],"picked":"hermit:TakeAim+1","floor":34},{"not_picked":["hermit:Coalescence+1","hermit:Gestalt+1"],"picked":"hermit:EyeOfTheStorm+1","floor":35},{"not_picked":["hermit:Showdown","hermit:CursedWeapon","hermit:BodyArmor+1"],"picked":"SKIP","floor":37},{"not_picked":["hermit:Misfire+1","hermit:LuckOfTheDraw+1"],"picked":"hermit:CalledShot+1","floor":38},{"not_picked":["hermit:Snipe+1","hermit:Gestalt+1"],"picked":"hermit:Magnum","floor":42},{"not_picked":["Finesse+1","Good Instincts+1"],"picked":"PanicButton+1","floor":44},{"not_picked":["Flash of Steel","Dark Shackles+1"],"picked":"PanicButton+1","floor":44},{"not_picked":["hermit:Brawl","hermit:Ricochet+1","hermit:Gestalt+1"],"picked":"SKIP","floor":46},{"not_picked":["hermit:LoneWolf+1","hermit:ShadowCloak+1"],"picked":"hermit:Virtue+1","floor":48},{"not_picked":["hermit:ShadowCloak","hermit:Spite+1","hermit:Combo+1"],"picked":"SKIP","floor":54}],"player_experience":189771,"relics_obtained":[{"floor":8.0,"key":"Smiling Mask"},{"floor":9.0,"key":"Ancient Tea Set"},{"floor":12.0,"key":"MawBank"},{"floor":25.0,"key":"Ornamental Fan"},{"floor":26.0,"key":"Kunai"},{"floor":28.0,"key":"Toxic Egg 2"},{"floor":29,"key":"Red Mask"},{"floor":54,"key":"Sundial"}],"event_choices":[{"damage_healed":0.0,"max_hp_gain":0.0,"max_hp_loss":0.0,"gold_gain":0.0,"event_name":"Golden Idol","player_choice":"Take Damage","floor":5.0,"gold_loss":0.0,"damage_taken":18.0,"relics_obtained":["Golden Idol"]},{"cards_removed":["hermit:Strike_Hermit"],"damage_healed":0.0,"max_hp_gain":0.0,"max_hp_loss":0.0,"gold_gain":0.0,"event_name":"Golden Wing","player_choice":"Card Removal","floor":10.0,"gold_loss":0.0,"damage_taken":7.0},{"damage_healed":0.0,"max_hp_gain":0.0,"max_hp_loss":0.0,"gold_gain":0.0,"event_name":"Shining Light","player_choice":"Entered Light","floor":14.0,"gold_loss":0.0,"damage_taken":15.0,"cards_upgraded":["hermit:Strike_Hermit","hermit:Covet"]},{"damage_healed":0.0,"max_hp_gain":0.0,"max_hp_loss":0.0,"gold_gain":0.0,"event_name":"Wheel of Change","player_choice":"Damaged","floor":21.0,"gold_loss":0.0,"damage_taken":7.0},{"damage_healed":0,"gold_gain":0,"player_choice":"Fought Bandits","damage_taken":0,"max_hp_gain":0,"max_hp_loss":0,"event_name":"Masked Bandits","floor":29,"gold_loss":0},{"cards_removed":["hermit:Defend_Hermit"],"damage_healed":0,"gold_gain":0,"player_choice":"Gave Gold","damage_taken":0,"max_hp_gain":0,"max_hp_loss":0,"event_name":"Beggar","floor":31,"gold_loss":75},{"damage_healed":0,"gold_gain":222,"player_choice":"Wore Mask","damage_taken":0,"max_hp_gain":0,"max_hp_loss":0,"event_name":"Tomb of Lord Red Mask","floor":40,"gold_loss":0},{"damage_healed":0,"gold_gain":0,"player_choice":"Ignored","damage_taken":0,"max_hp_gain":0,"max_hp_loss":0,"event_name":"Mysterious Sphere","floor":41,"gold_loss":0},{"damage_healed":0,"gold_gain":0,"player_choice":"Memory 2","damage_taken":5,"max_hp_gain":0,"max_hp_loss":0,"event_name":"SensoryStone","floor":44,"gold_loss":0}],"is_beta":false,"boss_relics":[{"not_picked":["expansioncontent:StudyCardRelic","hermit:ClaspedLocket"],"picked":"Philosopher\u0027s Stone"},{"not_picked":["hermit:BartenderGlass","Snecko Eye"],"picked":"Tiny House"}],"items_purged_floors":[36,39,45,47],"is_endless":false,"potions_floor_spawned":[3,7,8,11,16,18,19,20,28,30,33,38,46],"ascension_level":0}}