{"host":"phy652c7lim9lcu2","time":1614321760,"event":{"mods":["BaseMod","Colored Powertips","Googly Eyes","Minty Spire (QoL Compilation)","Relic Stats","Spicy Shops","StSLib","everything is the same but u backflip on backflip"],"gold_per_floor":[113,113,131,131,144,175,191,220,298,333,333,19,30,62,62,138,138,114,114,114,58,69,69,84,119,119,151,165,165,191,209,209,288,288,303,78,129,129,139,139,139,166,166,166,192,192,225,245,245,245,245,245,17,50,50,50],"floor_reached":55,"language":"ENG","playtime":2385,"items_purged":["Strike_R","Strike_R","Strike_R","Strike_R"],"score":1538,"play_id":"e469773c-ae51-41e3-ad92-9ac4c08ceadb","local_time":"20210226164240","is_ascension_mode":true,"campfire_choices":[{"floor":15.0,"key":"DIG"},{"data":"Whirlwind","floor":23.0,"key":"SMITH"},{"data":"Flex","floor":29.0,"key":"SMITH"},{"floor":32.0,"key":"DIG"},{"floor":41.0,"key":"DIG"},{"floor":44.0,"key":"DIG"},{"floor":46.0,"key":"DIG"},{"floor":49.0,"key":"RECALL"},{"data":"Disarm","floor":52.0,"key":"SMITH"}],"circlet_count":0,"master_deck":["AscendersBane","Strike_R","Defend_R","Defend_R","Defend_R","Defend_R","Bash","Uppercut+1","Disarm+1","Metallicize","Shrug It Off","Impervious","Twin Strike","Reaper","Whirlwind+1","Flex+1","Clothesline","Disarm+1","Cleave","Twin Strike","Dual Wield+1","Brutality","Whirlwind+1","Shrug It Off"],"relics":["Burning Blood","NeowsBlessing","Singing Bowl","Shovel","Meat on the Bone","Oddly Smooth Stone","Omamori","PreservedInsect","StrikeDummy","Turnip","Busted Crown","Pantograph","Dream Catcher","Red Skull","Ancient Tea Set","Cursed Key","Charon\u0027s Ashes","Bronze Scales","Smiling Mask","Ornamental Fan","Molten Egg 2","InkBottle","Vajra","Blood Vial","Bag of Marbles"],"acts_visited":["Exordium","TheCity","TheBeyond","TheEnding"],"potions_floor_usage":[55],"damage_taken":[{"damage":0.0,"enemies":"Small Slimes","floor":1.0,"turns":1.0},{"damage":0.0,"enemies":"Cultist","floor":3.0,"turns":1.0},{"damage":0.0,"enemies":"2 Louse","floor":5.0,"turns":1.0},{"damage":25.0,"enemies":"Gremlin Nob","floor":6.0,"turns":5.0},{"damage":22.0,"enemies":"Gremlin Gang","floor":7.0,"turns":11.0},{"damage":38.0,"enemies":"Lagavulin","floor":8.0,"turns":10.0},{"damage":12.0,"enemies":"3 Sentries","floor":10.0,"turns":12.0},{"damage":12.0,"enemies":"Lots of Slimes","floor":13.0,"turns":7.0},{"damage":14.0,"enemies":"Lagavulin","floor":14.0,"turns":9.0},{"damage":11.0,"enemies":"Hexaghost","floor":16.0,"turns":13.0},{"damage":1.0,"enemies":"2 Thieves","floor":18.0,"turns":4.0},{"damage":12.0,"enemies":"Shell Parasite","floor":22.0,"turns":4.0},{"damage":9.0,"enemies":"Snake Plant","floor":24.0,"turns":5.0},{"damage":33.0,"enemies":"Gremlin Leader","floor":25.0,"turns":4.0},{"damage":23.0,"enemies":"Book of Stabbing","floor":27.0,"turns":5.0},{"damage":20.0,"enemies":"Cultist and Chosen","floor":28.0,"turns":6.0},{"damage":39.0,"enemies":"Slavers","floor":30.0,"turns":5.0},{"damage":5.0,"enemies":"Snecko","floor":31.0,"turns":4.0},{"damage":58.0,"enemies":"Collector","floor":33.0,"turns":10.0},{"damage":22.0,"enemies":"3 Shapes","floor":35.0,"turns":4.0},{"damage":53.0,"enemies":"2 Orb Walkers","floor":37.0,"turns":5.0},{"damage":9.0,"enemies":"Orb Walker","floor":39.0,"turns":2.0},{"damage":47.0,"enemies":"Giant Head","floor":42.0,"turns":8.0},{"damage":34.0,"enemies":"Reptomancer","floor":45.0,"turns":3.0},{"damage":24.0,"enemies":"Giant Head","floor":47.0,"turns":6.0},{"damage":47.0,"enemies":"Spire Growth","floor":48.0,"turns":5.0},{"damage":105.0,"enemies":"Time Eater","floor":50.0,"turns":10.0},{"damage":12.0,"enemies":"Shield and Spear","floor":54.0,"turns":2.0},{"damage":116,"enemies":"The Heart","floor":55,"turns":8}],"seed_played":"6729912562736819685","potions_obtained":[{"floor":5.0,"key":"Explosive Potion"},{"floor":8.0,"key":"EssenceOfSteel"},{"floor":10.0,"key":"Energy Potion"},{"floor":16.0,"key":"Swift Potion"},{"floor":25.0,"key":"SpeedPotion"},{"floor":28.0,"key":"Explosive Potion"},{"floor":31.0,"key":"DuplicationPotion"},{"floor":37.0,"key":"EntropicBrew"},{"floor":42.0,"key":"DuplicationPotion"}],"is_trial":false,"path_per_floor":["M","?","M","?","M","E","M","E","T","E","?","$","M","E","R","B",null,"M","$","?","$","M","R","M","E","T","E","M","R","E","M","R","B",null,"M","$","?","?","M","?","R","E","T","R","E","R","E","M","R","B",null,"R","$","E","B"],"character_chosen":"IRONCLAD","items_purchased":["Omamori","PreservedInsect","Flex","Whirlwind+1","Shrug It Off"],"campfire_rested":0,"item_purchase_floors":[12,12,21,53,53],"current_hp_per_floor":[74,74,75,80,80,61,47,15,15,23,23,23,31,35,35,42,75,88,88,88,88,87,87,86,61,61,56,54,54,59,60,60,57,86,70,70,47,47,58,58,58,64,64,64,66,66,66,53,53,20,81,81,81,79,0,0],"gold":50,"neow_bonus":"THREE_ENEMY_KILL","is_daily":false,"chose_seed":false,"campfire_upgraded":3,"win_rate":0.0,"timestamp":1614321760,"path_taken":["M","?","?","?","M","E","M","E","T","E","?","$","?","E","R","BOSS","M","?","?","$","M","R","M","E","T","E","M","R","E","M","R","BOSS","M","$","?","?","M","?","R","E","T","R","E","R","E","M","R","BOSS","R","$","E","BOSS"],"items_purchased_type":["Relic","Relic","Card","Card","Card"],"build_version":"2020-12-22","purchased_purges":4,"victory":false,"max_hp_per_floor":[75,75,75,80,80,80,82,82,82,84,84,84,86,86,86,86,86,88,88,88,88,88,88,90,92,92,92,92,92,94,94,94,96,96,96,96,98,98,100,95,95,97,97,97,99,99,99,101,101,101,101,101,101,103,103,103],"relic_stats":{"Singing Bowl":28,"counters":[29,170],"PreservedInsect":563,"Charon\u0027s Ashes":[100],"Cursed Key":1,"Smiling Mask":100,"Burning Blood":153,"Blood Vial":8,"Dream Catcher":0,"Shovel":5,"Busted Crown":34,"Ornamental Fan":[40],"Pantograph":72,"Bronze Scales":[180],"Turnip":[12],"obtain_stats":[{"Singing Bowl":6,"Vajra":46,"Ancient Tea Set":32,"Cursed Key":34,"Smiling Mask":42,"Burning Blood":0,"Blood Vial":47,"Dream Catcher":27,"Shovel":8,"Pantograph":25,"Red Skull":30,"InkBottle":45,"NeowsBlessing":0,"Oddly Smooth Stone":10,"PreservedInsect":12,"Charon\u0027s Ashes":37,"Omamori":12,"Busted Crown":17,"Ornamental Fan":43,"Bronze Scales":41,"Molten Egg 2":44,"Turnip":15,"Bag of Marbles":54,"StrikeDummy":14,"Meat on the Bone":9},{"Singing Bowl":4,"Vajra":24,"Ancient Tea Set":18,"Cursed Key":19,"Smiling Mask":23,"Burning Blood":0,"Blood Vial":25,"Dream Catcher":15,"Shovel":6,"Pantograph":14,"Red Skull":17,"InkBottle":24,"NeowsBlessing":0,"Oddly Smooth Stone":7,"PreservedInsect":7,"Charon\u0027s Ashes":21,"Omamori":7,"Busted Crown":10,"Ornamental Fan":23,"Bronze Scales":22,"Molten Egg 2":23,"Turnip":9,"Bag of Marbles":28,"StrikeDummy":9,"Meat on the Bone":6},{"Singing Bowl":8,"Vajra":139,"Ancient Tea Set":107,"Cursed Key":117,"Smiling Mask":136,"Burning Blood":0,"Blood Vial":145,"Dream Catcher":92,"Shovel":29,"Pantograph":87,"Red Skull":103,"InkBottle":139,"NeowsBlessing":0,"Oddly Smooth Stone":41,"PreservedInsect":41,"Charon\u0027s Ashes":126,"Omamori":41,"Busted Crown":70,"Ornamental Fan":136,"Bronze Scales":128,"Molten Egg 2":136,"Turnip":57,"Bag of Marbles":162,"StrikeDummy":57,"Meat on the Bone":29}],"InkBottle":[11],"Meat on the Bone":168},"card_choices":[{"not_picked":["Clothesline","Iron Wave"],"picked":"Uppercut","floor":1.0},{"not_picked":["Pommel Strike","Body Slam"],"picked":"Disarm","floor":3.0},{"not_picked":["Sword Boomerang","Flex"],"picked":"Metallicize","floor":5.0},{"not_picked":["Heavy Blade","Hemokinesis"],"picked":"Shrug It Off","floor":6.0},{"not_picked":["Reckless Charge","Sentinel","Dark Embrace"],"picked":"Singing Bowl","floor":7.0},{"not_picked":["Thunderclap","Twin Strike"],"picked":"Impervious","floor":8.0},{"not_picked":["Warcry","Heavy Blade","Flex"],"picked":"Singing Bowl","floor":10.0},{"not_picked":["Sword Boomerang","Heavy Blade","Headbutt"],"picked":"Singing Bowl","floor":13.0},{"not_picked":["Heavy Blade","Feed"],"picked":"Twin Strike","floor":14.0},{"not_picked":["Feed","Double Tap"],"picked":"Reaper","floor":16.0},{"not_picked":["Flex"],"picked":"Singing Bowl","floor":18.0},{"not_picked":[],"picked":"Clothesline","floor":22.0},{"not_picked":["Second Wind+1"],"picked":"Singing Bowl","floor":24.0},{"not_picked":["Infernal Blade"],"picked":"Singing Bowl","floor":25.0},{"not_picked":[],"picked":"Disarm","floor":27.0},{"not_picked":[],"picked":"Cleave","floor":28.0},{"not_picked":["Headbutt"],"picked":"Singing Bowl","floor":30.0},{"not_picked":[],"picked":"Twin Strike","floor":31.0},{"not_picked":["Corruption"],"picked":"Singing Bowl","floor":33.0},{"not_picked":[],"picked":"Dual Wield+1","floor":35.0},{"not_picked":["Flex+1"],"picked":"Singing Bowl","floor":37.0},{"not_picked":["Headbutt"],"picked":"Singing Bowl","floor":39.0},{"not_picked":["Havoc"],"picked":"Singing Bowl","floor":42.0},{"not_picked":["Warcry"],"picked":"Singing Bowl","floor":45.0},{"not_picked":[],"picked":"Brutality","floor":47.0},{"not_picked":["Warcry"],"picked":"Singing Bowl","floor":48.0},{"not_picked":["Entrench"],"picked":"Singing Bowl","floor":54.0}],"player_experience":371377,"relics_obtained":[{"floor":6.0,"key":"Singing Bowl"},{"floor":8.0,"key":"Shovel"},{"floor":9.0,"key":"Meat on the Bone"},{"floor":10.0,"key":"Oddly Smooth Stone"},{"floor":14.0,"key":"StrikeDummy"},{"floor":15.0,"key":"Turnip"},{"floor":25.0,"key":"Pantograph"},{"floor":27.0,"key":"Dream Catcher"},{"floor":30.0,"key":"Red Skull"},{"floor":32.0,"key":"Ancient Tea Set"},{"floor":37.0,"key":"Charon\u0027s Ashes"},{"floor":41.0,"key":"Bronze Scales"},{"floor":42.0,"key":"Smiling Mask"},{"floor":43.0,"key":"Ornamental Fan"},{"floor":44.0,"key":"Molten Egg 2"},{"floor":45.0,"key":"InkBottle"},{"floor":46.0,"key":"Vajra"},{"floor":47.0,"key":"Blood Vial"},{"floor":54.0,"key":"Bag of Marbles"}],"event_choices":[{"damage_healed":0.0,"max_hp_gain":0.0,"max_hp_loss":0.0,"gold_gain":0.0,"event_name":"Accursed Blacksmith","player_choice":"Forge","floor":2.0,"gold_loss":0.0,"damage_taken":0.0,"cards_upgraded":["Uppercut"]},{"damage_healed":0.0,"max_hp_gain":5.0,"max_hp_loss":0.0,"gold_gain":0.0,"event_name":"Big Fish","player_choice":"Donut","floor":4.0,"gold_loss":0.0,"damage_taken":0.0},{"damage_healed":0.0,"max_hp_gain":0.0,"max_hp_loss":0.0,"gold_gain":0.0,"event_name":"Upgrade Shrine","player_choice":"Upgraded","floor":11.0,"gold_loss":0.0,"damage_taken":0.0,"cards_upgraded":["Disarm"]},{"damage_healed":0.0,"max_hp_gain":0.0,"max_hp_loss":0.0,"gold_gain":0.0,"event_name":"The Library","player_choice":"Read","floor":20.0,"gold_loss":0.0,"damage_taken":0.0,"cards_obtained":["Whirlwind"]},{"damage_healed":0.0,"max_hp_gain":0.0,"max_hp_loss":0.0,"gold_gain":0.0,"event_name":"Mysterious Sphere","player_choice":"Fight","floor":37.0,"gold_loss":0.0,"damage_taken":0.0},{"damage_healed":0.0,"max_hp_gain":0.0,"max_hp_loss":0.0,"gold_gain":0.0,"event_name":"The Moai Head","player_choice":"Ignored","floor":38.0,"gold_loss":0.0,"damage_taken":0.0},{"damage_healed":0.0,"max_hp_gain":0.0,"max_hp_loss":5.0,"gold_gain":0.0,"event_name":"Winding Halls","player_choice":"Max HP","floor":40.0,"gold_loss":0.0,"damage_taken":0.0}],"is_beta":false,"boss_relics":[{"not_picked":["Runic Pyramid","Pandora\u0027s Box"],"picked":"Busted Crown"},{"not_picked":["Tiny House","Runic Dome"],"picked":"Cursed Key"}],"items_purged_floors":[12,36,36,53],"is_endless":false,"potions_floor_spawned":[5,8,10,16,22,25,28,31,37,42,47,48],"killed_by":"The Heart","ascension_level":17}}