{"host":"8g24zuco0epbjwbo","time":1614382711,"event":{"mods":["BaseMod","Minty Spire (QoL Compilation)","Relic Stats","Robot Space Explorer","StSLib"],"gold_per_floor":[114,132,207,218,229,258,155,182,182,192,192,226,244,254,254,359,359,344,344,344,344,356,387,403,437,437],"floor_reached":25,"language":"ENG","playtime":1324,"items_purged":[],"score":265,"play_id":"165948a6-f10c-46ab-9391-f4c94314b541","local_time":"20210226183830","is_ascension_mode":false,"campfire_choices":[{"floor":11,"key":"REST"},{"data":"RobotSpaceExplorer:MiniBoosters","floor":15,"key":"SMITH"}],"circlet_count":0,"master_deck":["RobotSpaceExplorer:Strike","RobotSpaceExplorer:Strike","RobotSpaceExplorer:Strike","RobotSpaceExplorer:Defend","RobotSpaceExplorer:Defend","RobotSpaceExplorer:Defend","RobotSpaceExplorer:Defend","RobotSpaceExplorer:Scan","RobotSpaceExplorer:MiniLasers","RobotSpaceExplorer:SurgingShield","RobotSpaceExplorer:Counterblock","RobotSpaceExplorer:MiniDrones","RobotSpaceExplorer:SurgingStrike","RobotSpaceExplorer:ScrapMissile","RobotSpaceExplorer:Pulsar","RobotSpaceExplorer:SlimeMissile","RobotSpaceExplorer:StunGrenade","RobotSpaceExplorer:MiniBoosters+1","RobotSpaceExplorer:Comet","RobotSpaceExplorer:JunkDive","RobotSpaceExplorer:PlasmaMissile","RobotSpaceExplorer:ExhaustFan+1","RobotSpaceExplorer:Comet"],"relics":["RobotSpaceExplorer:TurboCore","NeowsBlessing","Singing Bowl","Lizard Tail","StoneCalendar","Mummified Hand","Darkstone Periapt","Frozen Egg 2"],"acts_visited":["Exordium","TheCity"],"potions_floor_usage":[8],"damage_taken":[{"damage":0,"enemies":"2 Louse","floor":1,"turns":1},{"damage":0,"enemies":"Small Slimes","floor":2,"turns":2},{"damage":0,"enemies":"Cultist","floor":4,"turns":1},{"damage":7,"enemies":"Large Slime","floor":5,"turns":8},{"damage":23,"enemies":"3 Sentries","floor":6,"turns":15},{"damage":16,"enemies":"Gremlin Nob","floor":8,"turns":4},{"damage":0,"enemies":"Exordium Thugs","floor":10,"turns":7},{"damage":16,"enemies":"Lagavulin","floor":12,"turns":7},{"damage":0,"enemies":"Exordium Wildlife","floor":13,"turns":5},{"damage":0,"enemies":"Gremlin Gang","floor":14,"turns":5},{"damage":24,"enemies":"The Guardian","floor":16,"turns":16},{"damage":15,"enemies":"2 Thieves","floor":18,"turns":4},{"damage":0,"enemies":"Chosen","floor":22,"turns":3},{"damage":26,"enemies":"Slavers","floor":23,"turns":7},{"damage":4,"enemies":"Shelled Parasite and Fungi","floor":24,"turns":6},{"damage":43,"enemies":"Book of Stabbing","floor":25,"turns":7}],"seed_played":"-5933960323547263622","potions_obtained":[{"floor":6,"key":"DistilledChaos"},{"floor":8,"key":"Ancient Potion"},{"floor":12,"key":"CultistPotion"},{"floor":13,"key":"SpeedPotion"},{"floor":14,"key":"CultistPotion"}],"is_trial":false,"path_per_floor":["M","M","?","M","M","E","$","E","T","M","R","E","M","M","R","B",null,"M","?","?","?","M","E","M","E"],"character_chosen":"RobotSpaceExplorer","items_purchased":["RobotSpaceExplorer:ScrapMissile","RobotSpaceExplorer:Pulsar"],"campfire_rested":1,"item_purchase_floors":[7,7],"current_hp_per_floor":[75,75,64,64,57,34,34,18,18,18,40,26,26,28,28,4,79,64,64,49,49,49,23,21,26,26],"gold":437,"neow_bonus":"THREE_ENEMY_KILL","is_daily":false,"chose_seed":false,"campfire_upgraded":1,"win_rate":0.0,"timestamp":1614382710,"path_taken":["M","M","?","M","M","E","$","E","T","M","R","E","M","M","R","BOSS","M","?","?","?","M","E","M","E"],"items_purchased_type":["Card","Card"],"build_version":"2020-12-22","purchased_purges":0,"victory":false,"max_hp_per_floor":[75,75,75,75,75,75,75,75,75,75,75,77,77,79,79,79,79,79,79,84,84,84,84,86,86,86],"relic_stats":{"Darkstone Periapt":0,"Lizard Tail":43,"Singing Bowl":6,"counters":[16,98],"Mummified Hand":[10],"StoneCalendar":[75],"obtain_stats":[{"Darkstone Periapt":23,"Lizard Tail":8,"NeowsBlessing":0,"Singing Bowl":6,"Mummified Hand":12,"RobotSpaceExplorer:RoboCore":0,"StoneCalendar":9,"Frozen Egg 2":25,"RobotSpaceExplorer:TurboCore":17},{"Darkstone Periapt":14,"Lizard Tail":6,"NeowsBlessing":0,"Singing Bowl":5,"Mummified Hand":8,"RobotSpaceExplorer:RoboCore":0,"StoneCalendar":6,"Frozen Egg 2":16,"RobotSpaceExplorer:TurboCore":11},{"Darkstone Periapt":85,"Lizard Tail":31,"NeowsBlessing":0,"Singing Bowl":27,"Mummified Hand":45,"RobotSpaceExplorer:RoboCore":0,"StoneCalendar":31,"Frozen Egg 2":98,"RobotSpaceExplorer:TurboCore":71}]},"card_choices":[{"not_picked":["RobotSpaceExplorer:Pulsar","RobotSpaceExplorer:Electroshield"],"picked":"RobotSpaceExplorer:SurgingShield","floor":1},{"not_picked":["RobotSpaceExplorer:SwiftStep","RobotSpaceExplorer:Reload"],"picked":"RobotSpaceExplorer:Counterblock","floor":2},{"not_picked":["RobotSpaceExplorer:ImprovisedAttack","RobotSpaceExplorer:FranticSearch","RobotSpaceExplorer:SwiftStep"],"picked":"SKIP","floor":4},{"not_picked":["RobotSpaceExplorer:Jetpack","RobotSpaceExplorer:SwiftStep"],"picked":"RobotSpaceExplorer:MiniDrones","floor":5},{"not_picked":["RobotSpaceExplorer:RigExplosive","RobotSpaceExplorer:Explosion"],"picked":"RobotSpaceExplorer:SurgingStrike","floor":6},{"not_picked":["RobotSpaceExplorer:MiniDrones","RobotSpaceExplorer:SwiftStep"],"picked":"RobotSpaceExplorer:SlimeMissile","floor":8},{"not_picked":["RobotSpaceExplorer:SlimeMissile","RobotSpaceExplorer:ImprovisedAttack"],"picked":"RobotSpaceExplorer:StunGrenade","floor":10},{"not_picked":["RobotSpaceExplorer:SwiftStep","RobotSpaceExplorer:PowerGlove","RobotSpaceExplorer:Smokescreen"],"picked":"Singing Bowl","floor":12},{"not_picked":["RobotSpaceExplorer:ImprovisedAttack","RobotSpaceExplorer:ShockKick"],"picked":"RobotSpaceExplorer:MiniBoosters","floor":13},{"not_picked":["RobotSpaceExplorer:GlueShot","RobotSpaceExplorer:Probe","RobotSpaceExplorer:ShovelStrike"],"picked":"Singing Bowl","floor":14},{"not_picked":["RobotSpaceExplorer:BlastShield","RobotSpaceExplorer:Accelerator"],"picked":"RobotSpaceExplorer:Comet","floor":16},{"not_picked":["RobotSpaceExplorer:ToxicBomb+1","RobotSpaceExplorer:MetalStrike"],"picked":"RobotSpaceExplorer:JunkDive","floor":18},{"not_picked":["RobotSpaceExplorer:GlueShot","RobotSpaceExplorer:SurgingShield"],"picked":"RobotSpaceExplorer:ExhaustFan+1","floor":22},{"not_picked":["RobotSpaceExplorer:ShockKick","RobotSpaceExplorer:ExhaustFan+1"],"picked":"RobotSpaceExplorer:Comet","floor":23},{"not_picked":["RobotSpaceExplorer:Counterblock","RobotSpaceExplorer:StunGrenade","RobotSpaceExplorer:ScrapMissile"],"picked":"Singing Bowl","floor":24}],"player_experience":363200,"relics_obtained":[{"floor":6,"key":"Singing Bowl"},{"floor":8,"key":"Lizard Tail"},{"floor":9,"key":"StoneCalendar"},{"floor":12,"key":"Mummified Hand"},{"floor":23,"key":"Darkstone Periapt"},{"floor":25,"key":"Frozen Egg 2"}],"event_choices":[{"damage_healed":0,"gold_gain":75,"player_choice":"Gather Gold","damage_taken":11,"max_hp_gain":0,"max_hp_loss":0,"event_name":"World of Goop","floor":3,"gold_loss":0},{"cards_removed":["RobotSpaceExplorer:Strike"],"damage_healed":0,"gold_gain":0,"player_choice":"Elegance","damage_taken":0,"max_hp_gain":0,"max_hp_loss":0,"event_name":"Back to Basics","floor":19,"gold_loss":0},{"damage_healed":0,"gold_gain":0,"player_choice":"Shed Blood","damage_taken":20,"max_hp_gain":5,"max_hp_loss":0,"event_name":"Forgotten Altar","floor":20,"gold_loss":0},{"damage_healed":0,"gold_gain":0,"player_choice":"Read","damage_taken":0,"max_hp_gain":0,"max_hp_loss":0,"event_name":"The Library","floor":21,"gold_loss":0,"cards_obtained":["RobotSpaceExplorer:PlasmaMissile"]}],"is_beta":false,"boss_relics":[{"not_picked":["Busted Crown","SlaversCollar"],"picked":"RobotSpaceExplorer:TurboCore"}],"items_purged_floors":[],"is_endless":false,"potions_floor_spawned":[6,8,12,13,14,16,22,23,25],"killed_by":"Book of Stabbing","ascension_level":0}}