{"host":"vrsxkkch9ccrec7k","time":1609945737,"event":{"mods":["BaseMod","Bestiary","Downfall","Minty Spire (QoL Compilation)","Relic Stats","StSLib"],"gold_per_floor":[99,115,115,115,127,127,127,37,62,82,112,124,124,140,160,264,264,264,282,282,301,301,332,378,378,378,52,68,79,113,147,162,262,262,262,278,278,142,155,1154,1178,1278,1313,830,841,361,407,407,426,426,426,426],"floor_reached":50,"playtime":8530,"items_purged":["champ:Strike","champ:EndlessRage","champ:CrownThrow"],"score":695,"play_id":"047fb1fe-2922-4345-aa32-c4ec36cec6de","local_time":"20210106100857","is_ascension_mode":false,"campfire_choices":[{"data":"champ:Taunt","floor":1,"key":"SMITH"},{"data":"champ:Execute","floor":6,"key":"SMITH"},{"data":"champ:ViciousMockery","floor":18,"key":"SMITH"},{"data":"champ:ArenaPreparation","floor":25,"key":"SMITH"},{"floor":35,"key":"RECALL"}],"circlet_count":0,"master_deck":["champ:Defend","champ:Defend","champ:Defend","champ:Defend","champ:Execute+1","champ:Taunt+1","champ:Haymaker","champ:GladiatorStyle","champ:ViciousMockery+1","champ:BringItOn","champ:DefensiveShout","champ:ArenaPreparation+1","champ:SwordThrow+1","champ:IronFortress","expansioncontent:DefensiveStance","champ:IronFortress","champ:VampiricStrike","champ:IronFortress+1","champ:MurderStrike","Blind","champ:BerserkerStyle","champ:StanceDance+1","champ:FocusedBerserking+1","expansioncontent:GuardianWhirl+1","champ:IronFortress","champ:GladiatorsShout+1","champ:FocusedBerserking+1","champ:IronFortress"],"relics":["champ:ChampionCrown","Incense Burner","Kunai","Ancient Tea Set","Bronze Scales","Letter Opener","Sozu","MealTicket","Omamori","Medical Kit","Red Mask","StoneCalendar","Fusion Hammer","Pen Nib","downfall:GremlinWheel","Toxic Egg 2","Gambling Chip","TheAbacus","Boot","Whetstone","Strawberry","Prayer Wheel"],"acts_visited":["Exordium","TheCity","TheBeyond"],"potions_floor_usage":[16,16,50],"damage_taken":[{"damage":8,"enemies":"Cultist","floor":2,"turns":5},{"damage":13,"enemies":"Small Slimes","floor":5,"turns":5},{"damage":3,"enemies":"downfall:FleeingMerchant","floor":8,"turns":4},{"damage":22,"enemies":"Gremlin Nob","floor":9,"turns":5},{"damage":9,"enemies":"Jaw Worm","floor":10,"turns":4},{"damage":6,"enemies":"Lagavulin","floor":11,"turns":7},{"damage":6,"enemies":"3 Louse","floor":12,"turns":4},{"damage":5,"enemies":"2 Fungi Beasts","floor":14,"turns":3},{"damage":13,"enemies":"Large Slime","floor":15,"turns":7},{"damage":10,"enemies":"downfall:Ironclad","floor":16,"turns":7},{"damage":6,"enemies":"3 Byrds","floor":19,"turns":3},{"damage":8,"enemies":"Spheric Guardian","floor":21,"turns":3},{"damage":30,"enemies":"Book of Stabbing","floor":23,"turns":5},{"damage":19,"enemies":"downfall:FleeingMerchant","floor":27,"turns":4},{"damage":23,"enemies":"Snake Plant","floor":28,"turns":4},{"damage":20,"enemies":"Snecko","floor":29,"turns":5},{"damage":14,"enemies":"Masked Bandits","floor":30,"turns":6},{"damage":35,"enemies":"Slavers","floor":31,"turns":6},{"damage":35,"enemies":"Centurion and Healer","floor":32,"turns":9},{"damage":43,"enemies":"downfall:Defect","floor":33,"turns":10},{"damage":18,"enemies":"3 Shapes","floor":36,"turns":6},{"damage":25,"enemies":"downfall:FleeingMerchant","floor":38,"turns":4},{"damage":16,"enemies":"Orb Walker","floor":39,"turns":3},{"damage":16,"enemies":"Orb Walker","floor":42,"turns":5},{"damage":62,"enemies":"Giant Head","floor":43,"turns":7},{"damage":15,"enemies":"downfall:FleeingMerchant","floor":44,"turns":4},{"damage":43,"enemies":"Sphere and 2 Shapes","floor":45,"turns":5},{"damage":12,"enemies":"2 Orb Walkers","floor":47,"turns":7},{"damage":120,"enemies":"Maw","floor":49,"turns":10},{"damage":143,"enemies":"downfall:Silent","floor":50,"turns":6}],"seed_played":"5759227594572315569","potions_obtained":[{"floor":9,"key":"SkillPotion"},{"floor":12,"key":"PowerPotion"},{"floor":14,"key":"champ:OpenerPotion"},{"floor":15,"key":"Block Potion"},{"floor":16,"key":"sneckomod:MuddlingPotion"}],"is_trial":false,"path_per_floor":["R","M","?","?","M","R","T","$","E","M","E","M","T","M","M","B",null,"R","M","?","M","?","E","T","R","?","$","M","M","?","E","M","B",null,"R","M","?","$","M","?","T","?","E","$","M","$","?","?","M","B"],"character_chosen":"THE_CHAMP","items_purchased":["expansioncontent:DefensiveStance","Medical Kit","champ:IronFortress","Blind","champ:BerserkerStyle","Gambling Chip","TheAbacus","expansioncontent:GuardianWhirl","champ:IronFortress","Boot","champ:GladiatorsShout+1","Whetstone","Strawberry"],"campfire_rested":0,"item_purchase_floors":[27,27,27,38,38,44,44,44,44,44,46,46,46],"current_hp_per_floor":[90,85,73,73,68,68,68,68,51,50,47,46,46,46,43,43,90,90,90,90,90,90,90,90,90,90,89,86,90,87,85,82,73,90,90,90,90,90,90,90,90,86,90,90,75,97,97,97,86,0,0,0],"gold":426,"neow_bonus":"TRANSFORM_CARD","is_daily":false,"chose_seed":false,"campfire_upgraded":4,"win_rate":0.0,"timestamp":1609945737,"path_taken":["R","M","?","?","?","R","T","?","E","M","E","M","?","M","M","BOSS","R","M","?","M","?","E","T","R","?","$","M","M","?","E","M","BOSS","R","M","?","$","M","?","T","?","E","$","?","$","?","?","M","BOSS"],"items_purchased_type":["Card","Relic","Card","Card","Card","Relic","Relic","Card","Card","Relic","Card","Relic","Relic"],"build_version":"2020-12-22","purchased_purges":3,"victory":false,"max_hp_per_floor":[90,90,90,90,90,90,90,90,90,90,90,90,90,90,90,90,90,90,90,90,90,90,90,90,90,90,90,90,90,90,90,90,90,90,90,90,90,90,90,90,90,90,90,90,90,97,97,97,97,97,97,97],"relic_stats":{"counters":[30,162],"StoneCalendar":[204],"Pen Nib":[3],"Letter Opener":[261],"Whetstone":["champ:SwordThrow","expansioncontent:GuardianWhirl"],"Medical Kit":[18],"Boot":[0],"Sozu":8,"TheAbacus":[24],"Bronze Scales":[356],"Gambling Chip":[13],"MealTicket":15,"Prayer Wheel":1,"Kunai":[7],"obtain_stats":[{"champ:ChampionCrown":0,"StoneCalendar":31,"Pen Nib":41,"Incense Burner":3,"Omamori":24,"Letter Opener":13,"Whetstone":46,"Ancient Tea Set":9,"Medical Kit":27,"Boot":44,"Sozu":17,"downfall:GremlinWheel":42,"TheAbacus":44,"Bronze Scales":11,"Gambling Chip":44,"Strawberry":46,"MealTicket":23,"Prayer Wheel":47,"Fusion Hammer":34,"Red Mask":30,"Kunai":7,"Toxic Egg 2":43},{"champ:ChampionCrown":0,"StoneCalendar":18,"Pen Nib":23,"Incense Burner":1,"Omamori":13,"Letter Opener":7,"Whetstone":27,"Ancient Tea Set":4,"Medical Kit":14,"Boot":26,"Sozu":10,"downfall:GremlinWheel":24,"TheAbacus":26,"Bronze Scales":6,"Gambling Chip":26,"Strawberry":27,"MealTicket":13,"Prayer Wheel":28,"Fusion Hammer":20,"Red Mask":17,"Kunai":2,"Toxic Egg 2":25},{"champ:ChampionCrown":0,"StoneCalendar":87,"Pen Nib":119,"Incense Burner":5,"Omamori":62,"Letter Opener":34,"Whetstone":140,"Ancient Tea Set":19,"Medical Kit":66,"Boot":135,"Sozu":51,"downfall:GremlinWheel":124,"TheAbacus":135,"Bronze Scales":30,"Gambling Chip":135,"Strawberry":140,"MealTicket":62,"Prayer Wheel":147,"Fusion Hammer":106,"Red Mask":81,"Kunai":10,"Toxic Egg 2":131}]},"card_choices":[{"not_picked":["champ:Circumvent","champ:FanOfKnives","champ:BladeFlurry"],"picked":"SKIP","floor":2},{"not_picked":["champ:GladiatorsShout","champ:CrookedStrike"],"picked":"champ:CrownThrow","floor":5},{"not_picked":["champ:ViciousMockery","champ:FocusedDefense"],"picked":"champ:Haymaker","floor":8},{"not_picked":["champ:AdrenalArmor","champ:Backstep"],"picked":"champ:EndlessRage","floor":9},{"not_picked":["champ:BringItOn","champ:PerfectedStrike"],"picked":"champ:GladiatorStyle","floor":10},{"not_picked":["champ:SwordThrow","champ:Haymaker"],"picked":"champ:ViciousMockery","floor":11},{"not_picked":["champ:TornadoPunch","champ:DefensiveShout"],"picked":"champ:BringItOn","floor":12},{"not_picked":["champ:BerserkersShout","champ:BringItOn"],"picked":"champ:DefensiveShout","floor":14},{"not_picked":["champ:SteelEdge","champ:DeathBlow"],"picked":"champ:ArenaPreparation","floor":15},{"not_picked":["champ:HeavySlash","champ:ShieldSlam"],"picked":"champ:SwordThrow","floor":16},{"not_picked":["champ:CalledShot","champ:GutPunch","champ:Haymaker+1"],"picked":"SKIP","floor":19},{"not_picked":["champ:RecklessLeap","champ:BladeFlurry+1","champ:StanceDance"],"picked":"SKIP","floor":21},{"not_picked":["champ:AdrenalArmor","champ:Backstep","champ:FlashCut"],"picked":"SKIP","floor":23},{"not_picked":["champ:BladeFlurry+1","champ:CalledShot"],"picked":"champ:IronFortress","floor":27},{"not_picked":["champ:FocusedDefense","champ:DefensiveShout"],"picked":"champ:VampiricStrike","floor":28},{"not_picked":["champ:DefensiveShout","champ:GladiatorStyle+1","champ:Haymaker"],"picked":"SKIP","floor":29},{"not_picked":["champ:AdrenalArmor+1","champ:CalledShot"],"picked":"champ:IronFortress+1","floor":31},{"not_picked":["champ:FlashCut","champ:FaceSlap","champ:Circumvent"],"picked":"SKIP","floor":32},{"not_picked":["champ:LastStand","champ:ShieldSlam"],"picked":"champ:MurderStrike","floor":33},{"not_picked":["champ:TornadoPunch+1","champ:ViciousMockery","champ:IronFortress"],"picked":"SKIP","floor":36},{"not_picked":["champ:RecklessLeap+1","champ:StanceDance+1","champ:Aggression+1"],"picked":"SKIP","floor":38},{"not_picked":["champ:BladeFlurry+1","champ:Haymaker","champ:TornadoPunch"],"picked":"SKIP","floor":39},{"not_picked":["champ:Aggression+1","champ:HeartStrike+1"],"picked":"champ:StanceDance+1","floor":43},{"not_picked":["champ:EnragedBash+1","champ:HeavySlash"],"picked":"champ:FocusedBerserking+1","floor":44},{"not_picked":["champ:CrookedStrike","champ:Haymaker+1","champ:GutPunch+1"],"picked":"SKIP","floor":45},{"not_picked":["champ:PerfectedStrike+1","champ:FightOn"],"picked":"champ:FocusedBerserking+1","floor":47},{"not_picked":["champ:BladeFlurry","champ:AdrenalArmor+1"],"picked":"champ:IronFortress","floor":49},{"not_picked":["champ:SkillfulDodge+1","champ:HeartStrike+1","champ:FaceSlap"],"picked":"SKIP","floor":49}],"player_experience":1370274,"relics_obtained":[{"floor":7,"key":"Kunai"},{"floor":9,"key":"Ancient Tea Set"},{"floor":11,"key":"Bronze Scales"},{"floor":13,"key":"Letter Opener"},{"floor":23,"key":"MealTicket"},{"floor":24,"key":"Omamori"},{"floor":30,"key":"Red Mask"},{"floor":31,"key":"StoneCalendar"},{"floor":41,"key":"Pen Nib"},{"floor":42,"key":"downfall:GremlinWheel"},{"floor":43,"key":"Toxic Egg 2"},{"floor":47,"key":"Prayer Wheel"}],"event_choices":[{"damage_healed":0,"gold_gain":0,"player_choice":"Success","damage_taken":12,"relics_obtained":["Incense Burner"],"max_hp_gain":0,"max_hp_loss":0,"event_name":"Scrap Ooze","floor":3,"gold_loss":0},{"cards_removed":["champ:Strike"],"damage_healed":0,"gold_gain":0,"player_choice":"Offered Basic","damage_taken":0,"max_hp_gain":0,"max_hp_loss":0,"event_name":"Bonfire Elementals","floor":4,"gold_loss":0},{"damage_healed":0,"gold_gain":0,"player_choice":"Fought Bandits","damage_taken":0,"max_hp_gain":0,"max_hp_loss":0,"event_name":"Masked Bandits","floor":30,"gold_loss":0},{"damage_healed":0,"gold_gain":0,"player_choice":"Fight","damage_taken":0,"max_hp_gain":0,"max_hp_loss":0,"event_name":"Mysterious Sphere","floor":47,"gold_loss":0},{"cards_removed":["champ:FanOfKnives"],"damage_healed":0,"gold_gain":0,"player_choice":"Removed Attack","damage_taken":0,"max_hp_gain":0,"max_hp_loss":0,"event_name":"Falling","floor":48,"gold_loss":0}],"is_beta":false,"boss_relics":[{"not_picked":["Astrolabe","Black Star"],"picked":"Sozu"},{"not_picked":["SlaversCollar","champ:ChampionCrownUpgraded"],"picked":"Fusion Hammer"}],"items_purged_floors":[8,44,46],"is_endless":false,"potions_floor_spawned":[9,12,14,15,16,23,29,30,32,36,45,47],"killed_by":"downfall:Silent","ascension_level":0}}