{"host":"gfcy6tva0ju5i6qm","time":1609919308,"event":{"mods":["AchievementEnabler","Act Like it!","Bartender","BaseMod","Best Route Mod","Better Altar","Better Match","Better Note","Better Sensory Stone","Better Skull","Block Reminder","Colored Map","Colored Powertips","DeckTracker","Energized Spire","Friendly Minions","GifTheSpireLib","Hermit","Jorbs\u0027s Wanderer Trilogy","Minty Spire (QoL Compilation)","Rare Cards Sparkle","Shop Mod","StSLib","The Bladedancer","The Bug Knight","The Cursed","The Disciple","The Hierophant","The Judge","The Servant 0.9.4","TheFirefly","everything is the same but u backflip on backflip"],"gold_per_floor":[17,29,47,57,77,77,108,108,135,135,154,154,187,206,206,301,301,312,312,5,105,105,138,138,172,196,196,207,227,237,268,268,371,371,389,389,439,456,58,87,87,117,167,199,217,230,265,265,265,265,265,265,8,37,37],"floor_reached":56,"playtime":6579,"items_purged":[],"score":1552,"play_id":"d4185f6d-f391-4875-a47a-d51810db2d50","local_time":"20210106024827","is_ascension_mode":true,"campfire_choices":[{"data":"Neutralize","floor":6.0,"key":"SMITH"},{"data":"Dash","floor":8.0,"key":"SMITH"},{"data":"Die Die Die","floor":10.0,"key":"SMITH"},{"data":"PiercingWail","floor":12.0,"key":"SMITH"},{"data":"Leg Sweep","floor":15.0,"key":"SMITH"},{"data":"A Thousand Cuts","floor":24.0,"key":"SMITH"},{"data":"Concentrate","floor":27.0,"key":"SMITH"},{"data":"Noxious Fumes","floor":32.0,"key":"SMITH"},{"floor":41.0,"key":"RECALL"},{"floor":49.0,"key":"REST"},{"floor":52.0,"key":"REST"}],"circlet_count":0,"master_deck":["Survivor","Neutralize+1","Dash+1","Blade Dance","Dodge and Roll","Die Die Die+1","PiercingWail+1","Leg Sweep+1","A Thousand Cuts+1","Dagger Spray","Well Laid Plans","Flying Knee","Dagger Spray","Storm of Steel","Tools of the Trade","Dash","Finisher","Concentrate+1","Reflex","Venomology","Noxious Fumes+1","Choke","Envenom","Backflip+1","PiercingWail","Escape Plan+1","Apotheosis","Accuracy","Escape Plan+1","Backflip","Escape Plan+1","Prepared+1","Adrenaline+1"],"relics":["Ring of the Snake","Pocketwatch","Omamori","Thread and Needle","Snake Skull","Dead Branch","Lantern","Oddly Smooth Stone","Fusion Hammer","Tingsha","MerchantsRug","Bag of Preparation","Orichalcum","Pen Nib","Boot","Juzu Bracelet","Toxic Egg 2","Letter Opener","Pear"],"acts_visited":["Exordium","TheCity","TheBeyond","TheEnding"],"potions_floor_usage":[55,55],"damage_taken":[{"damage":4.0,"enemies":"Cultist","floor":1.0,"turns":5.0},{"damage":0.0,"enemies":"2 Louse","floor":2.0,"turns":3.0},{"damage":0.0,"enemies":"Small Slimes","floor":3.0,"turns":3.0},{"damage":0.0,"enemies":"2 Fungi Beasts","floor":4.0,"turns":3.0},{"damage":8.0,"enemies":"Exordium Wildlife","floor":5.0,"turns":6.0},{"damage":10.0,"enemies":"3 Sentries","floor":7.0,"turns":8.0},{"damage":1.0,"enemies":"Large Slime","floor":11.0,"turns":4.0},{"damage":6.0,"enemies":"Lagavulin","floor":13.0,"turns":6.0},{"damage":0.0,"enemies":"2 Fungi Beasts","floor":14.0,"turns":1.0},{"damage":21.0,"enemies":"Hexaghost","floor":16.0,"turns":15.0},{"damage":6.0,"enemies":"3 Byrds","floor":18.0,"turns":4.0},{"damage":0.0,"enemies":"Gremlin Leader","floor":23.0,"turns":5.0},{"damage":7.0,"enemies":"Slavers","floor":25.0,"turns":4.0},{"damage":0.0,"enemies":"Chosen","floor":28.0,"turns":3.0},{"damage":12.0,"enemies":"Sentry and Sphere","floor":29.0,"turns":4.0},{"damage":0.0,"enemies":"3 Cultists","floor":30.0,"turns":4.0},{"damage":2.0,"enemies":"Book of Stabbing","floor":31.0,"turns":5.0},{"damage":2.0,"enemies":"Champ","floor":33.0,"turns":9.0},{"damage":8.0,"enemies":"3 Darklings","floor":35.0,"turns":3.0},{"damage":0.0,"enemies":"Mind Bloom Boss Battle","floor":37.0,"turns":3.0},{"damage":0.0,"enemies":"Orb Walker","floor":38.0,"turns":3.0},{"damage":5.0,"enemies":"Giant Head","floor":40.0,"turns":6.0},{"damage":0.0,"enemies":"Nemesis","floor":42.0,"turns":5.0},{"damage":0.0,"enemies":"Giant Head","floor":44.0,"turns":6.0},{"damage":0.0,"enemies":"3 Darklings","floor":45.0,"turns":1.0},{"damage":0.0,"enemies":"Sphere and 2 Shapes","floor":46.0,"turns":3.0},{"damage":7.0,"enemies":"Nemesis","floor":47.0,"turns":6.0},{"damage":15.0,"enemies":"Donu and Deca","floor":50.0,"turns":5.0},{"damage":13,"enemies":"Shield and Spear","floor":54,"turns":5},{"damage":1,"enemies":"The Heart","floor":55,"turns":8}],"seed_played":"421665578430442951","potions_obtained":[{"floor":1.0,"key":"Regen Potion"},{"floor":3.0,"key":"Dexterity Potion"},{"floor":4.0,"key":"Dexterity Potion"},{"floor":7.0,"key":"Dexterity Potion"},{"floor":14.0,"key":"BlessingOfTheForge"},{"floor":23.0,"key":"GamblersBrew"},{"floor":25.0,"key":"Energy Potion"},{"floor":33.0,"key":"SkillPotion"},{"floor":42.0,"key":"Poison Potion"},{"floor":44.0,"key":"GamblersBrew"},{"floor":45.0,"key":"SteroidPotion"},{"floor":47.0,"key":"Swift Potion"}],"is_trial":false,"path_per_floor":["M","M","M","M","M","R","E","R","T","R","M","R","E","M","R","B",null,"M","?","$","?","?","E","R","E","T","R","M","M","M","E","R","B",null,"M","?","?","M","$","E","R","E","T","E","M","M","E","?","R","B",null,"R","$","E","B",null],"character_chosen":"THE_SILENT","items_purchased":["Thread and Needle","MerchantsRug","Apotheosis","Accuracy","Bag of Preparation","Letter Opener"],"campfire_rested":2,"item_purchase_floors":[20,39,39,39,39,53],"current_hp_per_floor":[66,66,66,66,58,58,60,60,60,60,59,59,53,53,53,32,70,64,64,64,64,64,64,64,57,57,57,57,45,45,43,43,41,70,62,62,62,62,62,57,57,57,57,57,57,57,50,50,66,51,66,66,66,63,62],"gold":37,"neow_bonus":"REMOVE_TWO","is_daily":false,"chose_seed":false,"campfire_upgraded":8,"win_rate":0.0,"timestamp":1609919307,"path_taken":["M","M","M","M","?","R","E","R","T","R","M","R","E","M","R","BOSS","M","?","$","?","?","E","R","E","T","R","M","M","?","E","R","BOSS","M","?","?","?","$","E","R","E","T","E","M","M","E","?","R","BOSS","R","$","E","BOSS"],"items_purchased_type":["Relic","Relic","Card","Card","Relic","Relic"],"build_version":"2020-12-22","purchased_purges":0,"victory":true,"max_hp_per_floor":[70,70,70,70,70,70,70,70,70,70,70,70,70,70,70,70,70,70,70,70,70,70,70,70,70,70,70,70,70,70,70,70,70,70,70,66,66,66,66,66,66,66,66,66,66,66,66,66,66,66,66,66,66,76,76],"card_choices":[{"not_picked":["Leg Sweep","Endless Agony"],"picked":"Dash","floor":1.0},{"not_picked":["Flechettes","Underhanded Strike"],"picked":"Blade Dance","floor":2.0},{"not_picked":["Prepared","Riddle With Holes"],"picked":"Dagger Throw","floor":3.0},{"not_picked":["Choke","Acrobatics"],"picked":"Dodge and Roll","floor":4.0},{"not_picked":["All Out Attack","Poisoned Stab"],"picked":"Die Die Die","floor":5.0},{"not_picked":["Bane","Underhanded Strike"],"picked":"PiercingWail","floor":7.0},{"not_picked":["Acrobatics","Sucker Punch","Deadly Poison"],"picked":"SKIP","floor":11.0},{"not_picked":["Infinite Blades","Cloak And Dagger"],"picked":"Leg Sweep","floor":13.0},{"not_picked":["Dagger Throw","Sucker Punch","Slice"],"picked":"SKIP","floor":14.0},{"not_picked":["Envenom","Tools of the Trade"],"picked":"A Thousand Cuts","floor":16.0},{"not_picked":["Distraction","Riddle With Holes+1"],"picked":"Finisher","floor":18.0},{"not_picked":["Dagger Throw","Backflip"],"picked":"Reflex","floor":23.0},{"not_picked":["Masterful Stab","Cloak And Dagger+1"],"picked":"Venomology","floor":25.0},{"not_picked":["Deflect+1","Outmaneuver","Dagger Throw"],"picked":"SKIP","floor":28.0},{"not_picked":["Poisoned Stab+1","Infinite Blades+1","Flechettes"],"picked":"SKIP","floor":29.0},{"not_picked":["Blade Dance","Acrobatics"],"picked":"Noxious Fumes","floor":30.0},{"not_picked":["Caltrops+1","Infinite Blades"],"picked":"Choke","floor":31.0},{"not_picked":["Wraith Form v2","A Thousand Cuts"],"picked":"Envenom","floor":33.0},{"not_picked":["Finisher+1","Reflex+1"],"picked":"Backflip+1","floor":35.0},{"not_picked":["Backflip","Poisoned Stab+1"],"picked":"PiercingWail","floor":37.0},{"not_picked":["Poisoned Stab","Flying Knee+1"],"picked":"Escape Plan+1","floor":38.0},{"not_picked":["Die Die Die","Slice+1","Accuracy"],"picked":"SKIP","floor":40.0},{"not_picked":["Finisher","Distraction+1"],"picked":"Escape Plan+1","floor":42.0},{"not_picked":["Sucker Punch+1","Prepared"],"picked":"Backflip","floor":44.0},{"not_picked":["Dodge and Roll+1","Sucker Punch+1"],"picked":"Escape Plan+1","floor":45.0},{"not_picked":["Backstab+1","Accuracy"],"picked":"Prepared+1","floor":46.0},{"not_picked":["Caltrops","Deflect+1","Riddle With Holes"],"picked":"SKIP","floor":47.0},{"not_picked":["Noxious Fumes","Deadly Poison+1"],"picked":"Adrenaline+1","floor":54}],"player_experience":436405,"relics_obtained":[{"floor":7.0,"key":"Pocketwatch"},{"floor":13.0,"key":"Omamori"},{"floor":23.0,"key":"Snake Skull"},{"floor":25.0,"key":"Dead Branch"},{"floor":26.0,"key":"Lantern"},{"floor":31.0,"key":"Oddly Smooth Stone"},{"floor":37.0,"key":"Tingsha"},{"floor":40.0,"key":"Orichalcum"},{"floor":42.0,"key":"Pen Nib"},{"floor":43.0,"key":"Boot"},{"floor":44.0,"key":"Juzu Bracelet"},{"floor":47.0,"key":"Toxic Egg 2"},{"floor":54,"key":"Pear"}],"event_choices":[{"cards_removed":["Expertise"],"damage_healed":0.0,"max_hp_gain":0.0,"max_hp_loss":0.0,"gold_gain":0.0,"event_name":"Purifier","player_choice":"Purged","floor":19.0,"gold_loss":0.0,"damage_taken":0.0},{"damage_healed":0.0,"max_hp_gain":0.0,"max_hp_loss":0.0,"gold_gain":100.0,"event_name":"Golden Shrine","player_choice":"Pray","floor":21.0,"gold_loss":0.0,"damage_taken":0.0},{"damage_healed":0.0,"max_hp_gain":0.0,"max_hp_loss":0.0,"gold_gain":0.0,"cards_transformed":["Dagger Throw"],"event_name":"Transmorgrifier","player_choice":"Transformed","floor":22.0,"gold_loss":0.0,"damage_taken":0.0,"cards_obtained":["Concentrate"]},{"damage_healed":0.0,"max_hp_gain":0.0,"max_hp_loss":4.0,"gold_gain":0.0,"event_name":"Winding Halls","player_choice":"Max HP","floor":36.0,"gold_loss":0.0,"damage_taken":0.0},{"damage_healed":0.0,"max_hp_gain":0.0,"max_hp_loss":0.0,"gold_gain":0.0,"event_name":"MindBloom","player_choice":"Fight","floor":37.0,"gold_loss":0.0,"damage_taken":0.0},{"damage_healed":0.0,"max_hp_gain":0.0,"max_hp_loss":0.0,"gold_gain":0.0,"event_name":"Tomb of Lord Red Mask","player_choice":"Ignored","floor":48.0,"gold_loss":0.0,"damage_taken":0.0}],"is_beta":false,"boss_relics":[{"not_picked":["energizedSpire:OgreHead","Sozu"],"picked":"Pandora\u0027s Box"},{"not_picked":["Empty Cage","energizedSpire:SpiderWeb"],"picked":"Fusion Hammer"}],"items_purged_floors":[],"is_endless":false,"potions_floor_spawned":[1,3,4,5,7,14,23,25,33,42,44,45,47],"ascension_level":3}}