{"host":"9l1knhxfturzliqa","time":1609925429,"event":{"mods":["BaseMod","Colored Map","Colored Powertips","DeckTracker","Highlight Path","Keyboard Shortcuts","Minty Spire (QoL Compilation)","Random Character Button"],"gold_per_floor":[109,34,34,34,50,50,63,63,87,106,134,149,99,117,117,217,217,229,46,46,46,64,64,99,99,99,99,119,132,132,132],"floor_reached":30,"playtime":2361,"items_purged":["Strike_G"],"score":363,"play_id":"1b585525-6127-4c57-8f29-34990ee47c2d","local_time":"20210106183029","is_ascension_mode":true,"campfire_choices":[{"data":"Adrenaline","floor":6.0,"key":"SMITH"},{"data":"Noxious Fumes","floor":8.0,"key":"SMITH"},{"data":"Night Terror","floor":15.0,"key":"SMITH"},{"data":"After Image","floor":23.0,"key":"SMITH"},{"data":"PiercingWail","floor":25.0,"key":"SMITH"},{"data":"Well Laid Plans","floor":27.0,"key":"SMITH"}],"circlet_count":0,"master_deck":["Strike_G","Strike_G","Strike_G","Defend_G","Defend_G","Defend_G","Survivor","Neutralize","Adrenaline+1","Backflip","Well Laid Plans+1","Noxious Fumes+1","PiercingWail+1","Finisher","Night Terror+1","Cloak And Dagger","After Image+1","Choke","Caltrops","Caltrops","Calculated Gamble+1","Die Die Die","Blade Dance+1"],"relics":["Ring of the Snake","Regal Pillow","Akabeko","Empty Cage","Frozen Eye","Ginger","Bag of Marbles","Singing Bowl"],"acts_visited":["TheCity"],"potions_floor_usage":[],"damage_taken":[{"damage":1.0,"enemies":"Jaw Worm","floor":1.0,"turns":6.0},{"damage":1.0,"enemies":"Cultist","floor":5.0,"turns":4.0},{"damage":0.0,"enemies":"2 Louse","floor":7.0,"turns":3.0},{"damage":0.0,"enemies":"Exordium Wildlife","floor":10.0,"turns":3.0},{"damage":13.0,"enemies":"Gremlin Nob","floor":11.0,"turns":4.0},{"damage":0.0,"enemies":"Lots of Slimes","floor":12.0,"turns":4.0},{"damage":4.0,"enemies":"Blue Slaver","floor":14.0,"turns":4.0},{"damage":40.0,"enemies":"Slime Boss","floor":16.0,"turns":13.0},{"damage":0.0,"enemies":"3 Byrds","floor":18.0,"turns":5.0},{"damage":0.0,"enemies":"Chosen","floor":22.0,"turns":5.0},{"damage":14.0,"enemies":"Book of Stabbing","floor":24.0,"turns":5.0},{"damage":18.0,"enemies":"Sentry and Sphere","floor":28.0,"turns":6.0},{"damage":9.0,"enemies":"Shelled Parasite and Fungi","floor":29.0,"turns":7.0},{"damage":19,"enemies":"Snake Plant","floor":30,"turns":2}],"seed_played":"472537774220954801","potions_obtained":[{"floor":1.0,"key":"PowerPotion"},{"floor":4.0,"key":"Fruit Juice"},{"floor":4.0,"key":"Weak Potion"},{"floor":4.0,"key":"Ancient Potion"},{"floor":7.0,"key":"SteroidPotion"},{"floor":18.0,"key":"CultistPotion"}],"is_trial":false,"path_per_floor":["M","$","?","?","M","R","M","R","T","M","E","M","?","M","R","B",null,"M","$","?","?","M","R","E","R","T","R","M","M","M"],"character_chosen":"THE_SILENT","items_purchased":["Frozen Eye","Caltrops"],"campfire_rested":0,"item_purchase_floors":[19,19],"current_hp_per_floor":[62,62,62,67,66,66,66,66,66,66,53,53,53,49,49,9,53,53,53,53,53,53,53,39,39,39,39,23,14,0,0],"gold":132,"neow_bonus":"THREE_RARE_CARDS","is_daily":false,"chose_seed":false,"campfire_upgraded":6,"win_rate":0.0,"timestamp":1609925429,"path_taken":["M","$","?","?","M","R","M","R","T","?","E","M","?","M","R","BOSS","M","$","?","?","M","R","E","R","T","R","?","M","M"],"items_purchased_type":["Relic","Card"],"build_version":"2020-12-22","purchased_purges":1,"victory":false,"max_hp_per_floor":[63,63,63,68,68,68,68,68,68,68,68,68,68,68,68,68,68,68,68,68,68,68,68,68,68,68,68,70,70,70,70],"card_choices":[{"not_picked":["Die Die Die","Glass Knife"],"picked":"Adrenaline","floor":0.0},{"not_picked":["Accuracy","Heel Hook"],"picked":"Backflip","floor":1.0},{"not_picked":["Backflip","Outmaneuver"],"picked":"Well Laid Plans","floor":5.0},{"not_picked":["Flying Knee","Dodge and Roll"],"picked":"Noxious Fumes","floor":7.0},{"not_picked":["Backstab","Poisoned Stab"],"picked":"PiercingWail","floor":10.0},{"not_picked":["Well Laid Plans","Dodge and Roll"],"picked":"Finisher","floor":11.0},{"not_picked":["Bane","All Out Attack"],"picked":"Night Terror","floor":12.0},{"not_picked":["Sucker Punch","Cloak And Dagger","Acrobatics"],"picked":"SKIP","floor":14.0},{"not_picked":["Sucker Punch","Acrobatics"],"picked":"Cloak And Dagger","floor":14.0},{"not_picked":["Night Terror","Wraith Form v2"],"picked":"After Image","floor":16.0},{"not_picked":["Poisoned Stab","Deflect"],"picked":"Choke","floor":18.0},{"not_picked":["Dodge and Roll+1","Bane"],"picked":"Calculated Gamble+1","floor":22.0},{"not_picked":["Quick Slash","Backflip+1"],"picked":"Die Die Die","floor":24.0},{"not_picked":["Deflect","Heel Hook+1","Slice+1"],"picked":"Singing Bowl","floor":28.0},{"not_picked":["Dagger Spray+1","Prepared"],"picked":"Blade Dance+1","floor":29.0}],"player_experience":350380,"relics_obtained":[{"floor":9.0,"key":"Regal Pillow"},{"floor":11.0,"key":"Akabeko"},{"floor":24.0,"key":"Bag of Marbles"},{"floor":26.0,"key":"Singing Bowl"}],"event_choices":[{"damage_healed":0.0,"max_hp_gain":0.0,"max_hp_loss":0.0,"gold_gain":0.0,"event_name":"Liars Game","player_choice":"Ignored","floor":3.0,"gold_loss":0.0,"damage_taken":0.0},{"damage_healed":0.0,"max_hp_gain":0.0,"max_hp_loss":0.0,"gold_gain":0.0,"event_name":"Lab","player_choice":"Got Potions","floor":4.0,"gold_loss":0.0,"damage_taken":0.0},{"cards_removed":["Defend_G"],"damage_healed":0.0,"max_hp_gain":0.0,"max_hp_loss":0.0,"gold_gain":0.0,"event_name":"The Cleric","player_choice":"Card Removal","floor":13.0,"gold_loss":50.0,"damage_taken":0.0},{"damage_healed":0.0,"max_hp_gain":0.0,"max_hp_loss":0.0,"gold_gain":0.0,"event_name":"The Mausoleum","player_choice":"Opened","floor":20.0,"gold_loss":0.0,"damage_taken":0.0,"relics_obtained":["Ginger"]},{"damage_healed":0.0,"max_hp_gain":0.0,"max_hp_loss":0.0,"gold_gain":0.0,"event_name":"Match and Keep!","player_choice":"1 cards matched","floor":21.0,"gold_loss":0.0,"damage_taken":0.0,"cards_obtained":["Caltrops"]}],"is_beta":false,"boss_relics":[{"not_picked":["Snecko Eye","SlaversCollar"],"picked":"Empty Cage"}],"items_purged_floors":[2],"is_endless":false,"potions_floor_spawned":[1,7,10,18],"killed_by":"Snake Plant","ascension_level":9}}