{"host":"m3rs92yjkwi06hli","time":1609896919,"event":{"mods":["Act Like it!","Aspiration","BaseMod","Colored Map","Conspire","Defuse TimeMaze Blight","Duelist Mod","Energized Spire","Hubris","Infinite Spire","Minty Spire (QoL Compilation)","Relic Stats","Replay The Spire","Spicy Shops","StSLib"],"gold_per_floor":[142,142,142,162,13,46,46,46,46,78,78,95,95,112,112,214,214,230,78,98,108,125,125,154,154,154,182,182,182,182,182,182,279,279,299,299,313,325,335,335,368,368,395,102,118,118,131,145,145,145],"floor_reached":51,"playtime":4114,"items_purged":["theDuelist:Sparks"],"score":1188,"play_id":"51b09b92-d8c7-4bfd-9dc0-7293ee674c3b","local_time":"20210105193519","is_ascension_mode":true,"campfire_choices":[{"data":"theDuelist:BSkullDragon","floor":11,"key":"SMITH"},{"data":"theDuelist:DragonCaptureJar","floor":13,"key":"SMITH"},{"data":"theDuelist:CurseDragon","floor":15,"key":"SMITH"},{"data":"theDuelist:DragonMastery","floor":23,"key":"SMITH"},{"data":"theDuelist:SeismicShockwave","floor":25,"key":"SMITH"},{"data":"theDuelist:BurstBreath","floor":28,"key":"SMITH"},{"data":"theDuelist:SpiralSpearStrike+1","floor":30,"key":"SMITH"},{"data":"theDuelist:DragonZombie","floor":32,"key":"SMITH"},{"floor":40,"key":"REST"},{"data":"theDuelist:RainbowBridge","floor":46,"key":"SMITH"},{"floor":49,"key":"REST"}],"circlet_count":0,"master_deck":["AscendersBane","theDuelist:BabyDragon","theDuelist:CastleWalls","theDuelist:CastleWalls","theDuelist:CaveDragon","theDuelist:CaveDragon","theDuelist:LesserDragon","theDuelist:LesserDragon","theDuelist:YamataDragon","theDuelist:ThunderDragon","theDuelist:BusterBlader","theDuelist:AncientGearGadjiltron","theDuelist:BSkullDragon+1","theDuelist:CurseDragon+1","theDuelist:DragonCaptureJar+1","theDuelist:BurstBreath+1","theDuelist:DragonMastery+1","theDuelist:SeismicShockwave+1","theDuelist:SilverWing+1","theDuelist:DragonZombie+1","theDuelist:ForbiddenLance+1","theDuelist:MaskedDragon","theDuelist:SpiralSpearStrike+2","theDuelist:BurstBreath+1","theDuelist:WaterDragon","theDuelist:CyberDragonCore+1","Madness","Madness","theDuelist:LavaDragon+1","theDuelist:CoralDragon+1","theDuelist:SpiralSpearStrike+1","theDuelist:RainbowBridge","theDuelist:RainbowBridge+1","theDuelist:CyberDragonSieger+1","theDuelist:BurstBreath"],"relics":["theDuelist:MillenniumPuzzle","theDuelist:CardPoolRelic","theDuelist:CardPoolBasicRelic","theDuelist:BoosterPackPoolRelic","theDuelist:CardPoolAddRelic","theDuelist:CardPoolMinusRelic","theDuelist:CardPoolSaveRelic","theDuelist:CardPoolOptionsRelic","NeowsBlessing","theDuelist:ZoneToken","hubris:PeanutButter","Kunai","Akabeko","aspiration:HiddenCompartment","Painkiller Herb","infinitespire:Freezer","theDuelist:DuelistOrichalcum","conspire:BottledYoYo","aspiration:StickyExplosives","Sozu","Vajra","ReplayTheSpireMod:Spearhead","theDuelist:MillenniumToken"],"acts_visited":["Exordium","TheCity","TheBeyond"],"potions_floor_usage":[24,27,50,50,50],"damage_taken":[{"damage":0,"enemies":"Jaw Worm","floor":1,"turns":1},{"damage":0,"enemies":"2 Louse","floor":4,"turns":1},{"damage":0,"enemies":"Gremlin Nob","floor":6,"turns":1},{"damage":11,"enemies":"Lagavulin","floor":10,"turns":5},{"damage":0,"enemies":"conspire:RoseBush","floor":12,"turns":2},{"damage":0,"enemies":"Lots of Slimes","floor":14,"turns":4},{"damage":7,"enemies":"The Guardian","floor":16,"turns":9},{"damage":4,"enemies":"Shell Parasite","floor":18,"turns":3},{"damage":0,"enemies":"3 Byrds","floor":20,"turns":4},{"damage":9,"enemies":"Snecko","floor":21,"turns":4},{"damage":0,"enemies":"Centurion and Healer","floor":22,"turns":6},{"damage":3,"enemies":"Gremlin Leader","floor":24,"turns":7},{"damage":0,"enemies":"conspire:Head Lice","floor":27,"turns":3},{"damage":20,"enemies":"Automaton","floor":33,"turns":8},{"damage":2,"enemies":"3 Shapes","floor":35,"turns":4},{"damage":0,"enemies":"Orb Walker","floor":37,"turns":2},{"damage":6,"enemies":"Sphere and 2 Shapes","floor":38,"turns":4},{"damage":14,"enemies":"3 Darklings","floor":39,"turns":4},{"damage":0,"enemies":"Giant Head","floor":41,"turns":5},{"damage":12,"enemies":"Jaw Worm Horde","floor":45,"turns":4},{"damage":0,"enemies":"Maw","floor":47,"turns":6},{"damage":0,"enemies":"Spire Growth","floor":48,"turns":4},{"damage":47,"enemies":"Awakened One","floor":50,"turns":8}],"seed_played":"3011197977182172081","potions_obtained":[{"floor":1,"key":"ColorlessPotion"},{"floor":6,"key":"theDuelist:BurningPotionB"},{"floor":12,"key":"Dexterity Potion"},{"floor":24,"key":"PowerPotion"},{"floor":33,"key":"SkillPotion"}],"is_trial":false,"path_per_floor":["M","?","?","M","$","E","$","T","T","E","R","M","R","M","R","B",null,"?","T","?","?","?","T","E","T","T","E","T","?","T","?","T","B",null,"?","?","?","?","?","T","E","?","T","T","?","T","?","?","T","B",null],"character_chosen":"THE_DUELIST","items_purchased":["theDuelist:ZoneToken","infinitespire:Freezer","theDuelist:MillenniumToken"],"campfire_rested":2,"item_purchase_floors":[5,19,44],"current_hp_per_floor":[72,72,72,72,72,72,72,72,72,61,61,61,61,61,61,54,74,70,70,70,61,61,61,58,58,58,58,58,58,58,58,58,38,70,68,58,58,52,38,62,62,62,62,62,50,50,50,50,74,27],"gold":145,"neow_bonus":"THREE_ENEMY_KILL","is_daily":false,"chose_seed":false,"campfire_upgraded":9,"win_rate":0.0,"timestamp":1609896919,"path_taken":["M","?","?","?","$","E","?","?","T","E","R","M","R","M","R","BOSS","?","T","?","?","?","T","E","T","T","E","T","?","T","?","T","BOSS","?","?","?","?","?","T","E","?","T","T","?","T","?","?","T","BOSS"],"items_purchased_type":["Relic","Relic","Relic"],"build_version":"2020-12-22","purchased_purges":1,"victory":true,"max_hp_per_floor":[80,80,80,80,80,80,80,80,80,80,80,80,80,80,80,80,80,80,80,80,80,80,80,80,80,80,80,80,80,80,80,80,80,80,80,80,80,80,80,80,80,80,80,80,80,80,80,80,80,80],"relic_stats":{"Sozu":4,"counters":[23,99],"Kunai":[34],"obtain_stats":[{"theDuelist:DuelistOrichalcum":24,"aspiration:StickyExplosives":27,"NeowsBlessing":0,"Vajra":41,"Painkiller Herb":17,"theDuelist:MillenniumPuzzle":0,"theDuelist:CardPoolSaveRelic":0,"aspiration:HiddenCompartment":10,"Akabeko":9,"Sozu":34,"theDuelist:MillenniumToken":44,"theDuelist:BoosterPackPoolRelic":0,"theDuelist:CardPoolMinusRelic":0,"ReplayTheSpireMod:Spearhead":43,"theDuelist:CardPoolBasicRelic":0,"theDuelist:ZoneToken":5,"hubris:PeanutButter":6,"theDuelist:CardPoolAddRelic":0,"theDuelist:CardPoolOptionsRelic":0,"conspire:BottledYoYo":26,"Kunai":8,"theDuelist:CardPoolRelic":0,"infinitespire:Freezer":19},{"theDuelist:DuelistOrichalcum":12,"aspiration:StickyExplosives":13,"NeowsBlessing":0,"Vajra":19,"Painkiller Herb":7,"theDuelist:MillenniumPuzzle":0,"theDuelist:CardPoolSaveRelic":0,"aspiration:HiddenCompartment":4,"Akabeko":3,"Sozu":14,"theDuelist:MillenniumToken":19,"theDuelist:BoosterPackPoolRelic":0,"theDuelist:CardPoolMinusRelic":0,"ReplayTheSpireMod:Spearhead":19,"theDuelist:CardPoolBasicRelic":0,"theDuelist:ZoneToken":2,"hubris:PeanutButter":3,"theDuelist:CardPoolAddRelic":0,"theDuelist:CardPoolOptionsRelic":0,"conspire:BottledYoYo":12,"Kunai":3,"theDuelist:CardPoolRelic":0,"infinitespire:Freezer":8},{"theDuelist:DuelistOrichalcum":47,"aspiration:StickyExplosives":50,"NeowsBlessing":0,"Vajra":77,"Painkiller Herb":23,"theDuelist:MillenniumPuzzle":0,"theDuelist:CardPoolSaveRelic":0,"aspiration:HiddenCompartment":8,"Akabeko":3,"Sozu":58,"theDuelist:MillenniumToken":77,"theDuelist:BoosterPackPoolRelic":0,"theDuelist:CardPoolMinusRelic":0,"ReplayTheSpireMod:Spearhead":77,"theDuelist:CardPoolBasicRelic":0,"theDuelist:ZoneToken":2,"hubris:PeanutButter":3,"theDuelist:CardPoolAddRelic":0,"theDuelist:CardPoolOptionsRelic":0,"conspire:BottledYoYo":47,"Kunai":3,"theDuelist:CardPoolRelic":0,"infinitespire:Freezer":26}]},"card_choices":[{"not_picked":["theDuelist:Sabersaurus","theDuelist:Duoterion","theDuelist:CyberDragonVier","theDuelist:RedEyes"],"picked":"theDuelist:ThunderDragon","floor":1},{"not_picked":["theDuelist:BlackStego","theDuelist:BlackBrutdrago","theDuelist:CyberDragonNachster","theDuelist:CloudianGhost"],"picked":"theDuelist:AncientGearGadjiltron","floor":4},{"not_picked":["theDuelist:FireDarts","theDuelist:Destroyersaurus"],"picked":"theDuelist:BSkullDragon","floor":6},{"not_picked":["theDuelist:TwinHeadedFire","theDuelist:LesserDragon","theDuelist:CyberValley","theDuelist:GiantRex"],"picked":"theDuelist:CurseDragon","floor":10},{"not_picked":["theDuelist:SpiralSpearStrike+1","theDuelist:SafeZone","theDuelist:FireDarts","theDuelist:DefenseZone+1"],"picked":"theDuelist:DragonCaptureJar","floor":12},{"not_picked":["theDuelist:MirageDragon","theDuelist:BlackPtera","theDuelist:Destroyersaurus","theDuelist:CurseDragon"],"picked":"theDuelist:BurstBreath","floor":14},{"not_picked":["theDuelist:LostWorld","theDuelist:DefensiveTactics","theDuelist:CyberDragonInfinity","theDuelist:BerserkScales"],"picked":"theDuelist:DragonMastery","floor":16},{"not_picked":["theDuelist:FireDarts","theDuelist:BeserkDragon"],"picked":"theDuelist:SeismicShockwave","floor":18},{"not_picked":["theDuelist:WhiteHornDragon+1","theDuelist:TotemDragon+1","theDuelist:SystemDown+1","theDuelist:DragonRavine+1"],"picked":"theDuelist:SilverWing+1","floor":20},{"not_picked":["theDuelist:TrihornedDragon","theDuelist:GiantRex"],"picked":"theDuelist:DragonZombie","floor":21},{"not_picked":["theDuelist:BigFire","theDuelist:GreenGraveOni","theDuelist:Raigeki","theDuelist:SlotMachine"],"picked":"theDuelist:ForbiddenLance+1","floor":22},{"not_picked":["theDuelist:BusterBlader","theDuelist:SphereChaos","theDuelist:Anthrosaurus","theDuelist:ArtifactSanctum"],"picked":"theDuelist:MaskedDragon","floor":24},{"not_picked":["theDuelist:CyberEltanin","theDuelist:ArmedDragon3","theDuelist:Carboneddon","theDuelist:BerserkScales"],"picked":"theDuelist:SpiralSpearStrike+1","floor":27},{"not_picked":["theDuelist:SeismicShockwave","theDuelist:CyberDragonInfinity","theDuelist:ChimeratechOverdragon","theDuelist:BerserkScales+1"],"picked":"theDuelist:WaterDragon","floor":33},{"not_picked":["theDuelist:LesserDragon+1","theDuelist:ScrapIronScarecrow","theDuelist:Duoterion+1","theDuelist:BlackVeloci+1"],"picked":"theDuelist:CyberDragonCore+1","floor":35},{"not_picked":["theDuelist:Pyrorex+1","theDuelist:Beatraptor+1","theDuelist:SphereChaos+1","theDuelist:CyberDragonNachster+1"],"picked":"theDuelist:LavaDragon+1","floor":37},{"not_picked":["theDuelist:MaskedDragon","theDuelist:BlackPtera+1","theDuelist:CyberDragonCore+1","theDuelist:ArmedDragon3+1"],"picked":"theDuelist:CoralDragon+1","floor":38},{"not_picked":["theDuelist:MaskedDragon+1","theDuelist:Freezadon","theDuelist:Beatraptor","theDuelist:CurseDragon"],"picked":"theDuelist:SpiralSpearStrike+1","floor":39},{"not_picked":["theDuelist:Earthquake","theDuelist:CyberDragonNachster+1","theDuelist:CyberDragonDrei","theDuelist:MoltenDestruction+1","theDuelist:DefenseZone"],"picked":"SKIP","floor":41},{"not_picked":["theDuelist:LightningDarts+3","theDuelist:BlockGolem+1","theDuelist:HaneHane+1","theDuelist:ForbiddenChalice"],"picked":"theDuelist:RainbowBridge","floor":45},{"not_picked":["theDuelist:DragonTreasure+1","theDuelist:Berserking","theDuelist:AutorokketDragon"],"picked":"theDuelist:CyberDragonSieger+1","floor":47},{"not_picked":["theDuelist:CastleWalls+1","theDuelist:Sparks","theDuelist:DragonCaptureJar+1","theDuelist:ForbiddenLance+1"],"picked":"theDuelist:BurstBreath","floor":48}],"player_experience":851889,"relics_obtained":[{"floor":6,"key":"hubris:PeanutButter"},{"floor":8,"key":"Kunai"},{"floor":9,"key":"Akabeko"},{"floor":10,"key":"aspiration:HiddenCompartment"},{"floor":24,"key":"theDuelist:DuelistOrichalcum"},{"floor":26,"key":"conspire:BottledYoYo"},{"floor":27,"key":"aspiration:StickyExplosives"},{"floor":41,"key":"Vajra"},{"floor":43,"key":"ReplayTheSpireMod:Spearhead"}],"event_choices":[{"damage_healed":0,"gold_gain":0,"player_choice":"Leave","damage_taken":0,"max_hp_gain":0,"max_hp_loss":0,"event_name":"conspire:Investor","floor":2,"gold_loss":0},{"damage_healed":0,"gold_gain":0,"cards_transformed":["theDuelist:Sparks"],"player_choice":"Transformed","damage_taken":0,"max_hp_gain":0,"max_hp_loss":0,"event_name":"Transmorgrifier","floor":3,"gold_loss":0,"cards_obtained":["theDuelist:BusterBlader"]},{"damage_healed":0,"gold_gain":0,"player_choice":"Ignored","damage_taken":0,"max_hp_gain":0,"max_hp_loss":0,"event_name":"Ghosts","floor":29,"gold_loss":0},{"damage_healed":0,"gold_gain":0,"player_choice":"Copied","damage_taken":0,"max_hp_gain":0,"max_hp_loss":0,"event_name":"Duplicator","floor":31,"gold_loss":0,"cards_obtained":["theDuelist:BurstBreath"]},{"damage_healed":0,"gold_gain":0,"player_choice":"Embrace Madness","damage_taken":10,"max_hp_gain":0,"max_hp_loss":0,"event_name":"Winding Halls","floor":36,"gold_loss":0,"cards_obtained":["Madness","Madness"]},{"damage_healed":0,"gold_gain":0,"player_choice":"Leave","duelist":true,"damage_taken":0,"max_hp_gain":0,"max_hp_loss":0,"event_name":"Egyptian Village","floor":42,"gold_loss":0}],"is_beta":false,"boss_relics":[{"not_picked":["SacredBark","Electric Blood"],"picked":"Painkiller Herb"},{"not_picked":["energizedSpire:HugeHouse","Empty Cage"],"picked":"Sozu"}],"items_purged_floors":[19],"is_endless":false,"potions_floor_spawned":[1,6,12,16,18,24,33,35,39,45,47],"ascension_level":10}}