{"host":"ty2cix8xj6r3ad26","time":1609968088,"event":{"mods":["AchievementEnabler","BaseMod","BetterRewards","Minty Spire (QoL Compilation)","Replay The Spire","StSLib","SuperFastMode"],"gold_per_floor":[117,117,136,136,149,149,176,176,202,222,312,329,329,329,329,427,427,438,313,329,83,83,111,111,111],"floor_reached":24,"playtime":2584,"items_purged":["Strike_P","Strike_P","Strike_P"],"score":290,"play_id":"6d4f994c-b122-4d6c-8172-a9cc4b87a882","local_time":"20210106232128","is_ascension_mode":true,"campfire_choices":[{"floor":6,"key":"REST"},{"data":"Eruption","floor":8,"key":"SMITH"},{"data":"Halt","floor":15,"key":"SMITH"}],"circlet_count":0,"master_deck":["Defend_P","Defend_P","Defend_P","Eruption+1","Vigilance","SignatureMove+1","Halt+1","Adaptation","ForeignInfluence","Steam","Blasphemy","PathToVictory","ClearTheMind","PathToVictory","PathToVictory","EmptyBody"],"relics":["PureWater","Ice Cream","ClockworkSouvenir","Akabeko","Pen Nib","Juzu Bracelet","Omamori","VioletLotus","ReplayTheSpireMod:Lightbulb","Replay:Ringing Soul"],"acts_visited":["Exordium","TheCity"],"potions_floor_usage":[7,16,24],"damage_taken":[{"damage":0,"enemies":"Small Slimes","floor":1,"turns":2},{"damage":0,"enemies":"Jaw Worm","floor":3,"turns":2},{"damage":0,"enemies":"2 Louse","floor":5,"turns":2},{"damage":0,"enemies":"3 Sentries","floor":7,"turns":3},{"damage":0,"enemies":"2 Fungi Beasts","floor":10,"turns":2},{"damage":1,"enemies":"Large Slime","floor":12,"turns":3},{"damage":3,"enemies":"The Guardian","floor":16,"turns":4},{"damage":19,"enemies":"Shell Parasite","floor":18,"turns":3},{"damage":0,"enemies":"Chosen","floor":20,"turns":1},{"damage":37,"enemies":"Slavers","floor":23,"turns":4},{"damage":20,"enemies":"Centurion and Healer","floor":24,"turns":3}],"seed_played":"-2814697028038735101","potions_obtained":[{"floor":5,"key":"Adrenaline Potion"},{"floor":7,"key":"ColorlessPotion"},{"floor":23,"key":"ColorlessPotion"}],"is_trial":false,"path_per_floor":["M","?","M","?","M","R","E","R","T","M","?","M","?","?","R","B",null,"M","$","M","$","?","E","M"],"character_chosen":"WATCHER","items_purchased":["SignatureMove+1","Ice Cream","ClockworkSouvenir","Akabeko","Halt","ReplayTheSpireMod:Lightbulb","PathToVictory"],"campfire_rested":1,"item_purchase_floors":[0,0,0,0,0,21,21],"current_hp_per_floor":[40,7,7,7,7,28,28,28,28,28,28,27,51,51,51,48,72,53,53,53,53,53,19,0,0],"gold":111,"neow_bonus":"","is_daily":false,"chose_seed":false,"campfire_upgraded":2,"win_rate":0.0,"timestamp":1609968088,"path_taken":["M","?","M","?","M","R","E","R","T","M","?","M","?","?","R","BOSS","M","$","M","$","?","E","M"],"items_purchased_type":["Card","Relic","Relic","Relic","Card","Relic","Card"],"build_version":"2020-12-22","purchased_purges":3,"victory":false,"max_hp_per_floor":[72,72,72,72,72,72,72,72,72,72,72,72,72,72,72,72,72,72,72,72,72,72,75,75,75],"card_choices":[{"not_picked":["FlurryOfBlows","FlyingSleeves","Replay:Anticipation"],"picked":"SKIP","floor":1},{"not_picked":["Replay:ManipulateFuture","Evaluate","CutThroughFate"],"picked":"SKIP","floor":3},{"not_picked":["Protect","SignatureMove","Crescendo"],"picked":"SKIP","floor":5},{"not_picked":["Collect","BowlingBash","Consecrate"],"picked":"SKIP","floor":7},{"not_picked":["ThirdEye","Consecrate"],"picked":"Adaptation","floor":10},{"not_picked":["Nirvana","Consecrate","SandsOfTime"],"picked":"SKIP","floor":12},{"not_picked":["Establishment","Omniscience"],"picked":"Blasphemy","floor":16},{"not_picked":["Consecrate","Conclude+1"],"picked":"PathToVictory","floor":18},{"not_picked":["BowlingBash+1","ForeignInfluence"],"picked":"ClearTheMind","floor":20},{"not_picked":["Consecrate","CutThroughFate"],"picked":"EmptyBody","floor":23}],"player_experience":429932,"relics_obtained":[{"floor":7,"key":"Juzu Bracelet"},{"floor":9,"key":"Omamori"},{"floor":23,"key":"Replay:Ringing Soul"}],"event_choices":[{"damage_healed":0,"gold_gain":0,"player_choice":"Success","damage_taken":33,"relics_obtained":["Pen Nib"],"max_hp_gain":0,"max_hp_loss":0,"event_name":"Scrap Ooze","floor":2,"gold_loss":0},{"damage_healed":0,"gold_gain":0,"player_choice":"Ignored","damage_taken":0,"max_hp_gain":0,"max_hp_loss":0,"event_name":"Liars Game","floor":4,"gold_loss":0},{"damage_healed":24,"gold_gain":0,"player_choice":"Banana","damage_taken":0,"max_hp_gain":0,"max_hp_loss":0,"event_name":"Big Fish","floor":13,"gold_loss":0},{"damage_healed":0,"gold_gain":0,"player_choice":"Ignored","damage_taken":0,"max_hp_gain":0,"max_hp_loss":0,"event_name":"Vampires","floor":22,"gold_loss":0}],"is_beta":false,"boss_relics":[{"not_picked":["Fusion Hammer","Snecko Heart"],"picked":"VioletLotus"}],"items_purged_floors":[0,0,19],"is_endless":false,"potions_floor_spawned":[5,7,23],"killed_by":"Centurion and Healer","ascension_level":2}}