{"host":"18wi9kpcl4eah7pe","time":1609949414,"event":{"mods":["BaseMod","Colored Powertips","Downfall","Minty Spire (QoL Compilation)","StSLib"],"gold_per_floor":[99,113,113,63,79,96,119,44,64,75,101,113,38,64,84,84,84,84],"floor_reached":16,"playtime":936,"items_purged":[],"score":114,"play_id":"537af839-61b1-4409-9e5d-6bf56e5288bf","local_time":"20210106101014","is_ascension_mode":false,"campfire_choices":[{"floor":1,"key":"RECALL"},{"floor":8,"key":"REST"},{"floor":13,"key":"REST"}],"circlet_count":0,"master_deck":["champ:Strike","champ:Strike","champ:Strike","champ:Strike","champ:Defend","champ:Defend","champ:Defend","champ:Defend","champ:Execute","champ:Taunt","champ:FocusedGladiator","champ:DefensiveShout","champ:PreciseThrust","champ:TornadoPunch","champ:Circumvent","champ:StanceDance","champ:DeathBlow","champ:Control","champ:BerserkerStyle","champ:ShieldSigil","champ:BringItOn"],"relics":["champ:ChampionCrown","Dead Branch","downfall:HeartBlessingRed","champ:FightingForDummies","downfall:HeartBlessingGreen","Strawberry"],"acts_visited":["Exordium"],"potions_floor_usage":[4,9,11,11,16,16],"damage_taken":[{"damage":8,"enemies":"Jaw Worm","floor":2,"turns":6},{"damage":15,"enemies":"downfall:FleeingMerchant","floor":4,"turns":4},{"damage":12,"enemies":"2 Louse","floor":5,"turns":3},{"damage":14,"enemies":"Small Slimes","floor":6,"turns":3},{"damage":7,"enemies":"Gremlin Gang","floor":9,"turns":5},{"damage":15,"enemies":"Blue Slaver","floor":10,"turns":4},{"damage":25,"enemies":"Lagavulin","floor":11,"turns":6},{"damage":5,"enemies":"3 Louse","floor":12,"turns":2},{"damage":39,"enemies":"Gremlin Nob","floor":14,"turns":5},{"damage":21,"enemies":"Large Slime","floor":15,"turns":4},{"damage":86,"enemies":"downfall:Ironclad","floor":16,"turns":9}],"seed_played":"6178634085387203067","potions_obtained":[{"floor":0,"key":"champ:CounterPotion"},{"floor":0,"key":"LiquidBronze"},{"floor":0,"key":"Strength Potion"},{"floor":6,"key":"CultistPotion"},{"floor":9,"key":"GamblersBrew"},{"floor":14,"key":"Energy Potion"},{"floor":15,"key":"champ:UltimateStancePotion"}],"is_trial":false,"path_per_floor":["R","M","?","$","M","M","T","R","M","M","E","M","R","E","M","B"],"character_chosen":"THE_CHAMP","items_purchased":["champ:PreciseThrust"],"campfire_rested":2,"item_purchase_floors":[4],"current_hp_per_floor":[90,87,84,74,67,53,53,80,76,69,57,57,84,74,58,0,0,0],"gold":84,"neow_bonus":"THREE_SMALL_POTIONS","is_daily":false,"chose_seed":false,"campfire_upgraded":0,"win_rate":0.0,"timestamp":1609949414,"path_taken":["R","M","?","$","M","M","T","R","M","M","E","M","R","E","M","BOSS"],"items_purchased_type":["Card"],"build_version":"2020-12-22","purchased_purges":0,"victory":false,"max_hp_per_floor":[90,90,90,90,90,90,90,90,90,90,90,90,90,97,97,97,97,97],"card_choices":[{"not_picked":["champ:Haymaker","champ:Circumvent"],"picked":"champ:FocusedGladiator","floor":2},{"not_picked":["champ:Backstep","champ:GladiatorsShout"],"picked":"champ:DefensiveShout","floor":4},{"not_picked":["champ:HeartStrike","champ:Control"],"picked":"champ:TornadoPunch","floor":5},{"not_picked":["champ:CrookedStrike","champ:BladeFlurry"],"picked":"champ:Circumvent","floor":6},{"not_picked":["champ:CrookedStrike","champ:Haymaker"],"picked":"champ:StanceDance","floor":9},{"not_picked":["champ:Backstep","champ:GutPunch"],"picked":"champ:DeathBlow","floor":10},{"not_picked":["champ:FightOn","champ:GladiatorsShout"],"picked":"champ:Control","floor":11},{"not_picked":["champ:HeavySlash","champ:BladeFlurry"],"picked":"champ:BerserkerStyle","floor":12},{"not_picked":["champ:Control","champ:Aggression"],"picked":"champ:ShieldSigil","floor":14},{"not_picked":["champ:TornadoPunch","champ:ShieldWall"],"picked":"champ:BringItOn","floor":15}],"player_experience":877354,"relics_obtained":[{"floor":11,"key":"champ:FightingForDummies"},{"floor":14,"key":"Strawberry"}],"event_choices":[{"damage_healed":0,"gold_gain":0,"player_choice":"Success","damage_taken":3,"relics_obtained":["Dead Branch"],"max_hp_gain":0,"max_hp_loss":0,"event_name":"Scrap Ooze","floor":3,"gold_loss":0}],"is_beta":false,"boss_relics":[],"items_purged_floors":[],"is_endless":false,"potions_floor_spawned":[2,6,9,14,15],"killed_by":"downfall:Ironclad","ascension_level":0}}