{"host":"684z1xpuwaoqmmh1","time":1609936242,"event":{"mods":["BaseMod","Downfall","Hermit","Jorbs\u0027s Wanderer Trilogy","Marisa????????","Minty Spire (QoL Compilation)","StSLib","The Hierophant","The Mystic"],"gold_per_floor":[99,117,130,140,25,57,108,136,61,93,18,3,16,16,35,139,139,139,156,156,256,3,3,27,44,144,144,173,166,166,198,213,309,309,309,320,334,334,352,377,403,328,346,346,374,0,23,36,53,53,53,53,53],"floor_reached":52,"playtime":3540,"items_purged":["hermit:Strike_Hermit","hermit:Strike_Hermit+1"],"score":1440,"play_id":"93fba70f-6eff-480c-9bbc-fde104d3e1cd","local_time":"20210106143042","is_ascension_mode":true,"campfire_choices":[{"floor":1,"key":"RECALL"},{"data":"hermit:FlashPowder","floor":9,"key":"SMITH"},{"data":"hermit:Dive","floor":11,"key":"SMITH"},{"data":"hermit:TakeAim","floor":18,"key":"SMITH"},{"data":"hermit:Combo","floor":23,"key":"SMITH"},{"floor":30,"key":"REST"},{"data":"hermit:Roughhouse","floor":35,"key":"SMITH"},{"data":"hermit:BigShot","floor":42,"key":"SMITH"}],"circlet_count":0,"master_deck":["AscendersBane","hermit:Strike_Hermit+1","hermit:Strike_Hermit+1","hermit:Defend_Hermit+1","hermit:Defend_Hermit+1","hermit:Defend_Hermit+1","hermit:Defend_Hermit+1","hermit:Snapshot","hermit:Covet","hermit:Dive+1","hermit:Ricochet","hermit:Misfire","hermit:BigShot+1","hermit:LowProfile","hermit:FlashPowder+1","hermit:Roughhouse+1","hermit:Cheat","hermit:Headshot","hermit:TakeAim+1","hermit:RoundhouseKick","hermit:HoleUp+1","hermit:Combo+1","hermit:FatalDesire","hermit:Deadeye+1","Pain","hermit:Determination","hermit:EyeOfTheStorm"],"relics":["hermit:Momento","FossilizedHelix","Vajra","Art of War","Juzu Bracelet","downfall:HeartBlessingRed","Strawberry","downfall:HeartBlessingGreen","Gambling Chip","Busted Crown","Oddly Smooth Stone","Centennial Puzzle","Unceasing Top","Matryoshka","HornCleat","Ornamental Fan","Ancient Tea Set","Philosopher\u0027s Stone","Pocketwatch","Bag of Preparation","downfall:HeartBlessingBlue","WarpedTongs","Calipers","Omamori","hexamod:BolsterEngine"],"acts_visited":["Exordium","TheCity","TheBeyond","TheEnding"],"potions_floor_usage":[6,8,26,28,40,48,48,50],"damage_taken":[{"damage":0,"enemies":"Cultist","floor":2,"turns":3},{"damage":0,"enemies":"Jaw Worm","floor":3,"turns":4},{"damage":0,"enemies":"2 Louse","floor":4,"turns":2},{"damage":0,"enemies":"downfall:FleeingMerchant","floor":5,"turns":4},{"damage":5,"enemies":"3 Sentries","floor":6,"turns":11},{"damage":20,"enemies":"Gremlin Nob","floor":8,"turns":4},{"damage":10,"enemies":"Lagavulin","floor":10,"turns":8},{"damage":0,"enemies":"downfall:FleeingMerchant","floor":12,"turns":4},{"damage":14,"enemies":"Large Slime","floor":13,"turns":5},{"damage":0,"enemies":"Lots of Slimes","floor":15,"turns":4},{"damage":17,"enemies":"The Guardian","floor":16,"turns":17},{"damage":0,"enemies":"3 Byrds","floor":19,"turns":5},{"damage":0,"enemies":"downfall:FleeingMerchant","floor":22,"turns":4},{"damage":0,"enemies":"Shell Parasite","floor":25,"turns":5},{"damage":7,"enemies":"Colosseum Nobs","floor":26,"turns":6},{"damage":6,"enemies":"Gremlin Leader","floor":28,"turns":9},{"damage":0,"enemies":"downfall:FleeingMerchant","floor":29,"turns":4},{"damage":0,"enemies":"Book of Stabbing","floor":31,"turns":5},{"damage":0,"enemies":"Centurion and Healer","floor":32,"turns":6},{"damage":0,"enemies":"downfall:Ironclad","floor":33,"turns":9},{"damage":0,"enemies":"Orb Walker","floor":36,"turns":4},{"damage":0,"enemies":"3 Darklings","floor":37,"turns":5},{"damage":0,"enemies":"Maw","floor":39,"turns":8},{"damage":0,"enemies":"Reptomancer","floor":40,"turns":6},{"damage":0,"enemies":"Spire Growth","floor":43,"turns":4},{"damage":0,"enemies":"Nemesis","floor":45,"turns":4},{"damage":0,"enemies":"3 Darklings","floor":48,"turns":6},{"damage":6,"enemies":"Transient","floor":49,"turns":5},{"damage":0,"enemies":"downfall:Watcher","floor":50,"turns":5},{"damage":90,"enemies":"downfall:CharBossMerchant","floor":52,"turns":8}],"seed_played":"9023753085689459292","potions_obtained":[{"floor":3,"key":"Strength Potion"},{"floor":4,"key":"EssenceOfSteel"},{"floor":8,"key":"SpeedPotion"},{"floor":13,"key":"LiquidMemories"},{"floor":25,"key":"Swift Potion"},{"floor":31,"key":"SkillPotion"},{"floor":32,"key":"LiquidBronze"},{"floor":37,"key":"Block Potion"},{"floor":45,"key":"Swift Potion"},{"floor":48,"key":"Regen Potion"},{"floor":49,"key":"Energy Potion"}],"is_trial":false,"path_per_floor":["R","M","M","M","$","E","T","E","R","E","R","$","M","T","M","B",null,"R","M","?","?","$","R","T","M","?","?","E","$","R","E","M","B",null,"R","M","M","?","M","E","T","R","M","?","E","$","T","M","M","B",null,"E"],"character_chosen":"HERMIT","items_purchased":["hermit:LowProfile","Oddly Smooth Stone","hermit:Combo","Ornamental Fan","Calipers","hermit:Determination"],"campfire_rested":1,"item_purchase_floors":[5,22,22,29,46,46],"current_hp_per_floor":[68,68,68,68,68,63,63,43,43,40,40,40,26,26,26,9,59,59,59,59,59,59,59,59,59,52,38,32,32,56,56,56,56,74,74,74,74,74,74,74,74,84,84,84,84,84,84,84,78,78,87,0,0],"gold":53,"neow_bonus":"ONE_RARE_RELIC","is_daily":false,"chose_seed":false,"campfire_upgraded":6,"win_rate":0.0,"timestamp":1609936242,"path_taken":["R","M","M","M","?","E","T","E","R","E","R","$","M","?","M","BOSS","R","M","?","?","$","R","T","M","?","?","E","$","R","E","M","BOSS","R","M","M","?","M","E","T","R","M","?","E","$","?","M","M","BOSS","E"],"items_purchased_type":["Card","Relic","Card","Relic","Relic","Card"],"build_version":"2020-12-22","purchased_purges":2,"victory":false,"max_hp_per_floor":[68,68,68,68,68,68,68,68,68,75,75,75,75,75,75,75,75,75,75,75,75,75,75,75,75,75,80,80,80,80,80,80,80,80,80,80,80,80,80,80,80,90,90,90,90,90,90,90,90,90,90,90,90],"card_choices":[{"not_picked":["hermit:HoleUp","hermit:ItchyTrigger"],"picked":"hermit:Dive","floor":2},{"not_picked":["hermit:Showdown","hermit:Quickdraw"],"picked":"hermit:Ricochet","floor":3},{"not_picked":["hermit:Feint","hermit:Vantage"],"picked":"hermit:Misfire","floor":4},{"not_picked":["hermit:Snipe","hermit:Misfire"],"picked":"hermit:BigShot","floor":5},{"not_picked":["hermit:Misfire","hermit:Glare","hermit:Showdown"],"picked":"SKIP","floor":6},{"not_picked":["hermit:PistolWhip","hermit:Manifest"],"picked":"hermit:FlashPowder","floor":8},{"not_picked":["hermit:Midnight","hermit:CursedWeapon"],"picked":"hermit:Roughhouse","floor":10},{"not_picked":["hermit:Vantage","hermit:TakeAim"],"picked":"hermit:Cheat","floor":12},{"not_picked":["hermit:TrackingShot","hermit:CalledShot"],"picked":"hermit:Headshot","floor":13},{"not_picked":["hermit:Misfire","hermit:HoleUp"],"picked":"hermit:TakeAim","floor":15},{"not_picked":["hermit:Magnum","hermit:Purgatory"],"picked":"hermit:RoundhouseKick","floor":16},{"not_picked":["hermit:HighCaliber"],"picked":"SKIP","floor":19},{"not_picked":[],"picked":"hermit:HoleUp+1","floor":22},{"not_picked":["hermit:Ricochet+1"],"picked":"SKIP","floor":25},{"not_picked":["hermit:BodyArmor"],"picked":"SKIP","floor":28},{"not_picked":["hermit:Enervate"],"picked":"SKIP","floor":29},{"not_picked":["hermit:Enervate+1"],"picked":"SKIP","floor":31},{"not_picked":["hermit:Misfire"],"picked":"SKIP","floor":32},{"not_picked":[],"picked":"hermit:FatalDesire","floor":33},{"not_picked":["hermit:Feint"],"picked":"SKIP","floor":36},{"not_picked":["hermit:Dive"],"picked":"SKIP","floor":37},{"not_picked":["hermit:CursedWeapon+1"],"picked":"SKIP","floor":39},{"not_picked":["hermit:Spite"],"picked":"SKIP","floor":40},{"not_picked":[],"picked":"hermit:Deadeye+1","floor":43},{"not_picked":["hermit:Malice+1"],"picked":"SKIP","floor":45},{"not_picked":[],"picked":"hermit:EyeOfTheStorm","floor":48},{"not_picked":["hermit:Quickdraw"],"picked":"SKIP","floor":49}],"player_experience":2393815,"relics_obtained":[{"floor":6,"key":"Vajra"},{"floor":7,"key":"Art of War"},{"floor":8,"key":"Juzu Bracelet"},{"floor":10,"key":"Strawberry"},{"floor":14,"key":"Gambling Chip"},{"floor":24,"key":"Centennial Puzzle"},{"floor":26,"key":"Unceasing Top"},{"floor":26,"key":"Matryoshka"},{"floor":28,"key":"HornCleat"},{"floor":31,"key":"Ancient Tea Set"},{"floor":40,"key":"Pocketwatch"},{"floor":41,"key":"Bag of Preparation"},{"floor":47,"key":"Omamori"},{"floor":47,"key":"hexamod:BolsterEngine"}],"event_choices":[{"damage_healed":0,"gold_gain":0,"player_choice":"Simplicity","damage_taken":0,"max_hp_gain":0,"max_hp_loss":0,"event_name":"Back to Basics","floor":20,"gold_loss":0,"cards_upgraded":["hermit:Strike_Hermit","hermit:Strike_Hermit","hermit:Strike_Hermit","hermit:Defend_Hermit","hermit:Defend_Hermit","hermit:Defend_Hermit","hermit:Defend_Hermit"]},{"damage_healed":0,"gold_gain":0,"player_choice":"Ignored","damage_taken":0,"max_hp_gain":0,"max_hp_loss":0,"event_name":"Transmorgrifier","floor":38,"gold_loss":0},{"damage_healed":0,"gold_gain":0,"player_choice":"Rummage","damage_taken":0,"relics_obtained":["WarpedTongs"],"max_hp_gain":0,"max_hp_loss":0,"event_name":"Accursed Blacksmith","floor":44,"gold_loss":0,"cards_obtained":["Pain"]}],"is_beta":false,"boss_relics":[{"not_picked":["Black Star","Coffee Dripper"],"picked":"Busted Crown"},{"not_picked":["Tiny House","Astrolabe"],"picked":"Philosopher\u0027s Stone"}],"items_purged_floors":[5,29],"is_endless":false,"potions_floor_spawned":[3,4,8,13,25,26,31,32,37,45,48,49],"killed_by":"downfall:CharBossMerchant","ascension_level":10}}