{"host":"txhhdwa0hqfs4jhb","time":1609965333,"event":{"mods":["AchievementEnabler","BaseMod","Better Third Choice","Filter the Spire","Minty Spire (QoL Compilation)","Relic Stats","StSLib","Thieving Mod"],"gold_per_floor":[119,44,57,20,38,38,68,68,147,178,178,191,2,12,12,111,111,125,20,20,20,37,67,85,85,85,16,33,45,45,69,81,192,254,281,1292,908,908,918,950,950,962,989,1007,1007,1038,1038,498,498,498],"floor_reached":51,"playtime":1699,"items_purged":["Defend_G","Strike_G","Normality"],"score":1328,"play_id":"4db6142b-117f-4606-b3ca-2e718303aa91","local_time":"20210106203533","is_ascension_mode":true,"campfire_choices":[{"data":"Cloak And Dagger","floor":6,"key":"SMITH"},{"data":"Cloak And Dagger","floor":15,"key":"SMITH"},{"data":"Panacea","floor":25,"key":"SMITH"},{"floor":32,"key":"REST"},{"data":"A Thousand Cuts","floor":41,"key":"SMITH"},{"data":"A Thousand Cuts","floor":45,"key":"SMITH"},{"data":"Malaise","floor":49,"key":"SMITH"}],"circlet_count":0,"master_deck":["AscendersBane","Strike_G+1","Strike_G","Strike_G","Defend_G","Defend_G+1","Defend_G+1","Defend_G","Survivor","Neutralize","Sucker Punch","Glass Knife","Cloak And Dagger+1","Finisher","Caltrops","Footwork","Burning Pact","Endless Agony","Backstab","Good Instincts","Cloak And Dagger+1","A Thousand Cuts+1","PiercingWail","Leg Sweep","Panacea+1","Slice","Cloak And Dagger","Dodge and Roll+1","Malaise+1","Dash","Endless Agony","Blade Dance+1","Shame","Blade Dance","Venomology","Skewer+1","Normality","A Thousand Cuts+1","Quick Slash+1","Footwork+1","Dagger Spray+1","Venomology","Slice","Backstab","Swift Strike","Distraction","Caltrops","Deflect"],"relics":["WristBlade","betterThird:SlimedRelic","Potion Belt","Tiny Chest","Gremlin Horn","Shuriken","Paper Crane","Lantern","Philosopher\u0027s Stone","Membership Card","PreservedInsect","Bottled Lightning","MutagenicStrength","Smiling Mask","HornCleat","ClockworkSouvenir","Kunai","MawBank","Tiny House","Chemical X","Anchor","Blue Candle","Bottled Tornado","Ginger","War Paint","Question Card","Sling","Turnip","InkBottle"],"acts_visited":["Exordium","TheCity","TheBeyond"],"potions_floor_usage":[10,13,16,18,22,22,22,33,33,33,42,44,44,50,50,50,50,50,50,50],"damage_taken":[{"damage":4.0,"enemies":"2 Louse","floor":1.0,"turns":3.0},{"damage":3,"enemies":"Small Slimes","floor":3,"turns":2},{"damage":0,"enemies":"Cultist","floor":5,"turns":4},{"damage":28,"enemies":"Lagavulin","floor":7,"turns":8},{"damage":0,"enemies":"Gremlin Nob","floor":10,"turns":3},{"damage":3,"enemies":"Red Slaver","floor":12,"turns":2},{"damage":0,"enemies":"Gremlin Gang","floor":14,"turns":2},{"damage":6,"enemies":"The Guardian","floor":16,"turns":9},{"damage":1,"enemies":"2 Thieves","floor":18,"turns":2},{"damage":3,"enemies":"3 Byrds","floor":22,"turns":3},{"damage":22,"enemies":"Gremlin Leader","floor":23,"turns":3},{"damage":10,"enemies":"Snecko","floor":24,"turns":6},{"damage":0,"enemies":"3 Cultists","floor":28,"turns":5},{"damage":13,"enemies":"Centurion and Healer","floor":29,"turns":2},{"damage":0,"enemies":"Cultist and Chosen","floor":31,"turns":5},{"damage":0,"enemies":"Champ","floor":33,"turns":6},{"damage":0,"enemies":"3 Shapes","floor":35,"turns":2},{"damage":0,"enemies":"Orb Walker","floor":39,"turns":2},{"damage":9,"enemies":"Reptomancer","floor":40,"turns":4},{"damage":25,"enemies":"Writhing Mass","floor":42,"turns":5},{"damage":1,"enemies":"4 Shapes","floor":44,"turns":2},{"damage":1,"enemies":"Nemesis","floor":46,"turns":4},{"damage":70,"enemies":"Time Eater","floor":50,"turns":11}],"seed_played":"-2107415607217612944","potions_obtained":[{"floor":7,"key":"FearPotion"},{"floor":10,"key":"DuplicationPotion"},{"floor":12,"key":"Regen Potion"},{"floor":16,"key":"Swift Potion"},{"floor":18,"key":"FearPotion"},{"floor":29,"key":"SpeedPotion"},{"floor":31,"key":"DistilledChaos"},{"floor":33,"key":"FearPotion"},{"floor":34,"key":"CultistPotion"},{"floor":39,"key":"FearPotion"},{"floor":42,"key":"Strength Potion"},{"floor":44,"key":"GamblersBrew"}],"is_trial":false,"path_per_floor":["M","$","M","?","M","R","E","?","T","E","?","M","$","M","R","B",null,"M","$","T","?","M","E","M","R","T","$","M","M","?","M","R","B",null,"M","?","$","T","M","E","R","M","T","M","R","E","?","$","R","B",null],"character_chosen":"THE_SILENT","items_purchased":["EntropicBrew","Good Instincts","Leg Sweep","Panacea","Slice","Dash","Chemical X","Anchor","Blue Candle","A Thousand Cuts","Sling","Turnip","InkBottle","Backstab","PowerPotion","Swift Strike","Distraction","Caltrops","Deflect"],"campfire_rested":1,"item_purchase_floors":[13,13,19,19,19,27,37,37,37,37,48,48,48,48,48,48,48,48,48],"current_hp_per_floor":[59,59,56,45,45,45,17,12,12,12,12,9,9,9,9,18,57,56,56,56,56,53,31,21,21,21,21,21,8,8,8,29,29,65,65,65,65,65,65,56,56,31,31,30,30,29,66,66,66,5],"gold":498,"neow_bonus":"BOSS_RELIC","is_daily":false,"chose_seed":false,"campfire_upgraded":6,"win_rate":0.0,"timestamp":1609965333,"path_taken":["M","$","M","?","M","R","E","?","T","E","?","?","?","M","R","BOSS","M","$","?","?","M","E","M","R","T","$","M","M","?","M","R","BOSS","M","?","$","?","M","E","R","?","T","?","R","E","?","$","R","BOSS"],"items_purchased_type":["Potion","Card","Card","Card","Card","Card","Relic","Relic","Relic","Card","Relic","Relic","Relic","Card","Potion","Card","Card","Card","Card"],"build_version":"2020-12-22","purchased_purges":3,"victory":true,"max_hp_per_floor":[70,70,70,70,70,70,70,70,70,70,70,70,70,70,70,70,70,70,70,70,70,70,70,70,70,70,70,70,70,70,70,70,70,75,75,75,75,75,75,75,75,75,75,75,75,75,66,66,66,66],"relic_stats":{"Gremlin Horn":[23,20],"counters":[23,95],"Blue Candle":[6],"PreservedInsect":157,"Ginger":[7],"War Paint":["Defend_G","Defend_G"],"Smiling Mask":13,"MawBank":84,"Question Card":0,"Shuriken":[43],"Tiny Chest":2,"Turnip":[0],"Kunai":[29],"Chemical X":[7],"obtain_stats":[{"Lantern":13,"Tiny House":34,"Gremlin Horn":9,"Ginger":40,"Bottled Tornado":38,"Smiling Mask":23,"Sling":48,"ClockworkSouvenir":27,"HornCleat":26,"WristBlade":0,"Tiny Chest":8,"Philosopher\u0027s Stone":17,"Kunai":27,"Chemical X":37,"InkBottle":48,"Ring of the Snake":0,"Potion Belt":7,"Blue Candle":37,"PreservedInsect":19,"Paper Crane":13,"War Paint":43,"MawBank":30,"Question Card":46,"Anchor":37,"Shuriken":10,"betterThird:SlimedRelic":4,"MutagenicStrength":21,"Turnip":48,"Membership Card":19,"Bottled Lightning":20},{"Lantern":6,"Tiny House":16,"Gremlin Horn":4,"Ginger":19,"Bottled Tornado":17,"Smiling Mask":11,"Sling":22,"ClockworkSouvenir":12,"HornCleat":12,"WristBlade":0,"Tiny Chest":4,"Philosopher\u0027s Stone":8,"Kunai":12,"Chemical X":17,"InkBottle":22,"Ring of the Snake":0,"Potion Belt":4,"Blue Candle":17,"PreservedInsect":9,"Paper Crane":6,"War Paint":20,"MawBank":14,"Question Card":22,"Anchor":17,"Shuriken":5,"betterThird:SlimedRelic":2,"MutagenicStrength":9,"Turnip":22,"Membership Card":9,"Bottled Lightning":9},{"Lantern":22,"Tiny House":65,"Gremlin Horn":17,"Ginger":73,"Bottled Tornado":67,"Smiling Mask":41,"Sling":84,"ClockworkSouvenir":47,"HornCleat":47,"WristBlade":0,"Tiny Chest":17,"Philosopher\u0027s Stone":33,"Kunai":47,"Chemical X":67,"InkBottle":84,"Ring of the Snake":0,"Potion Belt":17,"Blue Candle":67,"PreservedInsect":35,"Paper Crane":22,"War Paint":78,"MawBank":54,"Question Card":84,"Anchor":67,"Shuriken":20,"betterThird:SlimedRelic":5,"MutagenicStrength":35,"Turnip":84,"Membership Card":35,"Bottled Lightning":35}],"InkBottle":[4]},"card_choices":[{"not_picked":["Backflip","Acrobatics"],"picked":"Sucker Punch","floor":1.0},{"not_picked":["Escape Plan","Dagger Throw"],"picked":"Finisher","floor":3},{"not_picked":["Quick Slash","Sucker Punch"],"picked":"Caltrops","floor":5},{"not_picked":["Underhanded Strike","Flying Knee"],"picked":"Footwork","floor":7},{"not_picked":["Heel Hook","Setup"],"picked":"Endless Agony","floor":10},{"not_picked":["Backflip","Acrobatics"],"picked":"Backstab","floor":12},{"not_picked":["Terror","Flying Knee"],"picked":"Cloak And Dagger","floor":14},{"not_picked":["Grand Finale","Tools of the Trade"],"picked":"A Thousand Cuts","floor":16},{"not_picked":["Flying Knee+1","Reflex"],"picked":"PiercingWail","floor":18},{"not_picked":["Terror","Footwork"],"picked":"Cloak And Dagger","floor":22},{"not_picked":["Blur","Quick Slash"],"picked":"Dodge and Roll+1","floor":23},{"not_picked":["Bouncing Flask","Backstab"],"picked":"Malaise","floor":24},{"not_picked":["Dagger Throw","Poisoned Stab+1"],"picked":"Endless Agony","floor":28},{"not_picked":["Setup","Reflex+1"],"picked":"Blade Dance+1","floor":29},{"not_picked":["Skewer","Unload"],"picked":"Blade Dance","floor":31},{"not_picked":["Burst","Envenom"],"picked":"Venomology","floor":33},{"not_picked":["Expertise+1","Deadly Poison"],"picked":"Skewer+1","floor":35},{"not_picked":["Footwork","Infinite Blades"],"picked":"Quick Slash+1","floor":39},{"not_picked":["Bouncing Flask","Calculated Gamble"],"picked":"Footwork+1","floor":40},{"not_picked":["Deflect","Prepared"],"picked":"Dagger Spray+1","floor":42},{"not_picked":["Underhanded Strike","Sucker Punch+1"],"picked":"Venomology","floor":44},{"not_picked":["Poisoned Stab","Dodge and Roll"],"picked":"Slice","floor":46}],"player_experience":209973,"relics_obtained":[{"floor":7,"key":"Potion Belt"},{"floor":9,"key":"Gremlin Horn"},{"floor":10,"key":"Shuriken"},{"floor":20,"key":"Bottled Lightning"},{"floor":23,"key":"Smiling Mask"},{"floor":26,"key":"HornCleat"},{"floor":38,"key":"Bottled Tornado"},{"floor":40,"key":"Ginger"},{"floor":43,"key":"War Paint"},{"floor":46,"key":"Question Card"}],"event_choices":[{"damage_healed":0,"gold_gain":0,"player_choice":"Slimed","damage_taken":11,"max_hp_gain":0,"max_hp_loss":0,"event_name":"betterThird:BetterGoop","floor":4,"gold_loss":37},{"cards_removed":["Strike_G"],"damage_healed":0,"gold_gain":0,"player_choice":"Purged","damage_taken":0,"max_hp_gain":0,"max_hp_loss":0,"event_name":"Purifier","floor":11,"gold_loss":0},{"damage_healed":0,"gold_gain":0,"player_choice":"Inject Mutagens","damage_taken":0,"relics_obtained":["MutagenicStrength"],"max_hp_gain":0,"max_hp_loss":0,"event_name":"Drug Dealer","floor":21,"gold_loss":0},{"damage_healed":0,"gold_gain":0,"player_choice":"Stole Relic","damage_taken":0,"relics_obtained":["MawBank"],"max_hp_gain":0,"max_hp_loss":0,"event_name":"Addict","floor":30,"gold_loss":0,"cards_obtained":["Shame"]},{"damage_healed":0,"gold_gain":999,"player_choice":"Gold","damage_taken":0,"max_hp_gain":0,"max_hp_loss":0,"event_name":"MindBloom","floor":36,"gold_loss":0,"cards_obtained":["Normality","Normality"]},{"damage_healed":66,"gold_gain":0,"player_choice":"Heal","damage_taken":0,"max_hp_gain":0,"max_hp_loss":9,"event_name":"The Moai Head","floor":47,"gold_loss":0}],"is_beta":false,"boss_relics":[{"not_picked":["Runic Dome","Busted Crown"],"picked":"Philosopher\u0027s Stone"},{"not_picked":["HoveringKite","Empty Cage"],"picked":"Tiny House"}],"items_purged_floors":[2,27,37],"is_endless":false,"potions_floor_spawned":[7,10,12,16,18,29,31,33,39,42,44,46],"ascension_level":10}}