{"host":"9qgbal69wq5palas","time":1609904761,"event":{"mods":["2.2 Compatiblity","Abigail Mod","AchievementEnabler","Act Like it!","Aspiration","Astrologer","Bartender","BaseMod","Better Altar","Better Note","Better Skull","Better Third Choice","Colored Powertips","Hallownest","Hermit","Highlight Path","Hubris","Infinite Spire","Jorbs\u0027s Wanderer Trilogy","Koishi","Lobotomy","Minty Spire (QoL Compilation)","Potionbrewer","Quick Restart","Random Character Button","Replay The Spire","Shade Mod","Shop Mod","Spicy Shops","StSLib","The Animator","The Bug Knight","The Cursed","The Disciple","The Exalted","The Hierophant","The Necromancer","The Servant 0.9.4","Wandering Minibosses"],"gold_per_floor":[115,127,109,119,82,109,109,160,185,212,231,277,277,322,322,436,436,514,514,514,77,98,98,141,141,141,164,249,267,117,157,157,346,396,492,544,44,0,26,26,54,102,127,164,226,251,80,91,91,299,299,331,331,281,35,66,101,101,137,160,160,190,202,74,113,113,105,105,120,149,149,149,149,199,231,284,284,11,36,72,164,164,164,305,305,366,440,440,517,517,517,660,660,660,774,859,909,962,17,17,277,277,305,344,24,68,94,150,175,217,217,342,400,275,298,298,348,545,545,705,772,449,549,624,747,816,816,894,894,297,272,378,441,441,494,494],"floor_reached":135,"playtime":8249,"items_purged":["SpecialBullet","SpecialBullet","SpecialBullet","DaCapo","Penitence","Wingbeat","Discord","BlackArmy"],"score":4086,"play_id":"ecfecb08-4635-49c7-a244-6800228ae15d","local_time":"20210106044601","is_ascension_mode":true,"campfire_choices":[{"floor":25.0,"key":"RECALL"},{"data":"GoldRush","floor":66.0,"key":"SMITH"},{"data":"Replay:BasicMightCard","floor":93.0,"key":"SMITH"},{"data":"infinitespire:UltimateForm","floor":100.0,"key":"SMITH"},{"data":"ShedSkin","floor":129,"key":"SMITH"},{"data":"hubris:InfiniteBlow+137","floor":134,"key":"SMITH"}],"circlet_count":0,"master_deck":["ControlCode","SecurityCode","InformationCode","OSAHOGD","Scorched","Horn","BloodyDesire","GoldRush+1","Moonlight","Lamp+20","Adoration","ShedSkin+1","Replay:BasicMightCard+1","TT2Protocol","OldLady","ExtractionCode","ScreamingWedge+1","GrinderMk4","Freischutz","Logging+1","SummonCall","Twilight","LaLuna","CENSORED_ego","CUTE","WallGazer","LongBird","Penitence+1","RecordCode","SomewhereSpear+1","RedShoes","QueenOfHatred","WristCuter","GreenStem+1","Mimicry","GreedKing","Reverberation","Ecstasy","NothingThere","CENSORED","Spore","infinitespire:UltimateForm+1","Lamp+3","Lamp+4","ShedSkin+1","WristCuter+1","Amita+1","GoldRush+1","hubris:InfiniteBlow+138","SoundOfStar+1","Soda+1","ParadiseLost+1","Diffraction+1","WelfareCode","BlueStar","DaCapo+1","GoldRush+1","Ecstasy+1","Madness+1","Madness+1","Pinks+1","DaCapo+1","SoundOfStar+1","DaCapo+1","Twilight+1","Lamp+1","Regret_ego+1","ParadiseLost+1","DaCapo+1","BlackSwan_ego+1","DisciplinaryCode"],"relics":["RabbitCall","betterThird:SlimedRelic","Replay:Bandana","aspiration:HummingbirdHeart","Replay:Rubber Ducky","Eternal Feather","Replay:Drink Me","wanderingMiniBosses:ThiefScarf","CogitoBucket","hubris:EmptyBottle","Garlic","hubris:MobiusCoin","ChangeAnything","Bromod:ArcaneConsequence","Potion Belt","infinitespire:EvilPickle","Philosopher\u0027s Stone","hubris:SphereOfDissonance","LuminousBracelet","Bag of Marbles","Chemical X","Red Mask","hubris:Towel","Lantern","Shuriken","AtMidnight","AspirationHeart","hubris:GlazedTorus","MerchantsRug","Bromod:ArcaneNullifier","Strange Spoon","BehaviorAdjustment","SlaversCollar","HandDrill","Blood Vial","Pen Nib","aspiration:ChemicalBlood","hubris:Icosahedron","Vajra","Calling Bell","Replay:Wax Seal","White_Cape","Choco_Feather","aspiration:RitualStick","aspiration:Lifesprig","Pondfish Scales","infinitespire:WardingShard","ReplayFunnel","Replay:Bottled Snecko","hubris:SlimyHat","Turnip","hubris:RunicObelisk","Ring of Hypnosis","ReplayTheSpireMod:Ring of Exchange","Tiny Chest","Boot","Oddly Smooth Stone","Replay:Mystery Machine","Bromod:ArcaneGrace","Busted Crown","Juzu Bracelet","ClockworkSouvenir","Bag of Preparation","Whetstone","WingedGreaves","Replay:Baseball","Ancient Tea Set","infinitespire:Bottled Soul","potionbrewer:BhaskarasWheel","ReplayTheSpireMod:Ninjato","infinitespire:BottledMercury","Meat on the Bone","potionbrewer:Keyblade","hubris:CuriousFeather","Onion Ring"],"acts_visited":["Exordium","TheCity","TheBeyond","Exordium","TheCity","TheBeyond","Exordium","Exordium"],"potions_floor_usage":[],"damage_taken":[{"damage":6.0,"enemies":"2 Louse","floor":1.0,"turns":3.0},{"damage":12.0,"enemies":"Jaw Worm","floor":2.0,"turns":2.0},{"damage":5.0,"enemies":"Cultist","floor":3.0,"turns":5.0},{"damage":24.0,"enemies":"Large Slime","floor":4.0,"turns":4.0},{"damage":14.0,"enemies":"3 Sentries","floor":6.0,"turns":3.0},{"damage":14.0,"enemies":"Lagavulin","floor":8.0,"turns":3.0},{"damage":3.0,"enemies":"2 Fungi Beasts","floor":10.0,"turns":2.0},{"damage":0.0,"enemies":"3 Louse","floor":11.0,"turns":1.0},{"damage":5.0,"enemies":"3 Sentries","floor":12.0,"turns":2.0},{"damage":7.0,"enemies":"Lagavulin","floor":14.0,"turns":4.0},{"damage":45.0,"enemies":"The Guardian","floor":16.0,"turns":8.0},{"damage":13.0,"enemies":"2 Thieves","floor":18.0,"turns":4.0},{"damage":6.0,"enemies":"Spheric Guardian","floor":22.0,"turns":4.0},{"damage":3.0,"enemies":"Slavers","floor":24.0,"turns":2.0},{"damage":10.0,"enemies":"Centurion and Healer","floor":27.0,"turns":2.0},{"damage":15.0,"enemies":"Gremlin Leader","floor":28.0,"turns":4.0},{"damage":0.0,"enemies":"Snake Plant","floor":29.0,"turns":3.0},{"damage":0.0,"enemies":"Sentry and Sphere","floor":31.0,"turns":1.0},{"damage":26.0,"enemies":"Pondfish","floor":33.0,"turns":8.0},{"damage":28.0,"enemies":"3 Shapes","floor":35.0,"turns":4.0},{"damage":0.0,"enemies":"3 Darklings","floor":36.0,"turns":1.0},{"damage":0.0,"enemies":"Jaw Worm Horde","floor":39.0,"turns":3.0},{"damage":0.0,"enemies":"Sphere and 2 Shapes","floor":41.0,"turns":1.0},{"damage":11.0,"enemies":"Reptomancer","floor":42.0,"turns":6.0},{"damage":36.0,"enemies":"Transient","floor":44.0,"turns":17.0},{"damage":7.0,"enemies":"Nightmare","floor":45.0,"turns":4.0},{"damage":0.0,"enemies":"Jaw Worm Horde","floor":48.0,"turns":1.0},{"damage":57.0,"enemies":"hubris:GrandSnecko","floor":50.0,"turns":7.0},{"damage":0.0,"enemies":"2 Louse","floor":52.0,"turns":1.0},{"damage":0.0,"enemies":"Small Slimes","floor":56.0,"turns":1.0},{"damage":0.0,"enemies":"Lagavulin","floor":57.0,"turns":3.0},{"damage":0.0,"enemies":"Gremlin Nob","floor":59.0,"turns":2.0},{"damage":35.0,"enemies":"Nightmare","floor":62.0,"turns":5.0},{"damage":35.0,"enemies":"Cultist","floor":63.0,"turns":2.0},{"damage":6.0,"enemies":"Gremlin Nob","floor":65.0,"turns":2.0},{"damage":25.0,"enemies":"Fading Forest","floor":67.0,"turns":6.0},{"damage":4.0,"enemies":"3 Byrds","floor":69.0,"turns":2.0},{"damage":0.0,"enemies":"2 Thieves","floor":70.0,"turns":1.0},{"damage":40.0,"enemies":"Slavers","floor":74.0,"turns":2.0},{"damage":17.0,"enemies":"Shelled Parasite and Fungi","floor":75.0,"turns":2.0},{"damage":2.0,"enemies":"Gremlin Leader","floor":76.0,"turns":1.0},{"damage":1.0,"enemies":"Centurion and Healer","floor":79.0,"turns":2.0},{"damage":0.0,"enemies":"Book of Stabbing","floor":80.0,"turns":1.0},{"damage":28.0,"enemies":"infinitespire:LordOfFortification","floor":84.0,"turns":20.0},{"damage":2.0,"enemies":"Orb Walker","floor":86.0,"turns":1.0},{"damage":6.0,"enemies":"3 Shapes","floor":87.0,"turns":1.0},{"damage":0.0,"enemies":"3 Darklings","floor":89.0,"turns":2.0},{"damage":2.0,"enemies":"R_Hoarder","floor":92.0,"turns":2.0},{"damage":0.0,"enemies":"Maw","floor":95.0,"turns":3.0},{"damage":9.0,"enemies":"Giant Head","floor":96.0,"turns":2.0},{"damage":23.0,"enemies":"infinitespire:LordOfFortification","floor":101.0,"turns":4.0},{"damage":0.0,"enemies":"Small Slimes","floor":103.0,"turns":1.0},{"damage":0.0,"enemies":"2 Louse","floor":104.0,"turns":1.0},{"damage":0.0,"enemies":"Cultist","floor":106.0,"turns":1.0},{"damage":2.0,"enemies":"3 Louse","floor":107.0,"turns":1.0},{"damage":0.0,"enemies":"Replay:BlueRogue","floor":108.0,"turns":1.0},{"damage":5.0,"enemies":"Lagavulin","floor":110.0,"turns":2.0},{"damage":0.0,"enemies":"Gremlin Nob","floor":112.0,"turns":1.0},{"damage":0.0,"enemies":"Lagavulin","floor":113.0,"turns":1.0},{"damage":5.0,"enemies":"infinitespire:LordOfFortification","floor":118.0,"turns":4.0},{"damage":0,"enemies":"Small Slimes","floor":120,"turns":1},{"damage":2,"enemies":"Cultist","floor":121,"turns":1},{"damage":0,"enemies":"2 Louse","floor":124,"turns":1},{"damage":0,"enemies":"3 Sentries","floor":125,"turns":1},{"damage":1,"enemies":"Gremlin Gang","floor":126,"turns":1},{"damage":30,"enemies":"Lagavulin","floor":132,"turns":1},{"damage":0,"enemies":"Gremlin Nob","floor":133,"turns":1},{"damage":285,"enemies":"infinitespire:LordOfFortification","floor":135,"turns":5}],"seed_played":"2660795402769349477","potions_obtained":[{"floor":3.0,"key":"SkillPotion"},{"floor":4.0,"key":"potionbrewer:DiscountPotion"},{"floor":11.0,"key":"Milkshake"},{"floor":22.0,"key":"Energy Potion"},{"floor":52.0,"key":"Strength Potion"},{"floor":63.0,"key":"Fire Potion"},{"floor":67.0,"key":"EntropicBrew"},{"floor":75.0,"key":"LifebloodPotion"},{"floor":84.0,"key":"SmokeBomb"},{"floor":89.0,"key":"Elixir"},{"floor":95.0,"key":"DistilledChaos"},{"floor":103.0,"key":"Adrenaline Potion"},{"floor":103.0,"key":"DuplicationPotion"},{"floor":107.0,"key":"potionbrewer:HastePotion"}],"is_trial":false,"path_per_floor":["M","M","M","M","?","E","R","E","T","M","M","E","R","E","R","B",null,"M","AVR","?","$","M","R","E","R","T","M","E","M","$","M","R","B",null,"M","M","$","?","M","?","M","E","T","M","NM","T","$","M","R","B",null,"M","?","?","$","M","E","R","E","T","?","NM","M","$","E","R","B",null,"M","M","?","?","?","E","M","E","T","$","M","E","?","T","R","B",null,"M","M","?","M","?","R","E","R","T","M","E","?","T","$","R","B",null,"M","M","$","M","M","E","?","E","T","E","E","$","T","T","R","B",null,"M","M","$","?","M","E","M","R","T","R","$","?","E","E","R","B"],"character_chosen":"Angela","items_purchased":["Replay:BasicMightCard","PowerPotion","Potion Belt","Bag of Marbles","Chemical X","potionbrewer:ToxicPotion","EssenceOfSteel","LiquidBronze","Regal Pillow","MerchantsRug","WristCuter","Bromod:ArcaneNullifier","Ecstasy","HandDrill","Regen Potion","potionbrewer:HastePotion","ReplayFunnel","Replay:Bottled Snecko","Bromod:ArcaneGrace","Juzu Bracelet","ClockworkSouvenir","potionbrewer:EndurancePotion","ReplayTheSpireMod:Ninjato","BlackSwan_ego+1","potionbrewer:Keyblade","LifebloodPotion"],"campfire_rested":0,"item_purchase_floors":[21,21,30,37,37,37,37,37,47,47,47,47,55,55,55,64,78,78,99,105,105,105,122,122,130,130],"current_hp_per_floor":[70,66,70,57,46,46,46,46,46,57,70,70,70,70,70,39,53,53,53,53,53,57,57,57,57,57,57,60,61,61,61,61,53,65,66,84,84,84,88,88,88,88,88,89,101,101,101,106,106,96,106,110,110,110,110,114,108,108,112,112,112,112,112,112,112,112,112,112,112,112,84,94,82,112,112,112,112,112,112,112,84,94,112,112,112,112,112,115,115,115,230,234,234,234,234,234,205,215,225,234,234,234,234,234,234,234,234,234,234,234,234,234,234,234,234,234,234,234,234,234,234,234,234,234,234,234,234,234,234,234,234,234,234,234,0,0],"gold":494,"neow_bonus":"REMOVE_CARD","is_daily":false,"chose_seed":false,"campfire_upgraded":5,"win_rate":0.0,"timestamp":1609904761,"path_taken":["M","M","M","M","?","E","R","E","T","M","M","E","R","E","R","BOSS","M","AVR","?","?","M","R","E","R","T","M","E","M","$","M","R","BOSS","M","M","$","?","M","?","M","E","T","M","NM","?","?","?","R","BOSS","M","?","?","$","M","E","R","E","T","?","NM","M","$","E","R","BOSS","M","M","?","?","?","E","M","E","T","$","M","E","?","?","R","BOSS","M","M","?","M","?","R","E","R","T","M","E","?","?","$","R","BOSS","M","M","$","M","M","E","?","E","T","E","E","$","?","?","R","BOSS","M","M","$","?","M","E","M","R","T","R","$","?","E","E","R","BOSS"],"items_purchased_type":["Card","Potion","Relic","Relic","Relic","Potion","Potion","Potion","Relic","Relic","Card","Relic","Card","Relic","Potion","Potion","Relic","Relic","Relic","Relic","Relic","Potion","Relic","Card","Relic","Potion"],"build_version":"2020-12-22","purchased_purges":8,"victory":false,"max_hp_per_floor":[70,70,70,70,70,70,70,70,70,70,70,70,70,70,70,70,53,53,53,53,53,57,57,57,57,57,57,61,61,61,61,61,65,65,80,84,84,84,88,88,88,88,88,102,106,106,106,106,106,106,106,110,110,110,110,114,108,108,112,112,112,112,112,112,112,112,112,112,112,112,112,112,112,112,112,112,112,112,112,112,112,112,112,112,112,112,112,115,115,115,230,234,234,234,234,234,234,234,234,234,234,234,234,234,234,234,234,234,234,234,234,234,234,234,234,234,234,234,234,234,234,234,234,234,234,234,234,234,234,234,234,234,234,234,234,234],"card_choices":[{"not_picked":["BeautyBeast","Murderer"],"picked":"OSAHOGD","floor":1.0},{"not_picked":["Regret_ego","CUTE"],"picked":"SKIP","floor":1.0},{"not_picked":["MeatLantern","ShyLook"],"picked":"Scorched","floor":2.0},{"not_picked":["InTheNameOfLoveAndHate"],"picked":"Horn","floor":2.0},{"not_picked":["SolemnVow","Regret_ego"],"picked":"SKIP","floor":3.0},{"not_picked":["Beak"],"picked":"BloodyDesire","floor":4.0},{"not_picked":["BloodyDesire"],"picked":"GoldRush","floor":6.0},{"not_picked":["TheSmile"],"picked":"Noise","floor":8.0},{"not_picked":["Reverberation"],"picked":"Moonlight","floor":10.0},{"not_picked":["Christmas","Lantern"],"picked":"SKIP","floor":11.0},{"not_picked":["CUTE"],"picked":"SomewhereSpear","floor":12.0},{"not_picked":["CherryBlossom"],"picked":"Lamp","floor":14.0},{"not_picked":["Pinks"],"picked":"Adoration","floor":16.0},{"not_picked":["FourthMatchFlame+1"],"picked":"ShedSkin","floor":18.0},{"not_picked":["BeautyBeast","NothingThere"],"picked":"OldLady","floor":22.0},{"not_picked":["Horn","Pleasure"],"picked":"SKIP","floor":22.0},{"not_picked":["BloodyDesire"],"picked":"ScreamingWedge+1","floor":24.0},{"not_picked":["Pinks","InTheNameOfLoveAndHate+1"],"picked":"SKIP","floor":24.0},{"not_picked":["Harmony"],"picked":"GrinderMk4","floor":27.0},{"not_picked":["FeatherOfHonor+1"],"picked":"Wingbeat","floor":28.0},{"not_picked":["SnowQueen","LaLuna"],"picked":"Freischutz","floor":28.0},{"not_picked":["FeatherOfHonor","CrimsonScar"],"picked":"SKIP","floor":28.0},{"not_picked":["Christmas+1"],"picked":"Logging+1","floor":29.0},{"not_picked":["RedEyes","FourthMatchFlame+1"],"picked":"SKIP","floor":29.0},{"not_picked":["Lantern","FourthMatchFlame+1"],"picked":"SKIP","floor":31.0},{"not_picked":["Laetitia_ego","BloodyDesire"],"picked":"SKIP","floor":31.0},{"not_picked":["CENSORED_ego"],"picked":"Twilight","floor":33.0},{"not_picked":["DespairKnight","CherryBlossoms"],"picked":"LaLuna","floor":33.0},{"not_picked":["TheSmile"],"picked":"CENSORED_ego","floor":33.0},{"not_picked":["Harvest"],"picked":"CUTE","floor":35.0},{"not_picked":["Beak","RedEyes"],"picked":"SKIP","floor":35.0},{"not_picked":["WhiteNight","Porccubus"],"picked":"WallGazer","floor":36.0},{"not_picked":["SomewhereSpear+1"],"picked":"Discord","floor":36.0},{"not_picked":["Harmony","CherryBlossom+1"],"picked":"SKIP","floor":36.0},{"not_picked":["Rudolta","FairyFestival"],"picked":"LongBird","floor":39.0},{"not_picked":["Galaxy"],"picked":"Penitence","floor":39.0},{"not_picked":["Hypocrisy+1"],"picked":"Penitence+1","floor":39.0},{"not_picked":["RedEyes+1","Loneliness+1"],"picked":"SKIP","floor":41.0},{"not_picked":["Christmas"],"picked":"SomewhereSpear+1","floor":42.0},{"not_picked":["MagicBullet","Regret_ego+1"],"picked":"SKIP","floor":42.0},{"not_picked":["MagicBullet","Regret_ego+1"],"picked":"SKIP","floor":42.0},{"not_picked":["WhiteNight","FieryBird"],"picked":"RedShoes","floor":44.0},{"not_picked":["Christmas","Lantern"],"picked":"SKIP","floor":44.0},{"not_picked":["SolemnVow+1","Regret_ego"],"picked":"SKIP","floor":44.0},{"not_picked":["FieryBird","SnowQueen"],"picked":"QueenOfHatred","floor":45.0},{"not_picked":["RapturousDream","Penitence"],"picked":"SKIP","floor":45.0},{"not_picked":["CherryBlossom","Christmas"],"picked":"SKIP","floor":45.0},{"not_picked":["Harmony"],"picked":"GreenStem+1","floor":48.0},{"not_picked":["Twilight"],"picked":"Mimicry","floor":50.0},{"not_picked":["Mercenary","NakedNest"],"picked":"GreedKing","floor":52.0},{"not_picked":["BlueScar"],"picked":"Reverberation","floor":52.0},{"not_picked":["FieryBird","Alriune"],"picked":"BlackArmy","floor":56.0},{"not_picked":["Christmas","Hornet"],"picked":"SKIP","floor":56.0},{"not_picked":["BlackSwan","Funeral"],"picked":"NothingThere","floor":57.0},{"not_picked":["Gaze","Galaxy"],"picked":"SKIP","floor":57.0},{"not_picked":["MeltingLove","WhitesApple"],"picked":"CENSORED","floor":59.0},{"not_picked":["Lamp","LifeForTheDareDevil"],"picked":"SKIP","floor":59.0},{"not_picked":["Loneliness","FrostShard"],"picked":"SKIP","floor":62.0},{"not_picked":["Harvest","FourthMatchFlame"],"picked":"SKIP","floor":62.0},{"not_picked":["Penitence","GrinderMk4"],"picked":"SKIP","floor":63.0},{"not_picked":["Regret_ego","Wingbeat"],"picked":"SKIP","floor":65.0},{"not_picked":["CENSORED_ego"],"picked":"DaCapo","floor":67.0},{"not_picked":["SoundOfStar"],"picked":"GoldRush","floor":67.0},{"not_picked":["Diffraction"],"picked":"Spore","floor":69.0},{"not_picked":["FrostShard","SomewhereSpear+1"],"picked":"SKIP","floor":69.0},{"not_picked":["Pinks","Loneliness"],"picked":"SKIP","floor":69.0},{"not_picked":["Hypocrisy","Loneliness+1"],"picked":"SKIP","floor":70.0},{"not_picked":["hubris:Rewind","infinitespire:Gouge"],"picked":"infinitespire:UltimateForm","floor":71.0},{"not_picked":["Laetitia_ego","FourthMatchFlame"],"picked":"Lamp+1","floor":74.0},{"not_picked":["WhiteNight","BigBird","Yin"],"picked":"Singing Bowl","floor":75.0},{"not_picked":["Noise","Lantern"],"picked":"Lamp+1","floor":75.0},{"not_picked":["MeltingLove","SilentOrchestra","WhiteNight"],"picked":"Singing Bowl","floor":76.0},{"not_picked":["Harvest","Lantern+1","RapturousDream"],"picked":"SKIP","floor":76.0},{"not_picked":["GalaxyChild","Funeral","Laetitia"],"picked":"Singing Bowl","floor":79.0},{"not_picked":["Loneliness","Regret_ego","Gaze"],"picked":"SKIP","floor":79.0},{"not_picked":["Lantern","SomewhereSpear","RedEyes+1"],"picked":"SKIP","floor":79.0},{"not_picked":["WhitesApple","Alriune","BlueStar"],"picked":"Singing Bowl","floor":80.0},{"not_picked":["SwordSharpenedByTears","BearPaw"],"picked":"ShedSkin","floor":80.0},{"not_picked":["Loneliness","Gaze","Noise+1"],"picked":"SKIP","floor":80.0},{"not_picked":["Horn+1","RapturousDream+1"],"picked":"WristCuter+1","floor":81.0},{"not_picked":["FrostShard+1","BlackSwan_ego+1"],"picked":"Amita+1","floor":81.0},{"not_picked":["Mimicry+1","TheSmile+1"],"picked":"GoldRush+1","floor":84.0},{"not_picked":["BodiesMountain","HappyTeddy","WhiteNight"],"picked":"Singing Bowl","floor":84.0},{"not_picked":["infinitespire:FinalStrike","infinitespire:NeuralNetwork"],"picked":"hubris:InfiniteBlow+68","floor":84.0},{"not_picked":["Adoration+1","GoldRush+1"],"picked":"SoundOfStar+1","floor":84.0},{"not_picked":["Wingbeat+1","SolemnVow+1"],"picked":"Soda+1","floor":86.0},{"not_picked":["WhiteNight","LittlePrince","QueenBee"],"picked":"Singing Bowl","floor":86.0},{"not_picked":["Woodsman","HeroicMonk","WhiteNight"],"picked":"Singing Bowl","floor":87.0},{"not_picked":["WristCuter+1","SwordSharpenedByTears+1"],"picked":"ParadiseLost+1","floor":87.0},{"not_picked":["Penitence+1","CUTE+1","BlueScar+1"],"picked":"SKIP","floor":87.0},{"not_picked":["Penitence+1","CUTE+1","BlueScar+1"],"picked":"SKIP","floor":87.0},{"not_picked":["BlueStar","LittlePrince","HeroicMonk"],"picked":"Singing Bowl","floor":89.0},{"not_picked":["GreenStem+1","Galaxy+1"],"picked":"Diffraction+1","floor":89.0},{"not_picked":["Gaze+1","Noise+1","Pleasure+1"],"picked":"SKIP","floor":89.0},{"not_picked":["Funeral","Woodsman","DespairKnight"],"picked":"Singing Bowl","floor":92.0},{"not_picked":["WhiteNight","FieryBird"],"picked":"BlueStar","floor":92.0},{"not_picked":["FourthMatchFlame+1","CherryBlossom+1"],"picked":"DaCapo+1","floor":92.0},{"not_picked":["BearPaw+1","Horn+1","SwordSharpenedByTears+1"],"picked":"SKIP","floor":92.0},{"not_picked":["Rudolta","NakedNest","WhiteNight"],"picked":"Singing Bowl","floor":95.0},{"not_picked":["CherryBlossom+1","FourthMatchFlame+1"],"picked":"GoldRush+1","floor":95.0},{"not_picked":["Penitence+1","InTheNameOfLoveAndHate+1"],"picked":"Ecstasy+1","floor":95.0},{"not_picked":["Variant","WhiteNight","DreamingCurrent"],"picked":"Singing Bowl","floor":96.0},{"not_picked":["RapturousDream+1","Horn+1","Lantern+1"],"picked":"SKIP","floor":96.0},{"not_picked":["TheSmile+1","Reverberation+1","Lantern+1"],"picked":"SKIP","floor":96.0},{"not_picked":["GoldRush+1","Justitia+1"],"picked":"Pinks+1","floor":101.0},{"not_picked":["CENSORED_ego+1","GoldRush+1"],"picked":"DaCapo+1","floor":101.0},{"not_picked":["GoldRush+1","Justitia+1"],"picked":"SoundOfStar+1","floor":101.0},{"not_picked":["DreamingCurrent","WhiteNight","Porccubus"],"picked":"Singing Bowl","floor":101.0},{"not_picked":["CENSORED_ego+1","SoundOfStar+1"],"picked":"DaCapo+1","floor":101.0},{"not_picked":["SoundOfStar+1","Justitia+1"],"picked":"Twilight+1","floor":101.0},{"not_picked":["SilentOrchestra","WhiteNight","Mercenary"],"picked":"Singing Bowl","floor":103.0},{"not_picked":["Penitence+1"],"picked":"SKIP","floor":103.0},{"not_picked":["Discord+1"],"picked":"SKIP","floor":103.0},{"not_picked":["ScreamingWedge+1"],"picked":"SKIP","floor":104.0},{"not_picked":["RapturousDream+1"],"picked":"SKIP","floor":104.0},{"not_picked":["BodiesMountain","WhiteNight","LittlePrince"],"picked":"Singing Bowl","floor":106.0},{"not_picked":[],"picked":"Lamp+1","floor":106.0},{"not_picked":["Soda+1"],"picked":"SKIP","floor":106.0},{"not_picked":["BodiesMountain","WhiteNight","MeltingLove"],"picked":"Singing Bowl","floor":107.0},{"not_picked":["CherryBlossom+1"],"picked":"SKIP","floor":107.0},{"not_picked":["Tough+1"],"picked":"SKIP","floor":107.0},{"not_picked":["Laetitia_ego+1"],"picked":"SKIP","floor":108.0},{"not_picked":["Pleasure+1"],"picked":"SKIP","floor":108.0},{"not_picked":["RapturousDream+1"],"picked":"SKIP","floor":110.0},{"not_picked":["GoldRush+1"],"picked":"SKIP","floor":110.0},{"not_picked":[],"picked":"Regret_ego+1","floor":112.0},{"not_picked":["Lamp+1"],"picked":"SKIP","floor":112.0},{"not_picked":["Moonlight+1"],"picked":"SKIP","floor":113.0},{"not_picked":["BlueScar+1"],"picked":"SKIP","floor":113.0},{"not_picked":[],"picked":"ParadiseLost+1","floor":118.0},{"not_picked":[],"picked":"DaCapo+1","floor":118.0},{"not_picked":["TodaysExpression+1"],"picked":"SKIP","floor":120},{"not_picked":["SomewhereSpear+1"],"picked":"SKIP","floor":120},{"not_picked":["SomewhereSpear+1"],"picked":"SKIP","floor":121},{"not_picked":["BlackSwan_ego+1"],"picked":"SKIP","floor":121},{"not_picked":["FourthMatchFlame+1"],"picked":"SKIP","floor":124},{"not_picked":["Lantern+1"],"picked":"SKIP","floor":124},{"not_picked":["Justitia+1"],"picked":"SKIP","floor":125},{"not_picked":["CUTE+1"],"picked":"SKIP","floor":125},{"not_picked":["Penitence+1"],"picked":"SKIP","floor":126},{"not_picked":["BearPaw+1"],"picked":"SKIP","floor":126},{"not_picked":["TodaysExpression+1"],"picked":"SKIP","floor":132},{"not_picked":["TodaysExpression+1"],"picked":"SKIP","floor":132},{"not_picked":["Diffraction+1"],"picked":"SKIP","floor":133},{"not_picked":["Penitence+1"],"picked":"SKIP","floor":133}],"player_experience":2697040,"relics_obtained":[{"floor":6.0,"key":"Replay:Bandana"},{"floor":8.0,"key":"aspiration:HummingbirdHeart"},{"floor":9.0,"key":"Replay:Rubber Ducky"},{"floor":12.0,"key":"Eternal Feather"},{"floor":14.0,"key":"Smiling Mask"},{"floor":18.0,"key":"wanderingMiniBosses:ThiefScarf"},{"floor":18.0,"key":"CogitoBucket"},{"floor":24.0,"key":"Garlic"},{"floor":28.0,"key":"Bromod:ArcaneConsequence"},{"floor":42.0,"key":"Lantern"},{"floor":43.0,"key":"Omamori"},{"floor":44.0,"key":"AtMidnight"},{"floor":45.0,"key":"hubris:GlazedTorus"},{"floor":46.0,"key":"ReplayTheSpireMod:Lightbulb"},{"floor":57.0,"key":"Blood Vial"},{"floor":59.0,"key":"Pen Nib"},{"floor":60.0,"key":"aspiration:ChemicalBlood"},{"floor":62.0,"key":"hubris:MysteriousPyramids"},{"floor":65.0,"key":"Vajra"},{"floor":68.0,"key":"Replay:Wax Seal"},{"floor":68.0,"key":"White_Cape"},{"floor":68.0,"key":"Choco_Feather"},{"floor":74.0,"key":"aspiration:Lifesprig"},{"floor":76.0,"key":"Pondfish Scales"},{"floor":77.0,"key":"infinitespire:WardingShard"},{"floor":80.0,"key":"hubris:SlimyHat"},{"floor":82.0,"key":"Turnip"},{"floor":90.0,"key":"Ring of Hypnosis"},{"floor":90.0,"key":"ReplayTheSpireMod:Ring of Exchange"},{"floor":92.0,"key":"Tiny Chest"},{"floor":94.0,"key":"Boot"},{"floor":96.0,"key":"Oddly Smooth Stone"},{"floor":98.0,"key":"Replay:Mystery Machine"},{"floor":108.0,"key":"Bag of Preparation"},{"floor":110.0,"key":"Whetstone"},{"floor":111.0,"key":"WingedGreaves"},{"floor":113.0,"key":"Replay:Baseball"},{"floor":115.0,"key":"Ancient Tea Set"},{"floor":116.0,"key":"infinitespire:Bottled Soul"},{"floor":125,"key":"infinitespire:BottledMercury"},{"floor":128,"key":"Meat on the Bone"},{"floor":132,"key":"hubris:CuriousFeather"},{"floor":133,"key":"Onion Ring"}],"event_choices":[{"damage_healed":0.0,"max_hp_gain":0.0,"max_hp_loss":0.0,"gold_gain":0.0,"event_name":"betterThird:BetterGoop","player_choice":"Slimed","floor":5.0,"gold_loss":37.0,"damage_taken":11.0},{"cards_removed":["SpecialBullet"],"damage_healed":0.0,"max_hp_gain":0.0,"max_hp_loss":0.0,"gold_gain":0.0,"event_name":"Purifier","player_choice":"Purged","floor":20.0,"gold_loss":0.0,"damage_taken":0.0},{"damage_healed":0.0,"max_hp_gain":0.0,"max_hp_loss":0.0,"gold_gain":0.0,"event_name":"Tomb of Lord Red Mask","player_choice":"Paid","floor":38.0,"gold_loss":44.0,"damage_taken":0.0,"relics_obtained":["Red Mask"]},{"cards_removed":["SomewhereSpear"],"damage_healed":0.0,"max_hp_gain":0.0,"max_hp_loss":0.0,"gold_gain":0.0,"event_name":"The Cleric","player_choice":"Card Removal","floor":54.0,"gold_loss":50.0,"damage_taken":0.0},{"damage_healed":0.0,"max_hp_gain":0.0,"max_hp_loss":0.0,"gold_gain":0.0,"event_name":"Vampires","player_choice":"Ignored","floor":72.0,"gold_loss":0.0,"damage_taken":0.0},{"damage_healed":0.0,"max_hp_gain":0.0,"max_hp_loss":0.0,"gold_gain":0.0,"event_name":"Winding Halls","player_choice":"Embrace Madness","floor":97.0,"gold_loss":0.0,"damage_taken":29.0,"cards_obtained":["Madness","Madness"]},{"damage_healed":0,"gold_gain":100,"player_choice":"Pray","damage_taken":0,"max_hp_gain":0,"max_hp_loss":0,"event_name":"Golden Shrine","floor":123,"gold_loss":0},{"cards_removed":["Noise"],"damage_healed":0,"gold_gain":0,"player_choice":"Card Removal","damage_taken":0,"max_hp_gain":0,"max_hp_loss":0,"event_name":"The Cleric","floor":131,"gold_loss":50}],"is_beta":false,"boss_relics":[{"not_picked":["hubris:VirtuousBlindfold","Bromod:ArcaneEnergize"],"picked":"Replay:Drink Me"},{"not_picked":["Sozu","Astrolabe"],"picked":"Philosopher\u0027s Stone"},{"not_picked":["aspiration:PoetsPen_weak","Runic Dome"],"picked":"SlaversCollar"},{"not_picked":["aspiration:SilentSkillbook","ChewingGum"],"picked":"Calling Bell"},{"not_picked":["hubris:BlackHole","Abe\u0027s Treasure"],"picked":"hubris:RunicObelisk"},{"not_picked":["hubris:GrandSneckoEye","aspiration:Nostalgia"],"picked":"Busted Crown"},{"not_picked":["Replay:Bronze Core","aspiration:PoetsPen_weak"],"picked":"potionbrewer:BhaskarasWheel"}],"items_purged_floors":[19,21,47,105,114,122,130,130],"is_endless":true,"potions_floor_spawned":[3,4,11,22,41,48,52,75,89,95,103,107,124],"killed_by":"infinitespire:LordOfFortification","ascension_level":3}}