{"host":"wonp23fsqqcu31ie","time":1609909295,"event":{"mods":["2.2 Compatiblity","AchievementEnabler","Aspiration","BaseMod","Bestiary","Better Altar","Better Match","Better Sensory Stone","Better Skull","Better Third Choice","BetterRewards","Block Reminder","Colored Map","Colored Powertips","Conspire","Curses Come First","DeckTracker","Displayed Cursed Tome","Downfall","Evolution","Hermit","Highlight Path","Hubris","Marisa????????","Minty Spire (QoL Compilation)","Permanent Neow","Prisma Mod","Quick Restart","Rare Cards Sparkle","Relic Stats","Replay The Spire","Robot Space Explorer","Shade Mod","Shop Mod","StSLib","SuperFastMode","The Animator","The Bug Knight","The Construct","The Cursed","The Dragon Tamer","The Gatherer","The Marked","The Necromancer","The Runesmith","The Servant 0.9.4"],"gold_per_floor":[113,113,53,67,83,116,116,116,116,81,81,99,131,150,150,247,247,266,14,14,14,42,42,69,69,69,69,69,115,390,446,446,510,510],"floor_reached":33,"playtime":3522,"items_purged":[],"score":305,"play_id":"a043debe-f8b1-467a-bde2-e6e71c63275b","local_time":"20210106160135","is_ascension_mode":false,"campfire_choices":[{"data":"Replay:SS_forest_5","floor":7,"key":"SMITH"},{"data":"PrismaMod:MiyuUberDefend","floor":15,"key":"SMITH"},{"floor":23,"key":"REST"},{"data":"PrismaMod:MiyuCheapDefend1","floor":25,"key":"SMITH"},{"floor":27,"key":"REST"},{"floor":32,"key":"REST"}],"circlet_count":0,"master_deck":["PrismaMod:MiyuCommonDefend","PrismaMod:MiyuCommonDefend","PrismaMod:MiyuCommonDefend","PrismaMod:MiyuCommonDefend","PrismaMod:MiyuCommonDefend","PrismaMod:MiyuCommonAttack","PrismaMod:MiyuCommonAttack","PrismaMod:MiyuCommonAttack","PrismaMod:MiyuCommonAttack","PrismaMod:MiyuCommonAttack","PrismaMod:MiyuCheapChannelAttack","PrismaMod:MiyuCheapChannelDefend","PrismaMod:MiyuUncommonDexBuff","PrismaMod:MiyuUberAOEAttack","PrismaMod:MiyuAttackChannelWeak","PrismaMod:MiyuAttackChannelWeak","PrismaMod:MiyuUncommonDefend","PrismaMod:MiyuUncommonDexBuff","PrismaMod:MiyuUncommonAttack","PrismaMod:MiyuUberDefend+1","PrismaMod:MiyuUberAttack","PrismaMod:MiyuEvokeAllDefend","PrismaMod:MiyuCheapStrBuff","PrismaMod:MiyuUncommonDexBuff","PrismaMod:MiyuCheapDefend1","PrismaMod:MiyuCheapDefend1+1","PrismaMod:MiyuCommonAOEAttack","PrismaMod:MiyuEvokeBuffStr","Regret","PrismaMod:MiyuUberAttack+1"],"relics":["PrismaMod:PrismaSapphireUpgrade","EVO:Axolotl","hubris:MedicalManual","Ice Cream","MerchantsRug","hexamod:BolsterEngine","hubris:Icosahedron","Akabeko","hubris:EmptyBottle","Smiling Mask","Blue Doll","Replay:Bandana","StrikeDummy"],"acts_visited":["Exordium","TheCity"],"potions_floor_usage":[24,24,24,33,33,33,33,33],"damage_taken":[{"damage":0,"enemies":"Jaw Worm","floor":1,"turns":4},{"damage":0,"enemies":"Cultist","floor":4,"turns":4},{"damage":0,"enemies":"Small Slimes","floor":5,"turns":5},{"damage":14,"enemies":"Lagavulin","floor":6,"turns":7},{"damage":3,"enemies":"Looter","floor":12,"turns":3},{"damage":7,"enemies":"3 Sentries","floor":13,"turns":6},{"damage":0,"enemies":"Large Slime","floor":14,"turns":5},{"damage":0,"enemies":"Hexaghost","floor":16,"turns":11},{"damage":7,"enemies":"2 Thieves","floor":18,"turns":4},{"damage":0,"enemies":"Chosen","floor":22,"turns":6},{"damage":14,"enemies":"3 Cultists","floor":24,"turns":6},{"damage":19,"enemies":"Cultist and Chosen","floor":29,"turns":9},{"damage":14,"enemies":"Centurion and Healer","floor":31,"turns":9},{"damage":69,"enemies":"Collector","floor":33,"turns":13}],"seed_played":"-1736641372836310495","potions_obtained":[{"floor":1,"key":"SkillPotion"},{"floor":4,"key":"ColorlessPotion"},{"floor":6,"key":"Elixir"},{"floor":14,"key":"Block Potion"},{"floor":24,"key":"Energy Potion"}],"is_trial":false,"path_per_floor":["M","?","$","M","M","E","R","?","T","?","?","M","E","M","R","B",null,"M","$","?","$","M","R","M","R","T","R","$","M","?","M","R","B"],"character_chosen":"MIYU","items_purchased":["hubris:MedicalManual","MerchantsRug","PrismaMod:MiyuUncommonDexBuff","PrismaMod:MiyuAttackChannelWeak","hubris:EmptyBottle","PrismaMod:MiyuUncommonDexBuff","PrismaMod:MiyuCheapDefend1"],"campfire_rested":3,"item_purchase_floors":[0,0,0,3,19,19,19],"current_hp_per_floor":[40,75,75,75,75,61,61,61,61,75,75,72,65,69,69,73,75,72,72,23,23,27,49,39,39,39,61,61,46,46,36,58,0,0],"gold":510,"neow_bonus":"","is_daily":false,"chose_seed":false,"campfire_upgraded":3,"win_rate":0.0,"timestamp":1609909295,"path_taken":["M","?","$","?","M","E","R","?","T","?","?","M","E","M","R","BOSS","M","?","?","$","?","R","M","R","T","R","?","M","?","?","R","BOSS"],"items_purchased_type":["Relic","Relic","Card","Card","Relic","Card","Card"],"build_version":"2020-12-22","purchased_purges":0,"victory":false,"max_hp_per_floor":[75,75,75,75,75,75,75,75,75,75,75,75,75,75,75,75,75,75,75,75,75,75,75,75,75,75,75,75,75,75,75,75,75,75],"relic_stats":{"counters":[50,243],"Smiling Mask":0,"obtain_stats":[{"ReplayFunnel":30,"Ice Cream":0,"Lantern":27,"hermit:ClaspedLocket":17,"Singing Bowl":26,"CeramicFish":29,"Blue Doll":20,"hubris:EmptyBottle":11,"Smiling Mask":20,"Dream Catcher":26,"Replay:Bandana":20,"hubris:Icosahedron":13,"aspiration:MobileForge":17,"DollysMirror":21,"Replay:Bronze Core":34,"m_SnakeCloak":0,"Girya":19,"MerchantsRug":21,"construct:ClawGrip":34,"hubris:DuctTape":22,"aspiration:Nostalgia":0,"Guide Book":22,"Counterbalance":23,"Pen Nib":0,"PreservedInsect":7,"hubris:MedicalManual":0,"Omamori":21,"War Paint":39,"Akabeko":13,"PrismaMod:PrismaSapphireUpgrade":17,"Anchor":39,"MutagenicStrength":20,"hubris:ToyBattleship":7,"Art of War":25,"Garlic":9,"hexamod:BolsterEngine":6,"StrikeDummy":26,"hermit:Momento":0},{"ReplayFunnel":13,"Ice Cream":36,"Lantern":11,"hermit:ClaspedLocket":26,"Singing Bowl":30,"CeramicFish":32,"Blue Doll":45,"hubris:EmptyBottle":24,"Smiling Mask":45,"Dream Catcher":10,"Replay:Bandana":45,"hubris:Icosahedron":6,"aspiration:MobileForge":7,"DollysMirror":8,"Replay:Bronze Core":14,"m_SnakeCloak":0,"Girya":8,"MerchantsRug":8,"construct:ClawGrip":34,"hubris:DuctTape":28,"aspiration:Nostalgia":0,"Guide Book":28,"Counterbalance":29,"Pen Nib":19,"PreservedInsect":23,"hubris:MedicalManual":36,"Omamori":28,"War Paint":17,"Akabeko":42,"PrismaMod:PrismaSapphireUpgrade":44,"Anchor":17,"MutagenicStrength":8,"hubris:ToyBattleship":4,"Art of War":10,"Garlic":23,"hexamod:BolsterEngine":40,"StrikeDummy":47,"hermit:Momento":0},{"ReplayFunnel":53,"Ice Cream":151,"Lantern":48,"hermit:ClaspedLocket":112,"Singing Bowl":126,"CeramicFish":131,"Blue Doll":200,"hubris:EmptyBottle":99,"Smiling Mask":200,"Dream Catcher":41,"Replay:Bandana":200,"hubris:Icosahedron":18,"aspiration:MobileForge":29,"DollysMirror":34,"Replay:Bronze Core":64,"m_SnakeCloak":0,"Girya":34,"MerchantsRug":34,"construct:ClawGrip":141,"hubris:DuctTape":119,"aspiration:Nostalgia":0,"Guide Book":119,"Counterbalance":123,"Pen Nib":87,"PreservedInsect":96,"hubris:MedicalManual":151,"Omamori":119,"War Paint":75,"Akabeko":180,"PrismaMod:PrismaSapphireUpgrade":196,"Anchor":75,"MutagenicStrength":34,"hubris:ToyBattleship":12,"Art of War":41,"Garlic":96,"hexamod:BolsterEngine":171,"StrikeDummy":212,"hermit:Momento":0}]},"card_choices":[{"not_picked":["PrismaMod:MiyuCommonAOEAttack","PrismaMod:MiyuCheapEvoke"],"picked":"PrismaMod:MiyuUberAOEAttack","floor":1},{"not_picked":["PrismaMod:MiyuDevil","PrismaMod:MiyuAttackChannelWeak"],"picked":"PrismaMod:MiyuUncommonDefend","floor":4},{"not_picked":["PrismaMod:MiyuCheapChannelVul","PrismaMod:MiyuCheapChannelWeak"],"picked":"PrismaMod:MiyuUncommonDexBuff","floor":5},{"not_picked":["PrismaMod:MiyuCommonAOEAttack","PrismaMod:MiyuCheapStrBuff"],"picked":"PrismaMod:MiyuUncommonAttack","floor":6},{"not_picked":["PrismaMod:MiyuEvokeCheapDefend","PrismaMod:MiyuCommonAOEAttack"],"picked":"PrismaMod:MiyuUberDefend","floor":12},{"not_picked":["PrismaMod:MiyuDevil","PrismaMod:MiyuChristmas"],"picked":"PrismaMod:MiyuUberAttack","floor":13},{"not_picked":["PrismaMod:MiyuCheapEvoke","PrismaMod:MiyuCheapChannelVul","PrismaMod:MiyuCheapChannelWeak"],"picked":"SKIP","floor":14},{"not_picked":["PrismaMod:MiyuUberDefend","PrismaMod:MiyuChannelDefendEvoke"],"picked":"PrismaMod:MiyuEvokeAllDefend","floor":16},{"not_picked":["PrismaMod:MiyuMaid","PrismaMod:MiyuDefenseRemoval+1"],"picked":"PrismaMod:MiyuCheapStrBuff","floor":18},{"not_picked":["PrismaMod:MiyuCheapDefend1","PrismaMod:MiyuCheapEvoke"],"picked":"PrismaMod:MiyuCommonAOEAttack","floor":22},{"not_picked":["PrismaMod:MiyuEvokeCheapAttack+1","PrismaMod:MiyuUberAOEAttack"],"picked":"PrismaMod:MiyuEvokeBuffStr","floor":24},{"not_picked":["PrismaMod:MiyuChristmas","PrismaMod:MiyuAttackChannelWeak","PrismaMod:MiyuEvokeCheapDefend"],"picked":"SKIP","floor":29},{"not_picked":["PrismaMod:MiyuCheapDefend1","PrismaMod:MiyuAttackChannelAttack+1"],"picked":"PrismaMod:MiyuUberAttack+1","floor":31}],"player_experience":465952,"relics_obtained":[{"floor":6,"key":"hexamod:BolsterEngine"},{"floor":13,"key":"Akabeko"},{"floor":26,"key":"StrikeDummy"}],"event_choices":[{"damage_healed":35,"gold_gain":0,"player_choice":"Full Heal","damage_taken":0,"max_hp_gain":0,"max_hp_loss":0,"event_name":"Wheel of Change","floor":2,"gold_loss":0},{"damage_healed":18,"gold_gain":0,"player_choice":"Healed","damage_taken":0,"max_hp_gain":0,"max_hp_loss":0,"event_name":"The Cleric","floor":10,"gold_loss":35},{"cards_removed":["Replay:SS_forest_5"],"damage_healed":0,"gold_gain":0,"player_choice":"Offered Uncommon","damage_taken":0,"max_hp_gain":0,"max_hp_loss":0,"event_name":"Bonfire Elementals","floor":11,"gold_loss":0},{"damage_healed":0,"gold_gain":0,"player_choice":"RE RE RE ","damage_taken":55,"relics_obtained":["Smiling Mask","Blue Doll","Replay:Bandana"],"max_hp_gain":0,"max_hp_loss":0,"event_name":"betterSkull:BetterSkull","floor":20,"gold_loss":0,"cards_upgraded":[]},{"damage_healed":0,"gold_gain":275,"player_choice":"Desecrate","damage_taken":0,"max_hp_gain":0,"max_hp_loss":0,"event_name":"Golden Shrine","floor":30,"gold_loss":0,"cards_obtained":["Regret"]}],"is_beta":false,"boss_relics":[{"not_picked":["Cursed Key","Replay:Ancient Bell"],"picked":"PrismaMod:PrismaSapphireUpgrade"}],"items_purged_floors":[],"is_endless":false,"potions_floor_spawned":[1,4,6,14,16,22,24],"killed_by":"Collector","ascension_level":0}}