{"host":"ueaobptuyu87ouwy","time":1609920726,"event":{"mods":["Aspiration","Bard","BaseMod","Better Altar","Better Match","Better Note","Better Sensory Stone","Better Skull","Better Third Choice","BetterRewards","CCEM","Colored Map","Conspire","Downfall","GifTheSpireLib","Googly Eyes","Halation","Hermit","Highlight Path","Hubris","Infinite Spire","Jedi Mod","Jorbs\u0027s Wanderer Trilogy","Marisa????????","Mimic Mod","Minty Spire (QoL Compilation)","Permanent Neow","Replay The Spire","StSLib","Stuff the Spire","The Runesmith","Unceasing Turn Reminder","everything is the same but u backflip on backflip","slay the spire mod where everything is the same but ironclad has a cowboy hat"],"gold_per_floor":[115,115,115,115,127,161,175,175,175,175,22,36,36,72,72,179,179,123,123,123,145,0,9,9],"floor_reached":23,"playtime":889,"items_purged":[],"score":220,"play_id":"2fa50d96-65c8-4403-aad7-8578bf5ca7cd","local_time":"20210106161206","is_ascension_mode":false,"campfire_choices":[{"data":"DeepEcoloBomb","floor":8,"key":"SMITH"},{"data":"sneckomod:QuickBite","floor":10,"key":"SMITH"},{"data":"Survivor","floor":13,"key":"SMITH"},{"data":"StuffTheSpire:Fury","floor":15,"key":"SMITH"}],"circlet_count":0,"master_deck":["Strike_G","Strike_G","Strike_G","Strike_G","Defend_G","Defend_G","Defend_G","Defend_G","Defend_G","Survivor+1","Neutralize","StuffTheSpire:Fury+1","Injury","sneckomod:QuickBite+1","DeepEcoloBomb+1","Guardian:Recover+1","Backflip+1","sneckomod:MorePower","stsjorbsmod:PollutedStrike","Injury","sneckomod:UnknownStrike+1","hermit:ItchyTrigger","sneckomod:UnknownUncommonPower+1","StuffTheSpire:BumpUp"],"relics":["Ring of the Snake","NeowsBlessing","Toxic Egg 2","halation:PinkSoulGem","infinitespire:BottledMercury","halation:IllGainedPizza","PreservedInsect","hubris:TenFootPole","Replay:Ancient Bell","CCEMRelics:GrindingGear","infinitespire:CheckeredPen","hubris:Potato"],"acts_visited":["Exordium","TheCity"],"potions_floor_usage":[12,16,23],"damage_taken":[{"damage":0,"enemies":"Cultist","floor":1,"turns":1},{"damage":0,"enemies":"2 Louse","floor":5,"turns":1},{"damage":0,"enemies":"Lagavulin","floor":6,"turns":1},{"damage":0,"enemies":"Jaw Worm","floor":7,"turns":4},{"damage":0,"enemies":"Red Slaver","floor":12,"turns":1},{"damage":8,"enemies":"Gremlin Nob","floor":14,"turns":3},{"damage":41,"enemies":"Slime Boss","floor":16,"turns":9},{"damage":8,"enemies":"2 Thieves","floor":18,"turns":4},{"damage":11,"enemies":"Chosen","floor":21,"turns":5},{"damage":52,"enemies":"3 Cultists","floor":23,"turns":4}],"seed_played":"-3939640991388961402","potions_obtained":[{"floor":1,"key":"Elixir"},{"floor":6,"key":"Fire Potion"},{"floor":7,"key":"SkillPotion"},{"floor":21,"key":"sneckomod:MuddlingPotion"}],"is_trial":false,"path_per_floor":["M","?","?","?","M","E","M","R","T","R","$","M","R","E","R","B",null,"M","?","?","M","?","M"],"character_chosen":"THE_SILENT","items_purchased":["PreservedInsect"],"campfire_rested":0,"item_purchase_floors":[11],"current_hp_per_floor":[70,70,70,70,70,70,70,70,70,70,70,70,70,62,62,21,70,62,62,62,51,51,0,0],"gold":9,"neow_bonus":"THREE_ENEMY_KILL","is_daily":false,"chose_seed":false,"campfire_upgraded":4,"win_rate":0.0,"timestamp":1609920726,"path_taken":["M","?","?","?","?","E","M","R","T","R","$","M","R","E","R","BOSS","M","?","?","M","?","M"],"items_purchased_type":["Relic"],"build_version":"2020-12-13","purchased_purges":0,"victory":false,"max_hp_per_floor":[70,70,70,70,70,70,70,70,70,70,70,70,70,70,70,70,70,70,70,70,70,70,70,70],"card_choices":[{"not_picked":["Guardian:VentSteam","champ:Haymaker"],"picked":"StuffTheSpire:Fury","floor":1},{"not_picked":["Runesmith:EnergizedChisel","champ:EnragedBash"],"picked":"sneckomod:QuickBite","floor":5},{"not_picked":["champ:Shatter","Guardian:PrimingBeam"],"picked":"DeepEcoloBomb","floor":6},{"not_picked":["Hidden Blade+1","champ:Haymaker"],"picked":"Guardian:Recover+1","floor":7},{"not_picked":["hexamod:GhostShield+1","Slimebound:ProtectTheBoss","Toxin Wave+1"],"picked":"SKIP","floor":12},{"not_picked":["bard:Greatness+1","Flying Knee"],"picked":"Backflip+1","floor":14},{"not_picked":["ReplayTheSpireMod:From All Sides","hermit:RoundhouseKick"],"picked":"sneckomod:MorePower","floor":16},{"not_picked":["Guardian:Aged","Sickly"],"picked":"stsjorbsmod:PollutedStrike","floor":17},{"not_picked":["hubris:Lust","ReplayTheSpireMod:Restless Dread"],"picked":"Injury","floor":17},{"not_picked":["ReplayTheSpireMod:Restless Dread","Voices"],"picked":"StuffTheSpire:GnomedCurse","floor":17},{"not_picked":["sneckomod:UnknownClassGUARDIAN+1","sneckomod:UnknownExhaust+1"],"picked":"sneckomod:UnknownStrike+1","floor":18},{"not_picked":["sneckomod:RainOfDice","stsjorbsmod:ParryingBlow"],"picked":"hermit:ItchyTrigger","floor":18},{"not_picked":["sneckomod:UnknownX+1","sneckomod:UnknownWeak+1"],"picked":"sneckomod:UnknownUncommonPower+1","floor":21},{"not_picked":["champ:EndlessRage","Slimebound:LeechEnergy"],"picked":"StuffTheSpire:BumpUp","floor":21}],"player_experience":25753,"relics_obtained":[{"floor":6,"key":"infinitespire:BottledMercury"},{"floor":9,"key":"halation:IllGainedPizza"},{"floor":14,"key":"hubris:TenFootPole"}],"event_choices":[{"cards_removed":["StuffTheSpire:GnomedCurse"],"damage_healed":0,"gold_gain":0,"player_choice":"Give","damage_taken":0,"max_hp_gain":0,"max_hp_loss":0,"event_name":"betterNote:BetterNote","floor":19,"gold_loss":0,"cards_obtained":["None"]},{"cards_removed":["StuffTheSpire:GnomedCurse"],"damage_healed":0,"gold_gain":0,"player_choice":"Elegance","damage_taken":0,"max_hp_gain":0,"max_hp_loss":0,"event_name":"betterThird:BetterWriting","floor":20,"gold_loss":0},{"damage_healed":0,"gold_gain":0,"player_choice":"Paid Fearfully","damage_taken":0,"max_hp_gain":0,"max_hp_loss":0,"event_name":"Masked Bandits","floor":22,"gold_loss":145}],"is_beta":false,"boss_relics":[{"not_picked":["StuffTheSpire:RunicConfusion","halation:ForbiddenBikini"],"picked":"Replay:Ancient Bell"},{"not_picked":["hubris:AncientText","conspire:TopHat"],"picked":"CCEMRelics:GrindingGear"},{"not_picked":["aspiration:HummingbirdHeart","CCEMRelics:FryingPan"],"picked":"infinitespire:CheckeredPen"},{"not_picked":["aspiration:AnachronicSnailShell","jedi:gremlinknob"],"picked":"hubris:Potato"}],"items_purged_floors":[],"is_endless":false,"potions_floor_spawned":[1,6,7,21],"killed_by":"3 Cultists","ascension_level":0}}