{"host":"1u4zr9vl8my47i07","time":1609900801,"event":{"mods":["AchievementEnabler","BaseMod","DeckTracker","Highlight Path","Keyboard Shortcuts","Minty Spire (QoL Compilation)","Relic Stats","StSLib","SuperFastMode","The Animator","Uncapped","Waifu the Spire","everything is the same but u backflip on backflip"],"gold_per_floor":[119,22,22,35,35,60,60,85,85,104,4,17,17,17,17,17,17],"floor_reached":16,"playtime":580,"items_purged":["Strike_G","Strike_G"],"score":219,"play_id":"ff1b6aab-abf7-4ca5-b042-3ab8f2bbc8d2","local_time":"20210106114001","is_ascension_mode":true,"campfire_choices":[{"data":"Neutralize","floor":7,"key":"SMITH"},{"data":"Well Laid Plans","floor":13,"key":"SMITH"},{"floor":15,"key":"REST"}],"circlet_count":0,"master_deck":["AscendersBane","Strike_G","Strike_G","Defend_G","Defend_G","Defend_G","Defend_G","Defend_G","Survivor","Neutralize+1","PiercingWail","Dagger Spray","Dagger Throw","Bane","Acrobatics","Leg Sweep","Well Laid Plans+1"],"relics":["Ring of the Snake","NeowsBlessing","WingedGreaves","Oddly Smooth Stone","HornCleat"],"acts_visited":["Exordium"],"potions_floor_usage":[16],"damage_taken":[{"damage":0,"enemies":"Small Slimes","floor":1,"turns":1},{"damage":0,"enemies":"Cultist","floor":4,"turns":1},{"damage":0,"enemies":"Gremlin Nob","floor":6,"turns":1},{"damage":60,"enemies":"Lagavulin","floor":8,"turns":10},{"damage":0,"enemies":"Jaw Worm","floor":10,"turns":4},{"damage":0,"enemies":"Red Slaver","floor":12,"turns":5},{"damage":22,"enemies":"The Guardian","floor":16,"turns":14}],"seed_played":"-6098209663182058456","potions_obtained":[{"floor":10,"key":"LiquidMemories"},{"floor":12,"key":"Swift Potion"}],"is_trial":false,"path_per_floor":["M","$","?","M","?","E","R","E","T","M","$","M","R","$","R","B"],"character_chosen":"THE_SILENT","items_purchased":["Dagger Spray"],"campfire_rested":1,"item_purchase_floors":[2],"current_hp_per_floor":[63,63,63,63,63,63,63,3,3,3,3,3,3,3,24,2,2],"gold":17,"neow_bonus":"THREE_ENEMY_KILL","is_daily":false,"chose_seed":false,"campfire_upgraded":2,"win_rate":0.0,"timestamp":1609900801,"path_taken":["M","$","?","?","?","E","R","E","T","?","?","M","R","?","R","BOSS"],"items_purchased_type":["Card"],"build_version":"2020-12-22","purchased_purges":2,"victory":false,"max_hp_per_floor":[70,70,70,70,70,70,70,70,70,70,70,70,70,70,70,70,70],"relic_stats":{"counters":[7,36],"obtain_stats":[{"HornCleat":9,"NeowsBlessing":0,"Oddly Smooth Stone":8,"WingedGreaves":6,"Ring of the Snake":0},{"HornCleat":4,"NeowsBlessing":0,"Oddly Smooth Stone":4,"WingedGreaves":3,"Ring of the Snake":0},{"HornCleat":13,"NeowsBlessing":0,"Oddly Smooth Stone":13,"WingedGreaves":3,"Ring of the Snake":0}],"Ring of the Snake":[14]},"card_choices":[{"not_picked":["Slice","Distraction"],"picked":"PiercingWail","floor":1},{"not_picked":["Leg Sweep","Endless Agony"],"picked":"Dagger Throw","floor":4},{"not_picked":["Flying Knee","Eviscerate","Doppelganger"],"picked":"SKIP","floor":6},{"not_picked":["Outmaneuver","Catalyst"],"picked":"Acrobatics","floor":8},{"not_picked":["Reflex","Outmaneuver"],"picked":"Leg Sweep","floor":10},{"not_picked":["Crippling Poison","Tactician"],"picked":"Well Laid Plans","floor":12}],"player_experience":300894,"relics_obtained":[{"floor":6,"key":"WingedGreaves"},{"floor":8,"key":"Oddly Smooth Stone"},{"floor":9,"key":"HornCleat"}],"event_choices":[{"damage_healed":0,"gold_gain":0,"player_choice":"0 cards matched","damage_taken":0,"max_hp_gain":0,"max_hp_loss":0,"event_name":"Match and Keep!","floor":3,"gold_loss":0,"cards_obtained":[]},{"damage_healed":0,"gold_gain":0,"cards_transformed":["Strike_G"],"player_choice":"Transformed","damage_taken":0,"max_hp_gain":0,"max_hp_loss":0,"event_name":"Transmorgrifier","floor":5,"gold_loss":0,"cards_obtained":["Bane"]}],"is_beta":false,"boss_relics":[],"items_purged_floors":[2,11],"is_endless":false,"potions_floor_spawned":[10,12],"killed_by":"The Guardian","ascension_level":13}}