{"host":"j4g6ia6asvpyu2b0","time":1609892567,"event":{"mods":["BaseMod","Colored Map","Minty Spire (QoL Compilation)","Permanent Neow","Quick Restart","Relic Stats","StSLib","Unceasing Turn Reminder"],"gold_per_floor":[109,176,0,0,17,42,42,72,141,141,167,92,109,124,124,222,222,233,308,324,324,341,374,374,389,436,436,436],"floor_reached":27,"playtime":582,"items_purged":["Pain"],"score":449,"play_id":"608333b5-2c4b-4774-86c0-bce45ad35ba9","local_time":"20210105172247","is_ascension_mode":true,"campfire_choices":[{"data":"Whirlwind","floor":7.0,"key":"SMITH"},{"data":"Disarm","floor":10.0,"key":"SMITH"},{"data":"Limit Break","floor":15.0,"key":"SMITH"},{"data":"Double Tap","floor":24,"key":"SMITH"}],"circlet_count":0,"master_deck":["Strike_R","Strike_R","Strike_R","Strike_R","Strike_R","Defend_R","Defend_R+1","Defend_R","Defend_R+1","Bash","Hemokinesis","Pommel Strike","Whirlwind+1","Iron Wave","Disarm+1","Inflame","Limit Break+1","Pommel Strike","Corruption","Armaments+1","Evolve","Pommel Strike+1","Double Tap+1","Pommel Strike","Normality"],"relics":["Black Star","Happy Flower","WarpedTongs","PreservedInsect","War Paint","Orichalcum","Pen Nib","Question Card","Kunai","Juzu Bracelet","Cursed Key","Incense Burner","Strawberry","Red Skull"],"acts_visited":["Exordium","TheCity"],"potions_floor_usage":[22,23],"damage_taken":[{"damage":1.0,"enemies":"Cultist","floor":1.0,"turns":4.0},{"damage":2.0,"enemies":"Small Slimes","floor":5.0,"turns":2.0},{"damage":19.0,"enemies":"Lagavulin","floor":6.0,"turns":5.0},{"damage":2.0,"enemies":"Gremlin Nob","floor":8.0,"turns":2.0},{"damage":19.0,"enemies":"Lagavulin","floor":11.0,"turns":5.0},{"damage":0.0,"enemies":"Jaw Worm","floor":13.0,"turns":2.0},{"damage":0.0,"enemies":"Large Slime","floor":14.0,"turns":4.0},{"damage":2.0,"enemies":"Hexaghost","floor":16.0,"turns":7.0},{"damage":0.0,"enemies":"3 Byrds","floor":18.0,"turns":3.0},{"damage":4,"enemies":"Chosen","floor":20,"turns":4},{"damage":29,"enemies":"Shelled Parasite and Fungi","floor":22,"turns":3},{"damage":9,"enemies":"Book of Stabbing","floor":23,"turns":3},{"damage":22,"enemies":"Centurion and Healer","floor":25,"turns":5},{"damage":28,"enemies":"Gremlin Leader","floor":27,"turns":4}],"seed_played":"7435342326881360870","potions_obtained":[{"floor":5.0,"key":"BlessingOfTheForge"},{"floor":6.0,"key":"Explosive Potion"},{"floor":8.0,"key":"ColorlessPotion"},{"floor":13.0,"key":"BloodPotion"},{"floor":25,"key":"Dexterity Potion"}],"is_trial":false,"path_per_floor":["M","?","$","?","M","E","R","E","T","R","E","$","M","M","R","B",null,"M","?","M","?","M","E","R","M","T","E"],"character_chosen":"IRONCLAD","items_purchased":["Happy Flower","Pommel Strike"],"campfire_rested":0,"item_purchase_floors":[3,3],"current_hp_per_floor":[71,71,71,71,69,50,50,48,48,48,29,29,29,29,29,27,67,67,59,55,80,51,49,49,27,27,0,0],"gold":436,"neow_bonus":"BOSS_RELIC","is_daily":false,"chose_seed":false,"campfire_upgraded":4,"win_rate":0.0,"timestamp":1609892567,"path_taken":["M","?","$","?","?","E","R","E","T","R","E","?","M","M","R","BOSS","M","?","M","?","M","E","R","M","T","E"],"items_purchased_type":["Relic","Card"],"build_version":"2020-12-22","purchased_purges":1,"victory":false,"max_hp_per_floor":[80,80,80,80,80,80,80,80,80,80,80,80,80,80,80,80,80,80,80,80,80,80,87,87,87,87,87,87],"relic_stats":{"Happy Flower":[16],"counters":[14,53],"PreservedInsect":136,"Pen Nib":[7],"Juzu Bracelet":1,"War Paint":["Defend_R","Defend_R"],"Orichalcum":[120],"Question Card":9,"Cursed Key":1,"WarpedTongs":[49],"Black Star":4,"Kunai":[9],"obtain_stats":[{"Happy Flower":3,"PreservedInsect":6,"Pen Nib":8,"Juzu Bracelet":11,"Incense Burner":23,"War Paint":6,"Orichalcum":8,"Question Card":9,"Cursed Key":17,"Burning Blood":0,"WarpedTongs":4,"Strawberry":23,"Black Star":0,"Kunai":11,"Red Skull":26},{"Happy Flower":1,"PreservedInsect":3,"Pen Nib":4,"Juzu Bracelet":5,"Incense Burner":12,"War Paint":3,"Orichalcum":4,"Question Card":4,"Cursed Key":8,"Burning Blood":0,"WarpedTongs":1,"Strawberry":12,"Black Star":0,"Kunai":5,"Red Skull":13},{"Happy Flower":4,"PreservedInsect":11,"Pen Nib":13,"Juzu Bracelet":18,"Incense Burner":44,"War Paint":11,"Orichalcum":13,"Question Card":13,"Cursed Key":31,"Burning Blood":0,"WarpedTongs":4,"Strawberry":44,"Black Star":0,"Kunai":18,"Red Skull":49}]},"card_choices":[{"not_picked":["Armaments","Havoc"],"picked":"Hemokinesis","floor":1.0},{"not_picked":["Shrug It Off","Dual Wield"],"picked":"Whirlwind","floor":5.0},{"not_picked":["Flex","Clash"],"picked":"Iron Wave","floor":6.0},{"not_picked":["Shrug It Off","Perfected Strike"],"picked":"Disarm","floor":8.0},{"not_picked":["Power Through","Flex","Wild Strike"],"picked":"Inflame","floor":11.0},{"not_picked":["Clothesline","Perfected Strike","Blood for Blood"],"picked":"Limit Break","floor":13.0},{"not_picked":["Iron Wave","Twin Strike","Armaments"],"picked":"Pommel Strike","floor":14.0},{"not_picked":["Brutality","Barricade","Impervious"],"picked":"Corruption","floor":16.0},{"not_picked":["Cleave+1","Dropkick","True Grit"],"picked":"Armaments+1","floor":18.0},{"not_picked":["Anger","Whirlwind+1","Wild Strike"],"picked":"Evolve","floor":20},{"not_picked":["Thunderclap","Headbutt+1","Cleave+1"],"picked":"Pommel Strike+1","floor":22},{"not_picked":["Corruption","Intimidate","Havoc"],"picked":"Double Tap","floor":23},{"not_picked":["Sever Soul","Perfected Strike","Twin Strike"],"picked":"Pommel Strike","floor":25}],"player_experience":725714,"relics_obtained":[{"floor":6.0,"key":"PreservedInsect"},{"floor":6.0,"key":"War Paint"},{"floor":8.0,"key":"Orichalcum"},{"floor":8.0,"key":"Pen Nib"},{"floor":9.0,"key":"Question Card"},{"floor":11.0,"key":"Kunai"},{"floor":11.0,"key":"Juzu Bracelet"},{"floor":23,"key":"Incense Burner"},{"floor":23,"key":"Strawberry"},{"floor":26,"key":"Red Skull"}],"event_choices":[{"damage_healed":0.0,"max_hp_gain":0.0,"max_hp_loss":0.0,"gold_gain":67.0,"event_name":"Golden Wing","player_choice":"Gained Gold","floor":2.0,"gold_loss":0.0,"damage_taken":0.0},{"damage_healed":0.0,"max_hp_gain":0.0,"max_hp_loss":0.0,"gold_gain":0.0,"event_name":"Accursed Blacksmith","player_choice":"Rummage","floor":4.0,"gold_loss":0.0,"damage_taken":0.0,"relics_obtained":["WarpedTongs"],"cards_obtained":["Pain"]},{"damage_healed":0,"gold_gain":75,"player_choice":"Touch","damage_taken":8,"max_hp_gain":0,"max_hp_loss":0,"event_name":"FaceTrader","floor":19,"gold_loss":0},{"damage_healed":25,"gold_gain":0,"player_choice":"Full Heal","damage_taken":0,"max_hp_gain":0,"max_hp_loss":0,"event_name":"Wheel of Change","floor":21,"gold_loss":0}],"is_beta":false,"boss_relics":[{"not_picked":["Sozu","SacredBark"],"picked":"Cursed Key"}],"items_purged_floors":[12],"is_endless":false,"potions_floor_spawned":[5,6,8,13,18,25],"killed_by":"Gremlin Leader","ascension_level":6}}