{"host":"5cc4xbo9rb723k69","time":1609900694,"event":{"mods":["Act Like it!","Aspiration","Astrologer","Bartender","BaseMod","Bestiary","CapriCore","Conspire","Downfall","Duelist Mod","Friendly Minions","Gensokyo","Hermit","Hubris","Infinite Spire","Jedi Mod","Kiyohime????","Koishi","LagranYue(???·?)","Mad Scientist","Mari Mod (Legacy)","Mari\u0027s V1 Patch","Marisa????????","Minty Spire (QoL Compilation)","Nova Terra(??·??)","Pale of the Ancients","Prisma Mod","Random Character Button","Reimu??????","Replay The Spire","Robot Space Explorer","Somnambulant","StSLib","The Alterego","The Animator","The Bladedancer","The Clintock","The Construct","The Cursed","The Disciple","The Exalted","The Gatherer","The Immortal","The Jungle","The Marked","The Mystic","The Problem Sleuth","The Runesmith","The Saiyan","The Senshi","The Servant 0.9.4","The Spell Scribe","TheArtist","Waifu the Spire","Yuri Mod","thorton","vexMod"],"gold_per_floor":[117,117,81,94,106,106,121,139,139,139,152,171,187,187,187,283,283,298,298,298,298,309,338,338,368,368,383,411,411,411],"floor_reached":29,"playtime":9655,"items_purged":[],"score":257,"play_id":"f637b673-a4bd-42b2-a355-b6914148d705","local_time":"20210106033814","is_ascension_mode":false,"campfire_choices":[{"floor":6,"key":"REST"},{"floor":10,"key":"REST"},{"floor":15,"key":"REST"},{"floor":24,"key":"REST"}],"circlet_count":0,"master_deck":["alterego_mod:Strike","alterego_mod:Strike","alterego_mod:Strike","alterego_mod:Strike","alterego_mod:Defend","alterego_mod:Defend","alterego_mod:Defend","alterego_mod:Defend","alterego_mod:Impale","alterego_mod:BigMeatyClaws","alterego_mod:BrynhildrsRune","alterego_mod:Collar","alterego_mod:Clones","alterego_mod:SuperDuperMasochism","alterego_mod:Smother","alterego_mod:1TonWallop","alterego_mod:TrickOrTreatment","alterego_mod:ChallengeComplete","alterego_mod:SakuraPetals","alterego_mod:Clap","alterego_mod:Mirror","alterego_mod:PainIsPleasure","alterego_mod:BrynhildrRomantia","alterego_mod:Pet+1","alterego_mod:Bloomers","alterego_mod:Maid","alterego_mod:SakuraLabyrinth+1","alterego_mod:Bounce+1","alterego_mod:Rip+1"],"relics":["alterego_mod:MasochisticConstitution","LagranYue:RandomDrawCardRelic","Mastiff:ReiMu","hubris:RunicObelisk","hubris:Icosahedron","Bromod:ArcaneConsequence","hubris:VirtuousBlindfold","conspire:TopHat","jedi:Pinwheel","hubris:DeckOfHolding","Bromod:ArcaneAegis"],"acts_visited":["Gensokyo:Gensokyo","Gensokyo:Gensokyoer"],"potions_floor_usage":[16,16,27,27,28],"damage_taken":[{"damage":5,"enemies":"Gensokyo:3_Fairies","floor":1,"turns":5},{"damage":12,"enemies":"Gensokyo:2_Kodama","floor":4,"turns":4},{"damage":6,"enemies":"Gensokyo:Gryphon","floor":5,"turns":4},{"damage":43,"enemies":"Gensokyo:3_Kodama","floor":7,"turns":9},{"damage":19,"enemies":"Gensokyo:Python_and_Kodama","floor":8,"turns":6},{"damage":13,"enemies":"Gensokyo:Kitsune","floor":11,"turns":4},{"damage":6,"enemies":"Gensokyo:VengefulSpirit","floor":12,"turns":5},{"damage":14,"enemies":"Gensokyo:Python_and_Kodama","floor":13,"turns":4},{"damage":94,"enemies":"Gensokyo:Reimu","floor":16,"turns":12},{"damage":38,"enemies":"Gensokyo:AngelMirror","floor":18,"turns":7},{"damage":35,"enemies":"Gensokyo:CosmicMonolith","floor":22,"turns":6},{"damage":67,"enemies":"Gensokyo:Tenshi","floor":23,"turns":5},{"damage":39,"enemies":"Nightmare","floor":25,"turns":9},{"damage":7,"enemies":"Gensokyo:Wraith","floor":27,"turns":6},{"damage":46,"enemies":"conspire:MimicChest","floor":28,"turns":4},{"damage":26,"enemies":"Gensokyo:Mirror_and_Dog","floor":29,"turns":3}],"seed_played":"6859144574518851421","potions_obtained":[{"floor":4,"key":"Elixir"},{"floor":12,"key":"ColorlessPotion"},{"floor":13,"key":"Regen Potion"},{"floor":23,"key":"Guardian:BlockOnCardUsePotion"},{"floor":27,"key":"AttackPotion"},{"floor":28,"key":"Strength Potion"}],"is_trial":false,"path_per_floor":["M","?","$","M","M","R","M","M","T","R","M","M","M","T","R","B",null,"M","?","AVR","?","M","E","R","NM","T","M","?","M"],"character_chosen":"The_Alterego","items_purchased":["alterego_mod:Smother"],"campfire_rested":4,"item_purchase_floors":[3],"current_hp_per_floor":[73,73,73,62,57,80,38,29,29,53,45,47,43,43,68,74,86,66,66,66,66,49,3,24,12,12,57,19,0,0],"gold":411,"neow_bonus":"TEN_PERCENT_HP_BONUS","is_daily":false,"chose_seed":false,"campfire_upgraded":0,"win_rate":0.0,"timestamp":1609900694,"path_taken":["M","?","$","M","M","R","M","M","T","R","M","M","?","?","R","BOSS","M","?","AVR","?","?","E","R","NM","T","M","?","?"],"items_purchased_type":["Card"],"build_version":"2020-12-22","purchased_purges":0,"victory":false,"max_hp_per_floor":[78,78,78,79,80,80,81,82,82,82,83,84,85,85,85,86,86,90,90,90,68,69,70,70,71,71,72,73,73,73],"card_choices":[{"not_picked":["alterego_mod:Bounce","alterego_mod:Cycle"],"picked":"alterego_mod:Collar","floor":1},{"not_picked":["alterego_mod:Pet","alterego_mod:Valentines"],"picked":"alterego_mod:Clones","floor":2},{"not_picked":["alterego_mod:Undulate","alterego_mod:Pet"],"picked":"alterego_mod:SuperDuperMasochism","floor":2},{"not_picked":["alterego_mod:Complex","alterego_mod:TrashNCrash"],"picked":"alterego_mod:1TonWallop","floor":4},{"not_picked":["alterego_mod:Complex","alterego_mod:BiFurious"],"picked":"alterego_mod:TrickOrTreatment","floor":5},{"not_picked":["alterego_mod:DiscoLights","alterego_mod:Collar"],"picked":"alterego_mod:ChallengeComplete","floor":7},{"not_picked":["alterego_mod:DiscoLights","alterego_mod:Pet"],"picked":"alterego_mod:SakuraPetals","floor":8},{"not_picked":["alterego_mod:DiscoLights","alterego_mod:Clones"],"picked":"alterego_mod:Clap","floor":11},{"not_picked":["alterego_mod:Rip","alterego_mod:Pet"],"picked":"alterego_mod:Mirror","floor":12},{"not_picked":["alterego_mod:Santa","alterego_mod:Belle"],"picked":"alterego_mod:PainIsPleasure","floor":13},{"not_picked":["alterego_mod:PainIsPleasure","alterego_mod:STier"],"picked":"alterego_mod:BrynhildrRomantia","floor":16},{"not_picked":["alterego_mod:PerceptionDisorder","alterego_mod:Cycle+1"],"picked":"alterego_mod:Pet+1","floor":18},{"not_picked":["alterego_mod:DeftHands","alterego_mod:BiFurious+1"],"picked":"alterego_mod:Bloomers","floor":22},{"not_picked":["alterego_mod:DeftHands","alterego_mod:1TonWallop"],"picked":"alterego_mod:Maid","floor":23},{"not_picked":["alterego_mod:HighServant+1","alterego_mod:Belle+1"],"picked":"alterego_mod:SakuraLabyrinth+1","floor":25},{"not_picked":["alterego_mod:Cycle","alterego_mod:Clones"],"picked":"alterego_mod:Bounce+1","floor":27},{"not_picked":["alterego_mod:Cycle","alterego_mod:HighServant"],"picked":"alterego_mod:Rip+1","floor":28}],"player_experience":171924,"relics_obtained":[{"floor":9,"key":"Mastiff:ReiMu"},{"floor":23,"key":"conspire:TopHat"},{"floor":25,"key":"jedi:Pinwheel"},{"floor":26,"key":"hubris:DeckOfHolding"},{"floor":28,"key":"Bromod:ArcaneAegis"}],"event_choices":[],"is_beta":false,"boss_relics":[{"not_picked":["aspiration:SecretTechniqueScroll","Replay:Grab Bag"],"picked":"hubris:RunicObelisk"}],"items_purged_floors":[],"is_endless":true,"potions_floor_spawned":[4,12,13,23,27,28],"killed_by":"Gensokyo:Mirror_and_Dog","ascension_level":0}}