{"host":"1hzg86ju9fvxh562","time":1609960433,"event":{"mods":["AchievementEnabler","Act Like it!","AlwaysNeverKeys","BaseMod","Bestiary","Better Altar","Better Match","Better Note","Better Sensory Stone","Better Skull","Better Third Choice","Colored Map","Colored Powertips","Curses Come First","Displayed Cursed Tome","Filter the Spire","Highlight Path","Keyboard Shortcuts","Minty Spire (QoL Compilation)","Rare Cards Sparkle","Relic Sorter","Relic Stats","Spicy Shops","StSLib","everything is the same but u backflip on backflip","slay the spire mod where everything is the same but ironclad has a cowboy hat"],"gold_per_floor":[119,44,44,55,55,83,103,103,103,103,103],"floor_reached":10,"playtime":285,"items_purged":[],"score":66,"play_id":"a07060a9-ba79-4d29-9b5c-a6408b0940c5","local_time":"20210106171353","is_ascension_mode":false,"campfire_choices":[{"data":"Eruption","floor":8,"key":"SMITH"}],"circlet_count":0,"master_deck":["Strike_P","Strike_P","Strike_P","Strike_P","Defend_P","Defend_P","Defend_P","Defend_P","Eruption+1","Vigilance","Impatience","Adaptation"],"relics":["Velvet Choker"],"acts_visited":["Exordium"],"potions_floor_usage":[],"damage_taken":[{"damage":1,"enemies":"Jaw Worm","floor":1,"turns":4},{"damage":0,"enemies":"Cultist","floor":4,"turns":4},{"damage":31,"enemies":"Gremlin Nob","floor":6,"turns":3},{"damage":1,"enemies":"2 Louse","floor":7,"turns":2},{"damage":18,"enemies":"Lagavulin","floor":10,"turns":7}],"seed_played":"-339571626222431628","potions_obtained":[{"floor":6,"key":"BottledMiracle"}],"is_trial":false,"path_per_floor":["M","?","?","M","?","E","M","R","T","E"],"character_chosen":"WATCHER","items_purchased":[],"campfire_rested":0,"item_purchase_floors":[],"current_hp_per_floor":[71,71,64,64,64,33,32,32,32,14,14],"gold":103,"neow_bonus":"BOSS_RELIC","is_daily":false,"chose_seed":false,"campfire_upgraded":1,"win_rate":0.0,"timestamp":1609960433,"path_taken":["M","?","?","?","?","E","?","R","T","E"],"items_purchased_type":[],"build_version":"2020-12-22","purchased_purges":0,"victory":false,"max_hp_per_floor":[72,72,72,72,72,72,72,72,72,72,72],"relic_stats":{"counters":[5,20],"obtain_stats":[{"Velvet Choker":0,"PureWater":0},{"Velvet Choker":0,"PureWater":0},{"Velvet Choker":0,"PureWater":0}]},"card_choices":[{"not_picked":["FollowUp","BowlingBash","ThirdEye"],"picked":"SKIP","floor":1},{"not_picked":["EmptyFist","Study","Consecrate"],"picked":"SKIP","floor":4},{"not_picked":["Purity","Panacea"],"picked":"Impatience","floor":5},{"not_picked":["ThirdEye","EmptyBody"],"picked":"Adaptation","floor":6},{"not_picked":["ThirdEye","Prostrate","ForeignInfluence"],"picked":"SKIP","floor":7}],"player_experience":438620,"relics_obtained":[],"event_choices":[{"damage_healed":0,"gold_gain":0,"player_choice":"3","damage_taken":0,"max_hp_gain":0,"max_hp_loss":0,"event_name":"betterMatch:BetterMatch","floor":2,"gold_loss":0,"cards_obtained":[]},{"damage_healed":0,"gold_gain":0,"player_choice":"Damaged","damage_taken":7,"max_hp_gain":0,"max_hp_loss":0,"event_name":"Wheel of Change","floor":3,"gold_loss":0},{"damage_healed":0,"gold_gain":1,"player_choice":"1","damage_taken":0,"max_hp_gain":0,"max_hp_loss":0,"event_name":"betterStone:BetterStone","floor":5,"gold_loss":0}],"is_beta":false,"boss_relics":[],"items_purged_floors":[],"is_endless":false,"potions_floor_spawned":[6],"killed_by":"Lagavulin","ascension_level":0}}