{"host":"h5acbxt0wmjo1kpm","time":1609936172,"event":{"mods":["2.2 Compatiblity","Act Like it!","AlwaysNeverKeys","Aspiration","Bard","Bartender","BaseMod","Better Third Choice","Colored Map","Elementarium","Gensokyo","GifTheSpireLib","Hallownest","Marisa????????","Menagerie","Minty Spire (QoL Compilation)","Permanent Neow","Potionbrewer","Relic Filter","Remilia??????","Replay The Spire","Robot Space Explorer","RumiaBox-????????","Shade Mod","Spicy Shops","StSLib","Strawberry Spire","The Blackbeard","The Dragon Tamer","The Gatherer","The Hayseed","The Problem Sleuth","The Servant 0.9.4","Wandering Minibosses","vexMod"],"gold_per_floor":[114,144,27,27,107,141,159,359,410,445,460,490,502,515,515,586,586,605,462,473,473,51,79,79,90,159,175,195,195,228,251,251,328,328,338,338,389,430,430,430,176,203,203,234,234,43,59,105,105,116,116,116,116,116,16,46,46],"floor_reached":58,"playtime":5018,"items_purged":["Hallownest:curseDreamersLament","TheSimpletonMod:Strike_TheSimpleton","TheSimpletonMod:Strike_TheSimpleton"],"score":2285,"play_id":"583eca5b-3297-49ac-836e-6ab7d0f0de04","local_time":"20210106042932","is_ascension_mode":true,"campfire_choices":[{"data":"TheSimpletonMod:Innovate","floor":15.0,"key":"SMITH"},{"data":"TheSimpletonMod:ReapAndSow","floor":24,"key":"SMITH"},{"floor":43,"key":"RECALL"},{"data":"TheSimpletonMod:VolatileFumes","floor":49,"key":"SMITH"},{"data":"TheSimpletonMod:VolatileFumes","floor":51,"key":"SMITH"},{"data":"TheSimpletonMod:Chilis","floor":54,"key":"SMITH"}],"circlet_count":0,"master_deck":["AscendersBane","TheSimpletonMod:Defend_TheSimpleton+1","TheSimpletonMod:Defend_TheSimpleton","TheSimpletonMod:Haymaker","TheSimpletonMod:ReapAndSow+1","TheSimpletonMod:CloseScrape","TheSimpletonMod:Innovate+1","TheSimpletonMod:Thresh","TheSimpletonMod:TakeHeart+1","TheSimpletonMod:Swelter+1","TheSimpletonMod:Ferment+1","TheSimpletonMod:Ferment+1","TheSimpletonMod:Ferment+1","TheSimpletonMod:GoToMarket+1","TheSimpletonMod:Innovate+1","TheSimpletonMod:Swelter+1","TheSimpletonMod:VolatileFumes+1","TheSimpletonMod:Aerate+1","TheSimpletonMod:Aerate+1","TheSimpletonMod:Aerate+1","TheSimpletonMod:SoilSample+1","TheSimpletonMod:FanTheFlames+1","TheSimpletonMod:Chilis+1","TheSimpletonMod:VineRipen+1","TheSimpletonMod:CropDiversity+1","TheSimpletonMod:Mushrooms+1","TheSimpletonMod:VolatileFumes+1"],"relics":["TheSimpletonMod:SpudOfTheInnocent","TheSimpletonMod:NightSoil","TheSimpletonMod:TheHarvester","NeowsBlessing","Replay:Mystery Machine","Toxic Egg 2","aspiration:ArtOfWarUpgrade","Oddly Smooth Stone","aspiration:StickyExplosives","Dead Branch","strawberrySpire:Dictionifier","vexMod:Spyglass","Hallownest:WatcherSealRelic","Torii","War Paint","wanderingMiniBosses:Inkheart","Garlic","Regal Pillow","Replay:Bronze Core","Cleaning_Rag","Pen Nib","strawberrySpire:GlyphStone","Toy Ornithopter","The Courier","vexMod:BarristanHead","White Beast Statue","CeramicFish","Bag of Preparation"],"acts_visited":["Gensokyo:Gensokyo","Hallownest:CityofTears","TheBeyond","TheEnding"],"potions_floor_usage":[30,33,37,42,48,52,57],"damage_taken":[{"damage":0.0,"enemies":"Gensokyo:2_Kodama","floor":1.0,"turns":1.0},{"damage":0.0,"enemies":"Gensokyo:Cirno","floor":2.0,"turns":2.0},{"damage":10.0,"enemies":"Gensokyo:Mamizou","floor":6.0,"turns":6.0},{"damage":24.0,"enemies":"Gensokyo:Gryphon","floor":7.0,"turns":6.0},{"damage":0.0,"enemies":"Gensokyo:3_Fairies","floor":8.0,"turns":5.0},{"damage":9.0,"enemies":"Gensokyo:Aya","floor":10.0,"turns":4.0},{"damage":0.0,"enemies":"Gensokyo:VengefulSpirit","floor":11.0,"turns":3.0},{"damage":16.0,"enemies":"Gensokyo:Mamizou","floor":12.0,"turns":8.0},{"damage":0.0,"enemies":"Gensokyo:LivingMonolith","floor":13.0,"turns":2.0},{"damage":3.0,"enemies":"Gensokyo:3_Kodama","floor":14.0,"turns":3.0},{"damage":29.0,"enemies":"Gensokyo:Yukari","floor":16.0,"turns":7.0},{"damage":21.0,"enemies":"Hallownest:3_Youths","floor":18.0,"turns":4.0},{"damage":11.0,"enemies":"Hallownest:2_Mistakes","floor":20.0,"turns":6.0},{"damage":0.0,"enemies":"Hallownest:eliteWatcherKnight","floor":23.0,"turns":11.0},{"damage":11,"enemies":"Hallownest:2_Husk_Sentries","floor":25,"turns":4},{"damage":1,"enemies":"Hallownest:Master_and_Novice","floor":27,"turns":3},{"damage":0,"enemies":"Hallownest:monsterShrumalOgre","floor":28,"turns":4},{"damage":0,"enemies":"Hallownest:Nosk","floor":30,"turns":5},{"damage":8,"enemies":"Hallownest:BossGrimm","floor":33,"turns":8},{"damage":0,"enemies":"3 Darklings","floor":35,"turns":4},{"damage":1,"enemies":"2 Orb Walkers","floor":37,"turns":2},{"damage":0,"enemies":"Reptomancer","floor":42,"turns":3},{"damage":6,"enemies":"R_Hoarder","floor":44,"turns":6},{"damage":0,"enemies":"3 Shapes","floor":47,"turns":3},{"damage":0,"enemies":"Nemesis","floor":48,"turns":3},{"damage":0,"enemies":"Maw","floor":50,"turns":3},{"damage":9,"enemies":"Donu and Deca","floor":52,"turns":5},{"damage":0,"enemies":"Shield and Spear","floor":56,"turns":2},{"damage":39,"enemies":"The Heart","floor":57,"turns":5}],"seed_played":"-8859225211069815904","potions_obtained":[{"floor":6.0,"key":"Regen Potion"},{"floor":10.0,"key":"Weak Potion"},{"floor":11.0,"key":"Toxic Potion"},{"floor":13.0,"key":"Adrenaline Potion"},{"floor":14.0,"key":"potionbrewer:NoxiousPotion"},{"floor":23.0,"key":"potionbrewer:NoxiousPotion"},{"floor":30,"key":"Milkshake"},{"floor":36,"key":"TheSimpletonMod:KindlingPotion"},{"floor":37,"key":"FearPotion"},{"floor":47,"key":"potionbrewer:DiscountPotion"},{"floor":48,"key":"DuplicationPotion"},{"floor":56,"key":"potionbrewer:BoundlessPotion"}],"is_trial":false,"path_per_floor":["M","?","COS","?","?","E","M","M","T","E","M","E","M","M","R","B",null,"M","$","M","?","$","E","R","M","T","M","M","R","E","T","R_BF","B",null,"M","?","?","?","PTL","PTL","$","E","R","E","T","$","M","E","R","M","R","B",null,"R","$","E","B",null],"character_chosen":"THE_SIMPLETON","items_purchased":["vexMod:Spyglass","TheSimpletonMod:Aerate+1","Torii","strawberrySpire:GlyphStone","White Beast Statue"],"campfire_rested":0,"item_purchase_floors":[19,22,22,41,46],"current_hp_per_floor":[64,64,64,50,50,40,16,30,30,47,56,49,58,64,64,40,63,42,42,45,45,45,54,54,48,48,56,60,60,65,65,65,64,69,71,71,70,53,53,53,53,57,57,59,59,59,64,71,71,71,71,66,70,70,70,70,45],"gold":46,"neow_bonus":"THREE_ENEMY_KILL","is_daily":false,"chose_seed":false,"campfire_upgraded":5,"win_rate":0.0,"timestamp":1609936172,"path_taken":["M","?","COS","?","?","E","M","M","T","E","?","E","M","M","R","BOSS","M","$","M","?","$","E","R","M","T","M","M","R","E","?","R_BF","BOSS","M","?","?","?","PTL","PTL","?","E","R","E","T","?","?","E","R","M","R","BOSS","R","$","E","BOSS"],"items_purchased_type":["Relic","Card","Relic","Relic","Relic"],"build_version":"2020-12-22","purchased_purges":3,"victory":true,"max_hp_per_floor":[71,71,71,71,71,71,71,71,71,71,71,71,71,71,71,71,71,71,71,71,71,71,71,71,71,71,71,71,71,71,71,71,71,71,71,71,71,71,71,71,71,71,71,71,71,71,71,71,71,71,71,71,71,71,71,71,71],"card_choices":[{"not_picked":["TheSimpletonMod:SeedCoat","TheSimpletonMod:CropRotation"],"picked":"TheSimpletonMod:CloseScrape","floor":1.0},{"not_picked":["TheSimpletonMod:Sunchoke","TheSimpletonMod:Fertilaser"],"picked":"TheSimpletonMod:Innovate","floor":2.0},{"not_picked":["TheSimpletonMod:Sunchoke","TheSimpletonMod:DigIn+1"],"picked":"TheSimpletonMod:Thresh","floor":6.0},{"not_picked":["TheSimpletonMod:ErosionControl","TheSimpletonMod:CropDiversity"],"picked":"TheSimpletonMod:TakeHeart","floor":7.0},{"not_picked":["TheSimpletonMod:Swelter+1","TheSimpletonMod:SpiceUp+1","TheSimpletonMod:GoToMarket+1"],"picked":"SKIP","floor":7.0},{"not_picked":["TheSimpletonMod:SpiceUp+1","TheSimpletonMod:GoToMarket+1"],"picked":"TheSimpletonMod:Swelter+1","floor":7.0},{"not_picked":["TheSimpletonMod:SaladShooter","TheSimpletonMod:Fertilaser"],"picked":"TheSimpletonMod:Ferment+1","floor":8.0},{"not_picked":["TheSimpletonMod:ToughenUp+1","TheSimpletonMod:Surplus+1"],"picked":"TheSimpletonMod:Ferment+1","floor":10.0},{"not_picked":["TheSimpletonMod:RootDown","TheSimpletonMod:BumperCrop+1"],"picked":"TheSimpletonMod:Ferment+1","floor":11.0},{"not_picked":["TheSimpletonMod:Rototilling+1","TheSimpletonMod:CloseScrape"],"picked":"TheSimpletonMod:GoToMarket+1","floor":12.0},{"not_picked":["TheSimpletonMod:PestManagement","TheSimpletonMod:VineRipen+1"],"picked":"TheSimpletonMod:Innovate+1","floor":13.0},{"not_picked":["TheSimpletonMod:Aerate+1","TheSimpletonMod:SeedCoat+1"],"picked":"TheSimpletonMod:Swelter+1","floor":14.0},{"not_picked":["TheSimpletonMod:Surplus+1","TheSimpletonMod:Barnstorm"],"picked":"TheSimpletonMod:VolatileFumes","floor":16.0},{"not_picked":["TheSimpletonMod:CloseScrape","TheSimpletonMod:SaladShooter","TheSimpletonMod:Fertilaser+1"],"picked":"SKIP","floor":18.0},{"not_picked":["TheSimpletonMod:ToughenUp+1","TheSimpletonMod:DigIn+1","TheSimpletonMod:SpiceUp+1"],"picked":"SKIP","floor":20.0},{"not_picked":["TheSimpletonMod:CropRotation+1","TheSimpletonMod:Rototilling+1","TheSimpletonMod:Polyculture+1"],"picked":"SKIP","floor":23.0},{"not_picked":["TheSimpletonMod:SeedCoat+1","TheSimpletonMod:PestManagement"],"picked":"TheSimpletonMod:Aerate+1","floor":25},{"not_picked":["TheSimpletonMod:SeedCoat+1","TheSimpletonMod:Rake","TheSimpletonMod:Rototilling+1"],"picked":"SKIP","floor":27},{"not_picked":["TheSimpletonMod:GoToMarket+1","TheSimpletonMod:StockTheCellar+1"],"picked":"TheSimpletonMod:SoilSample+1","floor":28},{"not_picked":["TheSimpletonMod:Swelter+1","TheSimpletonMod:CullingStrike"],"picked":"TheSimpletonMod:FanTheFlames+1","floor":30},{"not_picked":["TheSimpletonMod:DesperatePlunge+1","TheSimpletonMod:Surplus+1"],"picked":"TheSimpletonMod:Chilis","floor":33},{"not_picked":["TheSimpletonMod:SlashAndBurn","TheSimpletonMod:VineRipen+1","TheSimpletonMod:Aerate+1"],"picked":"SKIP","floor":35},{"not_picked":["TheSimpletonMod:Polyculture+1","TheSimpletonMod:BumperCrop+1"],"picked":"TheSimpletonMod:VineRipen+1","floor":38},{"not_picked":["TheSimpletonMod:Thresh","TheSimpletonMod:SlashAndBurn+1","TheSimpletonMod:Mulch+1"],"picked":"SKIP","floor":42},{"not_picked":["TheSimpletonMod:SlashAndBurn","TheSimpletonMod:Rototilling+1"],"picked":"TheSimpletonMod:VolatileFumes","floor":44},{"not_picked":["TheSimpletonMod:Rake+1","TheSimpletonMod:BumperCrop+1","TheSimpletonMod:OnionBloom+1"],"picked":"SKIP","floor":47},{"not_picked":["TheSimpletonMod:OnionBloom+1","TheSimpletonMod:CullingStrike","TheSimpletonMod:DigIn+1"],"picked":"SKIP","floor":48},{"not_picked":["TheSimpletonMod:Thresh","TheSimpletonMod:Sunseed","TheSimpletonMod:ToughenUp+1"],"picked":"SKIP","floor":50},{"not_picked":["TheSimpletonMod:DoubleBarrel","TheSimpletonMod:CloseScrape+1","TheSimpletonMod:Barnstorm"],"picked":"SKIP","floor":56}],"player_experience":2153370,"relics_obtained":[{"floor":2.0,"key":"Replay:Mystery Machine"},{"floor":6.0,"key":"Toxic Egg 2"},{"floor":9.0,"key":"Oddly Smooth Stone"},{"floor":10.0,"key":"aspiration:StickyExplosives"},{"floor":12.0,"key":"Dead Branch"},{"floor":23.0,"key":"War Paint"},{"floor":25,"key":"wanderingMiniBosses:Inkheart"},{"floor":26,"key":"Garlic"},{"floor":30,"key":"Regal Pillow"},{"floor":37,"key":"Cleaning_Rag"},{"floor":38,"key":"Pen Nib"},{"floor":42,"key":"Toy Ornithopter"},{"floor":44,"key":"The Courier"},{"floor":45,"key":"vexMod:BarristanHead"},{"floor":48,"key":"CeramicFish"},{"floor":56,"key":"Bag of Preparation"}],"event_choices":[{"damage_healed":0,"gold_gain":0,"player_choice":"Fight","damage_taken":0,"max_hp_gain":0,"max_hp_loss":0,"event_name":"Mysterious Sphere","floor":37,"gold_loss":0}],"is_beta":false,"boss_relics":[{"not_picked":["Cursed Key","Busted Crown"],"picked":"strawberrySpire:Dictionifier"},{"not_picked":["SacredBark","Replay:Wanted Poster"],"picked":"Replay:Bronze Core"}],"items_purged_floors":[22,41,55],"is_endless":false,"potions_floor_spawned":[6,10,11,12,13,14,23,27,28,30,37,47,48,50,56],"ascension_level":14}}