{"host":"dmdprxj8bosbz96f","time":1609909414,"event":{"mods":["AchievementEnabler","BaseMod","Colored Map","DeckTracker","Minty Spire (QoL Compilation)","Quick Restart","SuperFastMode","everything is the same but u backflip on backflip"],"gold_per_floor":[109,109,129,5,18,18,18,18,41,41,74,87,87,105,105,105,105],"floor_reached":16,"playtime":415,"items_purged":["Defend_G"],"score":125,"play_id":"933bcc80-ee65-4c20-b526-7e9003a060de","local_time":"20210106140334","is_ascension_mode":true,"campfire_choices":[{"data":"Backflip","floor":6,"key":"SMITH"},{"data":"Deflect","floor":10,"key":"SMITH"},{"floor":13,"key":"REST"},{"floor":15,"key":"REST"}],"circlet_count":0,"master_deck":["Strike_G","Strike_G","Strike_G+1","Strike_G","Strike_G","Defend_G","Defend_G","Defend_G+1","Survivor","Neutralize","Dodge and Roll","Backflip+1","Deflect+1","Catalyst","Deflect"],"relics":["Ring of the Snake","NeowsBlessing","Boot","Happy Flower"],"acts_visited":["Exordium"],"potions_floor_usage":[11,11,16],"damage_taken":[{"damage":0,"enemies":"2 Louse","floor":1,"turns":1},{"damage":0,"enemies":"Cultist","floor":3,"turns":1},{"damage":0,"enemies":"Jaw Worm","floor":5,"turns":1},{"damage":29,"enemies":"Gremlin Nob","floor":11,"turns":5},{"damage":8,"enemies":"Exordium Wildlife","floor":12,"turns":6},{"damage":15,"enemies":"Exordium Thugs","floor":14,"turns":7},{"damage":49,"enemies":"Hexaghost","floor":16,"turns":16}],"seed_played":"8251869161958011965","potions_obtained":[{"floor":1,"key":"Block Potion"},{"floor":3,"key":"PowerPotion"},{"floor":12,"key":"Energy Potion"},{"floor":14,"key":"Weak Potion"}],"is_trial":false,"path_per_floor":["M","?","M","$","M","R","?","$","T","R","E","M","R","M","R","B"],"character_chosen":"THE_SILENT","items_purchased":["Deflect"],"campfire_rested":2,"item_purchase_floors":[4],"current_hp_per_floor":[70,70,70,70,70,70,56,56,56,56,27,19,40,25,46,0,0],"gold":105,"neow_bonus":"THREE_ENEMY_KILL","is_daily":false,"chose_seed":false,"campfire_upgraded":2,"win_rate":0.0,"timestamp":1609909414,"path_taken":["M","?","?","$","?","R","?","?","T","R","E","M","R","M","R","BOSS"],"items_purchased_type":["Card"],"build_version":"2020-12-22","purchased_purges":1,"victory":false,"max_hp_per_floor":[70,70,70,70,70,70,70,70,70,70,70,70,70,70,70,70,70],"card_choices":[{"not_picked":["Predator","Expertise"],"picked":"Dodge and Roll","floor":1},{"not_picked":["Cloak And Dagger","Catalyst"],"picked":"Backflip","floor":3},{"not_picked":["Distraction","Concentrate","Terror"],"picked":"SKIP","floor":5},{"not_picked":["Underhanded Strike","Deflect"],"picked":"Catalyst","floor":11},{"not_picked":["Flying Knee","Heel Hook","Underhanded Strike"],"picked":"SKIP","floor":12},{"not_picked":["Concentrate","Calculated Gamble"],"picked":"Deflect","floor":14}],"player_experience":159466,"relics_obtained":[{"floor":9,"key":"Boot"},{"floor":11,"key":"Happy Flower"}],"event_choices":[{"cards_removed":["Defend_G"],"damage_healed":0,"gold_gain":0,"player_choice":"Offered Basic","damage_taken":0,"max_hp_gain":0,"max_hp_loss":0,"event_name":"Bonfire Elementals","floor":2,"gold_loss":0},{"damage_healed":0,"gold_gain":0,"player_choice":"Entered Light","damage_taken":14,"max_hp_gain":0,"max_hp_loss":0,"event_name":"Shining Light","floor":7,"gold_loss":0,"cards_upgraded":["Defend_G","Strike_G"]}],"is_beta":false,"boss_relics":[],"items_purged_floors":[4],"is_endless":false,"potions_floor_spawned":[1,3,12,14],"killed_by":"Hexaghost","ascension_level":5}}