{"host":"cbabs5wvj1yqiyjm","time":1609975924,"event":{"mods":["AchievementEnabler","Act Like it!","Bartender","BaseMod","Bestiary","Better Third Choice","BetterRewards","Colored Powertips","Downfall","Friendly Minions","Hallownest","Hermit","Infinite Spire","Marisa????????","Minty Spire (QoL Compilation)","Rare Cards Sparkle","Replay The Spire","SOS???????","Spicy Shops","StSLib","Td1madao Mod","The Bladedancer","The Bug Knight","The Cursed","The Disciple","The Forsaken","The Marked","The Necromancer","The Servant 0.9.4","Wandering Minibosses","???Mod??????Boss"],"gold_per_floor":[113,113,188,208,19,19,19,34,34,34,54,89,109,127,127,127,127],"floor_reached":16,"playtime":963,"items_purged":[],"score":102,"play_id":"6adcae0d-249d-468b-947e-8e300f795004","local_time":"20210106183204","is_ascension_mode":false,"campfire_choices":[{"data":"Phantom_Blow","floor":10,"key":"SMITH"},{"floor":15,"key":"REST"}],"circlet_count":0,"master_deck":["Strike_Bartender","Strike_Bartender","Strike_Bartender","Strike_Bartender","Defend_Bartender","Defend_Bartender","Defend_Bartender","Defend_Bartender","Somersault","hermit:Defend_Hermit","Defend_MRS","Moonsault_Kick","Hook+1","Phantom_Blow+1","On_The_Rocks","Dart","Dragonkick","Step_Of_The_Wind","Dragonkick","Insight_B","Coeurl_Form","Press_Forward"],"relics":["Sneakers","Replay:Multitool","Dream Catcher","Potion Belt"],"acts_visited":["Exordium"],"potions_floor_usage":[16,16],"damage_taken":[{"damage":7,"enemies":"2 Louse","floor":1,"turns":4},{"damage":6,"enemies":"Jaw Worm","floor":4,"turns":4},{"damage":1,"enemies":"Cultist","floor":8,"turns":4},{"damage":1,"enemies":"Looter","floor":11,"turns":4},{"damage":4,"enemies":"Replay:BlueRogue","floor":12,"turns":6},{"damage":45,"enemies":"Exordium Thugs","floor":13,"turns":8},{"damage":0,"enemies":"Gremlin Gang","floor":14,"turns":8},{"damage":40,"enemies":"The Guardian","floor":16,"turns":10}],"seed_played":"3986554560685363281","potions_obtained":[{"floor":1,"key":"Guardian:BlockOnCardUsePotion"},{"floor":14,"key":"SteroidPotion"}],"is_trial":false,"path_per_floor":["M","?","?","M","$","R","$","M","T","R","M","E","M","M","R","B"],"character_chosen":"BARTENDER","items_purchased":["On_The_Rocks","Replay:Multitool","Dart"],"campfire_rested":1,"item_purchase_floors":[5,5,5],"current_hp_per_floor":[63,63,56,50,50,70,70,69,69,69,68,64,19,19,40,0,0],"gold":127,"neow_bonus":"THREE_RARE_CARDS","is_daily":false,"chose_seed":false,"campfire_upgraded":1,"win_rate":0.0,"timestamp":1609975924,"path_taken":["M","?","?","M","$","R","$","M","T","R","?","E","M","M","R","BOSS"],"items_purchased_type":["Card","Relic","Card"],"build_version":"2020-12-22","purchased_purges":0,"victory":false,"max_hp_per_floor":[70,70,70,70,70,70,70,70,70,70,70,70,70,70,70,70,70],"card_choices":[{"not_picked":["Windup","Butterfly_Float"],"picked":"Moonsault_Kick","floor":0},{"not_picked":["Greased_Lightning","Snap_Punch"],"picked":"Hook","floor":1},{"not_picked":["Blizzard_Spikes","On_The_Rocks"],"picked":"Phantom_Blow","floor":4},{"not_picked":["Snap_Punch","Scoop"],"picked":"Dragonkick","floor":8},{"not_picked":["ThreeSidedStar","Ball_Of_Ice"],"picked":"Step_Of_The_Wind","floor":11},{"not_picked":["Glare","Greased_Lightning"],"picked":"Dragonkick","floor":12},{"not_picked":["Combo_Master","Axe_Heel_Kick"],"picked":"Insight_B","floor":13},{"not_picked":["Ripple","Step_Of_The_Wind"],"picked":"Coeurl_Form","floor":14},{"not_picked":["Rising_Crane","Foot_Thrust"],"picked":"Press_Forward","floor":15}],"player_experience":33676,"relics_obtained":[{"floor":9,"key":"Dream Catcher"},{"floor":12,"key":"Potion Belt"}],"event_choices":[{"damage_healed":63,"gold_gain":0,"player_choice":"Leave","damage_taken":0,"max_hp_gain":0,"max_hp_loss":70,"event_name":"betterThird:BetterShining","floor":2,"gold_loss":0},{"damage_healed":0,"gold_gain":75,"player_choice":"Touch","damage_taken":7,"max_hp_gain":0,"max_hp_loss":0,"event_name":"FaceTrader","floor":3,"gold_loss":0}],"is_beta":false,"boss_relics":[],"items_purged_floors":[],"is_endless":false,"potions_floor_spawned":[1,14],"killed_by":"The Guardian","ascension_level":0}}