{"host":"4nqeo0vu1vuav7gg","time":1609954277,"event":{"mods":["AchievementEnabler","BaseMod","Block Reminder","Colored Map","Colored Powertips","Highlight Path","Minty Spire (QoL Compilation)","Quick Restart","Rare Cards Sparkle","Relic Relevance Reorder","StSLib"],"gold_per_floor":[117,67,86,86,110,143,218,218,290,316,331,345,520,520,520,520,520],"floor_reached":16,"playtime":578,"items_purged":[],"score":167,"play_id":"088b0f10-92ae-4cce-97bb-abe8104fa75e","local_time":"20210106183117","is_ascension_mode":true,"campfire_choices":[{"data":"Double Tap","floor":8,"key":"SMITH"},{"floor":15,"key":"REST"}],"circlet_count":0,"master_deck":["AscendersBane","Strike_R","Strike_R","Strike_R","Strike_R","Defend_R","Defend_R","Defend_R","Defend_R","Bash","Dropkick","Seeing Red","Headbutt","Perfected Strike","Double Tap+1","Inflame","Intimidate","Anger","Power Through","Intimidate"],"relics":["Burning Blood","Happy Flower","Lantern","Bottled Flame","Prayer Wheel","Peace Pipe"],"acts_visited":["Exordium"],"potions_floor_usage":[6,12,12],"damage_taken":[{"damage":6,"enemies":"Cultist","floor":1,"turns":3},{"damage":7,"enemies":"Jaw Worm","floor":3,"turns":3},{"damage":29,"enemies":"Gremlin Nob","floor":6,"turns":4},{"damage":30,"enemies":"Lagavulin","floor":10,"turns":5},{"damage":3,"enemies":"2 Louse","floor":11,"turns":2},{"damage":5,"enemies":"Exordium Wildlife","floor":12,"turns":4},{"damage":36,"enemies":"The Guardian","floor":16,"turns":9}],"seed_played":"7526048478627295095","potions_obtained":[{"floor":1,"key":"Fire Potion"},{"floor":6,"key":"SpeedPotion"},{"floor":10,"key":"SteroidPotion"}],"is_trial":false,"path_per_floor":["M","?","M","?","T","E","?","R","T","E","M","M","?","?","R","B"],"character_chosen":"IRONCLAD","items_purchased":[],"campfire_rested":1,"item_purchase_floors":[],"current_hp_per_floor":[72,72,71,76,76,53,42,42,42,18,21,22,22,22,45,9,9],"gold":520,"neow_bonus":"ONE_RARE_RELIC","is_daily":false,"chose_seed":false,"campfire_upgraded":1,"win_rate":0.0,"timestamp":1609954277,"path_taken":["M","?","M","?","?","E","?","R","T","E","?","?","?","?","R","BOSS"],"items_purchased_type":[],"build_version":"2020-12-22","purchased_purges":0,"victory":false,"max_hp_per_floor":[72,72,72,77,77,77,77,77,77,77,77,77,77,77,77,77,77],"card_choices":[{"not_picked":["Disarm","Shrug It Off"],"picked":"Dropkick","floor":1},{"not_picked":["Pommel Strike","Havoc"],"picked":"Seeing Red","floor":1},{"not_picked":["Armaments","Rampage"],"picked":"Headbutt","floor":3},{"not_picked":["Clash","Havoc"],"picked":"Perfected Strike","floor":3},{"not_picked":["Bloodletting","Body Slam"],"picked":"Double Tap","floor":6},{"not_picked":["Whirlwind","Entrench"],"picked":"Inflame","floor":10},{"not_picked":["Sentinel","Blood for Blood"],"picked":"Intimidate","floor":11},{"not_picked":["Wild Strike","Headbutt"],"picked":"Anger","floor":11},{"not_picked":["Twin Strike","Sword Boomerang"],"picked":"Power Through","floor":12},{"not_picked":["Entrench","Armaments"],"picked":"Intimidate","floor":12}],"player_experience":1053080,"relics_obtained":[{"floor":5,"key":"Happy Flower"},{"floor":6,"key":"Lantern"},{"floor":9,"key":"Bottled Flame"},{"floor":10,"key":"Peace Pipe"}],"event_choices":[{"cards_removed":["Strike_R"],"damage_healed":0,"gold_gain":0,"player_choice":"Card Removal","damage_taken":0,"max_hp_gain":0,"max_hp_loss":0,"event_name":"The Cleric","floor":2,"gold_loss":50},{"damage_healed":0,"gold_gain":0,"player_choice":"Donut","damage_taken":0,"max_hp_gain":5,"max_hp_loss":0,"event_name":"Big Fish","floor":4,"gold_loss":0},{"damage_healed":0,"gold_gain":75,"player_choice":"Gather Gold","damage_taken":11,"max_hp_gain":0,"max_hp_loss":0,"event_name":"World of Goop","floor":7,"gold_loss":0},{"damage_healed":0,"gold_gain":175,"player_choice":"AGREE","damage_taken":0,"max_hp_gain":0,"max_hp_loss":0,"event_name":"Liars Game","floor":13,"gold_loss":0,"cards_obtained":["Doubt"]},{"cards_removed":["Doubt"],"damage_healed":0,"gold_gain":0,"player_choice":"Forget","damage_taken":0,"max_hp_gain":0,"max_hp_loss":0,"event_name":"Living Wall","floor":14,"gold_loss":0}],"is_beta":false,"boss_relics":[],"items_purged_floors":[],"is_endless":false,"potions_floor_spawned":[1,6,10],"killed_by":"The Guardian","ascension_level":11}}