{"host":"o4pit0n7y0vm2e4t","time":1609896372,"event":{"mods":["Aspiration","BaseMod","Better Altar","Better Match","Better Note","Better Sensory Stone","Better Skull","Better Third Choice","Colored Map","Conspire","Downfall","Friendly Minions","Googly Eyes","Halation","Hermit","HexUI Lib","Hubris","Minty Spire (QoL Compilation)","RatMod","Replay The Spire","Spikes Relics","StSLib","The Hierophant","The Jungle","The Necromancer"],"gold_per_floor":[116,116,66,66,66,66,76,101,101,134,134,59,59,59,74,102,102,204,204,214,214,233,245,145,162,194,194,194,224,238,163,438,458,458,560,560,576,576,289,289,289,289,321,119,119,119,119,119,134,0,0,0],"floor_reached":53,"playtime":2725,"items_purged":["Defend_R","Strike_R","Strike_R"],"score":790,"play_id":"f5a37860-f45d-48ec-9d43-acb80dd80f66","local_time":"20210105202612","is_ascension_mode":true,"campfire_choices":[{"data":"conspire:ExplosiveBarrier","floor":9.0,"key":"SMITH"},{"data":"Bash","floor":14.0,"key":"SMITH"},{"data":"Cleave","floor":17.0,"key":"SMITH"},{"floor":27.0,"key":"REST"},{"data":"Regret","floor":34.0,"key":"PURGE"},{"floor":42.0,"key":"RECALL"},{"floor":46.0,"key":"REST"},{"floor":48.0,"key":"REST"},{"floor":51.0,"key":"REST"}],"circlet_count":0,"master_deck":["Defend_R","Defend_R","Defend_R","Bash+1","conspire:ExplosiveBarrier+1","ReplayTheSpireMod:Stacked","Cleave+1","ReplayTheSpireMod:Limb From Limb+1","Eclipse","ReplayTheSpireMod:Muscle Training+1","Run Through","Shockwave","Absolvement","ReplayTheSpireMod:Stacked+1","Carnage+1","Fiend Fire+1","Limit Break+1","Bludgeon+1","Fiend Fire+1","hubris:ReadiedAction+1","conspire:ExplosiveBarrier"],"relics":["Burning Blood","NeowsBlessing","halation:PinkSoulGem","Juzu Bracelet","Blue Doll","hubris:PeanutButter","Blood Vial","Fusion Hammer","ReplayTheSpireMod:Shallot","hubris:SlimyHat","halation:WeightlessCrab","hubris:ChampionShield","ChewingGum","halation:EternalFortune","Ornamental Fan","BlackRope","Red Mask"],"acts_visited":["Exordium","TheCity","TheBeyond"],"potions_floor_usage":[52,52],"damage_taken":[{"damage":0.0,"enemies":"Cultist","floor":1.0,"turns":1.0},{"damage":0.0,"enemies":"2 Louse","floor":7.0,"turns":1.0},{"damage":0.0,"enemies":"Gremlin Nob","floor":8.0,"turns":1.0},{"damage":46.0,"enemies":"Lagavulin","floor":10.0,"turns":8.0},{"damage":0.0,"enemies":"Jaw Worm","floor":15.0,"turns":3.0},{"damage":0.0,"enemies":"3 Sentries","floor":16.0,"turns":1.0},{"damage":55.0,"enemies":"Slime Boss","floor":18.0,"turns":10.0},{"damage":6.0,"enemies":"Chosen","floor":20.0,"turns":4.0},{"damage":7.0,"enemies":"Spheric Guardian","floor":22.0,"turns":5.0},{"damage":10.0,"enemies":"conspire:HollyBat","floor":23.0,"turns":7.0},{"damage":0.0,"enemies":"Chosen and Byrds","floor":25.0,"turns":4.0},{"damage":12.0,"enemies":"conspire:Head Lice","floor":26.0,"turns":7.0},{"damage":8.0,"enemies":"Slavers","floor":29.0,"turns":7.0},{"damage":2.0,"enemies":"Snecko","floor":30.0,"turns":4.0},{"damage":7.0,"enemies":"Snake Plant","floor":33.0,"turns":3.0},{"damage":32.0,"enemies":"hubris:MusketHawk","floor":35.0,"turns":9.0},{"damage":15.0,"enemies":"3 Darklings","floor":37.0,"turns":5.0},{"damage":62.0,"enemies":"Reptomancer","floor":43.0,"turns":8.0},{"damage":0.0,"enemies":"Orb Walker","floor":49.0,"turns":2.0},{"damage":27,"enemies":"Replay:Hell Engine","floor":52,"turns":7}],"seed_played":"2786463341270435503","potions_obtained":[{"floor":8.0,"key":"BloodPotion"},{"floor":10.0,"key":"HeartOfIron"},{"floor":16.0,"key":"Doom Potion"},{"floor":20.0,"key":"FearPotion"},{"floor":22.0,"key":"Ancient Potion"},{"floor":30.0,"key":"Guardian:BlockOnCardUsePotion"},{"floor":33.0,"key":"SkillPotion"},{"floor":35.0,"key":"AttackPotion"},{"floor":49.0,"key":"Venom Potion"}],"is_trial":false,"path_per_floor":["M","?","?","$","PTL","PTL","M","E","R","E","T","$","?","R","M","E","R","B",null,"M","T","M","M","$","M","E","R","T","E","M","?","?","M","R_BF","B",null,"M","?","$","?","?","R","E","$","T","R","?","R","M","?","R","B",null],"character_chosen":"IRONCLAD","items_purchased":["Fiend Fire+1","Fruit Juice","FairyPotion","conspire:ExplosiveBarrier"],"campfire_rested":4,"item_purchase_floors":[39,39,39,44],"current_hp_per_floor":[80,80,80,80,80,80,80,80,80,40,40,40,40,40,46,52,52,21,65,67,67,68,66,66,74,70,80,80,78,80,80,80,79,79,54,74,67,67,72,72,75,75,21,21,21,47,47,73,81,81,88,67],"gold":0,"neow_bonus":"THREE_ENEMY_KILL","is_daily":false,"chose_seed":false,"campfire_upgraded":3,"win_rate":0.0,"timestamp":1609896372,"path_taken":["M","?","?","$","PTL","PTL","M","E","R","E","T","$","?","R","M","E","R","BOSS","M","?","M","M","$","M","E","R","T","E","M","?","?","M","R_BF","BOSS","M","?","$","?","?","R","E","$","T","R","?","R","M","?","R","BOSS"],"items_purchased_type":["Card","Potion","Potion","Card"],"build_version":"2020-12-22","purchased_purges":3,"victory":true,"max_hp_per_floor":[80,80,80,80,80,80,80,80,80,80,80,80,80,80,80,80,80,80,80,80,80,80,80,80,80,80,80,80,80,80,80,80,80,80,80,80,80,80,85,85,88,88,88,88,88,88,88,88,88,88,88,88],"card_choices":[{"not_picked":["Heavy Blade","Iron Wave","Defy Death"],"picked":"SKIP","floor":1.0},{"not_picked":["Flex","Whirlwind"],"picked":"conspire:ExplosiveBarrier","floor":7.0},{"not_picked":["Fire Breathing","ReplayTheSpireMod:Corrosion Curse"],"picked":"ReplayTheSpireMod:Stacked","floor":8.0},{"not_picked":["Fire Breathing","Havoc","Battle Trance"],"picked":"SKIP","floor":10.0},{"not_picked":["Fire Breathing","Heavy Blade"],"picked":"Cleave","floor":15.0},{"not_picked":["Warcry","Twin Strike"],"picked":"ReplayTheSpireMod:Limb From Limb","floor":16.0},{"not_picked":["Limit Break","Demonic Infusion"],"picked":"Eclipse","floor":18.0},{"not_picked":["Flame Barrier","Metallicize"],"picked":"ReplayTheSpireMod:Muscle Training+1","floor":20.0},{"not_picked":["Battle Trance","hubris:SharpeningStone"],"picked":"Run Through","floor":22.0},{"not_picked":["Rampage+1","Clash"],"picked":"Shockwave","floor":23.0},{"not_picked":["Clash","Uppercut","Wild Strike"],"picked":"SKIP","floor":25.0},{"not_picked":["Clash","Uppercut","Wild Strike"],"picked":"SKIP","floor":25.0},{"not_picked":["Cleave","hubris:SharpeningStone"],"picked":"Absolvement","floor":26.0},{"not_picked":["Second Wind","Blood for Blood"],"picked":"ReplayTheSpireMod:Stacked+1","floor":29.0},{"not_picked":["Warcry+1","Heavy Blade"],"picked":"Carnage+1","floor":30.0},{"not_picked":["Replay:Many Hands+1","Demonic Infusion+1"],"picked":"Fiend Fire+1","floor":31.0},{"not_picked":["Exhume+1","hubris:StunningStrike+1"],"picked":"Limit Break+1","floor":31.0},{"not_picked":["Hemogenesis+1","Juggernaut+1"],"picked":"Bludgeon+1","floor":31.0},{"not_picked":["Rampage","Flex","Fire Breathing+1"],"picked":"SKIP","floor":33.0},{"not_picked":["Iron Wave+1","Anger","Clash"],"picked":"SKIP","floor":37.0},{"not_picked":["Clash","conspire:Purge"],"picked":"hubris:ReadiedAction+1","floor":43.0},{"not_picked":["Warcry+1","Perfected Strike","Replay:Undeath\u0027s Touch"],"picked":"SKIP","floor":49.0}],"player_experience":233887,"relics_obtained":[{"floor":8.0,"key":"Juzu Bracelet"},{"floor":10.0,"key":"Blue Doll"},{"floor":11.0,"key":"hubris:PeanutButter"},{"floor":16.0,"key":"Blood Vial"},{"floor":21.0,"key":"ReplayTheSpireMod:Shallot"},{"floor":26.0,"key":"hubris:SlimyHat"},{"floor":28.0,"key":"halation:WeightlessCrab"},{"floor":29.0,"key":"hubris:ChampionShield"},{"floor":43.0,"key":"Ornamental Fan"},{"floor":45.0,"key":"BlackRope"}],"event_choices":[{"cards_removed":["Strike_R"],"damage_healed":0.0,"max_hp_gain":0.0,"max_hp_loss":0.0,"gold_gain":0.0,"event_name":"The Cleric","player_choice":"Card Removal","floor":3.0,"gold_loss":50.0,"damage_taken":0.0},{"damage_healed":0.0,"max_hp_gain":0.0,"max_hp_loss":0.0,"gold_gain":0.0,"event_name":"The Woman in Blue","player_choice":"Bought 0 Potions","floor":13.0,"gold_loss":0.0,"damage_taken":0.0},{"damage_healed":0.0,"max_hp_gain":0.0,"max_hp_loss":0.0,"gold_gain":0.0,"event_name":"betterMatch:BetterMatch","player_choice":"3","floor":31.0,"gold_loss":0.0,"damage_taken":0.0,"cards_obtained":["betterMatch:RareCard"]},{"damage_healed":0.0,"max_hp_gain":0.0,"max_hp_loss":0.0,"gold_gain":275.0,"event_name":"Golden Shrine","player_choice":"Desecrate","floor":32.0,"gold_loss":0.0,"damage_taken":0.0,"cards_obtained":["Regret"]},{"damage_healed":0.0,"max_hp_gain":0.0,"max_hp_loss":0.0,"gold_gain":0.0,"event_name":"Upgrade Shrine","player_choice":"Upgraded","floor":38.0,"gold_loss":0.0,"damage_taken":0.0,"cards_upgraded":["ReplayTheSpireMod:Limb From Limb"]},{"cards_removed":["Strike_R"],"damage_healed":0.0,"max_hp_gain":0.0,"max_hp_loss":0.0,"gold_gain":0.0,"event_name":"Falling","player_choice":"Removed Attack","floor":40.0,"gold_loss":0.0,"damage_taken":0.0},{"cards_removed":["Strike_R"],"damage_healed":0.0,"max_hp_gain":0.0,"max_hp_loss":0.0,"gold_gain":0.0,"event_name":"Bonfire Elementals","player_choice":"Offered Basic","floor":47.0,"gold_loss":0.0,"damage_taken":0.0},{"damage_healed":0.0,"max_hp_gain":0.0,"max_hp_loss":0.0,"gold_gain":0.0,"event_name":"Tomb of Lord Red Mask","player_choice":"Paid","floor":50.0,"gold_loss":134.0,"damage_taken":0.0,"relics_obtained":["Red Mask"]}],"is_beta":false,"boss_relics":[{"not_picked":["Runic Dome","Sozu"],"picked":"Fusion Hammer"},{"not_picked":["conspire:SeveredTorchhead","Replay:Ancient Bell"],"picked":"ChewingGum"}],"items_purged_floors":[12,24,44],"is_endless":false,"potions_floor_spawned":[8,10,16,20,22,30,33,35,49],"ascension_level":5}}