{"host":"2461dio7vetlq1z3","time":1609891783,"event":{"mods":["2.2 Compatiblity","AchievementEnabler","BaseMod","Better Third Choice","Friendly Minions","Minty Spire (QoL Compilation)","Relic Stats","Spicy Shops","StSLib","The Marked","Waifu the Spire"],"gold_per_floor":[119,131,56,21,21,21,52,71,71,102,102,2,2,14,14,90,90,102,116,132,142,17,17,36,36,36],"floor_reached":25,"playtime":2250,"items_purged":["Strike_G","Defend_G","Strike_G"],"score":476,"play_id":"c806f4b4-4f7c-4016-9f8f-feca3511bcae","local_time":"20210106010943","is_ascension_mode":true,"campfire_choices":[{"data":"Neutralize","floor":6,"key":"SMITH"},{"data":"Night Terror","floor":11,"key":"SMITH"},{"data":"Dash","floor":13,"key":"SMITH"},{"data":"Leg Sweep","floor":15,"key":"SMITH"},{"data":"A Thousand Cuts","floor":23,"key":"SMITH"}],"circlet_count":0,"master_deck":["AscendersBane","Strike_G","Strike_G","Strike_G","Defend_G","Defend_G","Defend_G","Defend_G","Survivor","Neutralize+1","Backstab","Dash+1","Night Terror+1","Dodge and Roll","Leg Sweep+1","Blade Dance","A Thousand Cuts+1","Dagger Spray+1","Crippling Poison","Acrobatics","PiercingWail","Quick Slash+1"],"relics":["Ring of the Snake","NeowsBlessing","Du-Vu Doll","Sundial","Ninja Scroll","Philosopher\u0027s Stone"],"acts_visited":["Exordium","TheCity"],"potions_floor_usage":[16,16,21],"damage_taken":[{"damage":0,"enemies":"Small Slimes","floor":1,"turns":1},{"damage":0,"enemies":"Jaw Worm","floor":2,"turns":1},{"damage":0,"enemies":"Lagavulin","floor":7,"turns":1},{"damage":0,"enemies":"Cultist","floor":8,"turns":3},{"damage":15,"enemies":"3 Sentries","floor":10,"turns":15},{"damage":0,"enemies":"Lots of Slimes","floor":14,"turns":4},{"damage":36,"enemies":"Hexaghost","floor":16,"turns":12},{"damage":5,"enemies":"Shell Parasite","floor":18,"turns":6},{"damage":12,"enemies":"Spheric Guardian","floor":19,"turns":4},{"damage":9,"enemies":"3 Cultists","floor":20,"turns":4},{"damage":5,"enemies":"Sentry and Sphere","floor":21,"turns":5},{"damage":11,"enemies":"Centurion and Healer","floor":24,"turns":6},{"damage":16,"enemies":"Book of Stabbing","floor":25,"turns":5}],"seed_played":"-4836453832302506092","potions_obtained":[{"floor":2,"key":"Swift Potion"},{"floor":7,"key":"SteroidPotion"},{"floor":8,"key":"Energy Potion"},{"floor":18,"key":"GamblersBrew"}],"is_trial":false,"path_per_floor":["M","M","$","?","?","R","E","M","T","E","R","$","R","M","R","B",null,"M","M","M","M","$","R","M","E"],"character_chosen":"THE_SILENT","items_purchased":[],"campfire_rested":0,"item_purchase_floors":[],"current_hp_per_floor":[59,59,59,66,71,71,71,71,71,56,56,56,56,56,56,20,58,53,41,32,27,27,27,16,0,0],"gold":36,"neow_bonus":"THREE_ENEMY_KILL","is_daily":false,"chose_seed":false,"campfire_upgraded":5,"win_rate":0.0,"timestamp":1609891783,"path_taken":["M","M","$","?","?","R","E","?","T","E","R","$","R","M","R","BOSS","M","M","M","?","?","R","M","E"],"items_purchased_type":[],"build_version":"2020-12-22","purchased_purges":3,"victory":false,"max_hp_per_floor":[66,66,66,66,71,71,71,71,71,71,71,71,71,71,71,71,71,71,71,71,71,71,71,71,71,71],"relic_stats":{"counters":[13,67],"Sundial":[8],"obtain_stats":[{"Du-Vu Doll":7,"NeowsBlessing":0,"Sundial":9,"Ninja Scroll":10,"Philosopher\u0027s Stone":17,"Ring of the Snake":0},{"Du-Vu Doll":3,"NeowsBlessing":0,"Sundial":4,"Ninja Scroll":5,"Philosopher\u0027s Stone":7,"Ring of the Snake":0},{"Du-Vu Doll":3,"NeowsBlessing":0,"Sundial":6,"Ninja Scroll":21,"Philosopher\u0027s Stone":37,"Ring of the Snake":0}],"Ring of the Snake":[26]},"card_choices":[{"not_picked":["PiercingWail","Deflect"],"picked":"Backstab","floor":1},{"not_picked":["Flechettes","Escape Plan"],"picked":"Dash","floor":2},{"not_picked":["Infinite Blades","Reflex"],"picked":"Night Terror","floor":7},{"not_picked":["Accuracy","Heel Hook"],"picked":"Dodge and Roll","floor":8},{"not_picked":["Cloak And Dagger","Backstab"],"picked":"Leg Sweep","floor":10},{"not_picked":["Slice","Flechettes"],"picked":"Blade Dance","floor":14},{"not_picked":["Phantasmal Killer","Die Die Die"],"picked":"A Thousand Cuts","floor":16},{"not_picked":["Underhanded Strike","PiercingWail"],"picked":"Dagger Spray+1","floor":18},{"not_picked":["PiercingWail","Terror"],"picked":"Crippling Poison","floor":19},{"not_picked":["Slice","Cloak And Dagger"],"picked":"Acrobatics","floor":20},{"not_picked":["Eviscerate","Reflex"],"picked":"PiercingWail","floor":21},{"not_picked":["Dodge and Roll","Leg Sweep"],"picked":"Quick Slash+1","floor":24}],"player_experience":1072962,"relics_obtained":[{"floor":7,"key":"Du-Vu Doll"},{"floor":9,"key":"Sundial"},{"floor":10,"key":"Ninja Scroll"}],"event_choices":[{"damage_healed":16,"gold_gain":0,"player_choice":"Healed","damage_taken":0,"max_hp_gain":0,"max_hp_loss":0,"event_name":"The Cleric","floor":4,"gold_loss":35},{"damage_healed":0,"gold_gain":0,"player_choice":"Donut","damage_taken":0,"max_hp_gain":5,"max_hp_loss":0,"event_name":"Big Fish","floor":5,"gold_loss":0}],"is_beta":false,"boss_relics":[{"not_picked":["Coffee Dripper","Ring of the Serpent"],"picked":"Philosopher\u0027s Stone"}],"items_purged_floors":[3,12,22],"is_endless":false,"potions_floor_spawned":[2,7,8,18],"killed_by":"Book of Stabbing","ascension_level":20}}