{"host":"rolltorest","time":1609922844,"event":{"mods":["BaseMod","Minty Spire (QoL Compilation)","Relic Stats","Robot Space Explorer","Slay the Relics Exporter","StSLib"],"gold_per_floor":[117,134,52,66,66,66,101,119,191,191,201,229,229,240,240,313,313,327,340,340,350,368,368,368,394,421,448,465,465,481,509,509,583,583,595,615,626,649,664,692,692,727,727,747,747,763,791,220,220,220,220,220,17,44,44],"floor_reached":56,"playtime":2524,"items_purged":["Parasite","RobotSpaceExplorer:Strike"],"score":2051,"play_id":"adde8ea8-e17c-4a44-9aac-0e184fc95c46","local_time":"20210106004724","is_ascension_mode":true,"campfire_choices":[{"data":"RobotSpaceExplorer:Blitz","floor":6,"key":"SMITH"},{"data":"RobotSpaceExplorer:Blitz","floor":10,"key":"SMITH"},{"data":"RobotSpaceExplorer:Fix","floor":13,"key":"SMITH"},{"data":"RobotSpaceExplorer:DroneSwarm","floor":15,"key":"SMITH"},{"data":"RobotSpaceExplorer:ShovelStrike","floor":23,"key":"SMITH"},{"data":"RobotSpaceExplorer:PlasmaMissile","floor":29,"key":"SMITH"},{"data":"RobotSpaceExplorer:ShockMissile","floor":32,"key":"SMITH"},{"floor":41,"key":"RECALL"},{"floor":45,"key":"REST"},{"data":"RobotSpaceExplorer:Blitz","floor":49,"key":"SMITH"},{"data":"RobotSpaceExplorer:DoubleBlock","floor":52,"key":"SMITH"}],"circlet_count":0,"master_deck":["AscendersBane","RobotSpaceExplorer:Strike","RobotSpaceExplorer:Strike","RobotSpaceExplorer:Strike","RobotSpaceExplorer:Defend","RobotSpaceExplorer:Defend+1","RobotSpaceExplorer:Defend","RobotSpaceExplorer:Defend","RobotSpaceExplorer:Scan","RobotSpaceExplorer:MiniLasers","RobotSpaceExplorer:BlastShield","RobotSpaceExplorer:Blitz+1","Enlightenment+1","RobotSpaceExplorer:ShovelStrike+1","RobotSpaceExplorer:Fix+1","RobotSpaceExplorer:Blitz+1","RobotSpaceExplorer:SurgingShield","RobotSpaceExplorer:DroneSwarm+1","RobotSpaceExplorer:Explosion+1","RobotSpaceExplorer:DualCore+1","RobotSpaceExplorer:PlasmaMissile+1","RobotSpaceExplorer:GearShield","RobotSpaceExplorer:ShockMissile+1","RobotSpaceExplorer:Autoloader","RobotSpaceExplorer:PlasmaMissile","RobotSpaceExplorer:Calculate+1","RobotSpaceExplorer:DoubleBlock+1","RobotSpaceExplorer:ExhaustFan+1","RobotSpaceExplorer:ExhaustFan+1","RobotSpaceExplorer:Blitz+1","RobotSpaceExplorer:SelfCleaning+1"],"relics":["RobotSpaceExplorer:RoboCore","Mango","InkBottle","Smiling Mask","Snecko Eye","Bottled Lightning","Ancient Tea Set","Ornamental Fan","Akabeko","Philosopher\u0027s Stone","Mercury Hourglass","Letter Opener","Frozen Egg 2","StrikeDummy","Pantograph","Dead Branch","Orrery","Chemical X","War Paint"],"acts_visited":["Exordium","TheCity","TheBeyond","TheEnding"],"potions_floor_usage":[16,27],"damage_taken":[{"damage":3,"enemies":"Cultist","floor":1,"turns":4},{"damage":1,"enemies":"Jaw Worm","floor":2,"turns":6},{"damage":0,"enemies":"Small Slimes","floor":4,"turns":5},{"damage":17,"enemies":"Lagavulin","floor":7,"turns":9},{"damage":4,"enemies":"Red Slaver","floor":8,"turns":5},{"damage":0,"enemies":"Exordium Wildlife","floor":11,"turns":5},{"damage":13,"enemies":"Gremlin Nob","floor":12,"turns":5},{"damage":16,"enemies":"Lots of Slimes","floor":14,"turns":5},{"damage":17,"enemies":"The Guardian","floor":16,"turns":12},{"damage":0,"enemies":"Spheric Guardian","floor":18,"turns":4},{"damage":7,"enemies":"2 Thieves","floor":19,"turns":4},{"damage":14,"enemies":"Cultist and Chosen","floor":21,"turns":7},{"damage":0,"enemies":"Snecko","floor":22,"turns":5},{"damage":10,"enemies":"Book of Stabbing","floor":25,"turns":6},{"damage":33,"enemies":"Slavers","floor":27,"turns":7},{"damage":0,"enemies":"Centurion and Healer","floor":28,"turns":3},{"damage":0,"enemies":"Shelled Parasite and Fungi","floor":30,"turns":5},{"damage":7,"enemies":"Book of Stabbing","floor":31,"turns":4},{"damage":2,"enemies":"Champ","floor":33,"turns":8},{"damage":0,"enemies":"3 Shapes","floor":35,"turns":3},{"damage":0,"enemies":"Orb Walker","floor":36,"turns":2},{"damage":10,"enemies":"Maw","floor":37,"turns":5},{"damage":40,"enemies":"Jaw Worm Horde","floor":39,"turns":4},{"damage":0,"enemies":"Nemesis","floor":40,"turns":5},{"damage":0,"enemies":"Reptomancer","floor":42,"turns":4},{"damage":2,"enemies":"Transient","floor":44,"turns":5},{"damage":0,"enemies":"Writhing Mass","floor":46,"turns":5},{"damage":19,"enemies":"Nemesis","floor":47,"turns":7},{"damage":3,"enemies":"Time Eater","floor":50,"turns":10},{"damage":9,"enemies":"Shield and Spear","floor":54,"turns":5},{"damage":28,"enemies":"The Heart","floor":55,"turns":7}],"seed_played":"-24978801740634006","potions_obtained":[{"floor":4,"key":"LiquidMemories"},{"floor":7,"key":"FairyPotion"},{"floor":12,"key":"PowerPotion"},{"floor":16,"key":"LiquidBronze"},{"floor":22,"key":"PowerPotion"},{"floor":28,"key":"SteroidPotion"}],"is_trial":false,"path_per_floor":["M","M","$","M","$","R","E","M","T","R","M","E","R","M","R","B",null,"M","M","?","M","M","R","?","E","T","E","M","R","M","E","R","B",null,"M","M","M","T","M","E","R","E","T","M","R","M","E","$","R","B",null,"R","$","E","B",null],"character_chosen":"RobotSpaceExplorer","items_purchased":["Enlightenment","Dead Branch","RobotSpaceExplorer:ExhaustFan+1","Orrery","Chemical X"],"campfire_rested":1,"item_purchase_floors":[3,48,48,48,53],"current_hp_per_floor":[65,64,64,64,64,64,61,61,61,61,65,52,52,42,42,31,75,81,80,80,72,78,78,89,79,79,52,52,52,58,51,51,55,81,87,87,83,83,49,49,49,49,49,53,79,85,72,72,72,83,85,85,85,77,58],"gold":44,"neow_bonus":"ONE_RANDOM_RARE_CARD","is_daily":false,"chose_seed":false,"campfire_upgraded":9,"win_rate":0.0,"timestamp":1609922844,"path_taken":["M","M","$","M","?","R","E","M","T","R","M","E","R","M","R","BOSS","M","M","?","?","M","R","?","E","T","E","M","R","?","E","R","BOSS","M","?","M","?","M","E","R","E","T","M","R","M","E","?","R","BOSS","R","$","E","BOSS"],"items_purchased_type":["Card","Relic","Card","Relic","Relic"],"build_version":"2020-12-18","purchased_purges":2,"victory":true,"max_hp_per_floor":[75,75,75,75,75,75,89,89,89,89,89,89,89,89,89,89,89,89,89,89,89,89,89,89,89,89,89,89,89,89,89,89,89,89,89,89,89,89,89,89,89,89,89,89,89,89,89,86,86,86,86,86,86,86,86],"relic_stats":{"counters":[31,171],"Ornamental Fan":[324],"Pantograph":23,"Dead Branch":[46],"Snecko Eye":[220,225,170,206],"Letter Opener":[42],"Chemical X":[4],"War Paint":["Enlightenment","RobotSpaceExplorer:Defend"],"Smiling Mask":75,"obtain_stats":[{"Dead Branch":48,"RobotSpaceExplorer:RoboCore":0,"Mango":7,"Letter Opener":42,"Frozen Egg 2":43,"War Paint":54,"Smiling Mask":12,"Ancient Tea Set":26,"Akabeko":31,"Mercury Hourglass":40,"Ornamental Fan":27,"Pantograph":47,"Snecko Eye":17,"Orrery":48,"Philosopher\u0027s Stone":34,"Bottled Lightning":25,"Chemical X":53,"StrikeDummy":46,"InkBottle":9},{"Dead Branch":28,"RobotSpaceExplorer:RoboCore":0,"Mango":4,"Letter Opener":25,"Frozen Egg 2":25,"War Paint":30,"Smiling Mask":7,"Ancient Tea Set":14,"Akabeko":18,"Mercury Hourglass":24,"Ornamental Fan":15,"Pantograph":28,"Snecko Eye":9,"Orrery":28,"Philosopher\u0027s Stone":19,"Bottled Lightning":14,"Chemical X":29,"StrikeDummy":27,"InkBottle":5},{"Dead Branch":149,"RobotSpaceExplorer:RoboCore":0,"Mango":24,"Letter Opener":132,"Frozen Egg 2":132,"War Paint":164,"Smiling Mask":39,"Ancient Tea Set":82,"Akabeko":101,"Mercury Hourglass":128,"Ornamental Fan":89,"Pantograph":149,"Snecko Eye":56,"Orrery":149,"Philosopher\u0027s Stone":109,"Bottled Lightning":82,"Chemical X":159,"StrikeDummy":142,"InkBottle":29}],"InkBottle":[65],"Mercury Hourglass":[138]},"card_choices":[{"not_picked":["RobotSpaceExplorer:Jetpack","RobotSpaceExplorer:FranticSearch"],"picked":"RobotSpaceExplorer:Blitz","floor":1},{"not_picked":["RobotSpaceExplorer:ShockKick","RobotSpaceExplorer:JunkDive","RobotSpaceExplorer:Reload"],"picked":"SKIP","floor":2},{"not_picked":["RobotSpaceExplorer:SwiftStep","RobotSpaceExplorer:IronShell"],"picked":"RobotSpaceExplorer:ShovelStrike","floor":4},{"not_picked":["RobotSpaceExplorer:IronShell","RobotSpaceExplorer:ShovelStrike"],"picked":"RobotSpaceExplorer:Fix","floor":7},{"not_picked":["RobotSpaceExplorer:Electroshield","RobotSpaceExplorer:GlueShot"],"picked":"RobotSpaceExplorer:Blitz","floor":8},{"not_picked":["RobotSpaceExplorer:MetalStrike","RobotSpaceExplorer:ScrapMissile"],"picked":"RobotSpaceExplorer:SurgingShield","floor":11},{"not_picked":["RobotSpaceExplorer:Discharger","RobotSpaceExplorer:Ammunition","RobotSpaceExplorer:GlueShot"],"picked":"SKIP","floor":12},{"not_picked":["RobotSpaceExplorer:JunkDive","RobotSpaceExplorer:ShovelStrike"],"picked":"RobotSpaceExplorer:DroneSwarm","floor":14},{"not_picked":["RobotSpaceExplorer:BlastShield","RobotSpaceExplorer:Multitool"],"picked":"RobotSpaceExplorer:Explosion","floor":16},{"not_picked":["RobotSpaceExplorer:Probe","RobotSpaceExplorer:RigExplosive","RobotSpaceExplorer:ScrapMissile"],"picked":"SKIP","floor":18},{"not_picked":["RobotSpaceExplorer:GlueShot","RobotSpaceExplorer:ShovelStrike","RobotSpaceExplorer:Probe"],"picked":"SKIP","floor":19},{"not_picked":["RobotSpaceExplorer:SlimeMissile","RobotSpaceExplorer:StarLightning"],"picked":"RobotSpaceExplorer:DualCore+1","floor":21},{"not_picked":["RobotSpaceExplorer:SurgingShield","RobotSpaceExplorer:MakeshiftVolley","RobotSpaceExplorer:Electroshield"],"picked":"SKIP","floor":22},{"not_picked":["RobotSpaceExplorer:ImprovisedAttack","RobotSpaceExplorer:SurgingStrike"],"picked":"RobotSpaceExplorer:PlasmaMissile","floor":25},{"not_picked":["RobotSpaceExplorer:SurgingShield","RobotSpaceExplorer:Pulsar","RobotSpaceExplorer:FranticSearch"],"picked":"SKIP","floor":27},{"not_picked":["RobotSpaceExplorer:ScrapMissile","RobotSpaceExplorer:Electropulse"],"picked":"RobotSpaceExplorer:GearShield","floor":28},{"not_picked":["RobotSpaceExplorer:Counterblock","RobotSpaceExplorer:Electroshield","RobotSpaceExplorer:Ammunition"],"picked":"SKIP","floor":30},{"not_picked":["RobotSpaceExplorer:Probe","RobotSpaceExplorer:Counterblock"],"picked":"RobotSpaceExplorer:ShockMissile","floor":31},{"not_picked":["RobotSpaceExplorer:Comet","RobotSpaceExplorer:ChargingLaser"],"picked":"RobotSpaceExplorer:Autoloader","floor":33},{"not_picked":["RobotSpaceExplorer:ShockKick+1","RobotSpaceExplorer:MetalStrike"],"picked":"RobotSpaceExplorer:PlasmaMissile","floor":35},{"not_picked":["RobotSpaceExplorer:IronShell+1","RobotSpaceExplorer:FrostMissile","RobotSpaceExplorer:GlueShot"],"picked":"SKIP","floor":36},{"not_picked":["RobotSpaceExplorer:StarLightning","RobotSpaceExplorer:SlimeMissile"],"picked":"RobotSpaceExplorer:Calculate+1","floor":37},{"not_picked":["RobotSpaceExplorer:DoubleFind","RobotSpaceExplorer:ShockKick","RobotSpaceExplorer:MiniDrones"],"picked":"SKIP","floor":39},{"not_picked":["RobotSpaceExplorer:MiniDrones","RobotSpaceExplorer:FrostMissile","RobotSpaceExplorer:SelfCleaning"],"picked":"SKIP","floor":40},{"not_picked":["RobotSpaceExplorer:MiniDrones","RobotSpaceExplorer:GlueShot"],"picked":"RobotSpaceExplorer:DoubleBlock","floor":42},{"not_picked":["RobotSpaceExplorer:StunGrenade+1","RobotSpaceExplorer:ShockKick"],"picked":"RobotSpaceExplorer:Exploration","floor":44},{"not_picked":["RobotSpaceExplorer:StunGrenade","RobotSpaceExplorer:ScrapMissile","RobotSpaceExplorer:MiniDrones"],"picked":"SKIP","floor":46},{"not_picked":["RobotSpaceExplorer:Multitool+1","RobotSpaceExplorer:SurgingShield"],"picked":"RobotSpaceExplorer:ExhaustFan+1","floor":47},{"not_picked":["RobotSpaceExplorer:FranticSearch","RobotSpaceExplorer:SlimeMissile+1"],"picked":"RobotSpaceExplorer:Blitz","floor":48},{"not_picked":["RobotSpaceExplorer:PowerGlove+1","RobotSpaceExplorer:Asteroid"],"picked":"RobotSpaceExplorer:SelfCleaning+1","floor":54}],"player_experience":1769754,"relics_obtained":[{"floor":7,"key":"Mango"},{"floor":9,"key":"InkBottle"},{"floor":12,"key":"Smiling Mask"},{"floor":25,"key":"Bottled Lightning"},{"floor":26,"key":"Ancient Tea Set"},{"floor":27,"key":"Ornamental Fan"},{"floor":31,"key":"Akabeko"},{"floor":40,"key":"Mercury Hourglass"},{"floor":42,"key":"Letter Opener"},{"floor":43,"key":"Frozen Egg 2"},{"floor":46,"key":"StrikeDummy"},{"floor":47,"key":"Pantograph"},{"floor":54,"key":"War Paint"}],"event_choices":[{"damage_healed":0,"gold_gain":0,"player_choice":"Upgraded","damage_taken":0,"max_hp_gain":0,"max_hp_loss":0,"event_name":"Upgrade Shrine","floor":20,"gold_loss":0,"cards_upgraded":["RobotSpaceExplorer:Explosion"]},{"damage_healed":11,"gold_gain":0,"player_choice":"Full Heal","damage_taken":0,"max_hp_gain":0,"max_hp_loss":0,"event_name":"Wheel of Change","floor":24,"gold_loss":0}],"is_beta":true,"boss_relics":[{"not_picked":["RobotSpaceExplorer:TurboCore","Cursed Key"],"picked":"Snecko Eye"},{"not_picked":["Velvet Choker","RobotSpaceExplorer:Reprocessor"],"picked":"Philosopher\u0027s Stone"}],"items_purged_floors":[48,53],"is_endless":false,"potions_floor_spawned":[4,7,12,16,21,22,28,30,31,35,40,42,46,47],"ascension_level":13}}