{"host":"91blwi3hgehj6ch9","time":1609896367,"event":{"mods":["2.2 Compatiblity","AchievementEnabler","BaseMod","Colored Map","DeckTracker","Keyboard Shortcuts","Minty Spire (QoL Compilation)","Permanent Neow","Quick Restart","StSLib","SuperFastMode"],"gold_per_floor":[115,135,148,148,223,223,257,257,282,282,207,226,250,275,275,275,275],"floor_reached":16,"playtime":446,"items_purged":["Strike_P"],"score":153,"play_id":"64fb8fbb-63e0-4315-941b-875a56de6959","local_time":"20210106102607","is_ascension_mode":true,"campfire_choices":[{"data":"Eruption","floor":6.0,"key":"SMITH"},{"data":"Consecrate","floor":10.0,"key":"SMITH"},{"data":"Pray","floor":15,"key":"SMITH"}],"circlet_count":0,"master_deck":["AscendersBane","Strike_P","Strike_P","Strike_P","Defend_P","Defend_P","Defend_P","Eruption+1","Vigilance","Tantrum+1","Consecrate+1","FlurryOfBlows","Pray+1","FollowUp"],"relics":["PureWater","Golden Idol","Nunchaku","Juzu Bracelet"],"acts_visited":["Exordium"],"potions_floor_usage":[14,16],"damage_taken":[{"damage":0.0,"enemies":"2 Louse","floor":1.0,"turns":2.0},{"damage":0.0,"enemies":"Cultist","floor":2.0,"turns":2.0},{"damage":19.0,"enemies":"Small Slimes","floor":3.0,"turns":3.0},{"damage":12.0,"enemies":"Lagavulin","floor":7.0,"turns":6.0},{"damage":6,"enemies":"Looter","floor":12,"turns":3},{"damage":0,"enemies":"2 Fungi Beasts","floor":13,"turns":2},{"damage":11,"enemies":"Large Slime","floor":14,"turns":4},{"damage":18,"enemies":"The Guardian","floor":16,"turns":3}],"seed_played":"1342536554351276349","potions_obtained":[{"floor":1.0,"key":"Ambrosia"},{"floor":2.0,"key":"SkillPotion"},{"floor":12,"key":"Explosive Potion"},{"floor":14,"key":"EssenceOfSteel"}],"is_trial":false,"path_per_floor":["M","M","M","?","?","R","E","?","T","R","$","M","M","M","R","B"],"character_chosen":"WATCHER","items_purchased":[],"campfire_rested":0,"item_purchase_floors":[],"current_hp_per_floor":[65,65,46,46,35,35,23,23,23,23,23,17,17,6,6,0,0],"gold":275,"neow_bonus":"REMOVE_CARD","is_daily":false,"chose_seed":false,"campfire_upgraded":3,"win_rate":0.0,"timestamp":1609896367,"path_taken":["M","M","M","?","?","R","E","?","T","R","$","M","M","M","R","BOSS"],"items_purchased_type":[],"build_version":"2020-12-22","purchased_purges":1,"victory":false,"max_hp_per_floor":[72,72,72,67,67,67,67,67,67,67,67,67,67,67,67,67,67],"card_choices":[{"not_picked":["Weave","Wireheading"],"picked":"Tantrum","floor":1.0},{"not_picked":["WreathOfFlame","FlyingSleeves","WindmillStrike"],"picked":"SKIP","floor":2.0},{"not_picked":["SignatureMove","Study","SandsOfTime"],"picked":"SKIP","floor":3.0},{"not_picked":["PathToVictory","BattleHymn"],"picked":"Consecrate","floor":7.0},{"not_picked":["Halt","Crescendo"],"picked":"FlurryOfBlows","floor":12},{"not_picked":["JustLucky","EmptyBody"],"picked":"Pray","floor":13},{"not_picked":["CrushJoints","BattleHymn"],"picked":"FollowUp","floor":14}],"player_experience":95571,"relics_obtained":[{"floor":7.0,"key":"Nunchaku"},{"floor":9.0,"key":"Juzu Bracelet"}],"event_choices":[{"damage_healed":0.0,"max_hp_gain":0.0,"max_hp_loss":5.0,"gold_gain":0.0,"event_name":"Golden Idol","player_choice":"Lose Max HP","floor":4.0,"gold_loss":0.0,"damage_taken":0.0,"relics_obtained":["Golden Idol"]},{"damage_healed":0.0,"max_hp_gain":0.0,"max_hp_loss":0.0,"gold_gain":75.0,"event_name":"World of Goop","player_choice":"Gather Gold","floor":5.0,"gold_loss":0.0,"damage_taken":11.0},{"damage_healed":0.0,"max_hp_gain":0.0,"max_hp_loss":0.0,"gold_gain":0.0,"event_name":"Accursed Blacksmith","player_choice":"Forge","floor":8.0,"gold_loss":0.0,"damage_taken":0.0,"cards_upgraded":["Tantrum"]}],"is_beta":false,"boss_relics":[],"items_purged_floors":[11],"is_endless":false,"potions_floor_spawned":[1,2,12,14],"killed_by":"The Guardian","ascension_level":10}}