{"host":"x7n7968bn9ekn290","time":1609952691,"event":{"mods":["AchievementEnabler","BaseMod","Colored Map","Googly Eyes","Highlight Path","Minty Spire (QoL Compilation)","Quick Restart","Rare Cards Sparkle","Relic Stats","slay the spire mod where everything is the same but ironclad has a cowboy hat"],"gold_per_floor":[119,131,145,156,173,206,218,243,255,280,292,304,316,354,366,378,378],"floor_reached":16,"playtime":761,"items_purged":[],"score":104,"play_id":"6c73c064-63fc-4034-81f6-5a9437d6f7b4","local_time":"20210106090451","is_ascension_mode":false,"campfire_choices":[{"floor":7,"key":"REST"},{"floor":11,"key":"REST"},{"floor":13,"key":"REST"},{"floor":15,"key":"REST"}],"circlet_count":0,"master_deck":["Strike_G","Strike_G","Strike_G","Strike_G","Strike_G","Defend_G","Defend_G","Defend_G","Defend_G","Defend_G","Survivor","Neutralize","Deflect","Deflect","Endless Agony","Endless Agony","Adrenaline","Deflect","Eviscerate","Prepared","Prepared","PiercingWail"],"relics":["Ring of the Snake","MawBank","White Beast Statue","Kunai","Odd Mushroom"],"acts_visited":["Exordium"],"potions_floor_usage":[6,16,16,16],"damage_taken":[{"damage":3,"enemies":"Cultist","floor":1,"turns":5},{"damage":0,"enemies":"2 Louse","floor":2,"turns":3},{"damage":0,"enemies":"Small Slimes","floor":3,"turns":3},{"damage":0,"enemies":"2 Fungi Beasts","floor":4,"turns":4},{"damage":0,"enemies":"Red Slaver","floor":5,"turns":3},{"damage":54,"enemies":"3 Sentries","floor":6,"turns":13},{"damage":0,"enemies":"Lots of Slimes","floor":8,"turns":4},{"damage":0,"enemies":"Looter","floor":10,"turns":3},{"damage":29,"enemies":"The Mushroom Lair","floor":14,"turns":6},{"damage":67,"enemies":"Slime Boss","floor":16,"turns":17}],"seed_played":"-5601242215299361055","potions_obtained":[{"floor":1,"key":"Dexterity Potion"},{"floor":2,"key":"DistilledChaos"},{"floor":5,"key":"FearPotion"},{"floor":6,"key":"DistilledChaos"}],"is_trial":false,"path_per_floor":["M","M","M","M","M","E","R","M","T","M","R","T","R","?","R","B"],"character_chosen":"THE_SILENT","items_purchased":[],"campfire_rested":4,"item_purchase_floors":[],"current_hp_per_floor":[67,67,67,67,67,13,34,34,34,34,55,55,70,41,62,0,0],"gold":378,"neow_bonus":"THREE_CARDS","is_daily":false,"chose_seed":false,"campfire_upgraded":0,"win_rate":0.0,"timestamp":1609952691,"path_taken":["M","?","M","M","M","E","R","M","T","?","R","?","R","?","R","BOSS"],"items_purchased_type":[],"build_version":"2020-12-22","purchased_purges":0,"victory":false,"max_hp_per_floor":[70,70,70,70,70,70,70,70,70,70,70,70,70,70,70,70,70],"relic_stats":{"counters":[10,61],"Kunai":[6],"MawBank":120,"obtain_stats":[{"Kunai":12,"Odd Mushroom":14,"MawBank":6,"White Beast Statue":9,"Ring of the Snake":0},{"Kunai":8,"Odd Mushroom":9,"MawBank":6,"White Beast Statue":7,"Ring of the Snake":0},{"Kunai":38,"Odd Mushroom":44,"MawBank":31,"White Beast Statue":35,"Ring of the Snake":0}],"Ring of the Snake":[22]},"card_choices":[{"not_picked":["Tactician","Endless Agony"],"picked":"Deflect","floor":0},{"not_picked":["Leg Sweep","PiercingWail"],"picked":"Deflect","floor":1},{"not_picked":["Flying Knee","Prepared"],"picked":"Endless Agony","floor":2},{"not_picked":["Poisoned Stab","Dodge and Roll"],"picked":"Endless Agony","floor":3},{"not_picked":["PiercingWail","Eviscerate"],"picked":"Adrenaline","floor":4},{"not_picked":["Quick Slash","Backflip"],"picked":"Deflect","floor":5},{"not_picked":["Well Laid Plans","Crippling Poison"],"picked":"Eviscerate","floor":6},{"not_picked":["Noxious Fumes","Caltrops"],"picked":"Prepared","floor":8},{"not_picked":["Dodge and Roll","Tools of the Trade"],"picked":"Prepared","floor":10},{"not_picked":["Crippling Poison","Dodge and Roll"],"picked":"PiercingWail","floor":14}],"player_experience":20750,"relics_obtained":[{"floor":6,"key":"MawBank"},{"floor":9,"key":"White Beast Statue"},{"floor":12,"key":"Kunai"},{"floor":14,"key":"Odd Mushroom"}],"event_choices":[{"damage_healed":0,"gold_gain":0,"player_choice":"Fought Mushrooms","damage_taken":0,"max_hp_gain":0,"max_hp_loss":0,"event_name":"Mushrooms","floor":14,"gold_loss":0}],"is_beta":false,"boss_relics":[],"items_purged_floors":[],"is_endless":false,"potions_floor_spawned":[1,2,5,6,10,14],"killed_by":"Slime Boss","ascension_level":0}}