{"host":"d2y4rmbezebiv8aj","time":1609929309,"event":{"mods":["AchievementEnabler","BaseMod","Bestiary","BetterRewards","Colored Map","Colored Powertips","Custom Start","Highlight Path","Minty Spire (QoL Compilation)","Quick Restart","Rare Cards Sparkle","Relic Sorter","Relic Stats","Shop Mod","Slay-I","StSLib","SuperFastMode"],"gold_per_floor":[119,133,152,152,152,196,196,196,196,219,239,264,264,289,289,289,289],"floor_reached":16,"playtime":669,"items_purged":[],"score":200,"play_id":"99060f08-de35-4bda-a8a2-60da46a09f24","local_time":"20210106113509","is_ascension_mode":true,"campfire_choices":[{"floor":8,"key":"REST"},{"floor":13,"key":"REST"},{"data":"Unload","floor":15,"key":"SMITH"}],"circlet_count":0,"master_deck":["Strike_G","Strike_G","Strike_G+1","Strike_G","Strike_G","Defend_G","Defend_G","Defend_G","Defend_G","Defend_G+1","Survivor","Neutralize","Accuracy","Bane","Slice","PiercingWail","Injury","Heel Hook","Cloak And Dagger","Poisoned Stab","Dodge and Roll","Unload+1"],"relics":["Ring of the Snake","Ninja Scroll","Golden Idol","Matryoshka","Happy Flower","White Beast Statue"],"acts_visited":["Exordium"],"potions_floor_usage":[6,16,16,16,16,16],"damage_taken":[{"damage":1,"enemies":"Jaw Worm","floor":1,"turns":9},{"damage":0,"enemies":"Small Slimes","floor":2,"turns":3},{"damage":0,"enemies":"Cultist","floor":3,"turns":2},{"damage":20,"enemies":"Gremlin Nob","floor":6,"turns":4},{"damage":4,"enemies":"3 Louse","floor":10,"turns":5},{"damage":4,"enemies":"Large Slime","floor":11,"turns":9},{"damage":0,"enemies":"Looter","floor":12,"turns":1},{"damage":0,"enemies":"Lots of Slimes","floor":14,"turns":6},{"damage":80,"enemies":"Slime Boss","floor":16,"turns":12}],"seed_played":"4070194481999098247","potions_obtained":[{"floor":2,"key":"Poison Potion"},{"floor":7,"key":"Strength Potion"},{"floor":7,"key":"EntropicBrew"},{"floor":7,"key":"LiquidMemories"},{"floor":10,"key":"SteroidPotion"},{"floor":11,"key":"DistilledChaos"},{"floor":12,"key":"FairyPotion"}],"is_trial":false,"path_per_floor":["M","M","M","?","?","E","?","R","T","M","M","M","R","M","R","B"],"character_chosen":"THE_SILENT","items_purchased":["Ninja Scroll","Accuracy"],"campfire_rested":2,"item_purchase_floors":[0,0],"current_hp_per_floor":[50,50,50,50,36,16,16,37,37,33,29,29,50,50,50,0,0],"gold":289,"neow_bonus":"","is_daily":false,"chose_seed":false,"campfire_upgraded":1,"win_rate":0.0,"timestamp":1609929309,"path_taken":["M","M","M","?","?","E","?","R","T","M","M","?","R","M","R","BOSS"],"items_purchased_type":["Relic","Card"],"build_version":"2020-12-22","purchased_purges":0,"victory":false,"max_hp_per_floor":[70,70,70,70,70,70,70,70,70,70,70,70,70,70,70,70,70],"relic_stats":{"Happy Flower":[11],"counters":[142,703],"Golden Idol":28,"obtain_stats":[{"Gremlin Horn":0,"Spirit Poop":3,"Whetstone":6,"Boot":27,"Blood Vial":27,"Centennial Puzzle":3,"Lizard Tail":36,"Strawberry":6,"MealTicket":9,"Prayer Wheel":13,"Fusion Hammer":17,"Kunai":27,"Girya":26,"Happy Flower":14,"Oddly Smooth Stone":9,"Eternal Feather":7,"Pen Nib":25,"Letter Opener":8,"Paper Crane":9,"War Paint":17,"WarpedTongs":2,"Bottled Flame":25,"Shuriken":26,"Bird Faced Urn":7,"Molten Egg 2":10,"CultistMask":12,"Nloth\u0027s Gift":19,"Black Star":17,"Meat on the Bone":9,"Darkstone Periapt":23,"Mango":17,"Bag of Preparation":2,"Juzu Bracelet":8,"Cursed Key":17,"Smiling Mask":6,"Ancient Tea Set":10,"Nunchaku":0,"Dream Catcher":14,"Tough Bandages":0,"Matryoshka":6,"WristBlade":17,"Mummified Hand":27,"Ninja Scroll":25,"Toolbox":44,"Tiny Chest":7,"Red Mask":45,"Ring of the Snake":0,"The Specimen":26,"Golden Idol":2,"Thread and Needle":31,"PreservedInsect":43,"Omamori":19,"Orichalcum":14,"Frozen Egg 2":9,"MawBank":9,"White Beast Statue":9,"Mercury Hourglass":6,"Calling Bell":17,"CaptainsWheel":9,"Ornamental Fan":6,"Membership Card":14,"Bottled Lightning":44,"TungstenRod":27,"Toy Ornithopter":44},{"Gremlin Horn":72,"Spirit Poop":41,"Whetstone":112,"Boot":88,"Blood Vial":37,"Centennial Puzzle":1,"Lizard Tail":94,"Strawberry":52,"MealTicket":5,"Prayer Wheel":62,"Fusion Hammer":115,"Kunai":88,"Girya":68,"Happy Flower":62,"Oddly Smooth Stone":13,"Eternal Feather":125,"Pen Nib":22,"Letter Opener":53,"Paper Crane":27,"War Paint":129,"WarpedTongs":73,"Bottled Flame":37,"Shuriken":87,"Bird Faced Urn":60,"Molten Egg 2":53,"CultistMask":80,"Nloth\u0027s Gift":64,"Black Star":82,"Meat on the Bone":79,"Darkstone Periapt":21,"Mango":129,"Bag of Preparation":1,"Juzu Bracelet":79,"Cursed Key":17,"Smiling Mask":43,"Ancient Tea Set":126,"Nunchaku":0,"Dream Catcher":16,"Tough Bandages":55,"Matryoshka":137,"WristBlade":32,"Mummified Hand":22,"Ninja Scroll":87,"Toolbox":95,"Tiny Chest":13,"Red Mask":95,"Ring of the Snake":0,"The Specimen":119,"Golden Idol":41,"Thread and Needle":91,"PreservedInsect":95,"Omamori":18,"Orichalcum":8,"Frozen Egg 2":104,"MawBank":53,"White Beast Statue":137,"Mercury Hourglass":26,"Calling Bell":129,"CaptainsWheel":60,"Ornamental Fan":4,"Membership Card":62,"Bottled Lightning":95,"TungstenRod":68,"Toy Ornithopter":95},{"Gremlin Horn":368,"Spirit Poop":199,"Whetstone":546,"Boot":436,"Blood Vial":185,"Centennial Puzzle":8,"Lizard Tail":456,"Strawberry":254,"MealTicket":35,"Prayer Wheel":288,"Fusion Hammer":561,"Kunai":436,"Girya":332,"Happy Flower":288,"Oddly Smooth Stone":74,"Eternal Feather":610,"Pen Nib":124,"Letter Opener":258,"Paper Crane":146,"War Paint":632,"WarpedTongs":371,"Bottled Flame":185,"Shuriken":432,"Bird Faced Urn":280,"Molten Egg 2":258,"CultistMask":399,"Nloth\u0027s Gift":311,"Black Star":412,"Meat on the Bone":398,"Darkstone Periapt":115,"Mango":632,"Bag of Preparation":8,"Juzu Bracelet":398,"Cursed Key":94,"Smiling Mask":212,"Ancient Tea Set":614,"Nunchaku":0,"Dream Catcher":84,"Tough Bandages":264,"Matryoshka":670,"WristBlade":166,"Mummified Hand":124,"Ninja Scroll":432,"Toolbox":460,"Tiny Chest":74,"Red Mask":460,"Ring of the Snake":0,"The Specimen":584,"Golden Idol":199,"Thread and Needle":443,"PreservedInsect":460,"Omamori":97,"Orichalcum":49,"Frozen Egg 2":505,"MawBank":258,"White Beast Statue":670,"Mercury Hourglass":143,"Calling Bell":632,"CaptainsWheel":280,"Ornamental Fan":32,"Membership Card":288,"Bottled Lightning":460,"TungstenRod":332,"Toy Ornithopter":460}],"Ring of the Snake":[266]},"card_choices":[{"not_picked":["Deflect","PiercingWail"],"picked":"Bane","floor":1},{"not_picked":["Wraith Form v2","PiercingWail"],"picked":"Slice","floor":2},{"not_picked":["Masterful Stab","Slice"],"picked":"PiercingWail","floor":3},{"not_picked":["Slice","Choke"],"picked":"Heel Hook","floor":6},{"not_picked":["Slice","Expertise"],"picked":"Cloak And Dagger","floor":10},{"not_picked":["Dodge and Roll","Bouncing Flask"],"picked":"Poisoned Stab","floor":11},{"not_picked":["Underhanded Strike","Tactician"],"picked":"Dodge and Roll","floor":12},{"not_picked":["Footwork","Dagger Spray"],"picked":"Unload","floor":14}],"player_experience":355529,"relics_obtained":[{"floor":6,"key":"Matryoshka"},{"floor":9,"key":"Happy Flower"},{"floor":9,"key":"White Beast Statue"}],"event_choices":[{"damage_healed":0,"gold_gain":0,"player_choice":"Take Wound","damage_taken":0,"relics_obtained":["Golden Idol"],"max_hp_gain":0,"max_hp_loss":0,"event_name":"Golden Idol","floor":4,"gold_loss":0,"cards_obtained":["Injury"]},{"damage_healed":0,"gold_gain":0,"player_choice":"Entered Light","damage_taken":14,"max_hp_gain":0,"max_hp_loss":0,"event_name":"Shining Light","floor":5,"gold_loss":0,"cards_upgraded":["Defend_G","Strike_G"]},{"damage_healed":0,"gold_gain":0,"player_choice":"Got Potions","damage_taken":0,"max_hp_gain":0,"max_hp_loss":0,"event_name":"Lab","floor":7,"gold_loss":0}],"is_beta":false,"boss_relics":[],"items_purged_floors":[],"is_endless":false,"potions_floor_spawned":[2,10,11,12,14],"killed_by":"Slime Boss","ascension_level":6}}