{"host":"a0d98l75j0h1o085","time":1609921680,"event":{"mods":["AlwaysNeverKeys","BaseMod","Downfall","Highlight Path","Minty Spire (QoL Compilation)","StSLib"],"gold_per_floor":[116,126,145,145,156,156,156,156,156,173,248,287,321,321,321,421,421,436,436,455,455,455],"floor_reached":21,"playtime":1406,"items_purged":[],"score":272,"play_id":"30d98445-06a5-4723-85d7-3d65de30b831","local_time":"20210106082800","is_ascension_mode":true,"campfire_choices":[{"data":"Survivor","floor":6,"key":"SMITH"},{"data":"Accuracy","floor":8,"key":"SMITH"},{"floor":15,"key":"REST"}],"circlet_count":0,"master_deck":["AscendersBane","Strike_G","Strike_G","Strike_G","Strike_G","Defend_G","Defend_G","Defend_G","Defend_G","Survivor+1","Neutralize","Accuracy+1","Blade Dance","Heel Hook","Terror","Cloak And Dagger","Flechettes","Storm of Steel","Sucker Punch","Necronomicurse","Acrobatics+1"],"relics":["HoveringKite","Bottled Tornado","Calipers","SlaversCollar","Necronomicon"],"acts_visited":["Exordium","TheCity"],"potions_floor_usage":[12,13,16,21,21],"damage_taken":[{"damage":4,"enemies":"Cultist","floor":1,"turns":5},{"damage":3,"enemies":"Jaw Worm","floor":2,"turns":8},{"damage":5,"enemies":"2 Louse","floor":3,"turns":4},{"damage":3,"enemies":"Blue Slaver","floor":5,"turns":5},{"damage":4,"enemies":"Red Slaver","floor":10,"turns":5},{"damage":9,"enemies":"Exordium Thugs","floor":12,"turns":3},{"damage":21,"enemies":"Gremlin Nob","floor":13,"turns":4},{"damage":2,"enemies":"Hexaghost","floor":16,"turns":7},{"damage":15,"enemies":"Shell Parasite","floor":18,"turns":5},{"damage":16,"enemies":"2 Thieves","floor":20,"turns":4},{"damage":16,"enemies":"Cultist and Chosen","floor":21,"turns":4}],"seed_played":"8919439660477368818","potions_obtained":[{"floor":3,"key":"Energy Potion"},{"floor":10,"key":"ColorlessPotion"},{"floor":13,"key":"Strength Potion"},{"floor":16,"key":"BlessingOfTheForge"},{"floor":20,"key":"Weak Potion"}],"is_trial":false,"path_per_floor":["M","M","M","?","M","R","?","R","T","M","?","M","E","?","R","B",null,"M","?","M","M"],"character_chosen":"THE_SILENT","items_purchased":[],"campfire_rested":1,"item_purchase_floors":[],"current_hp_per_floor":[59,56,51,56,53,53,46,46,46,42,31,22,1,1,23,21,62,47,31,15,0,0],"gold":455,"neow_bonus":"BOSS_RELIC","is_daily":false,"chose_seed":false,"campfire_upgraded":2,"win_rate":0.0,"timestamp":1609921680,"path_taken":["M","?","M","?","M","R","?","R","T","M","?","?","E","?","R","BOSS","M","?","M","M"],"items_purchased_type":[],"build_version":"2020-12-22","purchased_purges":0,"victory":false,"max_hp_per_floor":[70,70,70,75,75,75,75,75,75,75,75,75,75,75,75,75,75,75,75,75,75,75],"card_choices":[{"not_picked":["Dagger Spray","Predator"],"picked":"Accuracy","floor":1},{"not_picked":["Deadly Poison","Dagger Spray","Flechettes"],"picked":"SKIP","floor":2},{"not_picked":["Dagger Spray","Poisoned Stab","Crippling Poison"],"picked":"SKIP","floor":3},{"not_picked":["Underhanded Strike","Deflect"],"picked":"Blade Dance","floor":5},{"not_picked":["Endless Agony","Predator"],"picked":"Heel Hook","floor":10},{"not_picked":["A Thousand Cuts","Eviscerate"],"picked":"Terror","floor":12},{"not_picked":["Catalyst","Dodge and Roll"],"picked":"Cloak And Dagger","floor":13},{"not_picked":["Corpse Explosion","Envenom"],"picked":"Storm of Steel","floor":16},{"not_picked":["Dodge and Roll","Endless Agony"],"picked":"Sucker Punch","floor":18},{"not_picked":["Quick Slash","Flying Knee"],"picked":"Acrobatics+1","floor":20}],"player_experience":861021,"relics_obtained":[{"floor":9,"key":"Bottled Tornado"},{"floor":13,"key":"Calipers"},{"floor":19,"key":"Necronomicon"}],"event_choices":[{"damage_healed":0,"gold_gain":0,"player_choice":"Donut","damage_taken":0,"max_hp_gain":5,"max_hp_loss":0,"event_name":"Big Fish","floor":4,"gold_loss":0},{"cards_removed":["Strike_G"],"damage_healed":0,"gold_gain":0,"player_choice":"Card Removal","damage_taken":7,"max_hp_gain":0,"max_hp_loss":0,"event_name":"Golden Wing","floor":7,"gold_loss":0},{"damage_healed":0,"gold_gain":75,"player_choice":"Gather Gold","damage_taken":11,"max_hp_gain":0,"max_hp_loss":0,"event_name":"World of Goop","floor":11,"gold_loss":0},{"damage_healed":0,"gold_gain":0,"cards_transformed":["Defend_G"],"player_choice":"Transformed","damage_taken":0,"max_hp_gain":0,"max_hp_loss":0,"event_name":"Transmorgrifier","floor":14,"gold_loss":0,"cards_obtained":["Flechettes"]},{"damage_healed":0,"gold_gain":0,"player_choice":"Obtained Book","damage_taken":16,"max_hp_gain":0,"max_hp_loss":0,"event_name":"Cursed Tome","floor":19,"gold_loss":0}],"is_beta":false,"boss_relics":[{"not_picked":["Cursed Key","SacredBark"],"picked":"SlaversCollar"}],"items_purged_floors":[],"is_endless":false,"potions_floor_spawned":[3,10,13,16,20],"killed_by":"Cultist and Chosen","ascension_level":10}}