{"host":"rmsq46plbpwfbxcc","time":1609946572,"event":{"mods":["AchievementEnabler","BaseMod","Colored Map","Colored Powertips","DeckTracker","KOR Keyword Fix","Minty Spire (QoL Compilation)","Permanent Neow","SuperFastMode"],"gold_per_floor":[110,130,144,163,178,178,211,211,211,229,105,205,205,222,222,323,323,337,356,356,374,473,473,72,72,72,91,6,6,37,49,49,153,153,163,163,38,38,57,57,75,106,174,174,224,224,239,273,273,273,273],"floor_reached":50,"playtime":1519,"items_purged":["Strike_G","Strike_G+1","Normality"],"score":622,"play_id":"43571dab-ce7d-43f2-87c0-4d0ab89698ab","local_time":"20210107002252","is_ascension_mode":false,"campfire_choices":[{"data":"Neutralize","floor":6.0,"key":"SMITH"},{"data":"Survivor","floor":8.0,"key":"SMITH"},{"data":"Blade Dance","floor":13.0,"key":"SMITH"},{"data":"Blade Dance","floor":15.0,"key":"SMITH"},{"floor":23,"key":"REST"},{"data":"Blade Dance","floor":25,"key":"SMITH"},{"floor":32,"key":"REST"},{"floor":40,"key":"REST"},{"data":"Pain","floor":46,"key":"PURGE"},{"floor":49,"key":"REST"}],"circlet_count":0,"master_deck":["Strike_G+1","Strike_G+1","Defend_G+1","Defend_G+1","Defend_G+1","Defend_G+1","Defend_G+1","Survivor+1","Neutralize+1","Blade Dance+1","Blade Dance+1","Blade Dance+1","Prepared+1","Backflip+1","Quick Slash+1"],"relics":["WristBlade","Mummified Hand","Ancient Tea Set","Cursed Key","Gremlin Horn","Bottled Lightning","Dream Catcher","Paper Crane","SlaversCollar","Frozen Egg 2","Molten Egg 2","Peace Pipe","Pear"],"acts_visited":["Exordium","TheCity","TheBeyond"],"potions_floor_usage":[16,16,30,33,33,42,50,50],"damage_taken":[{"damage":1.0,"enemies":"Cultist","floor":1.0,"turns":3.0},{"damage":0.0,"enemies":"2 Louse","floor":2.0,"turns":3.0},{"damage":0.0,"enemies":"Jaw Worm","floor":3.0,"turns":4.0},{"damage":11.0,"enemies":"Large Slime","floor":4.0,"turns":11.0},{"damage":0.0,"enemies":"Looter","floor":5.0,"turns":4.0},{"damage":41.0,"enemies":"Gremlin Nob","floor":7.0,"turns":6.0},{"damage":0.0,"enemies":"3 Louse","floor":10.0,"turns":6.0},{"damage":0.0,"enemies":"2 Fungi Beasts","floor":14.0,"turns":3.0},{"damage":0,"enemies":"The Guardian","floor":16,"turns":12},{"damage":0,"enemies":"Chosen","floor":18,"turns":3},{"damage":6,"enemies":"2 Thieves","floor":19,"turns":3},{"damage":2,"enemies":"Cultist and Chosen","floor":21,"turns":5},{"damage":14,"enemies":"Sentry and Sphere","floor":27,"turns":5},{"damage":0,"enemies":"Gremlin Leader","floor":30,"turns":4},{"damage":0,"enemies":"3 Cultists","floor":31,"turns":4},{"damage":4,"enemies":"Collector","floor":33,"turns":9},{"damage":6,"enemies":"3 Shapes","floor":35,"turns":6},{"damage":0,"enemies":"Orb Walker","floor":39,"turns":2},{"damage":3,"enemies":"Sphere and 2 Shapes","floor":41,"turns":4},{"damage":0,"enemies":"Giant Head","floor":42,"turns":6},{"damage":21,"enemies":"Mind Bloom Boss Battle","floor":45,"turns":8},{"damage":0,"enemies":"Jaw Worm Horde","floor":47,"turns":3},{"damage":34,"enemies":"Nemesis","floor":48,"turns":13},{"damage":43,"enemies":"Time Eater","floor":50,"turns":10}],"seed_played":"-3113241944494377229","potions_obtained":[{"floor":1.0,"key":"LiquidMemories"},{"floor":2.0,"key":"Regen Potion"},{"floor":10.0,"key":"FearPotion"},{"floor":14.0,"key":"GamblersBrew"},{"floor":19,"key":"SteroidPotion"},{"floor":21,"key":"EssenceOfSteel"},{"floor":30,"key":"DistilledChaos"},{"floor":33,"key":"Strength Potion"},{"floor":39,"key":"SpeedPotion"},{"floor":41,"key":"FearPotion"}],"is_trial":false,"path_per_floor":["M","M","M","M","M","R","E","R","T","M","$","?","R","M","R","B",null,"M","M","?","M","?","R","$","R","T","M","?","$","E","M","R","B",null,"M","?","$","?","M","R","M","E","T","?","?","R","M","E","R","B"],"character_chosen":"THE_SILENT","items_purchased":["Blade Dance","Gremlin Horn","Blade Dance"],"campfire_rested":4,"item_purchase_floors":[11,24,24],"current_hp_per_floor":[69,69,69,58,58,58,17,17,17,17,17,17,17,17,17,17,70,70,64,64,62,62,70,70,70,70,56,56,56,56,56,70,70,70,64,64,64,64,64,70,67,67,67,66,45,45,45,21,43,0,0],"gold":273,"neow_bonus":"BOSS_RELIC","is_daily":false,"chose_seed":false,"campfire_upgraded":5,"win_rate":0.0,"timestamp":1609946572,"path_taken":["M","M","M","M","?","R","E","R","T","M","$","?","R","M","R","BOSS","M","?","?","M","?","R","$","R","T","M","?","?","E","M","R","BOSS","M","?","$","?","M","R","M","E","T","?","?","R","M","E","R","BOSS"],"items_purchased_type":["Card","Relic","Card"],"build_version":"2020-12-22","purchased_purges":3,"victory":false,"max_hp_per_floor":[70,70,70,70,70,70,70,70,70,70,70,70,70,70,70,70,70,70,70,70,70,70,70,70,70,70,70,70,70,70,70,70,70,70,70,70,70,70,70,70,70,70,70,66,66,66,66,76,76,76,76],"card_choices":[{"not_picked":["Predator","Underhanded Strike","Acrobatics"],"picked":"SKIP","floor":1.0},{"not_picked":["Dodge and Roll","Distraction","Outmaneuver"],"picked":"SKIP","floor":2.0},{"not_picked":["Deflect","Sucker Punch","Bane"],"picked":"SKIP","floor":3.0},{"not_picked":["Dodge and Roll","Infinite Blades","Dagger Throw"],"picked":"SKIP","floor":4.0},{"not_picked":["Bane","Dash","Dagger Spray"],"picked":"SKIP","floor":5.0},{"not_picked":["Outmaneuver","Prepared","Dagger Spray"],"picked":"SKIP","floor":7.0},{"not_picked":["Quick Slash","Blur","Endless Agony"],"picked":"SKIP","floor":10.0},{"not_picked":["Caltrops","Phantasmal Killer"],"picked":"Blade Dance","floor":14.0},{"not_picked":["Footwork+1","Underhanded Strike","Outmaneuver+1"],"picked":"SKIP","floor":18},{"not_picked":["Flying Knee","Caltrops+1","Terror+1"],"picked":"SKIP","floor":19},{"not_picked":["Quick Slash","Noxious Fumes","Deflect"],"picked":"SKIP","floor":21},{"not_picked":["Venomology","Setup","Bane+1"],"picked":"SKIP","floor":27},{"not_picked":["Corpse Explosion","Riddle With Holes"],"picked":"Prepared+1","floor":30},{"not_picked":["Leg Sweep+1","Flying Knee","Bane+1"],"picked":"SKIP","floor":31},{"not_picked":["Escape Plan+1","Crippling Poison+1","Dagger Throw+1"],"picked":"SKIP","floor":35},{"not_picked":["Prepared+1","Acrobatics","Dodge and Roll"],"picked":"SKIP","floor":39},{"not_picked":["Quick Slash+1","Choke","Noxious Fumes+1"],"picked":"SKIP","floor":41},{"not_picked":["Blade Dance+1","Expertise+1","Well Laid Plans+1"],"picked":"SKIP","floor":42},{"not_picked":["Dagger Throw+1","Outmaneuver"],"picked":"Backflip+1","floor":47},{"not_picked":["Poisoned Stab+1","Riddle With Holes+1"],"picked":"Quick Slash+1","floor":48}],"player_experience":630483,"relics_obtained":[{"floor":7.0,"key":"Mummified Hand"},{"floor":9.0,"key":"Ancient Tea Set"},{"floor":26,"key":"Bottled Lightning"},{"floor":30,"key":"Paper Crane"},{"floor":42,"key":"Frozen Egg 2"},{"floor":43,"key":"Molten Egg 2"},{"floor":45,"key":"Peace Pipe"},{"floor":48,"key":"Pear"}],"event_choices":[{"damage_healed":0.0,"max_hp_gain":0.0,"max_hp_loss":0.0,"gold_gain":100.0,"event_name":"Golden Shrine","player_choice":"Pray","floor":12.0,"gold_loss":0.0,"damage_taken":0.0},{"damage_healed":0,"gold_gain":0,"player_choice":"Simplicity","damage_taken":0,"max_hp_gain":0,"max_hp_loss":0,"event_name":"Back to Basics","floor":20,"gold_loss":0,"cards_upgraded":["Strike_G","Strike_G","Strike_G","Strike_G","Defend_G","Defend_G","Defend_G","Defend_G","Defend_G"]},{"damage_healed":0,"gold_gain":99,"player_choice":"Stole From Cult","damage_taken":0,"max_hp_gain":0,"max_hp_loss":0,"event_name":"Nest","floor":22,"gold_loss":0},{"damage_healed":0,"gold_gain":0,"player_choice":"Obtained Relic","damage_taken":0,"relics_obtained":["Dream Catcher"],"max_hp_gain":0,"max_hp_loss":0,"event_name":"Addict","floor":28,"gold_loss":85},{"cards_removed":["Strike_G"],"damage_healed":0,"gold_gain":0,"player_choice":"Removed Attack","damage_taken":0,"max_hp_gain":0,"max_hp_loss":0,"event_name":"Falling","floor":36,"gold_loss":0},{"damage_healed":0,"gold_gain":0,"player_choice":"Memory 1","damage_taken":0,"max_hp_gain":0,"max_hp_loss":0,"event_name":"SensoryStone","floor":38,"gold_loss":0},{"damage_healed":0,"gold_gain":0,"player_choice":"Max HP","damage_taken":0,"max_hp_gain":0,"max_hp_loss":4,"event_name":"Winding Halls","floor":44,"gold_loss":0},{"damage_healed":0,"gold_gain":0,"player_choice":"Fight","damage_taken":0,"max_hp_gain":0,"max_hp_loss":0,"event_name":"MindBloom","floor":45,"gold_loss":0}],"is_beta":false,"boss_relics":[{"not_picked":["Astrolabe","Runic Dome"],"picked":"Cursed Key"},{"not_picked":["Runic Pyramid","Velvet Choker"],"picked":"SlaversCollar"}],"items_purged_floors":[11,24,37],"is_endless":false,"potions_floor_spawned":[1,2,10,14,19,21,30,33,39,41],"killed_by":"Time Eater","ascension_level":0}}