{"host":"k4et7hlhlqy8fuoz","time":1609972758,"event":{"mods":["2.2 Compatiblity","AchievementEnabler","BaseMod","Colored Map","DeckTracker","Highlight Path","Minty Spire (QoL Compilation)","Random Character Button","Rare Cards Sparkle"],"gold_per_floor":[119,130,130,147,147,147,159,175,175,175,175,190,209,65,65,163,163,178,178,196,196,27,27,27,37,116,135,135,135],"floor_reached":28,"playtime":1373,"items_purged":["Writhe"],"score":212,"play_id":"20f8c2de-040a-4e49-a5be-e80e9a060adc","local_time":"20210106233918","is_ascension_mode":false,"campfire_choices":[{"floor":6,"key":"REST"},{"data":"Blade Dance","floor":11,"key":"SMITH"},{"floor":15,"key":"REST"},{"floor":23,"key":"REST"}],"circlet_count":0,"master_deck":["Strike_G","Strike_G","Strike_G","Strike_G","Strike_G","Defend_G","Defend_G","Defend_G","Defend_G","Defend_G","Survivor","Neutralize","Apotheosis","Terror","Dash","Dagger Throw","Acrobatics","Blade Dance+1","Poisoned Stab","Endless Agony","Burst","Underhanded Strike","Slice","Cloak And Dagger","Accuracy","Poisoned Stab","Catalyst+1","Deadly Poison"],"relics":["Ring of the Snake","Ice Cream","Kunai","Strawberry","SlaversCollar","Shuriken","Matryoshka"],"acts_visited":["Exordium","TheCity"],"potions_floor_usage":[16,16,28],"damage_taken":[{"damage":4,"enemies":"2 Louse","floor":1,"turns":5},{"damage":12,"enemies":"Small Slimes","floor":2,"turns":4},{"damage":0,"enemies":"Cultist","floor":4,"turns":3},{"damage":7,"enemies":"Exordium Thugs","floor":7,"turns":4},{"damage":7,"enemies":"Exordium Wildlife","floor":8,"turns":4},{"damage":7,"enemies":"Looter","floor":12,"turns":2},{"damage":13,"enemies":"3 Louse","floor":13,"turns":3},{"damage":31,"enemies":"Hexaghost","floor":16,"turns":8},{"damage":0,"enemies":"Chosen","floor":18,"turns":5},{"damage":39,"enemies":"Spheric Guardian","floor":20,"turns":7},{"damage":32,"enemies":"Centurion and Healer","floor":25,"turns":5},{"damage":22,"enemies":"3 Cultists","floor":27,"turns":6},{"damage":5,"enemies":"Snake Plant","floor":28,"turns":1}],"seed_played":"1139549203404453370","potions_obtained":[{"floor":1,"key":"BlessingOfTheForge"},{"floor":2,"key":"SteroidPotion"},{"floor":7,"key":"Poison Potion"},{"floor":20,"key":"LiquidMemories"},{"floor":25,"key":"SteroidPotion"}],"is_trial":false,"path_per_floor":["M","M","?","M","?","R","M","M","T","?","R","M","M","$","R","B",null,"M","?","M","?","$","R","?","M","T","M","M"],"character_chosen":"THE_SILENT","items_purchased":["Strawberry","Accuracy","Poisoned Stab"],"campfire_rested":3,"item_purchase_floors":[14,22,22],"current_hp_per_floor":[59,47,52,52,34,54,47,40,40,40,40,33,20,27,49,18,75,75,75,36,36,36,58,58,26,26,4,0,0],"gold":135,"neow_bonus":"RANDOM_COLORLESS_2","is_daily":false,"chose_seed":false,"campfire_upgraded":1,"win_rate":0.0,"timestamp":1609972758,"path_taken":["M","M","?","M","?","R","M","M","T","?","R","M","?","?","R","BOSS","M","?","M","?","$","R","?","M","T","M","M"],"items_purchased_type":["Relic","Card","Card"],"build_version":"2020-12-22","purchased_purges":1,"victory":false,"max_hp_per_floor":[63,63,68,68,68,68,68,68,68,68,68,68,68,75,75,75,75,75,75,75,75,75,75,75,75,75,75,75,75],"card_choices":[{"not_picked":["Secret Weapon","Magnetism"],"picked":"Apotheosis","floor":0},{"not_picked":["Expertise","Dagger Throw"],"picked":"Terror","floor":1},{"not_picked":["Slice","Poisoned Stab"],"picked":"Dash","floor":2},{"not_picked":["Skewer","Dash"],"picked":"Dagger Throw","floor":4},{"not_picked":["PiercingWail","Underhanded Strike"],"picked":"Acrobatics","floor":7},{"not_picked":["Bane","Predator"],"picked":"Blade Dance","floor":8},{"not_picked":["Prepared","PiercingWail"],"picked":"Poisoned Stab","floor":12},{"not_picked":["Sucker Punch","Dodge and Roll"],"picked":"Endless Agony","floor":13},{"not_picked":["Glass Knife","Night Terror"],"picked":"Burst","floor":16},{"not_picked":["Outmaneuver","Dagger Spray"],"picked":"Underhanded Strike","floor":18},{"not_picked":["Prepared","Terror+1"],"picked":"Slice","floor":20},{"not_picked":["Dodge and Roll","Leg Sweep+1"],"picked":"Catalyst+1","floor":25},{"not_picked":["Calculated Gamble+1","Escape Plan"],"picked":"Deadly Poison","floor":27}],"player_experience":81946,"relics_obtained":[{"floor":9,"key":"Kunai"},{"floor":26,"key":"Matryoshka"}],"event_choices":[{"damage_healed":0,"gold_gain":0,"player_choice":"Donut","damage_taken":0,"max_hp_gain":5,"max_hp_loss":0,"event_name":"Big Fish","floor":3,"gold_loss":0},{"damage_healed":0,"gold_gain":0,"player_choice":"Success","damage_taken":18,"relics_obtained":["Ice Cream"],"max_hp_gain":0,"max_hp_loss":0,"event_name":"Scrap Ooze","floor":5,"gold_loss":0},{"damage_healed":0,"gold_gain":0,"player_choice":"Ignored","damage_taken":0,"max_hp_gain":0,"max_hp_loss":0,"event_name":"Purifier","floor":10,"gold_loss":0},{"damage_healed":0,"gold_gain":0,"player_choice":"Opened","damage_taken":0,"relics_obtained":["Shuriken"],"max_hp_gain":0,"max_hp_loss":0,"event_name":"The Mausoleum","floor":19,"gold_loss":0,"cards_obtained":["Writhe"]},{"damage_healed":0,"gold_gain":0,"player_choice":"Read","damage_taken":0,"max_hp_gain":0,"max_hp_loss":0,"event_name":"The Library","floor":21,"gold_loss":0,"cards_obtained":["Cloak And Dagger"]},{"damage_healed":0,"gold_gain":0,"player_choice":"Ignored","damage_taken":0,"max_hp_gain":0,"max_hp_loss":0,"event_name":"Ghosts","floor":24,"gold_loss":0}],"is_beta":false,"boss_relics":[{"not_picked":["Black Star","Ring of the Serpent"],"picked":"SlaversCollar"}],"items_purged_floors":[22],"is_endless":false,"potions_floor_spawned":[1,2,7,12,20,25,27],"killed_by":"Snake Plant","ascension_level":0}}