{"host":"d8d3jqle49sogkjv","time":1609954845,"event":{"mods":["BaseMod","Colored Map","Colored Powertips","Minty Spire (QoL Compilation)","StSLib"],"gold_per_floor":[112,112,123,298,349,377,393,393,393,4,36,55,55,21,21,123,123,142,142,162,1,100,100,100],"floor_reached":23,"playtime":710,"items_purged":["Doubt"],"score":296,"play_id":"f2038b37-ea0b-434c-b871-ce7ea34e455c","local_time":"20210106184045","is_ascension_mode":true,"campfire_choices":[{"data":"Defragment","floor":13,"key":"SMITH"},{"floor":15,"key":"REST"}],"circlet_count":0,"master_deck":["AscendersBane","Strike_B","Strike_B","Strike_B","Strike_B","Defend_B","Defend_B","Defend_B","Defend_B","Zap","Dualcast","Electrodynamics","Conserve Battery","Defragment+1","Machine Learning","Conserve Battery","Static Discharge","Leap"],"relics":["Cracked Core","WarpedTongs","Kunai","StoneCalendar","Calipers","Akabeko","Philosopher\u0027s Stone","Membership Card"],"acts_visited":["Exordium","TheCity"],"potions_floor_usage":[11,11,11,23,23],"damage_taken":[{"damage":3,"enemies":"Small Slimes","floor":1,"turns":4},{"damage":2,"enemies":"Cultist","floor":3,"turns":2},{"damage":27,"enemies":"3 Sentries","floor":6,"turns":4},{"damage":2,"enemies":"2 Louse","floor":7,"turns":2},{"damage":9,"enemies":"Gremlin Nob","floor":11,"turns":4},{"damage":4,"enemies":"Exordium Wildlife","floor":12,"turns":3},{"damage":31,"enemies":"Slime Boss","floor":16,"turns":5},{"damage":14,"enemies":"Spheric Guardian","floor":18,"turns":3},{"damage":9,"enemies":"Chosen","floor":20,"turns":4},{"damage":24,"enemies":"Book of Stabbing","floor":23,"turns":3}],"seed_played":"-6425132424204966787","potions_obtained":[{"floor":3,"key":"DuplicationPotion"},{"floor":6,"key":"Swift Potion"},{"floor":7,"key":"Energy Potion"},{"floor":12,"key":"LiquidBronze"},{"floor":20,"key":"DistilledChaos"}],"is_trial":false,"path_per_floor":["M","?","M","?","T","E","M","?","T","$","E","M","R","$","R","B",null,"M","?","M","$","?","E"],"character_chosen":"DEFECT","items_purchased":["Calipers","Static Discharge","Membership Card","Leap"],"campfire_rested":1,"item_purchase_floors":[10,14,21,21],"current_hp_per_floor":[65,65,63,63,63,36,34,34,34,34,25,21,21,21,43,12,59,45,31,22,22,22,0,0],"gold":100,"neow_bonus":"ONE_RANDOM_RARE_CARD","is_daily":false,"chose_seed":false,"campfire_upgraded":1,"win_rate":0.0,"timestamp":1609954845,"path_taken":["M","?","?","?","?","E","M","?","T","$","E","?","R","?","R","BOSS","M","?","M","$","?","E"],"items_purchased_type":["Relic","Card","Relic","Card"],"build_version":"2020-12-22","purchased_purges":1,"victory":false,"max_hp_per_floor":[75,75,75,75,75,75,75,75,75,75,75,75,75,75,75,75,75,75,80,80,80,80,80,80],"card_choices":[{"not_picked":["Steam","Streamline"],"picked":"Conserve Battery","floor":1},{"not_picked":["Conserve Battery","Steam"],"picked":"Defragment","floor":3},{"not_picked":["Gash","Storm"],"picked":"Machine Learning","floor":6},{"not_picked":["Compile Driver","Hello World","Leap"],"picked":"SKIP","floor":7},{"not_picked":["Compile Driver","Coolheaded","Go for the Eyes"],"picked":"SKIP","floor":11},{"not_picked":["Redo","Storm"],"picked":"Conserve Battery","floor":12},{"not_picked":["Recycle","Doom and Gloom","Beam Cell"],"picked":"SKIP","floor":18},{"not_picked":["Coolheaded+1","Compile Driver","Darkness+1"],"picked":"SKIP","floor":20}],"player_experience":384451,"relics_obtained":[{"floor":6,"key":"Kunai"},{"floor":9,"key":"StoneCalendar"},{"floor":11,"key":"Akabeko"}],"event_choices":[{"damage_healed":0,"gold_gain":0,"player_choice":"Rummage","damage_taken":0,"relics_obtained":["WarpedTongs"],"max_hp_gain":0,"max_hp_loss":0,"event_name":"Accursed Blacksmith","floor":2,"gold_loss":0,"cards_obtained":["Pain"]},{"damage_healed":0,"gold_gain":175,"player_choice":"AGREE","damage_taken":0,"max_hp_gain":0,"max_hp_loss":0,"event_name":"Liars Game","floor":4,"gold_loss":0,"cards_obtained":["Doubt"]},{"cards_removed":["Pain"],"damage_healed":0,"gold_gain":0,"player_choice":"Card Removal","damage_taken":0,"max_hp_gain":0,"max_hp_loss":0,"event_name":"Wheel of Change","floor":8,"gold_loss":0},{"damage_healed":0,"gold_gain":0,"player_choice":"Shed Blood","damage_taken":19,"max_hp_gain":5,"max_hp_loss":0,"event_name":"Forgotten Altar","floor":19,"gold_loss":0},{"damage_healed":0,"gold_gain":99,"player_choice":"Stole From Cult","damage_taken":0,"max_hp_gain":0,"max_hp_loss":0,"event_name":"Nest","floor":22,"gold_loss":0}],"is_beta":false,"boss_relics":[{"not_picked":["Tiny House","Runic Pyramid"],"picked":"Philosopher\u0027s Stone"}],"items_purged_floors":[10],"is_endless":false,"potions_floor_spawned":[3,6,7,12,20],"killed_by":"Book of Stabbing","ascension_level":10}}