{"host":"7z347kdhnquy3q4q","time":1609952884,"event":{"mods":["Act Like it!","Aspiration","BaseMod","Downfall","Hubris","Infinite Spire","Minty Spire (QoL Compilation)","MostiFishMod","Pale of the Ancients","Permanent Neow","Potionbrewer","Replay The Spire","Robot Space Explorer","Spicy Shops","StSLib","Wandering Minibosses","vexMod"],"gold_per_floor":[113,113,126,126,137,168,184,199,199,249,28,43,76,138,138,209,209,229,229,296,75,75,75,85,99,99,99,114,114,177,209,209,337,387,397,377,392,410,421,503,503,0,0,0,26,26,26,56,56,136,234,334,348,361,295,645,645,651,651,651,651,779,829,844,853,853,953,969,997,997,997,1024,1044,1044,1062,1062,1091,1091,1139,1139,1157,1157,1157,1208,1215,1215,1237,1237],"floor_reached":87,"playtime":6393,"items_purged":["Strike_B","ReplayTheSpireMod:Reroute Power"],"score":4461,"play_id":"3a2df1f5-56ec-42ec-bca9-816be20ea16b","local_time":"20210106110804","is_ascension_mode":true,"campfire_choices":[{"floor":10.0,"key":"REST"},{"floor":15.0,"key":"REST"},{"data":"MostiFishMod:ATRI","floor":23,"key":"SMITH"},{"floor":27,"key":"REST"},{"data":"Mirror Shield","floor":32,"key":"SMITH"},{"data":"MostiFishMod:SeaWaves","floor":41,"key":"SMITH"},{"data":"MostiFishMod:LinkProtocol","floor":49,"key":"SMITH"},{"data":"Replay:SS_hec_1","floor":57,"key":"SMITH"},{"data":"Hologram","floor":59,"key":"SMITH"},{"data":"MostiFishMod:ActiveDefenseSystem","floor":71,"key":"SMITH"},{"data":"MostiFishMod:Mottled","floor":74,"key":"SMITH"},{"floor":78,"key":"RECALL"},{"data":"Defend_B","floor":86,"key":"SMITH"}],"circlet_count":0,"master_deck":["Strike_B","Strike_B","Strike_B","Defend_B+1","Defend_B","Defend_B","Zap","Dualcast","hubris:PowerSurge","BasicCrystalCard+1","Static Discharge","MostiFishMod:LinkProtocol+1","Machine Learning","Melter","Ball Lightning","Ball Lightning+1","Conserve Battery","MostiFishMod:ATRI+1","Glacier","MostiFishMod:Nova","hubris:PowerSurge","Redo","FIFO Queue","Aggregate+1","Tempest","Hologram+1","Mirror Shield+1","MostiFishMod:PushDownKick","Go for the Eyes","MostiFishMod:ActiveDefenseSystem+1","Reinforced Body","FIFO Queue","ReplayRNGCard","MostiFishMod:Nova","MostiFishMod:SeaWaves+1","infinitespire:FutureSight","Defragment","Rainbow","Replay:SS_hec_1+1","MostiFishMod:PerfectForm","MostiFishMod:Mottled+1","Mirror Shield","MostiFishMod:StarOceanB","MostiFishMod:DawningShadow","MostiFishMod:Prepare","Tempest+1","Leap","Lockon","Mirror Shield","Crystallizer","Panache","Replay:Fractal Strike","Thunder Strike","Tempest","Coolheaded","MostiFishMod:SeaWaves","MostiFishMod:PushDownKick","hubris:Ukulele","MostiFishMod:FluxCapactior","Defragment","Genetic Algorithm","Core Surge","MostiFishMod:Hijack","infinitespire:UltimateForm","Purity"],"relics":["Cracked Core","DaveBox","ChiXiaoBlade","aspiration:Nostalgia","Sizzling Blood","SynthV:TestCard","hubris:MobiusCoin","Omamori","Runic Capacitor","Pantograph","aspiration:Stellarator","Ring of Shattering","Nloth\u0027s Gift","Guardian:PocketSentry","Red Mask","JellyFishMachine","vexMod:ConsolationPrize","Du-Vu Doll","Mercury Hourglass","Replay:Rubber Ducky","potionbrewer:BhaskarasWheel","Smiling Mask","Meat on the Bone","aspiration:DSix","Tiny House","paleoftheancients:Timepiece","Gremlin Horn","CultistMask","paleoftheancients:SoulOfTheGuardian","wanderingMiniBosses:AbyssPearl","InkBottle","hubris:NiceRug","aspiration:HummingbirdHeart","Centennial Puzzle","Ying","Replay:Mystery Machine","infinitespire:Lucky Rock","Frozen Eye","TimeKeys","Pen Nib","Orrery","Cables","potionbrewer:ToyAutogyro","Strawberry","Bird Faced Urn","Replay:Towering Pillar of Hats","ChewingGum","PrismaticShard","Solar Panel"],"acts_visited":["Exordium","TheCity","TheBeyond","TheBeyond","Exordium","TheCity"],"potions_floor_usage":[20,24,28,33,37,39,50,51,53,56,58,58,75,79],"damage_taken":[{"damage":0.0,"enemies":"2 Louse","floor":1.0,"turns":2.0},{"damage":7.0,"enemies":"Jaw Worm","floor":3.0,"turns":2.0},{"damage":1.0,"enemies":"Cultist","floor":5.0,"turns":3.0},{"damage":27.0,"enemies":"Gremlin Nob","floor":6.0,"turns":4.0},{"damage":21.0,"enemies":"Exordium Wildlife","floor":7.0,"turns":3.0},{"damage":7.0,"enemies":"2 Fungi Beasts","floor":8.0,"turns":3.0},{"damage":9.0,"enemies":"Red Slaver","floor":12.0,"turns":2.0},{"damage":20.0,"enemies":"Lagavulin","floor":13.0,"turns":6.0},{"damage":7.0,"enemies":"3 Louse","floor":14.0,"turns":3.0},{"damage":15.0,"enemies":"Slime Boss","floor":16.0,"turns":8.0},{"damage":10.0,"enemies":"2 Thieves","floor":18.0,"turns":3.0},{"damage":0,"enemies":"3 Byrds","floor":20,"turns":5},{"damage":0,"enemies":"Centurion and Healer","floor":24,"turns":3},{"damage":33,"enemies":"Shelled Parasite and Fungi","floor":25,"turns":3},{"damage":11,"enemies":"Snake Plant","floor":28,"turns":2},{"damage":0,"enemies":"Snecko","floor":30,"turns":2},{"damage":0,"enemies":"Masked Bandits","floor":31,"turns":4},{"damage":58,"enemies":"Champ","floor":33,"turns":8},{"damage":0,"enemies":"3 Shapes","floor":35,"turns":5},{"damage":8,"enemies":"3 Darklings","floor":37,"turns":4},{"damage":0,"enemies":"Spire Growth","floor":38,"turns":3},{"damage":7,"enemies":"Transient","floor":39,"turns":6},{"damage":0,"enemies":"Nightmare","floor":40,"turns":6},{"damage":0,"enemies":"Nemesis","floor":45,"turns":5},{"damage":0,"enemies":"Giant Head","floor":48,"turns":6},{"damage":7,"enemies":"Awakened One","floor":50,"turns":7},{"damage":24,"enemies":"hubris:GrandSnecko","floor":51,"turns":7},{"damage":0,"enemies":"hubris:GrandSnecko","floor":53,"turns":6},{"damage":3,"enemies":"hubris:GrandSnecko","floor":54,"turns":5},{"damage":0,"enemies":"hubris:Merchant","floor":56,"turns":3},{"damage":491,"enemies":"hubris:Merchant","floor":58,"turns":5},{"damage":0,"enemies":"paleoftheancients:N","floor":62,"turns":11},{"damage":0,"enemies":"Small Slimes","floor":64,"turns":1},{"damage":0,"enemies":"Jaw Worm","floor":65,"turns":2},{"damage":0,"enemies":"2 Louse","floor":68,"turns":1},{"damage":0,"enemies":"Replay:BlueRogue","floor":69,"turns":1},{"damage":0,"enemies":"Nightmare","floor":73,"turns":2},{"damage":0,"enemies":"Gremlin Nob","floor":75,"turns":2},{"damage":0,"enemies":"3 Sentries","floor":77,"turns":1},{"damage":0,"enemies":"Slime Boss","floor":79,"turns":4},{"damage":0,"enemies":"2 Thieves","floor":81,"turns":1},{"damage":0,"enemies":"Chosen","floor":85,"turns":2},{"damage":54,"enemies":"Slavers","floor":87,"turns":3}],"seed_played":"-2632278120375509294","potions_obtained":[{"floor":3.0,"key":"Cursed Concoction"},{"floor":5.0,"key":"champ:CounterPotion"},{"floor":12.0,"key":"GamblersBrew"},{"floor":18.0,"key":"Fire Potion"},{"floor":20,"key":"potionbrewer:NoxiousPotion"},{"floor":25,"key":"EssenceOfSteel"},{"floor":35,"key":"SpeedPotion"},{"floor":36,"key":"hexamod:EctoCoolerPotion"},{"floor":38,"key":"Reflective Coating"},{"floor":48,"key":"BlessingOfTheForge"},{"floor":50,"key":"Milkshake"},{"floor":51,"key":"EssenceOfSteel"},{"floor":54,"key":"CultistPotion"},{"floor":56,"key":"Adrenaline Potion"},{"floor":56,"key":"ColorlessPotion"},{"floor":65,"key":"ColorlessPotion"},{"floor":75,"key":"ColorlessPotion"},{"floor":79,"key":"Block Potion"},{"floor":84,"key":"Regen Potion"}],"is_trial":false,"path_per_floor":["M","?","M","?","M","E","M","M","T","R","$","M","E","M","R","B",null,"M","?","M","$","?","R","M","M","T","R","M","?","M","?","R","B",null,"M","?","M","M","M","NM","R","$","T","AVR","E","$","?","E","R","B","B",null,"M","M","?","$","R","M","R","$","?","B",null,"M","M","?","AVR","M","E","$","R","T","NM","R","E","?","E","R","B",null,"M","?","?","?","M","R","E"],"character_chosen":"DEFECT","items_purchased":["Ball Lightning","Omamori","Runic Capacitor","FIFO Queue","Aggregate+1","Du-Vu Doll","Mercury Hourglass","Defragment"],"campfire_rested":3,"item_purchase_floors":[11,11,11,21,21,42,42,42],"current_hp_per_floor":[72,72,69,69,72,49,32,29,29,51,51,46,30,27,49,63,72,66,66,70,70,70,70,74,45,45,67,60,60,64,68,68,21,62,66,66,62,66,63,67,67,67,67,67,71,71,61,65,65,72,55,75,80,80,80,80,80,80,80,80,80,80,80,80,80,69,69,73,77,77,77,77,87,87,87,87,87,87,87,87,87,75,53,25,43,43,0,0],"gold":1237,"neow_bonus":"NOSTALGIA","is_daily":false,"chose_seed":false,"campfire_upgraded":9,"win_rate":0.0,"timestamp":1609952884,"path_taken":["M","?","M","?","?","E","M","M","T","R","$","M","E","M","R","BOSS","M","?","M","$","?","R","M","?","T","R","M","?","M","?","R","BOSS","M","?","M","?","?","NM","R","$","T","AVR","E","$","?","E","R","BOSS","BOSS","M","M","?","$","R","M","R","$","?","BOSS","M","?","?","AVR","M","E","$","R","T","NM","R","E","?","E","R","BOSS","M","?","?","?","?","R","E"],"items_purchased_type":["Card","Relic","Relic","Card","Card","Relic","Relic","Card"],"build_version":"2020-12-22","purchased_purges":2,"victory":false,"max_hp_per_floor":[75,75,75,75,75,75,75,75,75,75,75,75,75,75,75,75,75,75,75,75,75,75,75,75,75,75,75,75,75,75,75,75,75,75,75,75,75,75,75,75,75,75,75,75,75,75,75,75,75,75,75,80,80,80,80,80,80,80,80,80,80,80,80,80,80,80,80,80,80,80,80,80,87,87,87,87,87,87,87,87,87,87,87,87,87,87,87,87],"card_choices":[{"not_picked":["Stack","Undo"],"picked":"hubris:PowerSurge","floor":1.0},{"not_picked":["Steam Power","ReplaySort","Streamline","Coolheaded"],"picked":"BasicCrystalCard","floor":3.0},{"not_picked":["Streamline","Compile Driver","Panic Button","Darkness"],"picked":"Static Discharge","floor":5.0},{"not_picked":["Time Bomb","Coolheaded","Darkness","Cold Snap"],"picked":"MostiFishMod:LinkProtocol","floor":6.0},{"not_picked":["Sweeping Beam","Beam Cell","MostiFishMod:Impulse","Aggregate"],"picked":"Machine Learning","floor":7.0},{"not_picked":["BasicCrystalCard","Streamline","Panic Button","Chaos"],"picked":"Melter","floor":8.0},{"not_picked":["Cold Snap","Loop","Ball Lightning","Rip and Tear"],"picked":"Conserve Battery","floor":12.0},{"not_picked":["Leap","Ball Lightning","Conserve Battery","Hologram"],"picked":"MostiFishMod:ATRI","floor":13.0},{"not_picked":["Consume","Rebound","Time Bomb","Compile Driver"],"picked":"Glacier","floor":14.0},{"not_picked":["MostiFishMod:Prepare","Machine Learning","Reboot","Multi-Cast"],"picked":"MostiFishMod:Nova","floor":16.0},{"not_picked":["Ball Lightning","Sweeping Beam","Consume","Coolheaded"],"picked":"hubris:PowerSurge","floor":18.0},{"not_picked":["Panic Button","Storm","Rip and Tear","Conserve Battery"],"picked":"Redo","floor":20},{"not_picked":["MostiFishMod:Culaccino","MostiFishMod:LinkProtocol","Steam","Hologram"],"picked":"Tempest","floor":24},{"not_picked":["Scrape","Compile Driver","ReplayTheSpireMod:Reroute Power","Barrage"],"picked":"Hologram","floor":25},{"not_picked":["Glacier","Gash","Static Discharge","Sweeping Beam+1"],"picked":"Mirror Shield","floor":28},{"not_picked":["Coolheaded","Melter","Consume","BasicCrystalCard"],"picked":"MostiFishMod:PushDownKick","floor":30},{"not_picked":["Recycle","Conserve Battery","Panic Button","Sweeping Beam"],"picked":"Go for the Eyes","floor":31},{"not_picked":["MostiFishMod:GoodWordForIt","hubris:DoWhile","MostiFishMod:Prepare","MostiFishMod:Overload"],"picked":"MostiFishMod:ActiveDefenseSystem","floor":33},{"not_picked":["Coolheaded","BasicCrystalCard","Chaos","aspiration:Polymerization"],"picked":"Reinforced Body","floor":35},{"not_picked":["Double Energy","Barrage","Undo","Steam"],"picked":"FIFO Queue","floor":37},{"not_picked":["MostiFishMod:LinkProtocol","Go for the Eyes","Cold Snap","Panic Button"],"picked":"ReplayRNGCard","floor":38},{"not_picked":["Gash","Ball Lightning","BasicCrystalCard","Conserve Battery"],"picked":"MostiFishMod:Nova","floor":39},{"not_picked":["FIFO Queue","BootSequence","Stack+1","MostiFishMod:IntelligentEquipment"],"picked":"MostiFishMod:SeaWaves","floor":40},{"not_picked":["infinitespire:TheBestDefense","ReplayTheSpireMod:??????????????????????"],"picked":"infinitespire:FutureSight","floor":40},{"not_picked":["Beam Cell","Machine Learning","Cold Snap+1","Chill"],"picked":"Rainbow","floor":45},{"not_picked":["Deep Breath","Madness","ReplayTheSpireMod:Brewmster","expansioncontent:PolyBeam"],"picked":"Replay:SS_hec_1","floor":47},{"not_picked":["Poisoned Strike","MostiFishMod:MusicBox","Mind Blast","ReplayTheSpireMod:Private Reserves"],"picked":"MostiFishMod:PerfectForm","floor":47},{"not_picked":["Finesse","The Bomb","expansioncontent:HyperBeam","Good Instincts"],"picked":"MostiFishMod:Mottled","floor":47},{"not_picked":["MostiFishMod:Impulse+1","Amplify","Capacitor","BasicCrystalCard+1"],"picked":"Mirror Shield","floor":48},{"not_picked":["Creative AI","MostiFishMod:TalkingToTheRain","MostiFishMod:Culaccino","MostiFishMod:Distribution"],"picked":"MostiFishMod:StarOceanB","floor":50},{"not_picked":["MostiFishMod:Exploitation","Fission","MostiFishMod:Tomorrow","hubris:DoWhile"],"picked":"MostiFishMod:DawningShadow","floor":51},{"not_picked":["Machine Learning","All For One","Fusion","Streamline+1"],"picked":"MostiFishMod:Prepare","floor":52},{"not_picked":["Heatsinks","Ball Lightning","Panic Button","Scrape+1"],"picked":"Tempest+1","floor":53},{"not_picked":["Steam Power","ReplaySort+1","hubris:PowerSurge+1","Sweeping Beam"],"picked":"Leap","floor":54},{"not_picked":[],"picked":"Lockon","floor":56},{"not_picked":[],"picked":"Mirror Shield","floor":56},{"not_picked":[],"picked":"Crystallizer","floor":56},{"not_picked":[],"picked":"Panache","floor":56},{"not_picked":["Rip and Tear"],"picked":"SKIP","floor":56},{"not_picked":["Leap"],"picked":"SKIP","floor":56},{"not_picked":["vexMod:EmailVexCard"],"picked":"SKIP","floor":56},{"not_picked":["infinitespire:Starlight","ReplayTheSpireMod:Echoes of Time"],"picked":"Replay:Fractal Strike","floor":62},{"not_picked":["Machine Learning","MostiFishMod:Overload","hubris:DoWhile","MostiFishMod:Distribution"],"picked":"Thunder Strike","floor":62},{"not_picked":["Hologram","MostiFishMod:Impulse","Sweeping Beam","Barrage","Ball Lightning"],"picked":"SKIP","floor":64},{"not_picked":["Gash","BasicCrystalCard","Streamline","Redo"],"picked":"Tempest","floor":65},{"not_picked":["Turbo","MostiFishMod:Culaccino","Streamline","Auto Shields"],"picked":"Coolheaded","floor":67},{"not_picked":["Compile Driver","hubris:Ukulele","Glacier","Gash"],"picked":"ReplayTheSpireMod:Reroute Power","floor":67},{"not_picked":["Aggregate","Sweeping Beam","Conserve Battery","Gash"],"picked":"MostiFishMod:SeaWaves","floor":67},{"not_picked":["Barrage","Capacitor","Stack","Streamline"],"picked":"MostiFishMod:PushDownKick","floor":67},{"not_picked":["Turbo","Streamline","Go for the Eyes","Consume"],"picked":"hubris:Ukulele","floor":67},{"not_picked":["Conserve Battery","Gash","MostiFishMod:PushDownKick","Steam"],"picked":"MostiFishMod:FluxCapactior","floor":68},{"not_picked":["Machine Learning","aspiration:Polymerization","Leap","Double Energy"],"picked":"Defragment","floor":69},{"not_picked":["MostiFishMod:Exploitation","Gash","Steam Power","Compile Driver","ReplayTheSpireMod:Repulse"],"picked":"SKIP","floor":73},{"not_picked":["Coolheaded","ReplaySort","Steam","Loop","Barrage"],"picked":"SKIP","floor":75},{"not_picked":["All For One","Conserve Battery","Stack","Beam Cell","Melter"],"picked":"SKIP","floor":77},{"not_picked":["MostiFishMod:Overload","Buffer","hubris:Prefetch","Thunder Strike"],"picked":"Core Surge","floor":79},{"not_picked":["Capacitor","Streamline","Cold Snap","Panic Button","Hologram"],"picked":"SKIP","floor":81},{"not_picked":["MostiFishMod:IceShield","Buffer","Redo","Coolheaded"],"picked":"MostiFishMod:Hijack","floor":82},{"not_picked":["ReplayTheSpireMod:Echoes of Time","infinitespire:Menacing"],"picked":"infinitespire:UltimateForm","floor":83},{"not_picked":["RobotSpaceExplorer:ScrapToss","RobotSpaceExplorer:Counterblock","Survey Options","sneckomod:DiceCrush+1"],"picked":"Purity","floor":84},{"not_picked":["MostiFishMod:PerfectParry","Glass Knife","champ:GutPunch","RobotSpaceExplorer:MetalStrike","champ:Haymaker"],"picked":"SKIP","floor":85}],"player_experience":1952538,"relics_obtained":[{"floor":1.0,"key":"SynthV:TestCard"},{"floor":6.0,"key":"infinitespire:FocusingShard"},{"floor":9.0,"key":"hubris:MobiusCoin"},{"floor":13.0,"key":"Pantograph"},{"floor":19.0,"key":"Ring of Shattering"},{"floor":26,"key":"Guardian:PocketSentry"},{"floor":31,"key":"Red Mask"},{"floor":40,"key":"vexMod:ConsolationPrize"},{"floor":43,"key":"Replay:Rubber Ducky"},{"floor":45,"key":"Meat on the Bone"},{"floor":48,"key":"aspiration:DSix"},{"floor":53,"key":"paleoftheancients:SoulOfTheGuardian"},{"floor":54,"key":"wanderingMiniBosses:AbyssPearl"},{"floor":54,"key":"paleoftheancients:SoulOfTheShapes"},{"floor":56,"key":"aspiration:HummingbirdHeart"},{"floor":56,"key":"Centennial Puzzle"},{"floor":56,"key":"Ying"},{"floor":56,"key":"Replay:Mystery Machine"},{"floor":56,"key":"infinitespire:Lucky Rock"},{"floor":56,"key":"Frozen Eye"},{"floor":69,"key":"Cables"},{"floor":72,"key":"potionbrewer:ToyAutogyro"},{"floor":73,"key":"Strawberry"},{"floor":75,"key":"Bird Faced Urn"},{"floor":77,"key":"Replay:Towering Pillar of Hats"},{"floor":82,"key":"PrismaticShard"},{"floor":84,"key":"Solar Panel"}],"event_choices":[{"damage_healed":0.0,"max_hp_gain":0.0,"max_hp_loss":0.0,"gold_gain":0.0,"event_name":"Upgrade Shrine","player_choice":"Upgraded","floor":4.0,"gold_loss":0.0,"damage_taken":0.0,"cards_upgraded":["BasicCrystalCard"]},{"damage_healed":0,"gold_gain":0,"player_choice":"Traded Relic","damage_taken":0,"relics_obtained":["Nloth\u0027s Gift"],"max_hp_gain":0,"max_hp_loss":0,"event_name":"N\u0027loth","floor":22,"relics_lost":["infinitespire:FocusingShard"],"gold_loss":0},{"damage_healed":0,"gold_gain":0,"player_choice":"Fought Bandits","damage_taken":0,"max_hp_gain":0,"max_hp_loss":0,"event_name":"Masked Bandits","floor":31,"gold_loss":0},{"damage_healed":0,"gold_gain":0,"player_choice":"Bought 1 Potion","damage_taken":0,"max_hp_gain":0,"max_hp_loss":0,"event_name":"The Woman in Blue","floor":36,"gold_loss":0},{"damage_healed":0,"gold_gain":0,"player_choice":"Memory 3","damage_taken":10,"max_hp_gain":0,"max_hp_loss":0,"event_name":"SensoryStone","floor":47,"gold_loss":0},{"damage_healed":0,"gold_gain":0,"player_choice":"Paid Gold","damage_taken":0,"relics_obtained":["InkBottle"],"max_hp_gain":0,"max_hp_loss":0,"event_name":"WeMeetAgain","floor":55,"gold_loss":66},{"damage_healed":0,"gold_gain":0,"player_choice":"Success","damage_taken":11,"relics_obtained":["Pen Nib"],"max_hp_gain":0,"max_hp_loss":0,"event_name":"Scrap Ooze","floor":66,"gold_loss":0},{"damage_healed":0,"gold_gain":0,"player_choice":"1 cards matched","damage_taken":0,"max_hp_gain":0,"max_hp_loss":0,"event_name":"Match and Keep!","floor":76,"gold_loss":0,"cards_obtained":["Genetic Algorithm"]}],"is_beta":false,"boss_relics":[{"not_picked":["Fusion Hammer","aspiration:SecretTechniqueScroll"],"picked":"aspiration:Stellarator"},{"not_picked":["Abe\u0027s Treasure","Kintsugi"],"picked":"JellyFishMachine"},{"not_picked":["HereWithMe","Sozu"],"picked":"Tiny House"},{"not_picked":["GuanYuAspect","Pandora\u0027s Box"],"picked":"TimeKeys"},{"not_picked":["HereWithMe","Snecko Eye"],"picked":"ChewingGum"}],"items_purged_floors":[21,67],"is_endless":true,"potions_floor_spawned":[3,5,12,18,20,25,35,38,48,50,51,54,65,75,79,81],"killed_by":"Slavers","ascension_level":20}}