{"host":"jm9833yuloeli2yd","time":1609896285,"event":{"mods":["BaseMod","Better Altar","Better Match","Better Note","Better Sensory Stone","Better Skull","Better Third Choice","Better Vampires","BetterRewards","Colored Map","Colored Powertips","DeckTracker","Minty Spire (QoL Compilation)","Permanent Neow","Quick Restart","StSLib","SuperFastMode"],"gold_per_floor":[115,134,153,153,303,303,303,317,342,31,41,72,83,115,115,115,115],"floor_reached":16,"playtime":465,"items_purged":["Doubt"],"score":224,"play_id":"cc188b06-a80a-4253-b1ff-fd0383bbb07c","local_time":"20210105202445","is_ascension_mode":true,"campfire_choices":[{"data":"Poisoned Stab","floor":6,"key":"SMITH"},{"floor":15,"key":"REST"}],"circlet_count":0,"master_deck":["AscendersBane","Strike_G","Strike_G","Strike_G","Strike_G","Strike_G","Defend_G","Defend_G","Defend_G","Defend_G","Defend_G","Survivor","Neutralize+1","Quick Slash","Poisoned Stab+1","Deflect","Flash of Steel","Footwork","Bane","Well Laid Plans","Leg Sweep","Blur+1"],"relics":["Ring of the Snake","Nunchaku","Lee\u0027s Waffle","Lantern","Toxic Egg 2"],"acts_visited":["Exordium"],"potions_floor_usage":[12,14],"damage_taken":[{"damage":0,"enemies":"2 Louse","floor":1,"turns":3},{"damage":1,"enemies":"Small Slimes","floor":2,"turns":4},{"damage":0,"enemies":"Cultist","floor":3,"turns":4},{"damage":20,"enemies":"Large Slime","floor":8,"turns":7},{"damage":2,"enemies":"Blue Slaver","floor":11,"turns":4},{"damage":30,"enemies":"3 Sentries","floor":12,"turns":13},{"damage":4,"enemies":"Looter","floor":13,"turns":3},{"damage":31,"enemies":"Gremlin Nob","floor":14,"turns":5},{"damage":34,"enemies":"Hexaghost","floor":16,"turns":15}],"seed_played":"-6408783744415529216","potions_obtained":[{"floor":8,"key":"Dexterity Potion"},{"floor":11,"key":"AttackPotion"}],"is_trial":false,"path_per_floor":["M","M","M","?","?","R","?","M","T","$","M","E","M","E","R","B"],"character_chosen":"THE_SILENT","items_purchased":["Footwork","Lee\u0027s Waffle"],"campfire_rested":1,"item_purchase_floors":[10,10],"current_hp_per_floor":[59,58,58,63,63,63,63,43,43,78,76,46,42,11,34,0,0],"gold":115,"neow_bonus":"UPGRADE_CARD","is_daily":false,"chose_seed":false,"campfire_upgraded":1,"win_rate":0.0,"timestamp":1609896285,"path_taken":["M","M","M","?","?","R","?","?","T","$","M","E","M","E","R","BOSS"],"items_purchased_type":["Card","Relic"],"build_version":"2020-12-22","purchased_purges":1,"victory":false,"max_hp_per_floor":[66,66,66,71,71,71,71,71,71,78,78,78,78,78,78,78,78],"card_choices":[{"not_picked":["Cloak And Dagger","Deadly Poison"],"picked":"Quick Slash","floor":1},{"not_picked":["Slice","Flechettes"],"picked":"Poisoned Stab","floor":2},{"not_picked":["Dagger Throw","Concentrate"],"picked":"Deflect","floor":3},{"not_picked":["Blind","Swift Strike"],"picked":"Flash of Steel","floor":7},{"not_picked":["Flying Knee","Dagger Throw","Outmaneuver"],"picked":"SKIP","floor":8},{"not_picked":["Deadly Poison","Masterful Stab"],"picked":"Bane","floor":11},{"not_picked":["Slice","Distraction"],"picked":"Well Laid Plans","floor":12},{"not_picked":["Sucker Punch","Backstab"],"picked":"Leg Sweep","floor":13},{"not_picked":["Backstab","Storm of Steel+1"],"picked":"Blur+1","floor":14}],"player_experience":1254963,"relics_obtained":[{"floor":9,"key":"Nunchaku"},{"floor":12,"key":"Lantern"},{"floor":14,"key":"Toxic Egg 2"}],"event_choices":[{"damage_healed":0,"gold_gain":0,"player_choice":"Donut","damage_taken":0,"max_hp_gain":5,"max_hp_loss":0,"event_name":"Big Fish","floor":4,"gold_loss":0},{"damage_healed":0,"gold_gain":150,"player_choice":"AGREE","damage_taken":153,"max_hp_gain":0,"max_hp_loss":0,"event_name":"betterThird:BetterSerpent","floor":5,"gold_loss":0},{"damage_healed":0,"gold_gain":1,"player_choice":"1","damage_taken":0,"max_hp_gain":0,"max_hp_loss":0,"event_name":"betterStone:BetterStone","floor":7,"gold_loss":0}],"is_beta":false,"boss_relics":[],"items_purged_floors":[10],"is_endless":false,"potions_floor_spawned":[8,11],"killed_by":"Hexaghost","ascension_level":20}}