{"host":"sabve5zmqufxyc5o","time":1609913927,"event":{"mods":["2.2 Compatiblity","AchievementEnabler","Act Like it!","BaseMod","Block Reminder","Colored Map","Colored Powertips","DeckTracker","KOR Keyword Fix","Keyboard Shortcuts","Minty Spire (QoL Compilation)","Quick Restart","Rare Cards Sparkle","Relic Stats","StSLib","SuperFastMode"],"gold_per_floor":[110,110,127,143,218,218,100,100,100,100,0,19,38,38,38,116,116,133,152,164,214,242,242,252,252,252],"floor_reached":25,"playtime":438,"items_purged":["Strike_G","Strike_G"],"score":386,"play_id":"2e4116df-66ff-4387-a8c4-7695b3528545","local_time":"20210106151847","is_ascension_mode":true,"campfire_choices":[{"data":"Blade Dance","floor":6.0,"key":"SMITH"},{"data":"Infinite Blades","floor":8,"key":"SMITH"},{"data":"Cloak And Dagger","floor":15,"key":"SMITH"},{"floor":23,"key":"REST"}],"circlet_count":0,"master_deck":["AscendersBane","Strike_G","Defend_G","Defend_G","Defend_G","Defend_G","Defend_G","Survivor","Neutralize","Deadly Poison+1","Blade Dance+1","Masterful Stab","Infinite Blades+1","Noxious Fumes+1","Cloak And Dagger+1","After Image+1","Acrobatics","Footwork+1"],"relics":["Ring of the Snake","Frozen Egg 2","Cursed Key","Red Mask"],"acts_visited":["Exordium","TheCity"],"potions_floor_usage":[20,22],"damage_taken":[{"damage":0.0,"enemies":"Small Slimes","floor":1.0,"turns":6.0},{"damage":0.0,"enemies":"Cultist","floor":3.0,"turns":3.0},{"damage":0.0,"enemies":"Jaw Worm","floor":4.0,"turns":3.0},{"damage":1,"enemies":"Large Slime","floor":12,"turns":4},{"damage":4,"enemies":"Blue Slaver","floor":13,"turns":3},{"damage":14,"enemies":"Hexaghost","floor":16,"turns":9},{"damage":9,"enemies":"3 Byrds","floor":18,"turns":5},{"damage":16,"enemies":"2 Thieves","floor":19,"turns":5},{"damage":3,"enemies":"Centurion and Healer","floor":20,"turns":6},{"damage":16,"enemies":"Masked Bandits","floor":22,"turns":5},{"damage":0,"enemies":"Sentry and Sphere","floor":24,"turns":5},{"damage":35,"enemies":"Cultist and Chosen","floor":25,"turns":5}],"seed_played":"4943834145778250694","potions_obtained":[{"floor":13,"key":"AttackPotion"},{"floor":19,"key":"Regen Potion"}],"is_trial":false,"path_per_floor":["M","?","M","M","?","R","$","R","T","?","$","M","M","$","R","B",null,"M","M","M","?","?","R","M","M"],"character_chosen":"THE_SILENT","items_purchased":["Infinite Blades"],"campfire_rested":1,"item_purchase_floors":[7],"current_hp_per_floor":[59,59,59,59,48,48,48,48,48,48,48,47,43,43,43,29,57,48,32,44,44,28,47,47,12,12],"gold":252,"neow_bonus":"REMOVE_CARD","is_daily":false,"chose_seed":false,"campfire_upgraded":3,"win_rate":0.0,"timestamp":1609913927,"path_taken":["M","?","M","M","?","R","$","R","T","?","$","M","?","$","R","BOSS","M","M","M","?","?","R","M","M"],"items_purchased_type":["Card"],"build_version":"2020-12-22","purchased_purges":2,"victory":false,"max_hp_per_floor":[66,66,66,66,66,66,66,66,66,66,66,66,66,66,66,66,66,66,66,66,66,66,66,66,66,66],"relic_stats":{"counters":[12,59],"Cursed Key":0,"obtain_stats":[{"Red Mask":22,"Frozen Egg 2":9,"Cursed Key":17,"Ring of the Snake":0},{"Red Mask":10,"Frozen Egg 2":3,"Cursed Key":6,"Ring of the Snake":0},{"Red Mask":49,"Frozen Egg 2":12,"Cursed Key":28,"Ring of the Snake":0}],"Ring of the Snake":[24]},"card_choices":[{"not_picked":["Deflect","Backflip"],"picked":"Deadly Poison","floor":1.0},{"not_picked":["Sucker Punch","Catalyst"],"picked":"Blade Dance","floor":3.0},{"not_picked":["Underhanded Strike","Accuracy"],"picked":"Masterful Stab","floor":4.0},{"not_picked":["Slice","Deflect"],"picked":"Noxious Fumes+1","floor":12},{"not_picked":["Prepared","Underhanded Strike"],"picked":"Cloak And Dagger","floor":13},{"not_picked":["Grand Finale","A Thousand Cuts+1"],"picked":"After Image+1","floor":16},{"not_picked":["Leg Sweep","Poisoned Stab","Flying Knee"],"picked":"SKIP","floor":18},{"not_picked":["Quick Slash","Flying Knee","Dagger Spray+1"],"picked":"SKIP","floor":19},{"not_picked":["Sucker Punch","PiercingWail","Dagger Spray"],"picked":"SKIP","floor":20},{"not_picked":["Deflect","Outmaneuver"],"picked":"Acrobatics","floor":22},{"not_picked":["All Out Attack","Catalyst"],"picked":"Footwork+1","floor":24}],"player_experience":820271,"relics_obtained":[{"floor":9,"key":"Frozen Egg 2"},{"floor":22,"key":"Red Mask"}],"event_choices":[{"damage_healed":0.0,"max_hp_gain":0.0,"max_hp_loss":0.0,"gold_gain":0.0,"event_name":"Living Wall","player_choice":"Grow","floor":2.0,"gold_loss":0.0,"damage_taken":0.0,"cards_upgraded":["Deadly Poison"]},{"damage_healed":0.0,"max_hp_gain":0.0,"max_hp_loss":0.0,"gold_gain":75.0,"event_name":"World of Goop","player_choice":"Gather Gold","floor":5.0,"gold_loss":0.0,"damage_taken":11.0},{"cards_removed":["Strike_G"],"damage_healed":0,"gold_gain":0,"player_choice":"Purged","damage_taken":0,"max_hp_gain":0,"max_hp_loss":0,"event_name":"Purifier","floor":10,"gold_loss":0},{"damage_healed":0,"gold_gain":50,"player_choice":"Stole From Cult","damage_taken":0,"max_hp_gain":0,"max_hp_loss":0,"event_name":"Nest","floor":21,"gold_loss":0},{"damage_healed":0,"gold_gain":0,"player_choice":"Fought Bandits","damage_taken":0,"max_hp_gain":0,"max_hp_loss":0,"event_name":"Masked Bandits","floor":22,"gold_loss":0}],"is_beta":false,"boss_relics":[{"not_picked":["Sozu","Fusion Hammer"],"picked":"Cursed Key"}],"items_purged_floors":[7,11],"is_endless":false,"potions_floor_spawned":[13,19],"killed_by":"Cultist and Chosen","ascension_level":20}}