{"host":"wfcf39wm1vkwpcs0","time":1609944998,"event":{"mods":["BaseMod","Hermit","Minty Spire (QoL Compilation)","StSLib","The Cursed","The Necromancer","The Servant 0.9.4"],"gold_per_floor":[119,47,47,64,64,75,75,87,113,113,141,141,160,170,170,268,268,237,166,166,185,23,23,39,39,64,79,79,79],"floor_reached":28,"playtime":1523,"items_purged":[],"score":220,"play_id":"f9f671da-f1e3-4824-b8a7-2a628633af08","local_time":"20210106225638","is_ascension_mode":false,"campfire_choices":[{"floor":7,"key":"RECALL"},{"data":"Poisoned Stab","floor":10,"key":"SMITH"},{"floor":12,"key":"REST"},{"data":"Setup","floor":15,"key":"SMITH"},{"floor":23,"key":"REST"},{"data":"Riddle With Holes","floor":25,"key":"SMITH"}],"circlet_count":0,"master_deck":["Strike_G","Strike_G","Strike_G","Strike_G","Strike_G","Defend_G","Defend_G","Defend_G","Defend_G","Defend_G","Survivor","Neutralize","Panacea","Setup+1","Backstab","Dagger Throw","Poisoned Stab+1","Deflect","Riddle With Holes+1","Die Die Die","Blade Dance","Bullet Time","Poisoned Stab","Dagger Throw","Dodge and Roll","Backflip+1","Glass Knife","Deflect","Leg Sweep+1","Catalyst"],"relics":["Ring of the Snake","Regal Pillow","SlaversCollar","Pen Nib"],"acts_visited":["Exordium","TheCity"],"potions_floor_usage":[11,11,13,16,27],"damage_taken":[{"damage":0,"enemies":"Jaw Worm","floor":1,"turns":5},{"damage":0,"enemies":"2 Louse","floor":4,"turns":3},{"damage":0,"enemies":"Cultist","floor":6,"turns":4},{"damage":10,"enemies":"2 Fungi Beasts","floor":8,"turns":4},{"damage":25,"enemies":"Lagavulin","floor":11,"turns":7},{"damage":0,"enemies":"Gremlin Gang","floor":13,"turns":4},{"damage":3,"enemies":"Exordium Thugs","floor":14,"turns":5},{"damage":57,"enemies":"The Guardian","floor":16,"turns":11},{"damage":33,"enemies":"2 Thieves","floor":18,"turns":5},{"damage":10,"enemies":"Shell Parasite","floor":21,"turns":6},{"damage":15,"enemies":"3 Cultists","floor":24,"turns":6},{"damage":25,"enemies":"Centurion and Healer","floor":27,"turns":9},{"damage":23,"enemies":"Sentry and Sphere","floor":28,"turns":5}],"seed_played":"-8397308036681653415","potions_obtained":[{"floor":4,"key":"SpeedPotion"},{"floor":6,"key":"Fire Potion"},{"floor":11,"key":"PowerPotion"},{"floor":13,"key":"DuplicationPotion"},{"floor":24,"key":"AttackPotion"}],"is_trial":false,"path_per_floor":["M","$","?","M","?","M","R","M","T","R","E","R","M","M","R","B",null,"M","$","?","M","$","R","M","R","T","M","M"],"character_chosen":"THE_SILENT","items_purchased":["Backstab","Dagger Throw","Dodge and Roll","Glass Knife","Deflect"],"campfire_rested":2,"item_purchase_floors":[2,19,19,22,22],"current_hp_per_floor":[70,70,70,70,70,70,70,60,60,60,35,70,70,67,67,10,70,37,37,37,27,27,63,48,48,48,23,0,0],"gold":79,"neow_bonus":"RANDOM_COLORLESS","is_daily":false,"chose_seed":false,"campfire_upgraded":3,"win_rate":0.0,"timestamp":1609944998,"path_taken":["M","$","?","M","?","M","R","?","T","R","E","R","M","M","R","BOSS","M","$","?","M","$","R","M","R","T","M","M"],"items_purchased_type":["Card","Card","Card","Card","Card"],"build_version":"2020-12-22","purchased_purges":0,"victory":false,"max_hp_per_floor":[70,70,70,70,70,70,70,70,70,70,70,70,70,70,70,70,70,70,70,70,70,70,70,70,70,70,70,70,70],"card_choices":[{"not_picked":["Forethought","Trip"],"picked":"Panacea","floor":0},{"not_picked":["Outmaneuver","Poisoned Stab"],"picked":"Setup","floor":1},{"not_picked":["Prepared","Acrobatics"],"picked":"Dagger Throw","floor":4},{"not_picked":["Cloak And Dagger","Footwork"],"picked":"Poisoned Stab","floor":6},{"not_picked":["Dagger Throw","Calculated Gamble"],"picked":"Deflect","floor":8},{"not_picked":["Poisoned Stab","Backflip"],"picked":"Riddle With Holes","floor":11},{"not_picked":["Blur","Flying Knee"],"picked":"Die Die Die","floor":13},{"not_picked":["Blur","Endless Agony"],"picked":"Blade Dance","floor":14},{"not_picked":["Burst","Grand Finale"],"picked":"Bullet Time","floor":16},{"not_picked":["Slice","Endless Agony"],"picked":"Poisoned Stab","floor":18},{"not_picked":["Dodge and Roll","Acrobatics"],"picked":"Backflip+1","floor":21},{"not_picked":["Prepared","Sucker Punch"],"picked":"Leg Sweep+1","floor":24},{"not_picked":["Skewer+1","All Out Attack"],"picked":"Catalyst","floor":27}],"player_experience":117764,"relics_obtained":[{"floor":11,"key":"Regal Pillow"},{"floor":26,"key":"Pen Nib"}],"event_choices":[{"damage_healed":0,"gold_gain":0,"player_choice":"Leave","damage_taken":0,"max_hp_gain":0,"max_hp_loss":0,"event_name":"The Cleric","floor":3,"gold_loss":0},{"damage_healed":0,"gold_gain":0,"player_choice":"Ignored","damage_taken":0,"max_hp_gain":0,"max_hp_loss":0,"event_name":"Purifier","floor":5,"gold_loss":0},{"damage_healed":0,"gold_gain":0,"player_choice":"Ignored","damage_taken":0,"max_hp_gain":0,"max_hp_loss":0,"event_name":"Purifier","floor":20,"gold_loss":0}],"is_beta":false,"boss_relics":[{"not_picked":["Velvet Choker","Coffee Dripper"],"picked":"SlaversCollar"}],"items_purged_floors":[],"is_endless":false,"potions_floor_spawned":[4,6,11,13,24],"killed_by":"Sentry and Sphere","ascension_level":0}}