{"host":"t7mx8yfj1no5p62f","time":1609954549,"event":{"mods":["BaseMod","Colored Map","Colored Powertips","Minty Spire (QoL Compilation)","Relic Stats","StSLib"],"gold_per_floor":[112,125,143,155,170,170,202,214,240,266,266,266,297,310,310,310,310],"floor_reached":16,"playtime":559,"items_purged":[],"score":228,"play_id":"24df4464-a687-4e2f-a71b-233ce015fcd5","local_time":"20210106123549","is_ascension_mode":true,"campfire_choices":[{"data":"Uppercut","floor":6,"key":"SMITH"},{"data":"Battle Trance","floor":12,"key":"SMITH"},{"data":"Intimidate","floor":15,"key":"SMITH"}],"circlet_count":0,"master_deck":["AscendersBane","Strike_R","Strike_R","Strike_R","Strike_R","Defend_R","Defend_R","Defend_R","Defend_R","Bash","Iron Wave","Uppercut+1","Perfected Strike","Iron Wave","Power Through","Battle Trance+1","Corruption","Intimidate+1"],"relics":["Burning Blood","Dream Catcher","MealTicket","Odd Mushroom","Red Skull"],"acts_visited":["Exordium"],"potions_floor_usage":[7,10,16],"damage_taken":[{"damage":10,"enemies":"Small Slimes","floor":1,"turns":5},{"damage":1,"enemies":"Cultist","floor":2,"turns":3},{"damage":3,"enemies":"2 Louse","floor":3,"turns":4},{"damage":7,"enemies":"Blue Slaver","floor":4,"turns":4},{"damage":4,"enemies":"3 Louse","floor":5,"turns":4},{"damage":29,"enemies":"3 Sentries","floor":7,"turns":9},{"damage":9,"enemies":"Large Slime","floor":8,"turns":5},{"damage":6,"enemies":"The Mushroom Lair","floor":10,"turns":5},{"damage":23,"enemies":"Gremlin Nob","floor":13,"turns":4},{"damage":12,"enemies":"Exordium Wildlife","floor":14,"turns":4},{"damage":25,"enemies":"The Guardian","floor":16,"turns":8}],"seed_played":"4168431469500335258","potions_obtained":[{"floor":2,"key":"DistilledChaos"},{"floor":5,"key":"ColorlessPotion"},{"floor":10,"key":"Strength Potion"},{"floor":13,"key":"GamblersBrew"}],"is_trial":false,"path_per_floor":["M","M","M","M","M","R","E","M","T","?","?","R","E","M","R","B"],"character_chosen":"IRONCLAD","items_purchased":[],"campfire_rested":0,"item_purchase_floors":[],"current_hp_per_floor":[71,76,79,78,80,80,57,54,54,54,47,47,30,24,24,0,0],"gold":310,"neow_bonus":"TEN_PERCENT_HP_BONUS","is_daily":false,"chose_seed":false,"campfire_upgraded":3,"win_rate":0.0,"timestamp":1609954549,"path_taken":["M","M","M","M","M","R","E","M","T","?","?","R","E","M","R","BOSS"],"items_purchased_type":[],"build_version":"2020-12-22","purchased_purges":0,"victory":false,"max_hp_per_floor":[82,82,82,82,82,82,82,82,82,82,82,82,82,82,82,82,82],"relic_stats":{"Dream Catcher":0,"counters":[11,55],"MealTicket":0,"obtain_stats":[{"Dream Catcher":7,"MealTicket":9,"Odd Mushroom":10,"Burning Blood":0,"Red Skull":13},{"Dream Catcher":6,"MealTicket":7,"Odd Mushroom":8,"Burning Blood":0,"Red Skull":9},{"Dream Catcher":29,"MealTicket":34,"Odd Mushroom":39,"Burning Blood":0,"Red Skull":43}],"Burning Blood":60},"card_choices":[{"not_picked":["Warcry","Anger"],"picked":"Iron Wave","floor":1},{"not_picked":["Carnage","Warcry"],"picked":"Uppercut","floor":2},{"not_picked":["Fire Breathing","Iron Wave"],"picked":"Perfected Strike","floor":3},{"not_picked":["Wild Strike","True Grit"],"picked":"Iron Wave","floor":4},{"not_picked":["Uppercut","Clash"],"picked":"Power Through","floor":5},{"not_picked":["Searing Blow","Havoc","Heavy Blade"],"picked":"SKIP","floor":7},{"not_picked":["Anger","Wild Strike","Sentinel"],"picked":"SKIP","floor":8},{"not_picked":["Perfected Strike","Pommel Strike"],"picked":"Battle Trance","floor":10},{"not_picked":["Carnage","Clothesline"],"picked":"Corruption","floor":13},{"not_picked":["Anger","Iron Wave"],"picked":"Intimidate","floor":14}],"player_experience":1667610,"relics_obtained":[{"floor":7,"key":"Dream Catcher"},{"floor":9,"key":"MealTicket"},{"floor":10,"key":"Odd Mushroom"},{"floor":13,"key":"Red Skull"}],"event_choices":[{"damage_healed":0,"gold_gain":0,"player_choice":"Fought Mushrooms","damage_taken":0,"max_hp_gain":0,"max_hp_loss":0,"event_name":"Mushrooms","floor":10,"gold_loss":0},{"cards_removed":["Strike_R"],"damage_healed":0,"gold_gain":0,"player_choice":"Card Removal","damage_taken":7,"max_hp_gain":0,"max_hp_loss":0,"event_name":"Golden Wing","floor":11,"gold_loss":0}],"is_beta":false,"boss_relics":[],"items_purged_floors":[],"is_endless":false,"potions_floor_spawned":[2,5,10,13],"killed_by":"The Guardian","ascension_level":20}}