{"host":"raaimkojny05jekw","time":1609909258,"event":{"mods":["AchievementEnabler","BaseMod","Colored Map","Colored Powertips","DeckTracker","Minty Spire (QoL Compilation)","Quick Restart","Rare Cards Sparkle","everything is the same but u backflip on backflip"],"gold_per_floor":[115,127,146,146,159,159,176,176,176,176,176,188,338,3,3,3,3],"floor_reached":16,"playtime":345,"items_purged":["Doubt"],"score":184,"play_id":"a4a57a64-5733-43a6-888f-663f0ee6c0f4","local_time":"20210106140058","is_ascension_mode":true,"campfire_choices":[{"data":"Neutralize","floor":6,"key":"SMITH"},{"data":"Bouncing Flask","floor":8,"key":"SMITH"},{"data":"Survivor","floor":10,"key":"SMITH"},{"data":"After Image","floor":15,"key":"SMITH"}],"circlet_count":0,"master_deck":["AscendersBane","Strike_G","Strike_G","Strike_G","Strike_G","Strike_G","Defend_G","Defend_G","Defend_G","Defend_G","Defend_G","Survivor+1","Neutralize+1","Bouncing Flask+1","All Out Attack","Blade Dance+1","Deflect","Dodge and Roll","Infinite Blades","After Image+1","Trip"],"relics":["Ring of the Snake","NeowsBlessing","Nunchaku","Gremlin Horn"],"acts_visited":["Exordium"],"potions_floor_usage":[5,7,16],"damage_taken":[{"damage":0,"enemies":"Jaw Worm","floor":1,"turns":1},{"damage":0,"enemies":"2 Louse","floor":2,"turns":1},{"damage":0,"enemies":"Cultist","floor":3,"turns":1},{"damage":2,"enemies":"3 Louse","floor":5,"turns":3},{"damage":19,"enemies":"Exordium Thugs","floor":7,"turns":7},{"damage":0,"enemies":"Lots of Slimes","floor":12,"turns":1},{"damage":36,"enemies":"Hexaghost","floor":16,"turns":9}],"seed_played":"7558162495948241992","potions_obtained":[{"floor":1,"key":"DistilledChaos"},{"floor":5,"key":"Weak Potion"},{"floor":7,"key":"SpeedPotion"}],"is_trial":false,"path_per_floor":["M","M","M","?","M","R","M","R","T","R","?","M","?","$","R","B"],"character_chosen":"THE_SILENT","items_purchased":["After Image","Trip"],"campfire_rested":0,"item_purchase_floors":[14,14],"current_hp_per_floor":[59,59,59,54,52,52,33,33,33,33,33,33,33,33,33,0,0],"gold":3,"neow_bonus":"THREE_ENEMY_KILL","is_daily":false,"chose_seed":false,"campfire_upgraded":4,"win_rate":0.0,"timestamp":1609909258,"path_taken":["M","M","M","?","M","R","M","R","T","R","?","?","?","$","R","BOSS"],"items_purchased_type":["Card","Card"],"build_version":"2020-12-22","purchased_purges":1,"victory":false,"max_hp_per_floor":[66,66,66,66,66,66,66,66,66,66,66,66,66,66,66,66,66],"card_choices":[{"not_picked":["Tactician","Underhanded Strike"],"picked":"Bouncing Flask","floor":1},{"not_picked":["Blade Dance","Distraction"],"picked":"All Out Attack","floor":2},{"not_picked":["Masterful Stab","PiercingWail"],"picked":"Blade Dance","floor":3},{"not_picked":["Dagger Throw","Dodge and Roll"],"picked":"Deflect","floor":5},{"not_picked":["Endless Agony","Expertise"],"picked":"Dodge and Roll","floor":7},{"not_picked":["Riddle With Holes","Dodge and Roll"],"picked":"Infinite Blades","floor":12}],"player_experience":718398,"relics_obtained":[{"floor":9,"key":"Gremlin Horn"}],"event_choices":[{"damage_healed":0,"gold_gain":0,"player_choice":"Success","damage_taken":5,"relics_obtained":["Nunchaku"],"max_hp_gain":0,"max_hp_loss":0,"event_name":"Scrap Ooze","floor":4,"gold_loss":0},{"damage_healed":0,"gold_gain":0,"player_choice":"Forge","damage_taken":0,"max_hp_gain":0,"max_hp_loss":0,"event_name":"Accursed Blacksmith","floor":11,"gold_loss":0,"cards_upgraded":["Blade Dance"]},{"damage_healed":0,"gold_gain":150,"player_choice":"AGREE","damage_taken":0,"max_hp_gain":0,"max_hp_loss":0,"event_name":"Liars Game","floor":13,"gold_loss":0,"cards_obtained":["Doubt"]}],"is_beta":false,"boss_relics":[],"items_purged_floors":[14],"is_endless":false,"potions_floor_spawned":[1,5,7],"killed_by":"Hexaghost","ascension_level":20}}