{"host":"kig4ty9d1aubg29s","time":1609940390,"event":{"mods":["BaseMod","Minty Spire (QoL Compilation)","READ ME - Guardian Mod","READ ME - Snecko Mod","StSLib","The Cursed","The Gatherer","The Hierophant","The Runesmith"],"gold_per_floor":[117,117,117,117,133,158,308,308,335,349,367,34,34,51,51,129,129,142,142,153,153,153],"floor_reached":21,"playtime":596,"items_purged":[],"score":358,"play_id":"924268b3-430b-43f4-b8c8-b269e04df054","local_time":"20210106223950","is_ascension_mode":true,"campfire_choices":[{"floor":13,"key":"REST"},{"floor":15,"key":"REST"}],"circlet_count":0,"master_deck":["AscendersBane","Strike_B","Strike_B","Strike_B","Strike_B","Defend_B","Defend_B","Defend_B","Defend_B","Zap+1","Dualcast","Consume","Heatsinks","Heatsinks","Melter","Gash","Fission","Conserve Battery+1","Cold Snap"],"relics":["Cracked Core","Orichalcum","Eternal Feather","StoneCalendar","Omamori","Nunchaku","Toy Ornithopter","Ancient Tea Set","Philosopher\u0027s Stone","Bag of Preparation"],"acts_visited":["Exordium","TheCity"],"potions_floor_usage":[6,16,21],"damage_taken":[{"damage":8,"enemies":"2 Louse","floor":1,"turns":2},{"damage":3,"enemies":"Jaw Worm","floor":5,"turns":3},{"damage":32,"enemies":"Lagavulin","floor":6,"turns":7},{"damage":2,"enemies":"Small Slimes","floor":10,"turns":2},{"damage":6,"enemies":"3 Louse","floor":11,"turns":3},{"damage":10,"enemies":"Lots of Slimes","floor":14,"turns":5},{"damage":31,"enemies":"Hexaghost","floor":16,"turns":9},{"damage":0,"enemies":"Spheric Guardian","floor":18,"turns":1},{"damage":31,"enemies":"Chosen","floor":20,"turns":7},{"damage":39,"enemies":"Shelled Parasite and Fungi","floor":21,"turns":3}],"seed_played":"-1542060324572690256","potions_obtained":[{"floor":5,"key":"Regen Potion"},{"floor":11,"key":"PowerPotion"},{"floor":16,"key":"FocusPotion"},{"floor":18,"key":"Explosive Potion"}],"is_trial":false,"path_per_floor":["M","?","?","?","M","E","?","?","T","M","M","$","R","M","R","B",null,"M","?","M","M"],"character_chosen":"DEFECT","items_purchased":["Toy Ornithopter","Ancient Tea Set"],"campfire_rested":2,"item_purchase_floors":[12,12],"current_hp_per_floor":[56,56,38,38,35,18,18,11,11,9,3,3,33,23,53,27,60,60,60,29,0,0],"gold":153,"neow_bonus":"RANDOM_COMMON_RELIC","is_daily":false,"chose_seed":false,"campfire_upgraded":0,"win_rate":0.0,"timestamp":1609940390,"path_taken":["M","?","?","?","M","E","?","?","T","M","M","$","R","M","R","BOSS","M","?","?","M"],"items_purchased_type":["Relic","Relic"],"build_version":"2020-12-22","purchased_purges":0,"victory":false,"max_hp_per_floor":[71,71,71,71,71,71,71,71,71,71,71,71,71,71,71,71,71,71,71,71,71,71],"card_choices":[{"not_picked":["Redo","Sweeping Beam"],"picked":"Cold Snap","floor":1},{"not_picked":["Steam","Genetic Algorithm"],"picked":"Consume","floor":5},{"not_picked":["Undo","Steam"],"picked":"Heatsinks","floor":6},{"not_picked":["Chill","Cold Snap"],"picked":"Heatsinks","floor":10},{"not_picked":["Blizzard","Cold Snap"],"picked":"Melter","floor":11},{"not_picked":["Leap","All For One"],"picked":"Gash","floor":14},{"not_picked":["Meteor Strike","Seek"],"picked":"Fission","floor":16},{"not_picked":["Force Field","FTL"],"picked":"Conserve Battery+1","floor":18},{"not_picked":["Hologram","Beam Cell"],"picked":"Cold Snap","floor":20}],"player_experience":1917738,"relics_obtained":[{"floor":6,"key":"Omamori"},{"floor":9,"key":"Nunchaku"}],"event_choices":[{"damage_healed":0,"gold_gain":0,"player_choice":"Grow","damage_taken":0,"max_hp_gain":0,"max_hp_loss":0,"event_name":"Living Wall","floor":2,"gold_loss":0,"cards_upgraded":["Zap"]},{"damage_healed":0,"gold_gain":0,"player_choice":"Success","damage_taken":18,"relics_obtained":["Eternal Feather"],"max_hp_gain":0,"max_hp_loss":0,"event_name":"Scrap Ooze","floor":3,"gold_loss":0},{"damage_healed":0,"gold_gain":0,"player_choice":"Box","damage_taken":0,"relics_obtained":["StoneCalendar"],"max_hp_gain":0,"max_hp_loss":0,"event_name":"Big Fish","floor":4,"gold_loss":0,"cards_obtained":["Regret"]},{"damage_healed":0,"gold_gain":150,"player_choice":"AGREE","damage_taken":0,"max_hp_gain":0,"max_hp_loss":0,"event_name":"Liars Game","floor":7,"gold_loss":0,"cards_obtained":["Doubt"]},{"cards_removed":["Regret"],"damage_healed":0,"gold_gain":0,"player_choice":"Card Removal","damage_taken":7,"max_hp_gain":0,"max_hp_loss":0,"event_name":"Golden Wing","floor":8,"gold_loss":0},{"cards_removed":["Cold Snap"],"damage_healed":0,"gold_gain":0,"player_choice":"Gave Card","damage_taken":0,"relics_obtained":["Bag of Preparation"],"max_hp_gain":0,"max_hp_loss":0,"event_name":"WeMeetAgain","floor":19,"gold_loss":0}],"is_beta":false,"boss_relics":[{"not_picked":["Velvet Choker","Busted Crown"],"picked":"Philosopher\u0027s Stone"}],"items_purged_floors":[],"is_endless":false,"potions_floor_spawned":[5,11,16,18],"killed_by":"Shelled Parasite and Fungi","ascension_level":20}}