{"host":"i1h39d0gfh5c6uxl","time":1609904568,"event":{"mods":["AchievementEnabler","BaseMod","Colored Map","Colored Powertips","Highlight Path","Minty Spire (QoL Compilation)"],"gold_per_floor":[113,125,136,136,151,151,201,201,201,211,211,241,257,286,286,286,286],"floor_reached":16,"playtime":1153,"items_purged":[],"score":224,"play_id":"a1a4fc8c-2e43-4d45-b5ee-217f22b9c5ab","local_time":"20210106114248","is_ascension_mode":true,"campfire_choices":[{"data":"Shockwave","floor":6,"key":"SMITH"},{"data":"Bash","floor":8,"key":"SMITH"},{"data":"Pommel Strike","floor":11,"key":"SMITH"},{"floor":15,"key":"REST"}],"circlet_count":0,"master_deck":["AscendersBane","Strike_R","Strike_R","Strike_R","Strike_R","Strike_R","Defend_R","Defend_R","Defend_R","Defend_R","Bash+1","Pommel Strike+1","Battle Trance","Shockwave+1","Headbutt","Armaments","Cleave"],"relics":["Burning Blood","Ornamental Fan","Darkstone Periapt","Toy Ornithopter"],"acts_visited":["Exordium"],"potions_floor_usage":[3,12,13,15],"damage_taken":[{"damage":5,"enemies":"Small Slimes","floor":1,"turns":4},{"damage":11,"enemies":"Jaw Worm","floor":2,"turns":4},{"damage":6,"enemies":"Cultist","floor":3,"turns":3},{"damage":6,"enemies":"Looter","floor":5,"turns":3},{"damage":11,"enemies":"3 Louse","floor":10,"turns":3},{"damage":26,"enemies":"3 Sentries","floor":12,"turns":7},{"damage":7,"enemies":"Exordium Wildlife","floor":13,"turns":4},{"damage":40,"enemies":"Lagavulin","floor":14,"turns":7},{"damage":75,"enemies":"Slime Boss","floor":16,"turns":7}],"seed_played":"-2512614109045629657","potions_obtained":[{"floor":2,"key":"SteroidPotion"},{"floor":10,"key":"DistilledChaos"},{"floor":12,"key":"Block Potion"},{"floor":14,"key":"BloodPotion"}],"is_trial":false,"path_per_floor":["M","M","M","?","M","R","?","R","T","M","R","E","M","E","R","B"],"character_chosen":"IRONCLAD","items_purchased":[],"campfire_rested":1,"item_purchase_floors":[],"current_hp_per_floor":[76,71,71,76,76,76,76,76,76,71,71,51,50,16,64,0,0],"gold":286,"neow_bonus":"TEN_PERCENT_HP_BONUS","is_daily":false,"chose_seed":false,"campfire_upgraded":3,"win_rate":0.0,"timestamp":1609904568,"path_taken":["M","M","M","?","M","R","?","R","T","M","R","E","?","E","R","BOSS"],"items_purchased_type":[],"build_version":"2020-12-22","purchased_purges":0,"victory":false,"max_hp_per_floor":[82,82,82,87,87,87,87,87,87,87,87,87,87,87,87,87,87],"card_choices":[{"not_picked":["Battle Trance","Perfected Strike"],"picked":"Pommel Strike","floor":1},{"not_picked":["Sentinel","Thunderclap"],"picked":"Battle Trance","floor":2},{"not_picked":["Clothesline","Thunderclap"],"picked":"Shockwave","floor":3},{"not_picked":["Dropkick","Warcry","Rage"],"picked":"SKIP","floor":5},{"not_picked":["Whirlwind","Wild Strike"],"picked":"Headbutt","floor":10},{"not_picked":["Pommel Strike","Shrug It Off"],"picked":"Armaments","floor":12},{"not_picked":["Hemokinesis","Body Slam","Blood for Blood"],"picked":"SKIP","floor":13},{"not_picked":["Flex","Pommel Strike"],"picked":"Cleave","floor":14}],"player_experience":1314467,"relics_obtained":[{"floor":9,"key":"Ornamental Fan"},{"floor":12,"key":"Darkstone Periapt"},{"floor":14,"key":"Toy Ornithopter"}],"event_choices":[{"damage_healed":0,"gold_gain":0,"player_choice":"Donut","damage_taken":0,"max_hp_gain":5,"max_hp_loss":0,"event_name":"Big Fish","floor":4,"gold_loss":0},{"damage_healed":0,"gold_gain":50,"player_choice":"Pray","damage_taken":0,"max_hp_gain":0,"max_hp_loss":0,"event_name":"Golden Shrine","floor":7,"gold_loss":0}],"is_beta":false,"boss_relics":[],"items_purged_floors":[],"is_endless":false,"potions_floor_spawned":[2,10,12,14],"killed_by":"Slime Boss","ascension_level":20}}