{"host":"ormi09wwzv7sq47a","time":1609900662,"event":{"mods":["2.2 Compatiblity","AchievementEnabler","Act Like it!","BaseMod","Bestiary","Better Altar","Better Note","Better Sensory Stone","Better Skull","Better Third Choice","Better Vampires","BetterRewards","Block Reminder","Card Forge","Colored Map","Colored Powertips","Curses Come First","DeckTracker","Downfall","Highlight Path","Minty Spire (QoL Compilation)","Permanent Neow","Quick Restart","Rare Cards Sparkle","Relic Stats","Shop Mod","StSLib","The Jungle"],"gold_per_floor":[118,135,145,45,45,45,58,38,61,61,93,93,104,133,133,232,232,252,263,12,25,25,25,39,39,39,57,67,98,98,130,130,228,228,246,257,10,10,21,21,56,56,82,82,98,109,109,127,127,127,127,127,9,42,42,42,42],"floor_reached":55,"playtime":4867,"items_purged":["Guardian:Strike_Guardian","Guardian:Strike_Guardian","Guardian:Defend_Guardian","Guardian:Defend_Guardian"],"score":1521,"play_id":"e9c22899-c626-436f-a85a-705d2cf08102","local_time":"20210106003742","is_ascension_mode":true,"campfire_choices":[{"data":"Guardian:Suspension","floor":6.0,"key":"SMITH"},{"data":"Guardian:CurlUp","floor":10.0,"key":"SMITH"},{"data":"Guardian:MultiBeam","floor":12.0,"key":"SMITH"},{"data":"Guardian:MultiBeam","floor":15.0,"key":"SMITH"},{"data":"Guardian:Preprogram","floor":23.0,"key":"SMITH"},{"data":"Guardian:ArmoredProtocol","floor":25.0,"key":"SMITH"},{"data":"Guardian:Planning","floor":30.0,"key":"SMITH"},{"data":"Guardian:Emergency","floor":32.0,"key":"SMITH"},{"data":"Guardian:TwinSlam","floor":40.0,"key":"SMITH"},{"data":"Guardian:Incinerate","floor":42.0,"key":"SMITH"},{"floor":44.0,"key":"RECALL"},{"data":"Guardian:AncientConstruct","floor":47.0,"key":"SMITH"},{"data":"Guardian:ConstructionForm","floor":49.0,"key":"SMITH"},{"data":"Secret Weapon","floor":52.0,"key":"SMITH"}],"circlet_count":0,"master_deck":["Guardian:CurlUp+1","Guardian:TwinSlam+1","Guardian:ArmoredProtocol+1","Guardian:MultiBeam+1","Guardian:Suspension+1","Guardian:MultiBeam+1","Guardian:Incinerate+1","Guardian:Emergency+1","Guardian:ConstructionForm+1","Guardian:HyperBeam_Guardian+1","Guardian:GemFire+1","Guardian:RevengeProtocol+1","Guardian:Preprogram+1","Guardian:Planning+1","Guardian:Recover+1","Guardian:StasisField+1","Guardian:Recover+1","Secret Weapon+1","Parasite","Guardian:AncientConstruct+1","Guardian:Suspension+1","Purity","Guardian:Repulse"],"relics":["Guardian:ModeShifter","Hammer of Thor","Seething Fire","Anvil of the Gods","Thread and Needle","Lizard Tail","ClockworkSouvenir","Oddly Smooth Stone","White Beast Statue","Membership Card","Lantern","Pen Nib","Eternal Feather","Coffee Dripper","Guardian:PocketSentry","Ginger","MerchantsRug","Mango","Whetstone"],"acts_visited":["Exordium","TheCity","TheBeyond","TheEnding"],"potions_floor_usage":[55,55],"damage_taken":[{"damage":0.0,"enemies":"2 Louse","floor":1.0,"turns":2.0},{"damage":0.0,"enemies":"Cultist","floor":2.0,"turns":4.0},{"damage":0.0,"enemies":"Jaw Worm","floor":3.0,"turns":4.0},{"damage":1.0,"enemies":"2 Fungi Beasts","floor":7.0,"turns":3.0},{"damage":15.0,"enemies":"3 Sentries","floor":11.0,"turns":5.0},{"damage":0.0,"enemies":"Looter","floor":13.0,"turns":2.0},{"damage":1.0,"enemies":"Gremlin Nob","floor":14.0,"turns":4.0},{"damage":28.0,"enemies":"The Guardian","floor":16.0,"turns":13.0},{"damage":4.0,"enemies":"2 Thieves","floor":18.0,"turns":3.0},{"damage":0.0,"enemies":"Chosen","floor":19.0,"turns":5.0},{"damage":0.0,"enemies":"Snecko","floor":21.0,"turns":3.0},{"damage":0.0,"enemies":"Centurion and Healer","floor":24.0,"turns":4.0},{"damage":0.0,"enemies":"Shelled Parasite and Fungi","floor":27.0,"turns":3.0},{"damage":0.0,"enemies":"3 Cultists","floor":28.0,"turns":2.0},{"damage":8.0,"enemies":"Gremlin Leader","floor":29.0,"turns":4.0},{"damage":0.0,"enemies":"Slavers","floor":31.0,"turns":2.0},{"damage":0.0,"enemies":"Collector","floor":33.0,"turns":7.0},{"damage":0.0,"enemies":"Orb Walker","floor":35.0,"turns":2.0},{"damage":0.0,"enemies":"3 Darklings","floor":36.0,"turns":4.0},{"damage":5.0,"enemies":"Writhing Mass","floor":39.0,"turns":4.0},{"damage":0.0,"enemies":"Giant Head","floor":41.0,"turns":4.0},{"damage":0.0,"enemies":"4 Shapes","floor":45.0,"turns":5.0},{"damage":0.0,"enemies":"3 Darklings","floor":46.0,"turns":1.0},{"damage":0.0,"enemies":"Transient","floor":48.0,"turns":5.0},{"damage":0.0,"enemies":"Donu and Deca","floor":50.0,"turns":6.0},{"damage":12.0,"enemies":"Shield and Spear","floor":54.0,"turns":4.0},{"damage":141,"enemies":"The Heart","floor":55,"turns":9}],"seed_played":"4988623928617775284","potions_obtained":[{"floor":7.0,"key":"Guardian:BlockOnCardUsePotion"},{"floor":8.0,"key":"Weak Potion"},{"floor":16.0,"key":"sneckomod:MuddlingPotion"},{"floor":18.0,"key":"SkillPotion"},{"floor":19.0,"key":"Fire Potion"},{"floor":21.0,"key":"Energy Potion"},{"floor":24.0,"key":"Energy Potion"},{"floor":27.0,"key":"Explosive Potion"},{"floor":28.0,"key":"Ancient Potion"},{"floor":29.0,"key":"LiquidBronze"},{"floor":54.0,"key":"Strength Potion"}],"is_trial":false,"path_per_floor":["M","M","M","$","?","R","M","?","T","R","E","R","M","E","R","B",null,"M","M","$","M","?","R","M","R","T","M","M","E","R","E","R","B",null,"M","M","$","?","M","R","E","R","T","R","M","M","R","M","R","B",null,"R","$","E","B"],"character_chosen":"GUARDIAN","items_purchased":["Thread and Needle","Guardian:ArmoredProtocol","ClockworkSouvenir","PowerPotion","Membership Card","Guardian:Gem_Purple","Guardian:PocketSentry","Secret Weapon","MerchantsRug","Mango","Purity","FearPotion"],"campfire_rested":0,"item_purchase_floors":[0,0,0,0,20,20,37,37,53,53,53,53],"current_hp_per_floor":[56,56,56,56,56,56,55,55,55,55,42,42,44,45,45,19,65,63,65,65,67,67,67,69,69,69,71,73,67,67,69,78,80,80,80,80,80,80,75,80,80,80,80,80,80,80,80,80,80,80,80,80,94,82,0,0,0],"gold":42,"neow_bonus":"","is_daily":false,"chose_seed":false,"campfire_upgraded":13,"win_rate":0.0,"timestamp":1609900662,"path_taken":["M","M","M","$","?","R","M","?","T","R","E","R","?","E","R","BOSS","M","M","$","M","?","R","M","R","T","M","M","E","R","E","R","BOSS","M","M","$","?","M","R","E","R","T","R","M","M","R","M","R","BOSS","R","$","E","BOSS"],"items_purchased_type":["Relic","Card","Relic","Potion","Relic","Card","Relic","Card","Relic","Relic","Card","Potion"],"build_version":"2020-12-22","purchased_purges":4,"victory":false,"max_hp_per_floor":[80,80,80,80,80,80,80,80,80,80,80,80,80,80,80,80,80,80,80,80,80,80,80,80,80,80,80,80,80,80,80,80,80,80,80,80,80,80,80,80,80,80,80,80,80,80,80,80,80,80,80,80,94,94,94,94,94],"relic_stats":{"Lizard Tail":47,"counters":[88,437],"Eternal Feather":58,"Pen Nib":[9],"Ginger":[4],"Whetstone":["hexamod:StepThrough","hexamod:HeatMetal"],"obtain_stats":[{"Hammer of Thor":0,"Ginger":54,"Whetstone":54,"Bottled Tornado":44,"Guardian:PickAxe":3,"Blood Vial":43,"Lizard Tail":46,"Philosopher\u0027s Stone":17,"MealTicket":41,"Kunai":23,"Guardian:BottledStasis":41,"MerchantsRug":53,"Astrolabe":17,"Guardian:ModeShifter":0,"Oddly Smooth Stone":42,"Eternal Feather":26,"Pen Nib":54,"Guardian:PocketSentry":8,"War Paint":0,"Akabeko":44,"Du-Vu Doll":46,"Bottled Flame":54,"Anvil of the Gods":0,"Bird Faced Urn":0,"Black Star":17,"StrikeDummy":48,"Lantern":31,"Guardian:ModeShifterPlus":34,"Guardian:StasisCodex":9,"Mango":0,"Incense Burner":36,"Bag of Preparation":20,"Juzu Bracelet":29,"Ancient Tea Set":9,"Smiling Mask":24,"ClockworkSouvenir":0,"Matryoshka":20,"WingedGreaves":7,"Red Mask":47,"Thread and Needle":0,"PreservedInsect":43,"Omamori":7,"Seething Fire":0,"White Beast Statue":14,"Guardian:StasisUpgradeRelic":0,"CaptainsWheel":44,"Art of War":40,"Coffee Dripper":34,"Membership Card":20},{"Hammer of Thor":0,"Ginger":60,"Whetstone":87,"Bottled Tornado":21,"Guardian:PickAxe":2,"Blood Vial":54,"Lizard Tail":57,"Philosopher\u0027s Stone":7,"MealTicket":54,"Kunai":12,"Guardian:BottledStasis":20,"MerchantsRug":86,"Astrolabe":69,"Guardian:ModeShifter":0,"Oddly Smooth Stone":21,"Eternal Feather":48,"Pen Nib":60,"Guardian:PocketSentry":3,"War Paint":26,"Akabeko":55,"Du-Vu Doll":57,"Bottled Flame":25,"Anvil of the Gods":0,"Bird Faced Urn":0,"Black Star":44,"StrikeDummy":23,"Lantern":16,"Guardian:ModeShifterPlus":17,"Guardian:StasisCodex":3,"Mango":26,"Incense Burner":19,"Bag of Preparation":46,"Juzu Bracelet":49,"Ancient Tea Set":39,"Smiling Mask":48,"ClockworkSouvenir":61,"Matryoshka":46,"WingedGreaves":30,"Red Mask":22,"Thread and Needle":61,"PreservedInsect":21,"Omamori":39,"Seething Fire":0,"White Beast Statue":68,"Guardian:StasisUpgradeRelic":34,"CaptainsWheel":55,"Art of War":54,"Coffee Dripper":78,"Membership Card":71},{"Hammer of Thor":0,"Ginger":315,"Whetstone":428,"Bottled Tornado":118,"Guardian:PickAxe":6,"Blood Vial":291,"Lizard Tail":303,"Philosopher\u0027s Stone":33,"MealTicket":291,"Kunai":60,"Guardian:BottledStasis":111,"MerchantsRug":424,"Astrolabe":360,"Guardian:ModeShifter":0,"Oddly Smooth Stone":118,"Eternal Feather":265,"Pen Nib":315,"Guardian:PocketSentry":9,"War Paint":157,"Akabeko":294,"Du-Vu Doll":303,"Bottled Flame":152,"Anvil of the Gods":0,"Bird Faced Urn":0,"Black Star":252,"StrikeDummy":135,"Lantern":84,"Guardian:ModeShifterPlus":96,"Guardian:StasisCodex":9,"Mango":157,"Incense Burner":108,"Bag of Preparation":258,"Juzu Bracelet":269,"Ancient Tea Set":232,"Smiling Mask":265,"ClockworkSouvenir":323,"Matryoshka":258,"WingedGreaves":172,"Red Mask":126,"Thread and Needle":323,"PreservedInsect":118,"Omamori":232,"Seething Fire":0,"White Beast Statue":347,"Guardian:StasisUpgradeRelic":201,"CaptainsWheel":294,"Art of War":291,"Coffee Dripper":393,"Membership Card":368}]},"card_choices":[{"not_picked":["Guardian:Incinerate","Guardian:TimeCapacitor"],"picked":"Guardian:MultiBeam","floor":1.0},{"not_picked":["Guardian:WalkerClaw","Guardian:FloatingOrbs"],"picked":"Guardian:Suspension","floor":2.0},{"not_picked":["Guardian:Gem_Green","Guardian:PiercingHide"],"picked":"Guardian:MultiBeam","floor":3.0},{"not_picked":["Guardian:VentSteam","Guardian:Incinerate"],"picked":"Guardian:Gem_Purple","floor":7.0},{"not_picked":["Guardian:ChargeCore","Guardian:Planning"],"picked":"Guardian:Gem_Orange","floor":11.0},{"not_picked":["Guardian:TimeBomb","Guardian:TemporalShield"],"picked":"Guardian:Gem_Fragmented","floor":13.0},{"not_picked":["Guardian:DonusPower","Guardian:FloatingOrbs"],"picked":"Guardian:Emergency","floor":14.0},{"not_picked":["Guardian:FastForward","Guardian:RevengeProtocol"],"picked":"Guardian:ConstructionForm","floor":16.0},{"not_picked":["Guardian:PrimingBeam","Guardian:TimeCapacitor"],"picked":"Guardian:Preprogram","floor":18.0},{"not_picked":["Guardian:Incinerate","Guardian:PrismaticBeam"],"picked":"Guardian:Planning","floor":19.0},{"not_picked":["Guardian:RollAttack","Guardian:PrimingBeam"],"picked":"Guardian:Recover+1","floor":21.0},{"not_picked":["Guardian:Suspension","Guardian:Emergency+1"],"picked":"Guardian:Gem_Red","floor":24.0},{"not_picked":["Guardian:Incinerate","Guardian:Emergency"],"picked":"Guardian:Gem_Red","floor":27.0},{"not_picked":["Guardian:GuardianWhirl","Guardian:Suspension","Guardian:RollAttack"],"picked":"SKIP","floor":28.0},{"not_picked":["Guardian:HyperBeam_Guardian","Guardian:Gem_Green"],"picked":"Guardian:Gem_Cyan","floor":29.0},{"not_picked":["Guardian:PiercingHide","Guardian:TemporalShield"],"picked":"Guardian:Gem_Yellow","floor":31.0},{"not_picked":["Guardian:StasisEngine","Guardian:GemFire"],"picked":"Guardian:StasisField","floor":33.0},{"not_picked":["Guardian:Emergency+1","Guardian:PrimingBeam+1","Guardian:VentSteam"],"picked":"SKIP","floor":35.0},{"not_picked":["Guardian:RefractedBeam","Guardian:Gem_Green"],"picked":"Guardian:Recover+1","floor":36.0},{"not_picked":["Guardian:ArmoredProtocol","Guardian:Planning+1","Guardian:WalkerClaw"],"picked":"SKIP","floor":39.0},{"not_picked":["Guardian:RollAttack+1","Guardian:TemporalShield"],"picked":"Guardian:Gem_Purple","floor":41.0},{"not_picked":["Guardian:TemporalShield+1","Guardian:Reroute+1"],"picked":"Guardian:AncientConstruct","floor":45.0},{"not_picked":["Guardian:TimeCapacitor","Guardian:ChargeUp","Guardian:Recover+1"],"picked":"SKIP","floor":46.0},{"not_picked":["Guardian:CrystalBeam+1","Guardian:Gem_Green"],"picked":"Guardian:Suspension+1","floor":48.0},{"not_picked":["Guardian:SentryBeam+1","Guardian:Emergency"],"picked":"Guardian:Repulse","floor":54.0}],"player_experience":885340,"relics_obtained":[{"floor":9.0,"key":"Blood Vial"},{"floor":11.0,"key":"Oddly Smooth Stone"},{"floor":14.0,"key":"White Beast Statue"},{"floor":29.0,"key":"Pen Nib"},{"floor":31.0,"key":"Eternal Feather"},{"floor":41.0,"key":"Ginger"},{"floor":43.0,"key":"Juzu Bracelet"},{"floor":54.0,"key":"Whetstone"}],"event_choices":[{"damage_healed":0.0,"max_hp_gain":0.0,"max_hp_loss":0.0,"gold_gain":0.0,"cards_transformed":["Guardian:Strike_Guardian"],"event_name":"Living Wall","player_choice":"Change","floor":5.0,"gold_loss":0.0,"damage_taken":0.0,"cards_obtained":["Guardian:Incinerate"]},{"damage_healed":0.0,"max_hp_gain":0.0,"max_hp_loss":0.0,"gold_gain":0.0,"event_name":"The Woman in Blue","player_choice":"Bought 1 Potion","floor":8.0,"gold_loss":0.0,"damage_taken":0.0},{"damage_healed":0.0,"max_hp_gain":0.0,"max_hp_loss":0.0,"gold_gain":0.0,"event_name":"WeMeetAgain","player_choice":"Gave Potion","floor":22.0,"gold_loss":0.0,"damage_taken":0.0,"relics_obtained":["Lantern"]},{"damage_healed":0.0,"max_hp_gain":0.0,"max_hp_loss":0.0,"gold_gain":0.0,"event_name":"Upgrade Shrine","player_choice":"Upgraded","floor":38.0,"gold_loss":0.0,"damage_taken":0.0,"cards_upgraded":["Guardian:StasisField"]}],"is_beta":false,"boss_relics":[{"not_picked":["Busted Crown","SlaversCollar"],"picked":"Astrolabe"},{"not_picked":["Velvet Choker","Fusion Hammer"],"picked":"Coffee Dripper"}],"items_purged_floors":[0,4,20,37],"is_endless":false,"potions_floor_spawned":[7,16,18,19,21,24,27,28,29,31,33,35,36,39,41,45,46,48,54],"killed_by":"The Heart","ascension_level":9}}