{"host":"14lqvjjswzi1nlgu","time":1609941156,"event":{"mods":["BaseMod","Beaked The Cultist","Card Forge","Colored Map","Colored Powertips","Gold Saver","Highlight Path","Minty Spire (QoL Compilation)","StSLib","The Cursed"],"gold_per_floor":[840,855,805,905,180,210,225,240,240,255,270,345,21,36,36,136,136,151,151,151,166,181,211,211,241,266,266,154,154,169,184,184,284,284,299,21,36,51,51,66,66,96,96,126,132,132,132,147,147,147],"floor_reached":51,"playtime":2536,"items_purged":[],"score":1224,"play_id":"549bcb20-3477-466a-91fb-4eff8ecda921","local_time":"20210106055236","daily_mods":["Allstar","Hoarder","Terminal"],"is_ascension_mode":false,"campfire_choices":[{"data":"The Bomb","floor":15,"key":"SMITH"},{"floor":32,"key":"REST"},{"floor":46,"key":"REST"},{"floor":49,"key":"REST"}],"circlet_count":0,"master_deck":["Thinking Ahead+1","Thinking Ahead+1","Thinking Ahead+1","Secret Weapon+1","Secret Weapon+1","Secret Weapon+1","Good Instincts+1","Good Instincts+1","Good Instincts+1","Gash+1","Gash+1","Gash+1","Gash+1","Gash+1","Gash+1","Gash+1","Gash+1","Gash+1","Gash+1","Gash+1","Gash+1","Sweeping Beam+1","Sweeping Beam+1","Sweeping Beam+1","Steam Power+1","Steam Power+1","Steam Power+1","Skim+1","Skim+1","Skim+1","Beam Cell+1","Beam Cell+1","Beam Cell+1","Gash+1","Gash+1","Gash+1","Finesse+1","Finesse+1","Finesse+1","White Noise+1","White Noise+1","White Noise+1","Go for the Eyes+1","Go for the Eyes+1","Go for the Eyes+1","beaked:AwakenedForm+1","beaked:AwakenedForm+1","Skim+1","Skim+1","Skim+1","Fission+1","Fission+1","Fission+1","Turbo+1","Turbo+1","Turbo+1","Gash+1","Gash+1","Gash+1"],"relics":["Cracked Core","Hammer of Thor","Seething Fire","Anvil of the Gods","DollysMirror","Bottled Lightning","Bird Faced Urn","Dead Branch","Anchor","Ornamental Fan","Empty Cage","Matryoshka","Omamori","Strawberry","Pen Nib","MutagenicStrength","beaked:SacredDeck","Potion Belt","Torii","PreservedInsect","FossilizedHelix","Gremlin Horn","Pocketwatch"],"acts_visited":["Exordium","TheCity","TheBeyond"],"potions_floor_usage":[18,38,44,48],"damage_taken":[{"damage":0.0,"enemies":"Small Slimes","floor":1.0,"turns":4.0},{"damage":1,"enemies":"2 Louse","floor":2,"turns":2},{"damage":8,"enemies":"3 Sentries","floor":6,"turns":3},{"damage":0,"enemies":"Cultist","floor":7,"turns":2},{"damage":0,"enemies":"Gremlin Gang","floor":8,"turns":1},{"damage":0,"enemies":"2 Fungi Beasts","floor":10,"turns":2},{"damage":0,"enemies":"Exordium Wildlife","floor":11,"turns":2},{"damage":0,"enemies":"3 Louse","floor":14,"turns":2},{"damage":0,"enemies":"Hexaghost","floor":16,"turns":3},{"damage":0,"enemies":"3 Byrds","floor":18,"turns":2},{"damage":0,"enemies":"Spheric Guardian","floor":21,"turns":2},{"damage":0,"enemies":"Shelled Parasite and Fungi","floor":22,"turns":2},{"damage":0,"enemies":"Slavers","floor":23,"turns":2},{"damage":0,"enemies":"Gremlin Leader","floor":25,"turns":2},{"damage":0,"enemies":"3 Cultists","floor":30,"turns":2},{"damage":0,"enemies":"Snecko","floor":31,"turns":1},{"damage":0,"enemies":"Collector","floor":33,"turns":3},{"damage":0,"enemies":"3 Shapes","floor":35,"turns":1},{"damage":0,"enemies":"Orb Walker","floor":37,"turns":1},{"damage":0,"enemies":"Spire Growth","floor":38,"turns":2},{"damage":0,"enemies":"Sphere and 2 Shapes","floor":40,"turns":1},{"damage":0,"enemies":"Nemesis","floor":42,"turns":1},{"damage":0,"enemies":"Reptomancer","floor":44,"turns":2},{"damage":0,"enemies":"2 Orb Walkers","floor":45,"turns":1},{"damage":0,"enemies":"Transient","floor":48,"turns":4},{"damage":0,"enemies":"Awakened One","floor":50,"turns":3}],"seed_played":"4251252283042701915","potions_obtained":[{"floor":1,"key":"GamblersBrew"},{"floor":6,"key":"DistilledChaos"},{"floor":7,"key":"SkillPotion"},{"floor":11,"key":"Explosive Potion"},{"floor":30,"key":"ColorlessPotion"},{"floor":33,"key":"SpeedPotion"},{"floor":40,"key":"EntropicBrew"},{"floor":44,"key":"Regen Potion"},{"floor":45,"key":"Weak Potion"}],"is_trial":false,"path_per_floor":["M","M","?","?","$","E","M","M","T","M","M","?","$","M","R","B",null,"M","?","?","M","M","E","?","E","T","?","$","?","M","M","R","B",null,"M","$","M","M","$","M","?","E","T","E","?","R","?","M","R","B",null],"character_chosen":"DEFECT","items_purchased":["Gash","DollysMirror","Bottled Lightning","Bird Faced Urn","Skim","Ornamental Fan","Gash","Finesse","Potion Belt","Block Potion","Skim"],"campfire_rested":3,"item_purchase_floors":[5,5,5,5,13,13,28,28,36,36,36],"current_hp_per_floor":[73,72,71,70,69,61,61,61,61,61,63,52,52,52,52,52,57,56,55,54,53,52,51,50,49,55,54,53,52,51,50,49,48,47,46,45,44,43,42,41,40,39,38,37,36,35,34,33,32,31],"gold":147,"neow_bonus":"","is_daily":true,"chose_seed":false,"campfire_upgraded":1,"win_rate":0.0,"timestamp":1609941156,"path_taken":["M","M","?","?","$","E","M","?","T","?","M","?","?","M","R","BOSS","M","?","?","?","M","E","?","E","T","?","$","?","M","M","R","BOSS","M","$","M","M","$","M","?","E","T","E","?","R","?","?","R","BOSS"],"items_purchased_type":["Card","Relic","Relic","Relic","Card","Relic","Card","Card","Relic","Potion","Card"],"build_version":"2020-12-22","purchased_purges":0,"victory":true,"max_hp_per_floor":[73,72,71,70,69,68,67,66,65,64,63,62,61,60,59,58,57,56,55,54,53,52,51,50,49,55,54,53,52,51,50,49,48,47,46,45,44,43,42,41,40,39,38,37,36,35,34,33,32,31],"card_choices":[{"not_picked":["Self Repair","Stack"],"picked":"Gash","floor":1},{"not_picked":["Leap","Barrage"],"picked":"Gash","floor":2},{"not_picked":["Compile Driver","Blizzard"],"picked":"Sweeping Beam","floor":6},{"not_picked":["Beam Cell","Turbo"],"picked":"Steam Power","floor":7},{"not_picked":["Streamline","Rebound","Double Energy"],"picked":"SKIP","floor":8},{"not_picked":["Leap","Conserve Battery"],"picked":"Buffer","floor":10},{"not_picked":["Leap","Reprogram"],"picked":"Chill","floor":11},{"not_picked":["Conserve Battery","Hologram","Redo"],"picked":"SKIP","floor":14},{"not_picked":["Streamline","Turbo","Darkness"],"picked":"SKIP","floor":18},{"not_picked":["Cold Snap","Double Energy","Loop"],"picked":"SKIP","floor":21},{"not_picked":["Streamline","Consume+1","Leap"],"picked":"SKIP","floor":22},{"not_picked":["Glacier","Lockon","Steam+1"],"picked":"SKIP","floor":23},{"not_picked":["Turbo+1","Beam Cell+1","Biased Cognition"],"picked":"SKIP","floor":25},{"not_picked":["Coolheaded+1","Redo+1"],"picked":"White Noise+1","floor":30},{"not_picked":["Streamline","Sweeping Beam"],"picked":"Go for the Eyes+1","floor":31},{"not_picked":["Static Discharge","Tempest","Hologram+1"],"picked":"SKIP","floor":35},{"not_picked":["Turbo+1","Coolheaded","Rebound"],"picked":"SKIP","floor":37},{"not_picked":["Ball Lightning+1","FTL+1"],"picked":"Fission","floor":38},{"not_picked":["Auto Shields+1","Hologram+1","Steam+1"],"picked":"SKIP","floor":40},{"not_picked":["Stack+1","Glacier","Reinforced Body"],"picked":"SKIP","floor":42},{"not_picked":["Rebound","Capacitor+1","Go for the Eyes+1"],"picked":"SKIP","floor":44},{"not_picked":["Sweeping Beam+1","Auto Shields+1"],"picked":"Turbo+1","floor":45},{"not_picked":["Sunder+1","Genetic Algorithm","Barrage+1"],"picked":"SKIP","floor":48}],"player_experience":1061680,"relics_obtained":[{"floor":6,"key":"Dead Branch"},{"floor":9,"key":"Anchor"},{"floor":23,"key":"Matryoshka"},{"floor":25,"key":"Omamori"},{"floor":26,"key":"Strawberry"},{"floor":26,"key":"Pen Nib"},{"floor":42,"key":"Torii"},{"floor":43,"key":"PreservedInsect"},{"floor":43,"key":"FossilizedHelix"},{"floor":44,"key":"Gremlin Horn"},{"floor":45,"key":"Pocketwatch"}],"event_choices":[{"cards_removed":["The Bomb"],"damage_healed":0,"gold_gain":0,"player_choice":"Card Removal","damage_taken":0,"max_hp_gain":0,"max_hp_loss":0,"event_name":"The Cleric","floor":3,"gold_loss":50},{"damage_healed":0,"gold_gain":100,"player_choice":"Pray","damage_taken":0,"max_hp_gain":0,"max_hp_loss":0,"event_name":"Golden Shrine","floor":4,"gold_loss":0},{"damage_healed":0,"gold_gain":75,"player_choice":"Gather Gold","damage_taken":11,"max_hp_gain":0,"max_hp_loss":0,"event_name":"World of Goop","floor":12,"gold_loss":0},{"damage_healed":0,"gold_gain":0,"player_choice":"Ignored","damage_taken":0,"max_hp_gain":0,"max_hp_loss":0,"event_name":"The Mausoleum","floor":19,"gold_loss":0},{"damage_healed":0,"gold_gain":0,"player_choice":"Ignored","damage_taken":0,"max_hp_gain":0,"max_hp_loss":0,"event_name":"Transmorgrifier","floor":20,"gold_loss":0},{"cards_removed":["Buffer"],"damage_healed":0,"gold_gain":0,"player_choice":"Elegance","damage_taken":0,"max_hp_gain":0,"max_hp_loss":0,"event_name":"Back to Basics","floor":24,"gold_loss":0},{"damage_healed":0,"gold_gain":0,"player_choice":"Read","damage_taken":0,"max_hp_gain":0,"max_hp_loss":0,"event_name":"The Library","floor":27,"gold_loss":0,"cards_obtained":["Beam Cell"]},{"damage_healed":0,"gold_gain":0,"player_choice":"Inject Mutagens","damage_taken":0,"relics_obtained":["MutagenicStrength"],"max_hp_gain":0,"max_hp_loss":0,"event_name":"Drug Dealer","floor":29,"gold_loss":0},{"cards_removed":["beaked:AwakenedForm"],"damage_healed":0,"gold_gain":0,"player_choice":"Removed Power","damage_taken":0,"max_hp_gain":0,"max_hp_loss":0,"event_name":"Falling","floor":41,"gold_loss":0},{"damage_healed":0,"gold_gain":0,"player_choice":"Fight","damage_taken":0,"max_hp_gain":0,"max_hp_loss":0,"event_name":"Mysterious Sphere","floor":45,"gold_loss":0},{"damage_healed":0,"gold_gain":0,"player_choice":"Copied","damage_taken":0,"max_hp_gain":0,"max_hp_loss":0,"event_name":"Duplicator","floor":47,"gold_loss":0,"cards_obtained":["Gash"]}],"is_beta":false,"boss_relics":[{"not_picked":["Velvet Choker","Nuclear Battery"],"picked":"Empty Cage"},{"not_picked":["FrozenCore","Calling Bell"],"picked":"beaked:SacredDeck"}],"items_purged_floors":[],"is_endless":false,"potions_floor_spawned":[1,6,7,11,30,31,33,40,44,45],"ascension_level":0}}