{"host":"ueaobptuyu87ouwy","time":1609931304,"event":{"mods":["Aspiration","Bard","BaseMod","Better Altar","Better Match","Better Note","Better Sensory Stone","Better Skull","Better Third Choice","BetterRewards","CCEM","Colored Map","Conspire","Downfall","GifTheSpireLib","Googly Eyes","Halation","Hermit","Highlight Path","Hubris","Infinite Spire","Jedi Mod","Jorbs\u0027s Wanderer Trilogy","Marisa????????","Mimic Mod","Minty Spire (QoL Compilation)","Permanent Neow","Replay The Spire","StSLib","Stuff the Spire","The Runesmith","Unceasing Turn Reminder","everything is the same but u backflip on backflip","slay the spire mod where everything is the same but ironclad has a cowboy hat"],"gold_per_floor":[111,111,71,91,46,46,62,62,89,118,136,156,156,167,167,269,269,285,285,299,299,299,299,299],"floor_reached":23,"playtime":882,"items_purged":["StuffTheSpire:CuriosityCurse"],"score":316,"play_id":"ea3d84b2-43f2-40fd-9235-be23f1f7b0fe","local_time":"20210106190824","is_ascension_mode":false,"campfire_choices":[{"data":"Noxious Fumes","floor":6,"key":"SMITH"},{"data":"StuffTheSpire:MirrorStance","floor":8,"key":"SMITH"},{"data":"infinitespire:Neurotoxin","floor":13,"key":"SMITH"},{"data":"Poison Darts","floor":15,"key":"SMITH"}],"circlet_count":0,"master_deck":["Strike_G","Strike_G","Strike_G","Strike_G","Strike_G","Defend_G","Defend_G","Defend_G","Defend_G","Defend_G","Survivor","Neutralize","Poison Darts+1","jedi:pocketpoison","ReplayTheSpireMod:Speed Training","Blade Dance","Dagger Spray","Noxious Fumes+1","Bane","StuffTheSpire:MirrorStance+1","Sucker Punch","infinitespire:Neurotoxin+1","Dodge and Roll","Bullet Time","Beam Cell","Sweeping Beam","jedi:bloodyhammer+1"],"relics":["Orrery","CCEMRelics:Sandal","Anchor","Tough Bandages","aspiration:DefectSkillbook","StuffTheSpire:Wildfire","hubris:ToyBattleship"],"acts_visited":["Exordium","TheCity"],"potions_floor_usage":[10,16,16,23],"damage_taken":[{"damage":2,"enemies":"Jaw Worm","floor":1,"turns":3},{"damage":5,"enemies":"2 Louse","floor":4,"turns":2},{"damage":6,"enemies":"Cultist","floor":7,"turns":3},{"damage":0,"enemies":"Gremlin Nob","floor":10,"turns":2},{"damage":8,"enemies":"Red Slaver","floor":11,"turns":4},{"damage":0,"enemies":"2 Fungi Beasts","floor":12,"turns":2},{"damage":0,"enemies":"Looter","floor":14,"turns":2},{"damage":16,"enemies":"Hexaghost","floor":16,"turns":7},{"damage":16,"enemies":"3 Byrds","floor":18,"turns":4},{"damage":12,"enemies":"Shell Parasite","floor":20,"turns":3},{"damage":46,"enemies":"Gremlin Leader","floor":23,"turns":4}],"seed_played":"8861887241481435323","potions_obtained":[{"floor":3,"key":"LifebloodPotion"},{"floor":3,"key":"LiquidMemories"},{"floor":3,"key":"infinitespire:BlackPotion"},{"floor":12,"key":"ColorlessPotion"},{"floor":16,"key":"Slimebound:ThreeZeroPotion"},{"floor":18,"key":"Fire Potion"}],"is_trial":false,"path_per_floor":["M","?","?","M","$","R","M","R","T","E","M","M","R","M","R","B",null,"M","?","M","?","AVR","E"],"character_chosen":"THE_SILENT","items_purchased":["Orrery","Bane"],"campfire_rested":0,"item_purchase_floors":[0,5],"current_hp_per_floor":[68,68,68,63,63,63,57,57,57,57,49,49,49,49,49,33,70,54,54,42,42,42,0,0],"gold":299,"neow_bonus":"","is_daily":false,"chose_seed":false,"campfire_upgraded":4,"win_rate":0.0,"timestamp":1609931304,"path_taken":["M","?","?","?","?","R","M","R","T","E","M","M","R","M","R","BOSS","M","?","M","?","AVR","E"],"items_purchased_type":["Relic","Card"],"build_version":"2020-12-13","purchased_purges":1,"victory":false,"max_hp_per_floor":[70,70,70,70,70,70,70,70,70,70,70,70,70,70,70,70,70,70,70,70,70,70,70,70],"card_choices":[{"not_picked":["StuffTheSpire:Python","ReplayTheSpireMod:Shiv Toss"],"picked":"Poison Darts","floor":0},{"not_picked":["Skewer","jedi:studypoison"],"picked":"jedi:pocketpoison","floor":0},{"not_picked":["Distraction","StuffTheSpire:Injection"],"picked":"ReplayTheSpireMod:Speed Training","floor":0},{"not_picked":["Underhanded Strike","Masterful Stab"],"picked":"Blade Dance","floor":0},{"not_picked":["Malaise","Expertise"],"picked":"Dagger Spray","floor":0},{"not_picked":["Choke","Deflect","Calculated Gamble"],"picked":"SKIP","floor":1},{"not_picked":["Quick Slash","Dagger Throw"],"picked":"Noxious Fumes","floor":4},{"not_picked":["jedi:pocketpoison","Dash"],"picked":"StuffTheSpire:MirrorStance","floor":7},{"not_picked":["Endless Agony","Quick Slash","Glass Knife"],"picked":"SKIP","floor":10},{"not_picked":["Deflect","Blade Dance"],"picked":"Sucker Punch","floor":11},{"not_picked":["Deflect","hubris:Counter"],"picked":"infinitespire:Neurotoxin","floor":12},{"not_picked":["StuffTheSpire:Injection","ReplayTheSpireMod:Speed Training"],"picked":"Dodge and Roll","floor":14},{"not_picked":["Unload","infinitespire:Neurotoxin"],"picked":"Bullet Time","floor":16},{"not_picked":["Terror+1","Defragment","Barrage"],"picked":"Beam Cell","floor":18},{"not_picked":["Turbo+1","jedi:acidrain","Choke+1"],"picked":"Sweeping Beam","floor":20}],"player_experience":33872,"relics_obtained":[{"floor":9,"key":"Anchor"},{"floor":10,"key":"Tough Bandages"}],"event_choices":[{"damage_healed":0,"gold_gain":0,"player_choice":"Bought 3 Potions","damage_taken":0,"max_hp_gain":0,"max_hp_loss":0,"event_name":"The Woman in Blue","floor":3,"gold_loss":0},{"damage_healed":0,"gold_gain":0,"player_choice":"Gave Potion","damage_taken":0,"relics_obtained":["StuffTheSpire:Wildfire"],"max_hp_gain":0,"max_hp_loss":0,"event_name":"WeMeetAgain","floor":19,"gold_loss":0},{"cards_removed":["Blade Dance"],"damage_healed":0,"gold_gain":0,"player_choice":"Take \u0026 Give","damage_taken":0,"max_hp_gain":0,"max_hp_loss":0,"event_name":"betterNote:BetterNote","floor":21,"gold_loss":0,"cards_obtained":["jedi:bloodyhammer"]}],"is_beta":false,"boss_relics":[{"not_picked":["hubris:GrandSneckoEye","hubris:BlackHole"],"picked":"aspiration:DefectSkillbook"}],"items_purged_floors":[22],"is_endless":false,"potions_floor_spawned":[7,12,14,16,18],"killed_by":"Gremlin Leader","ascension_level":0}}