{"host":"27tk4xseidcli2mr","time":1609959340,"event":{"mods":["2.2 Compatiblity","AchievementEnabler","Aspiration","BaseMod","Better Third Choice","Conspire","Custom Start","Downfall","Hubris","Infinite Spire","Jorbs\u0027s Wanderer Trilogy","Minty Spire (QoL Compilation)","Replay The Spire","StSLib","SuperFastMode","[IsaacMod]????"],"gold_per_floor":[0,18,18,38,38,38,62,62,97,116,61,61,80,105,116,221,221,221,240,4,18,34,53,53,53,105,205,237,237,253,253,253,253,263,359,359,359,371,385,385,385,385,385,385,411,432,432,465,465,494,511,620,620,620,643,659,683,1023,1023,1076,1095,1070,1070,1080,1080,1099,1125,1161,1173,1173,1173],"floor_reached":69,"playtime":3409,"items_purged":["Guardian:Strike_Guardian","Guardian:Defend_Guardian","Guardian:Strike_Guardian","Guardian:Strike_Guardian"],"score":946,"play_id":"27c9fe83-e568-4d80-a612-1c2dda8158d5","local_time":"20210106195540","is_ascension_mode":true,"campfire_choices":[{"data":"Guardian:TwinSlam","floor":1.0,"key":"SMITH"},{"data":"Guardian:PiercingHide","floor":6.0,"key":"SMITH"},{"data":"Guardian:PiercingHide","floor":8.0,"key":"SMITH"},{"data":"Guardian:MultiBeam","floor":18.0,"key":"SMITH"},{"floor":37.0,"key":"DIG"},{"floor":47.0,"key":"DIG"},{"floor":54.0,"key":"DIG"},{"floor":65.0,"key":"DIG"}],"circlet_count":0,"master_deck":["Guardian:Strike_Guardian","Guardian:Defend_Guardian","Guardian:Defend_Guardian","Guardian:CurlUp","Guardian:TwinSlam+1","Guardian:PiercingHide+1","Guardian:PiercingHide+1","Guardian:MultiBeam+1","Guardian:ExploitGems","Guardian:Orbwalk","Guardian:Suspension","Guardian:ExploitGems","Guardian:Clone","Guardian:Recover","Guardian:ShieldCharger","Guardian:WalkerClaw","Guardian:TimeBomb","RitualDagger","Guardian:HyperBeam_Guardian+1","Guardian:MultiBeam+1","Guardian:Gem_Purple","Guardian:PiercingHide+1","Guardian:PolyBeam+1","Guardian:DecasProtection","Guardian:PrismaticBarrier","Guardian:RefractedBeam","Guardian:TimeCapacitor"],"relics":["Guardian:ModeShifter","HushsDoor","Chaos","hubris:Reverence","hubris:Icosahedron","MagicMushroom","infinitespire:WardingShard","YumHeart","Vajra","BookOfRevelations","aspiration:ArtOfWarUpgrade","Blood Vial","Succubus","Ice Cream","Shovel","SacredBark","Guardian:SackOfGems","FossilizedHelix","Replay:Bandana","hubris:EmptyBottle","PillsDrop","TheBean","Juzu Bracelet","Pear"],"acts_visited":["Exordium","TheCity","TheBeyond","Exordium"],"potions_floor_usage":[69,69,69,69,69],"damage_taken":[{"damage":0.0,"enemies":"2 Louse","floor":2.0,"turns":3.0},{"damage":0.0,"enemies":"conspire:RoseBush","floor":4.0,"turns":3.0},{"damage":0.0,"enemies":"3 Sentries","floor":9.0,"turns":5.0},{"damage":0.0,"enemies":"Cultist","floor":10.0,"turns":3.0},{"damage":0.0,"enemies":"downfall:FleeingMerchant","floor":11.0,"turns":4.0},{"damage":0.0,"enemies":"Red Slaver","floor":13.0,"turns":2.0},{"damage":0.0,"enemies":"Replay:BlueRogue","floor":14.0,"turns":5.0},{"damage":0.0,"enemies":"Large Slime","floor":15.0,"turns":3.0},{"damage":11.0,"enemies":"downfall:Ironclad","floor":16.0,"turns":7.0},{"damage":2.0,"enemies":"Spheric Guardian","floor":19.0,"turns":6.0},{"damage":0.0,"enemies":"downfall:FleeingMerchant","floor":20.0,"turns":4.0},{"damage":0.0,"enemies":"conspire:FuzzyDice","floor":21.0,"turns":6.0},{"damage":8.0,"enemies":"Cultist and Chosen","floor":22.0,"turns":5.0},{"damage":0.0,"enemies":"Snecko","floor":23.0,"turns":4.0},{"damage":0.0,"enemies":"Colosseum Nobs","floor":27.0,"turns":5.0},{"damage":23.0,"enemies":"Nightmare","floor":28.0,"turns":8.0},{"damage":0.0,"enemies":"Centurion and Healer","floor":30.0,"turns":3.0},{"damage":0.0,"enemies":"Snake Plant","floor":34.0,"turns":2.0},{"damage":12.0,"enemies":"downfall:Defect","floor":35.0,"turns":5.0},{"damage":0.0,"enemies":"Orb Walker","floor":38.0,"turns":3.0},{"damage":0.0,"enemies":"3 Darklings","floor":39.0,"turns":3.0},{"damage":18.0,"enemies":"Nightmare","floor":45.0,"turns":8.0},{"damage":0.0,"enemies":"Maw","floor":46.0,"turns":5.0},{"damage":0.0,"enemies":"Transient","floor":48.0,"turns":5.0},{"damage":0.0,"enemies":"Writhing Mass","floor":50.0,"turns":3.0},{"damage":0.0,"enemies":"3 Darklings","floor":51.0,"turns":1.0},{"damage":9.0,"enemies":"downfall:Watcher","floor":52.0,"turns":8.0},{"damage":0.0,"enemies":"2 Louse","floor":55.0,"turns":1.0},{"damage":0.0,"enemies":"Jaw Worm","floor":56.0,"turns":2.0},{"damage":0.0,"enemies":"Small Slimes","floor":57.0,"turns":1.0},{"damage":0.0,"enemies":"downfall:FleeingMerchant","floor":58.0,"turns":4.0},{"damage":0.0,"enemies":"Lagavulin","floor":60.0,"turns":3.0},{"damage":0.0,"enemies":"2 Fungi Beasts","floor":61.0,"turns":2.0},{"damage":0.0,"enemies":"Red Slaver","floor":62.0,"turns":2.0},{"damage":0.0,"enemies":"3 Louse","floor":64.0,"turns":1.0},{"damage":0.0,"enemies":"Large Slime","floor":66.0,"turns":2.0},{"damage":0.0,"enemies":"Gremlin Gang","floor":67.0,"turns":1.0},{"damage":0.0,"enemies":"Blue Slaver","floor":68.0,"turns":2.0},{"damage":100,"enemies":"Delirium","floor":69,"turns":9}],"seed_played":"-1592852818278887154","potions_obtained":[{"floor":2.0,"key":"PowerPotion"},{"floor":4.0,"key":"BlessingOfTheForge"},{"floor":9.0,"key":"Swift Potion"},{"floor":16.0,"key":"ColorlessPotion"},{"floor":21.0,"key":"SkillPotion"},{"floor":27.0,"key":"CultistPotion"},{"floor":35.0,"key":"DistilledChaos"},{"floor":46.0,"key":"Adrenaline Potion"},{"floor":51.0,"key":"Strength Potion"},{"floor":67.0,"key":"ColorlessPotion"}],"is_trial":false,"path_per_floor":["R","M","?","M","?","R","T","R","E","M","$","T","M","E","M","B",null,"R","M","$","M","M","M","PTL","PTL","T","?","NM","R","M","?","R","AVR","M","B",null,"R","M","M","?","?","AVR","T","?","NM","M","R","M","?","M","M","B",null,"R","M","M","M","$","?","E","M","M","AVR","M","R","M","M","M","B"],"character_chosen":"GUARDIAN","items_purchased":["Guardian:Gem_Red","Vajra"],"campfire_rested":0,"item_purchase_floors":[11,20],"current_hp_per_floor":[80,80,80,80,80,80,87,87,87,87,87,87,87,87,87,76,87,87,85,86,87,87,87,87,87,87,87,64,64,67,61,61,61,64,55,87,87,87,87,87,87,87,87,87,69,87,87,87,87,87,87,78,87,87,87,87,87,87,87,87,87,87,87,87,97,92,92,92,0,0,0],"gold":1173,"neow_bonus":"ONE_RARE_RELIC","is_daily":false,"chose_seed":false,"campfire_upgraded":4,"win_rate":0.0,"timestamp":1609959340,"path_taken":["R","M","?","M","?","R","T","R","E","?","$","?","?","E","M","BOSS","R","M","$","M","M","M","PTL","PTL","T","?","NM","R","M","?","R","AVR","M","BOSS","R","M","M","?","?","AVR","T","?","NM","M","R","M","?","M","M","BOSS","R","M","M","M","$","?","E","?","M","AVR","M","R","M","M","M","BOSS"],"items_purchased_type":["Card","Relic"],"build_version":"2020-12-22","purchased_purges":4,"victory":false,"max_hp_per_floor":[80,80,80,80,80,80,87,87,87,87,87,87,87,87,87,87,87,87,87,87,87,87,87,87,87,87,87,87,87,87,87,87,87,87,87,87,87,87,87,87,87,87,87,87,87,87,87,87,87,87,87,87,87,87,87,87,87,87,87,87,87,87,87,87,97,92,92,92,92,92,92],"card_choices":[{"not_picked":["Guardian:RollAttack","Guardian:ShieldCharger"],"picked":"Guardian:PiercingHide","floor":2.0},{"not_picked":["Guardian:CrystalBeam","Guardian:Reroute"],"picked":"Guardian:PiercingHide","floor":4.0},{"not_picked":["Guardian:AncientConstruct","Guardian:Suspension"],"picked":"Guardian:MultiBeam","floor":9.0},{"not_picked":["Guardian:WalkerClaw","Guardian:ChargeUp"],"picked":"Guardian:ExploitGems","floor":10.0},{"not_picked":["Guardian:VentSteam","Guardian:Planning"],"picked":"Guardian:Harden","floor":11.0},{"not_picked":["Guardian:Reroute","Guardian:VentSteam"],"picked":"Guardian:Gem_Purple","floor":13.0},{"not_picked":["Guardian:PrimingBeam","Guardian:VentSteam"],"picked":"Guardian:Orbwalk","floor":14.0},{"not_picked":["Guardian:Reroute","Guardian:StasisStrike"],"picked":"Guardian:Suspension","floor":15.0},{"not_picked":["Guardian:GemFire","Guardian:AncientConstruct"],"picked":"Guardian:ExploitGems","floor":16.0},{"not_picked":["Guardian:PrismaticBeam+1","Guardian:Planning+1"],"picked":"Guardian:Clone","floor":19.0},{"not_picked":["Guardian:Suspension+1","Guardian:Reroute+1"],"picked":"Guardian:Recover","floor":20.0},{"not_picked":["Guardian:Incinerate","Guardian:VentSteam","Guardian:TemporalStrike"],"picked":"SKIP","floor":21.0},{"not_picked":["Guardian:TemporalStrike","Guardian:GemFire"],"picked":"Guardian:ShieldCharger","floor":22.0},{"not_picked":["Guardian:CrystalBeam+1","Guardian:PolyBeam"],"picked":"Guardian:Gem_Blue","floor":23.0},{"not_picked":["Guardian:VentSteam","Guardian:Suspension+1"],"picked":"Guardian:WalkerClaw","floor":27.0},{"not_picked":["Guardian:TimeBomb","Guardian:PiercingHide"],"picked":"Guardian:Gem_Orange","floor":28.0},{"not_picked":["Guardian:PrimingBeam","Guardian:FloatingOrbs"],"picked":"Guardian:TimeBomb","floor":30.0},{"not_picked":["Guardian:Harden+1","Guardian:Gem_Lightblue"],"picked":"Guardian:Gem_Yellow","floor":34.0},{"not_picked":["Guardian:GemFinder","Guardian:FastForward"],"picked":"Guardian:HyperBeam_Guardian","floor":35.0},{"not_picked":["Guardian:CrystalBeam+1","Guardian:Gem_Lightblue","Guardian:Harden+1"],"picked":"SKIP","floor":38.0},{"not_picked":["Guardian:WalkerClaw+1","Guardian:TemporalShield+1"],"picked":"Guardian:MultiBeam+1","floor":39.0},{"not_picked":["Guardian:Gem_Green","Guardian:ChargeCore+1"],"picked":"Guardian:Gem_Synthetic","floor":45.0},{"not_picked":["Guardian:MultiBeam+1","Guardian:ChargeUp+1"],"picked":"Guardian:PiercingHide+1","floor":46.0},{"not_picked":["Guardian:BronzeOrb","Guardian:Recover","Guardian:RollAttack+1"],"picked":"SKIP","floor":48.0},{"not_picked":["Guardian:Suspension+1","Guardian:ShieldCharger+1"],"picked":"Guardian:Gem_Yellow","floor":50.0},{"not_picked":["Guardian:ChargeCore","Guardian:Planning"],"picked":"Guardian:PolyBeam+1","floor":51.0},{"not_picked":["Guardian:GuardianWhirl","Guardian:TemporalStrike"],"picked":"Guardian:DecasProtection","floor":55.0},{"not_picked":["Guardian:Gem_Green","Guardian:Reroute"],"picked":"Guardian:PrismaticBarrier","floor":56.0},{"not_picked":["Guardian:Repulse","Guardian:TemporalStrike"],"picked":"Guardian:RefractedBeam","floor":57.0},{"not_picked":["Guardian:Reroute","Guardian:TemporalStrike","Guardian:ChargeCore"],"picked":"SKIP","floor":60.0},{"not_picked":["Guardian:TemporalStrike","Guardian:BronzeArmor","Guardian:Gem_Cyan"],"picked":"SKIP","floor":61.0},{"not_picked":["Guardian:PiercingHide","Guardian:PrimingBeam","Guardian:BronzeArmor"],"picked":"SKIP","floor":62.0},{"not_picked":["Guardian:Harden","Guardian:RollAttack","Guardian:PolyBeam"],"picked":"SKIP","floor":64.0},{"not_picked":["Guardian:CrystalBeam","Guardian:TimeSifter"],"picked":"Guardian:TimeCapacitor","floor":66.0},{"not_picked":["Guardian:BronzeArmor","Guardian:Gem_Fragmented","Guardian:Gem_Green"],"picked":"SKIP","floor":67.0},{"not_picked":["Guardian:Emergency","Guardian:PiercingHide","Guardian:Gem_Lightblue"],"picked":"SKIP","floor":68.0}],"player_experience":1289686,"relics_obtained":[{"floor":7.0,"key":"MagicMushroom"},{"floor":12.0,"key":"infinitespire:WardingShard"},{"floor":26.0,"key":"BookOfRevelations"},{"floor":27.0,"key":"Art of War"},{"floor":27.0,"key":"Blood Vial"},{"floor":28.0,"key":"Succubus"},{"floor":37.0,"key":"SacredBark"},{"floor":43.0,"key":"FossilizedHelix"},{"floor":45.0,"key":"Replay:Bandana"},{"floor":47.0,"key":"hubris:EmptyBottle"},{"floor":54.0,"key":"TheBean"},{"floor":65.0,"key":"Pear"}],"event_choices":[{"damage_healed":0.0,"max_hp_gain":0.0,"max_hp_loss":0.0,"gold_gain":0.0,"event_name":"conspire:Investor","player_choice":"Leave","floor":3.0,"gold_loss":0.0,"damage_taken":0.0},{"cards_removed":["Guardian:Gem_Fragmented"],"damage_healed":0.0,"max_hp_gain":0.0,"max_hp_loss":0.0,"gold_gain":0.0,"event_name":"Falling","player_choice":"Removed Skill","floor":44.0,"gold_loss":0.0,"damage_taken":0.0},{"cards_removed":["Guardian:Harden"],"damage_healed":0.0,"max_hp_gain":0.0,"max_hp_loss":0.0,"gold_gain":0.0,"event_name":"Falling","player_choice":"Removed Skill","floor":58.0,"gold_loss":0.0,"damage_taken":0.0}],"is_beta":false,"boss_relics":[{"not_picked":["NineLifeCat","ReplayTheSpireMod:SealedPack"],"picked":"YumHeart"},{"not_picked":[]},{"not_picked":["Bottled Flame","infinitespire:Midas Blood"],"picked":"Shovel"},{"not_picked":[]},{"not_picked":["TheBean","infinitespire:Eraser"],"picked":"PillsDrop"},{"not_picked":[]}],"items_purged_floors":[20,33,42,63],"is_endless":true,"potions_floor_spawned":[2,4,9,16,21,22,27,30,35,39,46,51,55,57,64,66,67],"killed_by":"Delirium","ascension_level":1}}