{"host":"4nheqd2tld5ixkgx","time":1609941973,"event":{"mods":["BaseMod","GifTheSpireLib","HololiveMod","Minty Spire (QoL Compilation)","StSLib","The Cursed"],"gold_per_floor":[117,128,180,36,36,67,67,83,109,284,43,69,88,122,122,222,222,242,291,318,318,318,318,344,434,488,488,488,512,555,581,581,692,692,719,719,781,408,417,417,455,455,455,455,455],"floor_reached":44,"playtime":3076,"items_purged":[],"score":540,"play_id":"f11630cf-1bbe-41d5-b868-dc1638fefbb5","local_time":"20210106230613","is_ascension_mode":false,"campfire_choices":[{"data":"TheCursedMod:ShockAndAwe","floor":7,"key":"SMITH"},{"floor":15,"key":"REST"},{"floor":27,"key":"REST"},{"floor":32,"key":"REST"},{"floor":40,"key":"REST"}],"circlet_count":0,"master_deck":["TheCursedMod:Strike_TheCursed","TheCursedMod:Strike_TheCursed","TheCursedMod:Strike_TheCursed","TheCursedMod:Strike_TheCursed","TheCursedMod:Defend_TheCursed","TheCursedMod:Defend_TheCursed","TheCursedMod:Defend_TheCursed","TheCursedMod:CursedWand","TheCursedMod:CleanUpWorkshop","TheCursedMod:Dregs","TheCursedMod:SpitefulStrike","TheCursedMod:ReleasedKnowledge","TheCursedMod:ShockAndAwe+1","TheCursedMod:AshesToAshes","Doubt","TheCursedMod:UltimatePain","TheCursedMod:CursedSpellbook","TheCursedMod:StingEye","TheCursedMod:ForbiddenAlchemy","TheCursedMod:FuryStrike+1","TheCursedMod:AbyssShockwave","TheCursedMod:LuckyCharm","TheCursedMod:FleshFromBone","TheCursedMod:NeowsMight","TheCursedMod:Evocation","TheCursedMod:CollectTribute","TheCursedMod:SmokeScreen+1","TheCursedMod:Stigma","TheCursedMod:HellfireBreathing","Writhe","TheCursedMod:CircleOfBlood"],"relics":["TheCursedMod:BlackMagic101","NeowsBlessing","Strawberry","Tiny Chest","Centennial Puzzle","TheCursedMod:BloodyHarpoon","Blue Candle","Blood Vial","Runic Dome","CeramicFish","Akabeko","Ancient Tea Set","TheCursedMod:DemonicMark","Lantern","TheCursedMod:FourLeafCloverCharm","StoneCalendar","Thread and Needle","Ornamental Fan","Molten Egg 2","Orichalcum"],"acts_visited":["Exordium","TheCity","TheBeyond"],"potions_floor_usage":[14,16,16,16,18,18,18,18,20,20,20,23,23,29,29,29,29,29,30,30,30,31,31,31,31,31,33,33,33,33,33,35,35,35,37,37,37,37,37,41,41,41,41,41],"damage_taken":[{"damage":0,"enemies":"Jaw Worm","floor":1,"turns":1},{"damage":0,"enemies":"Cultist","floor":2,"turns":1},{"damage":0,"enemies":"3 Sentries","floor":6,"turns":1},{"damage":5,"enemies":"Small Slimes","floor":8,"turns":2},{"damage":23,"enemies":"Lagavulin","floor":12,"turns":7},{"damage":7,"enemies":"Exordium Wildlife","floor":13,"turns":5},{"damage":18,"enemies":"3 Sentries","floor":14,"turns":6},{"damage":9,"enemies":"The Guardian","floor":16,"turns":7},{"damage":48,"enemies":"Chosen","floor":18,"turns":8},{"damage":8,"enemies":"3 Byrds","floor":20,"turns":4},{"damage":0,"enemies":"Gremlin Leader","floor":23,"turns":2},{"damage":1,"enemies":"Snake Plant","floor":24,"turns":2},{"damage":12,"enemies":"Centurion and Healer","floor":29,"turns":5},{"damage":6,"enemies":"Book of Stabbing","floor":30,"turns":3},{"damage":5,"enemies":"3 Cultists","floor":31,"turns":3},{"damage":26,"enemies":"Collector","floor":33,"turns":4},{"damage":16,"enemies":"3 Darklings","floor":35,"turns":5},{"damage":46,"enemies":"2 Orb Walkers","floor":37,"turns":5},{"damage":52,"enemies":"Giant Head","floor":41,"turns":8},{"damage":19,"enemies":"3 Shapes","floor":44,"turns":2}],"seed_played":"-6861929310741594658","potions_obtained":[{"floor":5,"key":"ColorlessPotion"},{"floor":5,"key":"FearPotion"},{"floor":5,"key":"DistilledChaos"},{"floor":6,"key":"BlessingOfTheForge"},{"floor":14,"key":"DistilledChaos"},{"floor":16,"key":"Block Potion"},{"floor":24,"key":"Dexterity Potion"},{"floor":31,"key":"Fire Potion"},{"floor":37,"key":"DistilledChaos"}],"is_trial":false,"path_per_floor":["M","M","?","$","?","E","R","M","T","?","$","E","M","E","R","B",null,"M","T","M","?","?","E","M","?","T","R","T","M","E","M","R","B",null,"M","?","?","$","?","R","E","T","T","M"],"character_chosen":"THE_CURSED","items_purchased":["Strawberry","TheCursedMod:BloodyHarpoon","Thread and Needle","TheCursedMod:HellfireBreathing"],"campfire_rested":4,"item_purchase_floors":[4,11,38,38],"current_hp_per_floor":[75,75,75,82,82,82,82,77,77,77,77,54,47,29,53,46,82,34,34,28,28,28,30,31,19,19,43,43,33,29,26,50,26,82,66,66,22,22,43,67,17,17,17,0,0],"gold":455,"neow_bonus":"THREE_ENEMY_KILL","is_daily":false,"chose_seed":false,"campfire_upgraded":1,"win_rate":0.0,"timestamp":1609941973,"path_taken":["M","M","?","$","?","E","R","?","T","?","?","E","M","E","R","BOSS","M","?","M","?","?","E","M","?","T","R","?","M","E","M","R","BOSS","M","?","?","$","?","R","E","?","T","M"],"items_purchased_type":["Relic","Relic","Relic","Card"],"build_version":"2020-12-22","purchased_purges":0,"victory":false,"max_hp_per_floor":[75,75,75,82,82,82,82,82,82,82,82,82,82,82,82,82,82,82,82,82,82,82,82,82,82,82,82,82,82,82,82,82,82,82,82,82,82,82,82,82,82,82,82,82,82],"card_choices":[{"not_picked":["TheCursedMod:CursedAmulet","TheCursedMod:CursedArmor"],"picked":"TheCursedMod:SpitefulStrike","floor":1},{"not_picked":["TheCursedMod:Torture","TheCursedMod:Evocation"],"picked":"TheCursedMod:ReleasedKnowledge","floor":2},{"not_picked":["TheCursedMod:Hemoplague","TheCursedMod:CursedMace"],"picked":"TheCursedMod:ShockAndAwe","floor":6},{"not_picked":["TheCursedMod:VitalStrike","TheCursedMod:CursedAmulet"],"picked":"TheCursedMod:AshesToAshes","floor":8},{"not_picked":["TheCursedMod:PrepareRite","TheCursedMod:TacticalStrike"],"picked":"TheCursedMod:UltimatePain","floor":12},{"not_picked":["TheCursedMod:FleshFromBone","TheCursedMod:ReleasedKnowledge"],"picked":"TheCursedMod:CursedSpellbook","floor":13},{"not_picked":["TheCursedMod:CircleOfFlame","TheCursedMod:SurpriseAttack"],"picked":"TheCursedMod:StingEye","floor":14},{"not_picked":["TheCursedMod:CircleOfAbyss","TheCursedMod:DemonicPact"],"picked":"TheCursedMod:ForbiddenAlchemy","floor":16},{"not_picked":["TheCursedMod:SpitefulStrike","TheCursedMod:Grudge+1"],"picked":"TheCursedMod:FuryStrike+1","floor":18},{"not_picked":["TheCursedMod:BlessingInDisguise","TheCursedMod:CursedShiv"],"picked":"TheCursedMod:AbyssShockwave","floor":20},{"not_picked":["TheCursedMod:EmpowerCircles+1","TheCursedMod:CursedSpellbook"],"picked":"TheCursedMod:LuckyCharm","floor":24},{"not_picked":["TheCursedMod:LuckyCharm","TheCursedMod:CircleOfCorruption"],"picked":"TheCursedMod:FleshFromBone","floor":29},{"not_picked":["TheCursedMod:CursedBlade","TheCursedMod:CursedShiv+1"],"picked":"TheCursedMod:NeowsMight","floor":30},{"not_picked":["TheCursedMod:CircleOfAmplification","TheCursedMod:Wield"],"picked":"TheCursedMod:Evocation","floor":31},{"not_picked":["TheCursedMod:AntiAging","TheCursedMod:Neurasthenia"],"picked":"TheCursedMod:CollectTribute","floor":33},{"not_picked":["TheCursedMod:SurpriseAttack","TheCursedMod:FuryStrike"],"picked":"TheCursedMod:SmokeScreen+1","floor":35},{"not_picked":["TheCursedMod:CircleOfFocus+1","TheCursedMod:CursedShiv"],"picked":"TheCursedMod:Stigma","floor":37},{"not_picked":["TheCursedMod:StingEye+1","TheCursedMod:CircleOfCorruption+1"],"picked":"TheCursedMod:CircleOfBlood","floor":41}],"player_experience":312596,"relics_obtained":[{"floor":6,"key":"Tiny Chest"},{"floor":9,"key":"Centennial Puzzle"},{"floor":12,"key":"Blue Candle"},{"floor":14,"key":"Blood Vial"},{"floor":19,"key":"CeramicFish"},{"floor":26,"key":"Ancient Tea Set"},{"floor":28,"key":"TheCursedMod:DemonicMark"},{"floor":30,"key":"Lantern"},{"floor":37,"key":"StoneCalendar"},{"floor":41,"key":"Ornamental Fan"},{"floor":42,"key":"Molten Egg 2"},{"floor":43,"key":"Orichalcum"}],"event_choices":[{"damage_healed":0,"gold_gain":52,"player_choice":"Gained Gold","damage_taken":0,"max_hp_gain":0,"max_hp_loss":0,"event_name":"Golden Wing","floor":3,"gold_loss":0},{"damage_healed":0,"gold_gain":0,"player_choice":"Got Potions","damage_taken":0,"max_hp_gain":0,"max_hp_loss":0,"event_name":"Lab","floor":5,"gold_loss":0},{"damage_healed":0,"gold_gain":175,"player_choice":"AGREE","damage_taken":0,"max_hp_gain":0,"max_hp_loss":0,"event_name":"Liars Game","floor":10,"gold_loss":0,"cards_obtained":["Doubt"]},{"damage_healed":0,"gold_gain":0,"player_choice":"Ignored","damage_taken":0,"max_hp_gain":0,"max_hp_loss":0,"event_name":"Beggar","floor":21,"gold_loss":0},{"damage_healed":0,"gold_gain":0,"player_choice":"Opened","damage_taken":0,"relics_obtained":["Akabeko"],"max_hp_gain":0,"max_hp_loss":0,"event_name":"The Mausoleum","floor":22,"gold_loss":0},{"damage_healed":0,"gold_gain":90,"player_choice":"GOLD ","damage_taken":12,"max_hp_gain":0,"max_hp_loss":0,"event_name":"Knowing Skull","floor":25,"potions_obtained":[],"gold_loss":0,"cards_obtained":[]},{"cards_removed":["TheCursedMod:Defend_TheCursed"],"damage_healed":0,"gold_gain":0,"player_choice":"Removed Skill","damage_taken":0,"max_hp_gain":0,"max_hp_loss":0,"event_name":"Falling","floor":36,"gold_loss":0},{"damage_healed":0,"gold_gain":0,"player_choice":"Fight","damage_taken":0,"max_hp_gain":0,"max_hp_loss":0,"event_name":"Mysterious Sphere","floor":37,"gold_loss":0},{"damage_healed":21,"gold_gain":0,"player_choice":"Writhe","damage_taken":0,"max_hp_gain":0,"max_hp_loss":0,"event_name":"Winding Halls","floor":39,"gold_loss":0,"cards_obtained":["Writhe"]}],"is_beta":false,"boss_relics":[{"not_picked":["Hololive_ChaosS","Snecko Eye"],"picked":"Runic Dome"},{"not_picked":["Cursed Key","Hololive_Finger"],"picked":"TheCursedMod:FourLeafCloverCharm"}],"items_purged_floors":[],"is_endless":false,"potions_floor_spawned":[6,12,14,16,23,24,31,35,37],"killed_by":"3 Shapes","ascension_level":0}}