{"host":"jexbkylv34f8xu3o","time":1609970218,"event":{"mods":["AchievementEnabler","BaseMod","Colored Map","Colored Powertips","GifTheSpireLib","Highlight Path","Minty Spire (QoL Compilation)","Quick Restart","StSLib"],"gold_per_floor":[99,99,99,29,29,29,29,29,29,29,29,29,29,29,29,29,29,29,29,29,29,29,29,29,29,29,29,29,29,29,29,29,29,29,29,29,29,29,29,29,29,29,29,29,29,29,29,29,29,29,29,29,29,29,29],"floor_reached":56,"playtime":2290,"items_purged":[],"score":2074,"play_id":"12350332-1b2c-46aa-a746-8f08006ec9f7","local_time":"20210106185658","is_ascension_mode":true,"campfire_choices":[{"data":"Heavy Blade","floor":6,"key":"SMITH"},{"data":"Demon Form","floor":8,"key":"SMITH"},{"data":"Flex","floor":13,"key":"SMITH"},{"data":"Bash","floor":15,"key":"SMITH"},{"data":"Exhume","floor":23,"key":"SMITH"},{"data":"Dark Embrace","floor":30,"key":"SMITH"},{"data":"Offering","floor":32,"key":"SMITH"},{"data":"Mayhem","floor":41,"key":"SMITH"},{"floor":47,"key":"DIG"},{"floor":49,"key":"RECALL"},{"floor":52,"key":"REST"}],"circlet_count":0,"master_deck":["Strike_R","Strike_R","Defend_R","Defend_R","Defend_R","Bash+1","True Grit+1","Demon Form+1","Offering+1","Heavy Blade+1","Reaper","Spot Weakness","Flex+1","Evolve","Exhume+1","Exhume+1","Exhume+1","Blood for Blood+1","Hemokinesis","Pummel+1","Inflame+1","Dark Embrace+1","Seeing Red+1","Feed","Feel No Pain+1","Bandage Up","Mayhem+1","Bandage Up","Sword Boomerang","Iron Wave","Battle Trance","Inflame+1","Offering","Limit Break"],"relics":["Ectoplasm","Bag of Marbles","HornCleat","White Beast Statue","Vajra","Astrolabe","Nilry\u0027s Codex","Ancient Tea Set","PreservedInsect","Red Skull","Nunchaku","Anchor","Black Star","Lizard Tail","Oddly Smooth Stone","Shuriken","Shovel","CeramicFish","Akabeko","Bag of Preparation","Question Card","Bottled Flame","Blue Candle","Toy Ornithopter","Happy Flower"],"acts_visited":["Exordium","TheCity","TheBeyond","TheEnding"],"potions_floor_usage":[12,22,24,29,29,31,33,35,36,40,40,50,50,54],"damage_taken":[{"damage":5,"enemies":"2 Louse","floor":1,"turns":3},{"damage":0,"enemies":"Small Slimes","floor":3,"turns":4},{"damage":1,"enemies":"Cultist","floor":5,"turns":4},{"damage":29,"enemies":"Gremlin Nob","floor":7,"turns":4},{"damage":6,"enemies":"Lagavulin","floor":10,"turns":5},{"damage":0,"enemies":"2 Fungi Beasts","floor":11,"turns":4},{"damage":12,"enemies":"3 Sentries","floor":12,"turns":6},{"damage":6,"enemies":"Slime Boss","floor":16,"turns":3},{"damage":7,"enemies":"Chosen","floor":18,"turns":4},{"damage":7,"enemies":"Shell Parasite","floor":22,"turns":2},{"damage":22,"enemies":"Slavers","floor":24,"turns":3},{"damage":14,"enemies":"3 Cultists","floor":25,"turns":4},{"damage":15,"enemies":"Book of Stabbing","floor":27,"turns":3},{"damage":19,"enemies":"Cultist and Chosen","floor":28,"turns":3},{"damage":21,"enemies":"Slavers","floor":29,"turns":3},{"damage":8,"enemies":"Chosen and Byrds","floor":31,"turns":3},{"damage":20,"enemies":"Champ","floor":33,"turns":4},{"damage":12,"enemies":"3 Darklings","floor":35,"turns":3},{"damage":43,"enemies":"2 Orb Walkers","floor":36,"turns":4},{"damage":13,"enemies":"3 Shapes","floor":38,"turns":3},{"damage":12,"enemies":"Reptomancer","floor":40,"turns":3},{"damage":17,"enemies":"Nemesis","floor":42,"turns":3},{"damage":21,"enemies":"Giant Head","floor":44,"turns":4},{"damage":40,"enemies":"Sphere and 2 Shapes","floor":45,"turns":4},{"damage":23,"enemies":"Nemesis","floor":46,"turns":3},{"damage":43,"enemies":"Time Eater","floor":50,"turns":6},{"damage":29,"enemies":"Shield and Spear","floor":54,"turns":3},{"damage":160,"enemies":"The Heart","floor":55,"turns":7}],"seed_played":"-5146443852444334104","potions_obtained":[{"floor":3,"key":"CultistPotion"},{"floor":10,"key":"Dexterity Potion"},{"floor":11,"key":"SkillPotion"},{"floor":12,"key":"Dexterity Potion"},{"floor":16,"key":"DuplicationPotion"},{"floor":22,"key":"SpeedPotion"},{"floor":24,"key":"FairyPotion"},{"floor":27,"key":"CultistPotion"},{"floor":29,"key":"ColorlessPotion"},{"floor":31,"key":"SkillPotion"},{"floor":33,"key":"Swift Potion"},{"floor":35,"key":"Dexterity Potion"},{"floor":36,"key":"CultistPotion"},{"floor":38,"key":"HeartOfIron"},{"floor":40,"key":"LiquidBronze"},{"floor":42,"key":"Dexterity Potion"},{"floor":54,"key":"Fruit Juice"}],"is_trial":false,"path_per_floor":["M","?","M","$","M","R","E","R","T","E","M","E","R","?","R","B",null,"M","?","?","T","M","R","E","M","T","E","M","E","R","M","R","B",null,"M","?","?","M","?","E","R","E","T","E","M","E","R","$","R","B",null,"R","$","E","B",null],"character_chosen":"IRONCLAD","items_purchased":["Offering"],"campfire_rested":1,"item_purchase_floors":[4],"current_hp_per_floor":[67,67,67,67,66,66,37,37,37,31,39,72,72,64,64,58,75,80,80,64,64,57,57,58,51,51,59,40,63,63,71,71,51,73,80,53,43,57,57,83,83,82,82,73,83,64,64,64,64,25,69,83,83,84,6],"gold":29,"neow_bonus":"BOSS_RELIC","is_daily":false,"chose_seed":false,"campfire_upgraded":8,"win_rate":0.0,"timestamp":1609970218,"path_taken":["M","?","M","$","M","R","E","R","T","E","M","E","R","?","R","BOSS","M","?","?","?","?","R","E","M","T","E","M","E","R","M","R","BOSS","M","?","?","M","?","E","R","E","T","E","M","E","R","$","R","BOSS","R","$","E","BOSS"],"items_purchased_type":["Card"],"build_version":"2020-12-22","purchased_purges":0,"victory":true,"max_hp_per_floor":[80,80,80,80,80,80,80,80,80,80,80,80,80,80,80,80,80,80,80,80,80,80,80,80,80,80,80,80,80,80,80,80,80,80,80,80,80,83,83,83,83,83,83,83,83,83,83,83,83,83,83,83,83,88,88],"card_choices":[{"not_picked":["Armaments","Cleave"],"picked":"True Grit","floor":1},{"not_picked":["Rupture","Headbutt"],"picked":"Demon Form","floor":3},{"not_picked":["Heavy Blade","Perfected Strike","Cleave"],"picked":"SKIP","floor":5},{"not_picked":["Perfected Strike","Cleave"],"picked":"Heavy Blade","floor":5},{"not_picked":["Carnage","Fire Breathing"],"picked":"Reaper","floor":7},{"not_picked":["Iron Wave","Impervious"],"picked":"Spot Weakness","floor":10},{"not_picked":["Body Slam","Pommel Strike"],"picked":"Flex","floor":11},{"not_picked":["Wild Strike","Perfected Strike"],"picked":"Evolve","floor":12},{"not_picked":["Juggernaut","Fiend Fire"],"picked":"Exhume","floor":16},{"not_picked":["Body Slam","Wild Strike"],"picked":"Hemokinesis","floor":18},{"not_picked":["Anger","Wild Strike"],"picked":"Pummel+1","floor":22},{"not_picked":["Twin Strike","Spot Weakness","Infernal Blade"],"picked":"SKIP","floor":24},{"not_picked":["True Grit","Combust"],"picked":"Inflame+1","floor":25},{"not_picked":["Infernal Blade","Flame Barrier","Anger+1"],"picked":"SKIP","floor":27},{"not_picked":["Perfected Strike+1","Clash+1"],"picked":"Dropkick","floor":28},{"not_picked":["Flex","Combust"],"picked":"Dark Embrace","floor":29},{"not_picked":["Infernal Blade","Shrug It Off"],"picked":"Seeing Red+1","floor":31},{"not_picked":["Barricade","Brutality"],"picked":"Feed","floor":33},{"not_picked":["Iron Wave","Burning Pact+1"],"picked":"Feel No Pain+1","floor":35},{"not_picked":["Deep Breath","Swift Strike"],"picked":"Bandage Up","floor":37},{"not_picked":["PanicButton","Dramatic Entrance"],"picked":"Mayhem","floor":37},{"not_picked":["Trip","Impatience"],"picked":"Bandage Up","floor":37},{"not_picked":["Sever Soul","Warcry"],"picked":"Sword Boomerang","floor":38},{"not_picked":["Clash","Thunderclap+1"],"picked":"Iron Wave","floor":40},{"not_picked":["Headbutt+1","Wild Strike+1","Sever Soul+1"],"picked":"SKIP","floor":42},{"not_picked":["Dropkick+1","Cleave"],"picked":"Battle Trance","floor":44},{"not_picked":["Clash","Anger+1"],"picked":"Inflame+1","floor":45},{"not_picked":["Battle Trance","Wild Strike+1"],"picked":"Offering","floor":46},{"not_picked":["Shrug It Off","Brutality","Fire Breathing+1"],"picked":"Limit Break","floor":54}],"player_experience":540900,"relics_obtained":[{"floor":7,"key":"Bag of Marbles"},{"floor":9,"key":"HornCleat"},{"floor":10,"key":"White Beast Statue"},{"floor":12,"key":"Vajra"},{"floor":20,"key":"Nilry\u0027s Codex"},{"floor":21,"key":"Ancient Tea Set"},{"floor":24,"key":"PreservedInsect"},{"floor":26,"key":"Red Skull"},{"floor":27,"key":"Nunchaku"},{"floor":29,"key":"Anchor"},{"floor":36,"key":"Lizard Tail"},{"floor":40,"key":"Oddly Smooth Stone"},{"floor":40,"key":"Shuriken"},{"floor":42,"key":"Shovel"},{"floor":42,"key":"CeramicFish"},{"floor":44,"key":"Akabeko"},{"floor":44,"key":"Bag of Preparation"},{"floor":46,"key":"Question Card"},{"floor":46,"key":"Bottled Flame"},{"floor":47,"key":"Blue Candle"},{"floor":54,"key":"Toy Ornithopter"},{"floor":54,"key":"Happy Flower"}],"event_choices":[{"damage_healed":0,"gold_gain":0,"player_choice":"Grow","damage_taken":0,"max_hp_gain":0,"max_hp_loss":0,"event_name":"Living Wall","floor":2,"gold_loss":0,"cards_upgraded":["True Grit"]},{"damage_healed":0,"gold_gain":0,"player_choice":"Damaged","damage_taken":8,"max_hp_gain":0,"max_hp_loss":0,"event_name":"Wheel of Change","floor":14,"gold_loss":0},{"cards_removed":["Strike_R"],"damage_healed":0,"gold_gain":0,"player_choice":"Elegance","damage_taken":0,"max_hp_gain":0,"max_hp_loss":0,"event_name":"Back to Basics","floor":19,"gold_loss":0},{"damage_healed":0,"gold_gain":0,"player_choice":"Obtained Book","damage_taken":16,"max_hp_gain":0,"max_hp_loss":0,"event_name":"Cursed Tome","floor":20,"gold_loss":0},{"damage_healed":0,"gold_gain":0,"player_choice":"Fight","damage_taken":0,"max_hp_gain":0,"max_hp_loss":0,"event_name":"Mysterious Sphere","floor":36,"gold_loss":0},{"damage_healed":0,"gold_gain":0,"player_choice":"Memory 3","damage_taken":10,"max_hp_gain":0,"max_hp_loss":0,"event_name":"SensoryStone","floor":37,"gold_loss":0},{"cards_removed":["Dropkick"],"damage_healed":0,"gold_gain":0,"player_choice":"Removed Attack","damage_taken":0,"max_hp_gain":0,"max_hp_loss":0,"event_name":"Falling","floor":39,"gold_loss":0}],"is_beta":false,"boss_relics":[{"not_picked":["Runic Dome","Runic Pyramid"],"picked":"Astrolabe"},{"not_picked":["Empty Cage","Tiny House"],"picked":"Black Star"}],"items_purged_floors":[],"is_endless":false,"potions_floor_spawned":[3,10,11,12,16,18,22,24,25,27,28,29,31,33,35,36,38,40,42,44,45,46,54],"ascension_level":9}}