{"host":"m6e09adb7fik7oct","time":1609906360,"event":{"mods":["AchievementEnabler","BaseMod","Better Altar","Better Note","Better Sensory Stone","Better Skull","Better Third Choice","Block Reminder","Colored Map","Displayed Cursed Tome","Ironclad Rager","Key Reminder","Mad Scientist","Minty Spire (QoL Compilation)","Permanent Neow","Quick Restart","RNG Fix","Relic Stats","Reorder Act Four","StSLib","Transform Curses","Unceasing Turn Reminder","everything is the same but u backflip on backflip"],"gold_per_floor":[114,114,133,152,171,171,209,209,209,228,228,228,403,57,57,182,182,201,220,220,145,145,192,88,88,97,106,153,3,3,22,22,147,147,175,194,212,231,250,287,37,56,90,128,147,185,185,185,185,185],"floor_reached":51,"playtime":7311,"items_purged":["Regret","Clumsy"],"score":770,"play_id":"dfe79731-2ed3-4b47-8c8a-957ed8fef9bc","local_time":"20210105231240","daily_mods":["Shiny","Colorless Cards","Night Terrors"],"is_ascension_mode":false,"campfire_choices":[{"floor":6.0,"key":"REST"},{"data":"Apotheosis","floor":8.0,"key":"SMITH"},{"data":"Demon Form","floor":11.0,"key":"SMITH"},{"data":"Heavy Blade","floor":15.0,"key":"SMITH"},{"data":"Feed","floor":30.0,"key":"SMITH"},{"data":"Double Tap","floor":32.0,"key":"SMITH"},{"floor":49,"key":"REST"}],"circlet_count":0,"master_deck":["Double Tap+1","Demon Form+1","Fiend Fire+1","Berserk+1","Impervious+1","Juggernaut+1","Exhume+1","Offering+1","Bludgeon+1","Feed+1","Limit Break+1","Corruption+1","Barricade+1","ICR:VitalStrike+1","Reaper+1","Immolate+1","Thinking Ahead+1","Metamorphosis+1","Master of Strategy+1","Magnetism+1","Chrysalis+1","Mayhem+1","Secret Weapon+1","Sadistic Nature+1","Transmutation+1","HandOfGreed+1","Apotheosis+1","Panache+1","Violence+1","Secret Technique+1","The Bomb+1","Heavy Blade+1","Injury","Clothesline+1","Shrug It Off+1","Necronomicurse","Intimidate+1","Feel No Pain+1","Bandage Up+1","Second Wind+1","Shrug It Off+1","Panacea+1","Mind Blast+1","Parasite","Enlightenment+1","Injury"],"relics":["Burning Blood","Golden Idol","Juzu Bracelet","Kunai","TungstenRod","Cursed Key","Necronomicon","CeramicFish","Nloth\u0027s Gift","Question Card","Red Mask","MealTicket","Red Skull","Sozu","Ancient Tea Set","Strawberry","Blood Vial","Oddly Smooth Stone","Mark of the Bloom"],"acts_visited":["Exordium","TheCity","TheBeyond"],"potions_floor_usage":[50],"damage_taken":[{"damage":28.0,"enemies":"2 Louse","floor":1.0,"turns":4.0},{"damage":54.0,"enemies":"Cultist","floor":3.0,"turns":7.0},{"damage":18.0,"enemies":"Jaw Worm","floor":4.0,"turns":3.0},{"damage":22.0,"enemies":"Exordium Wildlife","floor":5.0,"turns":3.0},{"damage":0.0,"enemies":"Lagavulin","floor":7.0,"turns":4.0},{"damage":12.0,"enemies":"Blue Slaver","floor":10.0,"turns":2.0},{"damage":44.0,"enemies":"The Guardian","floor":16.0,"turns":6.0},{"damage":27.0,"enemies":"2 Thieves","floor":18.0,"turns":3.0},{"damage":17.0,"enemies":"Chosen","floor":19.0,"turns":5.0},{"damage":22.0,"enemies":"Slavers","floor":23.0,"turns":4.0},{"damage":0.0,"enemies":"Masked Bandits","floor":27.0,"turns":1.0},{"damage":49.0,"enemies":"Book of Stabbing","floor":28.0,"turns":5.0},{"damage":19.0,"enemies":"Snake Plant","floor":31.0,"turns":5.0},{"damage":30.0,"enemies":"Automaton","floor":33.0,"turns":6.0},{"damage":10.0,"enemies":"Orb Walker","floor":35.0,"turns":3.0},{"damage":45.0,"enemies":"3 Darklings","floor":36.0,"turns":4.0},{"damage":18.0,"enemies":"Jaw Worm Horde","floor":38.0,"turns":3.0},{"damage":15.0,"enemies":"Sphere and 2 Shapes","floor":39.0,"turns":4.0},{"damage":24.0,"enemies":"Writhing Mass","floor":40.0,"turns":5.0},{"damage":30,"enemies":"4 Shapes","floor":42,"turns":3},{"damage":9,"enemies":"Nemesis","floor":44,"turns":5},{"damage":12,"enemies":"Jaw Worm Horde","floor":45,"turns":4},{"damage":13,"enemies":"Giant Head","floor":46,"turns":6},{"damage":77,"enemies":"Time Eater","floor":50,"turns":9}],"seed_played":"-8136925521176778862","potions_obtained":[{"floor":3.0,"key":"BloodPotion"},{"floor":4.0,"key":"Weak Potion"},{"floor":19.0,"key":"SmokeBomb"},{"floor":27.0,"key":"BloodPotion"},{"floor":28.0,"key":"GamblersBrew"}],"is_trial":false,"path_per_floor":["M","?","M","M","M","R","E","R","T","M","R","?","?","$","R","B",null,"M","M","?","?","?","E","$","?","T","?","E","$","R","M","R","B",null,"M","M","?","M","M","M","$","M","T","E","M","E","?","?","R","B",null],"character_chosen":"IRONCLAD","items_purchased":["Shrug It Off","TungstenRod","Feel No Pain","Red Skull","Ancient Tea Set"],"campfire_rested":2,"item_purchase_floors":[14,14,24,29,41],"current_hp_per_floor":[64,64,40,31,18,85,85,85,85,82,82,82,82,82,82,54,88,67,59,47,47,47,61,61,61,61,84,64,79,79,69,69,92,92,88,77,77,71,70,55,70,76,83,94,95,90,90,90,90,13],"gold":185,"neow_bonus":"","is_daily":true,"chose_seed":false,"campfire_upgraded":5,"win_rate":0.0,"timestamp":1609906360,"path_taken":["M","?","M","M","?","R","E","R","T","M","R","?","?","$","R","BOSS","M","M","?","?","?","E","$","?","T","?","E","$","R","M","R","BOSS","M","M","?","M","M","M","$","M","T","E","M","E","?","?","R","BOSS"],"items_purchased_type":["Card","Relic","Card","Relic","Relic"],"build_version":"2020-12-22","purchased_purges":2,"victory":true,"max_hp_per_floor":[80,80,84,87,90,85,85,85,85,88,88,88,88,88,88,88,88,88,88,88,88,88,88,88,88,88,88,88,88,88,88,88,92,92,92,92,92,92,92,92,92,92,99,99,99,99,99,99,94,94],"relic_stats":{"Mark of the Bloom":114,"counters":[24,104],"Golden Idol":171,"CeramicFish":99,"Juzu Bracelet":3,"Cursed Key":2,"Question Card":15,"Burning Blood":126,"Sozu":4,"Blood Vial":4,"MealTicket":30,"Necronomicon":[43],"Nloth\u0027s Gift":5,"Kunai":[22],"obtain_stats":[{"Mark of the Bloom":47,"Golden Idol":2,"CeramicFish":23,"Oddly Smooth Stone":46,"Juzu Bracelet":7,"Cursed Key":17,"Question Card":26,"Ancient Tea Set":41,"Burning Blood":0,"Sozu":34,"Blood Vial":44,"Strawberry":43,"MealTicket":28,"WingedGreaves":12,"Necronomicon":20,"Nloth\u0027s Gift":25,"Red Mask":27,"Kunai":9,"TungstenRod":14,"Red Skull":29},{"Mark of the Bloom":23,"Golden Idol":1,"CeramicFish":10,"Oddly Smooth Stone":23,"Juzu Bracelet":5,"Cursed Key":7,"Question Card":10,"Ancient Tea Set":19,"Burning Blood":0,"Sozu":14,"Blood Vial":21,"Strawberry":20,"MealTicket":12,"WingedGreaves":6,"Necronomicon":9,"Nloth\u0027s Gift":10,"Red Mask":11,"Kunai":5,"TungstenRod":6,"Red Skull":12},{"Mark of the Bloom":95,"Golden Idol":4,"CeramicFish":41,"Oddly Smooth Stone":95,"Juzu Bracelet":21,"Cursed Key":29,"Question Card":41,"Ancient Tea Set":77,"Burning Blood":0,"Sozu":58,"Blood Vial":85,"Strawberry":80,"MealTicket":47,"WingedGreaves":23,"Necronomicon":37,"Nloth\u0027s Gift":41,"Red Mask":42,"Kunai":21,"TungstenRod":23,"Red Skull":47}],"TungstenRod":80},"card_choices":[{"not_picked":["Iron Wave","Thunderclap"],"picked":"Heavy Blade","floor":1.0},{"not_picked":["Anger","Clash"],"picked":"Clothesline","floor":3.0},{"not_picked":["Iron Wave","Wild Strike","Blind"],"picked":"SKIP","floor":4.0},{"not_picked":["Headbutt","Inflame","Entrench"],"picked":"SKIP","floor":5.0},{"not_picked":["Rupture","Pommel Strike","Chrysalis"],"picked":"SKIP","floor":7.0},{"not_picked":["Sever Soul","Thunderclap","Flex"],"picked":"SKIP","floor":10.0},{"not_picked":["Flex+1","Twin Strike","True Grit"],"picked":"SKIP","floor":18.0},{"not_picked":["Evolve+1","Hemokinesis+1","Perfected Strike+1"],"picked":"SKIP","floor":19.0},{"not_picked":["True Grit","Havoc"],"picked":"Intimidate+1","floor":23.0},{"not_picked":["Impatience","Havoc","Pommel Strike"],"picked":"Bandage Up+1","floor":27.0},{"not_picked":["Discovery","Flex","Warcry+1"],"picked":"Second Wind","floor":28.0},{"not_picked":["True Grit","Thunderclap","Corruption","ICR:VitalStrike"],"picked":"SKIP","floor":31.0},{"not_picked":["Armaments","Twin Strike+1","Whirlwind"],"picked":"Shrug It Off+1","floor":35.0},{"not_picked":["The Bomb","Clothesline+1","Pommel Strike","Purity+1"],"picked":"SKIP","floor":36.0},{"not_picked":["Sadistic Nature","Trip","Swift Strike"],"picked":"Panacea","floor":37.0},{"not_picked":["Violence","Impatience","Finesse"],"picked":"Mind Blast","floor":37.0},{"not_picked":["Pummel","Transmutation","True Grit","Anger"],"picked":"SKIP","floor":38.0},{"not_picked":["Warcry+1","Clash+1","Body Slam","True Grit"],"picked":"SKIP","floor":39.0},{"not_picked":["Blind","Iron Wave","Intimidate+1"],"picked":"Enlightenment+1","floor":40.0},{"not_picked":["Flex","Intimidate+1","HandOfGreed","Body Slam"],"picked":"SKIP","floor":42},{"not_picked":["Clash","Burning Pact","Swift Strike+1","Battle Trance+1"],"picked":"SKIP","floor":44},{"not_picked":["Shrug It Off+1","Power Through","Fire Breathing+1","Purity+1"],"picked":"SKIP","floor":45},{"not_picked":["Swift Strike+1","The Bomb","Flex+1","Thunderclap"],"picked":"SKIP","floor":46}],"player_experience":226460,"relics_obtained":[{"floor":7.0,"key":"Juzu Bracelet"},{"floor":9.0,"key":"Kunai"},{"floor":23.0,"key":"CeramicFish"},{"floor":26.0,"key":"Question Card"},{"floor":27.0,"key":"Red Mask"},{"floor":28.0,"key":"MealTicket"},{"floor":43,"key":"Strawberry"},{"floor":44,"key":"Blood Vial"},{"floor":46,"key":"Oddly Smooth Stone"}],"event_choices":[{"damage_healed":0.0,"max_hp_gain":0.0,"max_hp_loss":0.0,"gold_gain":0.0,"event_name":"Golden Idol","player_choice":"Take Wound","floor":2.0,"gold_loss":0.0,"damage_taken":0.0,"relics_obtained":["Golden Idol"],"cards_obtained":["Injury"]},{"damage_healed":0.0,"max_hp_gain":0.0,"max_hp_loss":0.0,"gold_gain":0.0,"event_name":"Big Fish","player_choice":"Box","floor":12.0,"gold_loss":0.0,"damage_taken":0.0,"relics_obtained":["WingedGreaves"],"cards_obtained":["Regret"]},{"damage_healed":0.0,"max_hp_gain":0.0,"max_hp_loss":0.0,"gold_gain":175.0,"event_name":"betterThird:BetterSerpent","player_choice":"AGREE","floor":13.0,"gold_loss":0.0,"damage_taken":228.0},{"damage_healed":0.0,"max_hp_gain":0.0,"max_hp_loss":0.0,"gold_gain":0.0,"event_name":"Cursed Tome","player_choice":"Obtained Book","floor":20.0,"gold_loss":0.0,"damage_taken":16.0},{"cards_removed":["Doubt"],"damage_healed":0.0,"max_hp_gain":0.0,"max_hp_loss":0.0,"gold_gain":0.0,"event_name":"Beggar","player_choice":"Gave Gold","floor":21.0,"gold_loss":75.0,"damage_taken":0.0},{"damage_healed":0.0,"max_hp_gain":0.0,"max_hp_loss":0.0,"gold_gain":0.0,"event_name":"Ghosts","player_choice":"Ignored","floor":22.0,"gold_loss":0.0,"damage_taken":0.0},{"damage_healed":0.0,"max_hp_gain":0.0,"max_hp_loss":0.0,"gold_gain":0.0,"event_name":"N\u0027loth","player_choice":"Traded Relic","floor":25.0,"relics_lost":["WingedGreaves"],"gold_loss":0.0,"damage_taken":0.0,"relics_obtained":["Nloth\u0027s Gift"]},{"damage_healed":0.0,"max_hp_gain":0.0,"max_hp_loss":0.0,"gold_gain":0.0,"event_name":"Masked Bandits","player_choice":"Fought Bandits","floor":27.0,"gold_loss":0.0,"damage_taken":0.0},{"damage_healed":0.0,"max_hp_gain":0.0,"max_hp_loss":0.0,"gold_gain":3.0,"event_name":"betterStone:BetterStone","player_choice":"1","floor":37.0,"gold_loss":0.0,"damage_taken":0.0},{"damage_healed":0,"gold_gain":0,"player_choice":"Upgrade","damage_taken":0,"relics_obtained":["Mark of the Bloom"],"max_hp_gain":0,"max_hp_loss":0,"event_name":"MindBloom","floor":47,"gold_loss":0,"cards_upgraded":["Fiend Fire","Berserk","Impervious","Juggernaut","Brutality","Exhume","Offering","Bludgeon","Limit Break","Corruption","Barricade","ICR:VitalStrike","Reaper","Immolate","Thinking Ahead","Metamorphosis","Master of Strategy","Magnetism","Chrysalis","Mayhem","Secret Weapon","Sadistic Nature","Transmutation","HandOfGreed","Panache","Violence","Secret Technique","The Bomb","Clothesline","Shrug It Off","Feel No Pain","Second Wind","Panacea","Mind Blast"]},{"cards_removed":["Brutality"],"damage_healed":0,"gold_gain":0,"player_choice":"Removed Power","damage_taken":0,"max_hp_gain":0,"max_hp_loss":0,"event_name":"Falling","floor":48,"gold_loss":0}],"is_beta":false,"boss_relics":[{"not_picked":["Busted Crown","Tiny House"],"picked":"Cursed Key"},{"not_picked":["Black Star","Velvet Choker"],"picked":"Sozu"}],"items_purged_floors":[24,41],"is_endless":false,"potions_floor_spawned":[3,4,19,27,28,38,39,40,42],"ascension_level":0}}