{"host":"ji1fk25fd1ga4ji1","time":1609936059,"event":{"mods":["2.2 Compatiblity","BaseMod","Colored Map","DeckTracker","Minty Spire (QoL Compilation)","Permanent Neow","Quick Restart","StSLib","SuperFastMode"],"gold_per_floor":[109,124,124,124,140,140,65,86,154,154,172,192,228,252,252,377,377,400,400,475,499,499,499,531,542,566,566,466,466,341,367,367,472,472,485,535,95,0,0,26,26,41,41,52,107,118,118,131,131,131],"floor_reached":51,"playtime":1094,"items_purged":["Sucker Punch","Bane","Dash","Survivor"],"score":815,"play_id":"7130b195-1d77-4a97-85e3-62fd40b8aaf4","local_time":"20210106212739","is_ascension_mode":false,"campfire_choices":[{"data":"Dagger Throw","floor":6.0,"key":"SMITH"},{"data":"Dagger Throw","floor":10.0,"key":"SMITH"},{"data":"Grand Finale","floor":15.0,"key":"SMITH"},{"data":"Backflip","floor":23,"key":"SMITH"},{"data":"Prepared","floor":27,"key":"SMITH"},{"data":"After Image","floor":32,"key":"SMITH"},{"data":"Dagger Throw+1","floor":41,"key":"PURGE"},{"data":"Dagger Throw+1","floor":47,"key":"PURGE"},{"data":"Quick Slash","floor":49,"key":"PURGE"}],"circlet_count":0,"master_deck":["Neutralize","Backflip+1","Grand Finale+1","Endless Agony","Prepared","Backflip","After Image+1","Prepared+1","Expertise","Acrobatics+1"],"relics":["Pandora\u0027s Box","Bloody Idol","Regal Pillow","Pear","Ginger","Empty Cage","MutagenicStrength","White Beast Statue","Bag of Preparation","Orichalcum","CaptainsWheel","Philosopher\u0027s Stone","Calipers","Peace Pipe","Red Mask","Bottled Lightning","Tough Bandages","Shovel"],"acts_visited":["Exordium","TheCity","TheBeyond"],"potions_floor_usage":[],"damage_taken":[{"damage":1.0,"enemies":"Cultist","floor":1.0,"turns":3.0},{"damage":0.0,"enemies":"Small Slimes","floor":2.0,"turns":2.0},{"damage":0.0,"enemies":"Jaw Worm","floor":5.0,"turns":2.0},{"damage":0.0,"enemies":"Gremlin Gang","floor":8.0,"turns":4.0},{"damage":0.0,"enemies":"2 Fungi Beasts","floor":11.0,"turns":2.0},{"damage":0.0,"enemies":"Large Slime","floor":12.0,"turns":2.0},{"damage":1.0,"enemies":"3 Sentries","floor":13.0,"turns":7.0},{"damage":2.0,"enemies":"Gremlin Gang","floor":14.0,"turns":2.0},{"damage":57.0,"enemies":"Hexaghost","floor":16.0,"turns":10.0},{"damage":0.0,"enemies":"Chosen","floor":18.0,"turns":4.0},{"damage":0,"enemies":"3 Byrds","floor":21,"turns":3},{"damage":8,"enemies":"Gremlin Leader","floor":24,"turns":3},{"damage":2,"enemies":"Snake Plant","floor":25,"turns":3},{"damage":1,"enemies":"Book of Stabbing","floor":31,"turns":3},{"damage":32,"enemies":"Champ","floor":33,"turns":7},{"damage":0,"enemies":"Orb Walker","floor":35,"turns":1},{"damage":0,"enemies":"Mind Bloom Boss Battle","floor":36,"turns":1},{"damage":0,"enemies":"Giant Head","floor":40,"turns":3},{"damage":0,"enemies":"3 Shapes","floor":42,"turns":1},{"damage":0,"enemies":"Jaw Worm Horde","floor":44,"turns":1},{"damage":0,"enemies":"2 Orb Walkers","floor":45,"turns":1},{"damage":0,"enemies":"Transient","floor":46,"turns":5},{"damage":0,"enemies":"Spire Growth","floor":48,"turns":1},{"damage":0,"enemies":"Time Eater","floor":50,"turns":3}],"seed_played":"7274685537240653474","potions_obtained":[{"floor":2.0,"key":"Dexterity Potion"},{"floor":13.0,"key":"Poison Potion"},{"floor":14.0,"key":"Regen Potion"},{"floor":24,"key":"Regen Potion"},{"floor":33,"key":"Dexterity Potion"},{"floor":40,"key":"Regen Potion"},{"floor":42,"key":"GhostInAJar"}],"is_trial":false,"path_per_floor":["M","M","?","?","M","R","$","M","T","R","M","M","E","M","R","B",null,"M","?","?","M","?","R","E","M","T","R","$","?","$","E","R","B",null,"M","?","$","?","?","E","R","M","T","M","?","M","R","M","R","B",null],"character_chosen":"THE_SILENT","items_purchased":["Peace Pipe"],"campfire_rested":0,"item_purchase_floors":[37],"current_hp_per_floor":[69,69,65,65,65,65,65,65,75,75,75,75,74,72,72,15,75,75,75,68,68,68,68,65,68,73,73,73,73,73,75,75,48,75,75,75,75,75,75,75,75,75,75,75,75,75,75,75,75,75],"gold":131,"neow_bonus":"BOSS_RELIC","is_daily":false,"chose_seed":false,"campfire_upgraded":6,"win_rate":0.0,"timestamp":1609936059,"path_taken":["M","?","?","?","?","R","$","M","T","R","M","M","E","M","R","BOSS","M","?","?","?","?","R","E","M","T","R","$","?","$","E","R","BOSS","M","?","$","?","?","E","R","M","T","?","?","M","R","M","R","BOSS"],"items_purchased_type":["Relic"],"build_version":"2020-12-22","purchased_purges":4,"victory":true,"max_hp_per_floor":[70,70,65,65,65,65,65,65,75,75,75,75,75,75,75,75,75,75,75,75,75,75,75,75,75,75,75,75,75,75,75,75,75,75,75,75,75,75,75,75,75,75,75,75,75,75,75,75,75,75],"card_choices":[{"not_picked":["Footwork","Flying Knee"],"picked":"Dagger Throw","floor":1.0},{"not_picked":["Deflect","Quick Slash","Leg Sweep"],"picked":"SKIP","floor":2.0},{"not_picked":["Poisoned Stab","Bane","Quick Slash"],"picked":"SKIP","floor":5.0},{"not_picked":["Quick Slash","Cloak And Dagger","Flying Knee"],"picked":"SKIP","floor":8.0},{"not_picked":["Night Terror","Dagger Spray","Catalyst"],"picked":"SKIP","floor":11.0},{"not_picked":["Underhanded Strike","PiercingWail","Masterful Stab"],"picked":"SKIP","floor":12.0},{"not_picked":["Escape Plan","Noxious Fumes"],"picked":"Prepared","floor":13.0},{"not_picked":["Finisher","Dagger Spray"],"picked":"Backflip","floor":14.0},{"not_picked":["Storm of Steel","Doppelganger"],"picked":"After Image","floor":16.0},{"not_picked":["Infinite Blades+1","Setup"],"picked":"Prepared","floor":18.0},{"not_picked":["Dagger Spray","Bane","Noxious Fumes"],"picked":"SKIP","floor":21},{"not_picked":["Prepared+1","Blade Dance"],"picked":"Expertise","floor":24},{"not_picked":["Quick Slash+1","All Out Attack","Escape Plan+1"],"picked":"SKIP","floor":25},{"not_picked":["Predator","Phantasmal Killer"],"picked":"Acrobatics+1","floor":31},{"not_picked":["Terror","Quick Slash+1","Accuracy+1"],"picked":"SKIP","floor":35},{"not_picked":["Cloak And Dagger+1","A Thousand Cuts","Backstab+1"],"picked":"SKIP","floor":40},{"not_picked":["Bane+1","Dagger Spray+1","Dash"],"picked":"SKIP","floor":42},{"not_picked":["Dagger Throw+1","Sucker Punch","Eviscerate+1"],"picked":"SKIP","floor":44},{"not_picked":["Quick Slash+1","Dagger Spray+1","Dagger Throw+1"],"picked":"SKIP","floor":46},{"not_picked":["Doppelganger","Sucker Punch","Prepared+1"],"picked":"SKIP","floor":48}],"player_experience":801506,"relics_obtained":[{"floor":9.0,"key":"Pear"},{"floor":13.0,"key":"Ginger"},{"floor":24,"key":"White Beast Statue"},{"floor":26,"key":"Bag of Preparation"},{"floor":31,"key":"CaptainsWheel"},{"floor":36,"key":"Calipers"},{"floor":40,"key":"Bottled Lightning"},{"floor":43,"key":"Tough Bandages"},{"floor":45,"key":"Shovel"}],"event_choices":[{"damage_healed":0.0,"max_hp_gain":0.0,"max_hp_loss":5.0,"gold_gain":0.0,"event_name":"Golden Idol","player_choice":"Lose Max HP","floor":3.0,"gold_loss":0.0,"damage_taken":0.0,"relics_obtained":["Golden Idol"]},{"damage_healed":0.0,"max_hp_gain":0.0,"max_hp_loss":0.0,"gold_gain":0.0,"event_name":"WeMeetAgain","player_choice":"Gave Potion","floor":4.0,"gold_loss":0.0,"damage_taken":0.0,"relics_obtained":["Regal Pillow"]},{"damage_healed":0.0,"max_hp_gain":0.0,"max_hp_loss":0.0,"gold_gain":0.0,"event_name":"Drug Dealer","player_choice":"Inject Mutagens","floor":19.0,"gold_loss":0.0,"damage_taken":0.0,"relics_obtained":["MutagenicStrength"]},{"damage_healed":0.0,"max_hp_gain":0.0,"max_hp_loss":0.0,"gold_gain":75.0,"event_name":"FaceTrader","player_choice":"Touch","floor":20.0,"gold_loss":0.0,"damage_taken":7.0},{"damage_healed":0,"gold_gain":0,"player_choice":"Gave Idol","damage_taken":0,"relics_obtained":["Bloody Idol"],"max_hp_gain":0,"max_hp_loss":0,"event_name":"Forgotten Altar","floor":22,"relics_lost":["Golden Idol"],"gold_loss":0},{"damage_healed":0,"gold_gain":0,"player_choice":"Opened","damage_taken":0,"relics_obtained":["Orichalcum"],"max_hp_gain":0,"max_hp_loss":0,"event_name":"The Mausoleum","floor":29,"gold_loss":0},{"damage_healed":0,"gold_gain":0,"player_choice":"Fight","damage_taken":0,"max_hp_gain":0,"max_hp_loss":0,"event_name":"MindBloom","floor":36,"gold_loss":0},{"damage_healed":0,"gold_gain":0,"player_choice":"Paid","damage_taken":0,"relics_obtained":["Red Mask"],"max_hp_gain":0,"max_hp_loss":0,"event_name":"Tomb of Lord Red Mask","floor":38,"gold_loss":95},{"damage_healed":0,"gold_gain":0,"player_choice":"Ignored","damage_taken":0,"max_hp_gain":0,"max_hp_loss":0,"event_name":"NoteForYourself","floor":39,"gold_loss":0},{"damage_healed":0,"gold_gain":0,"player_choice":"Fight","damage_taken":0,"max_hp_gain":0,"max_hp_loss":0,"event_name":"Mysterious Sphere","floor":45,"gold_loss":0}],"is_beta":false,"boss_relics":[{"not_picked":["Black Star","Busted Crown"],"picked":"Empty Cage"},{"not_picked":["Fusion Hammer","SacredBark"],"picked":"Philosopher\u0027s Stone"}],"items_purged_floors":[7,28,30,37],"is_endless":false,"potions_floor_spawned":[2,13,14,24,25,31,33,35,36,40,42,44,45,46,48],"ascension_level":0}}