{"host":"yatr9jaxxs487vmv","time":1609945443,"event":{"mods":["BaseMod","Googly Eyes","Hermit","Minty Spire (QoL Compilation)","StSLib","The Cursed"],"gold_per_floor":[112,185,205,225,236,236,267,267,318,334,334,353,50,63,63,159,159,173,200,200,65,82,82,149,149,149],"floor_reached":25,"playtime":1568,"items_purged":["hermit:Dissolve","hermit:FullyLoaded"],"score":225,"play_id":"226a41cc-7291-4376-b5ba-8bb7c3ae38e7","local_time":"20210106230403","is_ascension_mode":false,"campfire_choices":[{"data":"hermit:CalledShot","floor":6,"key":"SMITH"},{"floor":8,"key":"REST"},{"data":"hermit:Brawl","floor":15,"key":"SMITH"},{"floor":23,"key":"REST"}],"circlet_count":0,"master_deck":["hermit:Strike_Hermit","hermit:Strike_Hermit","hermit:Strike_Hermit","hermit:Strike_Hermit","hermit:Defend_Hermit","hermit:Defend_Hermit","hermit:Defend_Hermit","hermit:Defend_Hermit","hermit:Snapshot","hermit:Covet","hermit:Ricochet","hermit:CalledShot+1","hermit:Desperado","hermit:NoHoldsBarred","hermit:Brawl+1","hermit:Gestalt","hermit:Determination","hermit:GhostlyPresence","hermit:TrackingShot","hermit:Roulette","hermit:DeadOrAlive","hermit:Gestalt","hermit:ItchyTrigger+1","hermit:Combo","hermit:TrackingShot+1"],"relics":["hermit:Momento","NeowsBlessing","Shuriken","Omamori","Velvet Choker","Prayer Wheel","Blood Vial"],"acts_visited":["Exordium","TheCity"],"potions_floor_usage":[16,18],"damage_taken":[{"damage":0,"enemies":"2 Louse","floor":1,"turns":1},{"damage":0,"enemies":"Cultist","floor":3,"turns":1},{"damage":0,"enemies":"Jaw Worm","floor":4,"turns":1},{"damage":23,"enemies":"Exordium Wildlife","floor":5,"turns":4},{"damage":28,"enemies":"Gremlin Nob","floor":7,"turns":4},{"damage":27,"enemies":"Gremlin Gang","floor":10,"turns":3},{"damage":0,"enemies":"2 Fungi Beasts","floor":12,"turns":2},{"damage":10,"enemies":"Looter","floor":14,"turns":2},{"damage":37,"enemies":"Hexaghost","floor":16,"turns":7},{"damage":12,"enemies":"Spheric Guardian","floor":18,"turns":4},{"damage":17,"enemies":"2 Thieves","floor":19,"turns":4},{"damage":12,"enemies":"Cultist and Chosen","floor":22,"turns":6},{"damage":41,"enemies":"Slavers","floor":24,"turns":6},{"damage":20,"enemies":"Centurion and Healer","floor":25,"turns":2}],"seed_played":"-6235773467220240238","potions_obtained":[{"floor":1,"key":"Strength Potion"},{"floor":4,"key":"SpeedPotion"},{"floor":5,"key":"GamblersBrew"},{"floor":19,"key":"DistilledChaos"}],"is_trial":false,"path_per_floor":["M","?","M","M","M","R","E","R","T","M","?","M","$","M","R","B",null,"M","M","T","$","M","R","E","M"],"character_chosen":"HERMIT","items_purchased":["hermit:Gestalt","hermit:Determination","hermit:GhostlyPresence","hermit:TrackingShot","hermit:Combo"],"campfire_rested":2,"item_purchase_floors":[13,13,13,13,21],"current_hp_per_floor":[75,75,75,75,52,52,24,46,46,19,75,75,75,65,65,28,75,63,46,46,46,34,56,15,0,0],"gold":149,"neow_bonus":"THREE_ENEMY_KILL","is_daily":false,"chose_seed":false,"campfire_upgraded":2,"win_rate":0.0,"timestamp":1609945443,"path_taken":["M","?","M","M","M","R","E","R","T","M","?","M","$","M","R","BOSS","M","M","?","$","M","R","E","M"],"items_purchased_type":["Card","Card","Card","Card","Card"],"build_version":"2020-12-22","purchased_purges":2,"victory":false,"max_hp_per_floor":[75,75,75,75,75,75,75,75,75,75,75,75,75,75,75,75,75,75,75,75,75,75,75,75,75,75],"card_choices":[{"not_picked":["hermit:TakeCover","hermit:WideOpen"],"picked":"hermit:FullyLoaded","floor":1},{"not_picked":["hermit:Malice","hermit:LoneWolf"],"picked":"hermit:Ricochet","floor":3},{"not_picked":["hermit:Desperado","hermit:BodyArmor"],"picked":"hermit:CalledShot","floor":4},{"not_picked":["hermit:Feint","hermit:Dive"],"picked":"hermit:Desperado","floor":5},{"not_picked":["hermit:Spite","hermit:Midnight"],"picked":"hermit:NoHoldsBarred","floor":7},{"not_picked":["hermit:LowProfile","hermit:Misfire"],"picked":"hermit:Dissolve","floor":10},{"not_picked":["hermit:Dive","hermit:Midnight"],"picked":"hermit:Brawl","floor":12},{"not_picked":["hermit:ItchyTrigger","hermit:CursedWeapon"],"picked":"hermit:Roulette","floor":14},{"not_picked":["hermit:FromBeyond","hermit:Purgatory"],"picked":"hermit:DeadOrAlive","floor":16},{"not_picked":["hermit:Vantage+1","hermit:EyeOfTheStorm"],"picked":"hermit:Gestalt","floor":18},{"not_picked":["hermit:Shortfuse","hermit:LoneWolf"],"picked":"hermit:ItchyTrigger+1","floor":19},{"not_picked":["hermit:Spite+1","hermit:Roulette","hermit:Virtue"],"picked":"SKIP","floor":22},{"not_picked":["hermit:Ricochet","hermit:Cheat","hermit:Spite"],"picked":"SKIP","floor":22},{"not_picked":["hermit:Scavenge+1","hermit:Misfire"],"picked":"hermit:TrackingShot+1","floor":24}],"player_experience":70697,"relics_obtained":[{"floor":7,"key":"Shuriken"},{"floor":9,"key":"Omamori"},{"floor":20,"key":"Prayer Wheel"},{"floor":24,"key":"Blood Vial"}],"event_choices":[{"damage_healed":0,"gold_gain":73,"player_choice":"Gained Gold","damage_taken":0,"max_hp_gain":0,"max_hp_loss":0,"event_name":"Golden Wing","floor":2,"gold_loss":0},{"damage_healed":56,"gold_gain":0,"player_choice":"Full Heal","damage_taken":0,"max_hp_gain":0,"max_hp_loss":0,"event_name":"Wheel of Change","floor":11,"gold_loss":0}],"is_beta":false,"boss_relics":[{"not_picked":["Runic Pyramid","Runic Dome"],"picked":"Velvet Choker"}],"items_purged_floors":[13,21],"is_endless":false,"potions_floor_spawned":[1,4,5,10,12,19],"killed_by":"Centurion and Healer","ascension_level":0}}