{"host":"363c1o4m0ew2jbar","time":1609935693,"event":{"mods":["AchievementEnabler","BaseMod","Better Note","Downfall","Hubris","Minty Spire (QoL Compilation)","StSLib"],"gold_per_floor":[99,110,110,285,297,324,350,367,378,378,378,378],"floor_reached":10,"playtime":321,"items_purged":[],"score":71,"play_id":"d6e9d164-72f0-4b07-8241-ad059e0af8db","local_time":"20210106022133","is_ascension_mode":true,"campfire_choices":[{"floor":1,"key":"RECALL"}],"circlet_count":0,"master_deck":["Guardian:Strike_Guardian","Guardian:Strike_Guardian","Guardian:Strike_Guardian","Guardian:Strike_Guardian","Guardian:Defend_Guardian","Guardian:Defend_Guardian","Guardian:Defend_Guardian","Guardian:CurlUp","Guardian:TwinSlam","Guardian:TimeSifter","Doubt","Guardian:Harden","Guardian:Reroute","Guardian:PiercingHide","Guardian:ChargeUp"],"relics":["Guardian:ModeShifter","Orichalcum","Happy Flower"],"acts_visited":["Exordium"],"potions_floor_usage":[10],"damage_taken":[{"damage":2,"enemies":"Small Slimes","floor":2,"turns":4},{"damage":2,"enemies":"2 Louse","floor":5,"turns":2},{"damage":55,"enemies":"Lagavulin","floor":6,"turns":14},{"damage":9,"enemies":"Jaw Worm","floor":8,"turns":4},{"damage":6,"enemies":"3 Louse","floor":9,"turns":4},{"damage":7,"enemies":"Gremlin Nob","floor":10,"turns":2}],"seed_played":"-5782463213479530881","potions_obtained":[{"floor":5,"key":"GamblersBrew"},{"floor":8,"key":"Strength Potion"}],"is_trial":false,"path_per_floor":["R","M","?","?","M","E","T","M","M","E"],"character_chosen":"GUARDIAN","items_purchased":[],"campfire_rested":0,"item_purchase_floors":[],"current_hp_per_floor":[80,78,78,78,76,21,21,12,6,0,0,0],"gold":378,"neow_bonus":"ONE_RANDOM_RARE_CARD","is_daily":false,"chose_seed":false,"campfire_upgraded":0,"win_rate":0.0,"timestamp":1609935693,"path_taken":["R","M","?","?","M","E","T","M","M","E"],"items_purchased_type":[],"build_version":"2020-12-22","purchased_purges":0,"victory":false,"max_hp_per_floor":[80,80,80,80,80,80,80,80,80,80,80,80],"card_choices":[{"not_picked":["Guardian:Gem_Cyan","Guardian:RollAttack","Guardian:VentSteam"],"picked":"SKIP","floor":2},{"not_picked":["Guardian:Planning","Guardian:WalkerClaw"],"picked":"Guardian:Harden","floor":5},{"not_picked":["Guardian:Gem_Yellow","Guardian:Clone"],"picked":"Guardian:Reroute","floor":6},{"not_picked":["Guardian:TemporalStrike","Guardian:Gem_Red"],"picked":"Guardian:PiercingHide","floor":8},{"not_picked":["Guardian:Gem_Lightblue","Guardian:PrimingBeam"],"picked":"Guardian:ChargeUp","floor":9}],"player_experience":1163644,"relics_obtained":[{"floor":6,"key":"Orichalcum"},{"floor":7,"key":"Happy Flower"}],"event_choices":[{"cards_removed":["Guardian:Defend_Guardian"],"damage_healed":0,"gold_gain":0,"player_choice":"Card Removal","damage_taken":0,"max_hp_gain":0,"max_hp_loss":0,"event_name":"The Cleric","floor":3,"gold_loss":0}],"is_beta":false,"boss_relics":[],"items_purged_floors":[],"is_endless":false,"potions_floor_spawned":[5,8],"killed_by":"Gremlin Nob","ascension_level":1}}