{"host":"g01l53quoe6lrer0","time":1609966843,"event":{"mods":["2.2 Compatiblity","AchievementEnabler","BaseMod","Colored Map","Highlight Path","Keyboard Shortcuts","Minty Spire (QoL Compilation)","Permanent Neow","StSLib","SuperFastMode","everything is the same but u backflip on backflip"],"gold_per_floor":[113,113,124,134,309,309,309,327,380,397,397,140,140,156,156,257,257,276,276,125,135,154,184,201,201,226,23,23,43,53,73,73,174,174,187,241,91,0,0,0,0,0,74,89,89,107,142,159,159,159],"floor_reached":51,"playtime":2386,"items_purged":["Strike_G","Strike_G","Strike_G","Concentrate"],"score":911,"play_id":"753310d0-8a03-410e-839c-2c8e809d831b","local_time":"20210107060043","is_ascension_mode":true,"campfire_choices":[{"data":"Well Laid Plans","floor":13.0,"key":"SMITH"},{"data":"Prepared","floor":15.0,"key":"SMITH"},{"floor":25.0,"key":"REST"},{"floor":28.0,"key":"REST"},{"floor":32.0,"key":"REST"},{"floor":40.0,"key":"REST"},{"data":"Acrobatics","floor":42.0,"key":"SMITH"},{"data":"Reflex","floor":45.0,"key":"SMITH"},{"data":"Tactician","floor":49,"key":"SMITH"}],"circlet_count":0,"master_deck":["Defend_G","Defend_G","Defend_G","Defend_G","Defend_G","Survivor","Neutralize","Grand Finale","Leg Sweep","Quick Slash","Prepared+1","Poisoned Stab","Well Laid Plans+1","Adrenaline+1","Dagger Throw","Doppelganger+1","CurseOfTheBell","Concentrate","Acrobatics+1","Dagger Throw","Outmaneuver+1","Reflex+1","Tactician+1","Flechettes+1","Prepared+1","Setup","Underhanded Strike+1","Skewer+1","Backflip+1","Acrobatics+1"],"relics":["Ring of the Snake","Lantern","Pen Nib","Calling Bell","Bronze Scales","Matryoshka","Unceasing Top","War Paint","Bag of Marbles","Regal Pillow","Sozu","Ginger","Red Mask","Happy Flower","Sundial","Bottled Flame"],"acts_visited":["Exordium","TheCity","TheBeyond"],"potions_floor_usage":[50],"damage_taken":[{"damage":1.0,"enemies":"Cultist","floor":1.0,"turns":4.0},{"damage":1.0,"enemies":"Small Slimes","floor":3.0,"turns":5.0},{"damage":0.0,"enemies":"Jaw Worm","floor":4.0,"turns":5.0},{"damage":0.0,"enemies":"2 Fungi Beasts","floor":8.0,"turns":5.0},{"damage":2.0,"enemies":"Gremlin Gang","floor":10.0,"turns":5.0},{"damage":6.0,"enemies":"Lots of Slimes","floor":14.0,"turns":3.0},{"damage":18.0,"enemies":"The Guardian","floor":16.0,"turns":8.0},{"damage":5.0,"enemies":"3 Byrds","floor":18.0,"turns":3.0},{"damage":21.0,"enemies":"Spheric Guardian","floor":21.0,"turns":4.0},{"damage":8.0,"enemies":"Snake Plant","floor":22.0,"turns":3.0},{"damage":14.0,"enemies":"Book of Stabbing","floor":23.0,"turns":5.0},{"damage":6.0,"enemies":"Centurion and Healer","floor":24.0,"turns":2.0},{"damage":1.0,"enemies":"Cultist and Chosen","floor":29.0,"turns":3.0},{"damage":16.0,"enemies":"Sentry and Sphere","floor":30.0,"turns":4.0},{"damage":14.0,"enemies":"Snake Plant","floor":31.0,"turns":3.0},{"damage":17.0,"enemies":"Collector","floor":33.0,"turns":6.0},{"damage":0.0,"enemies":"3 Shapes","floor":35.0,"turns":3.0},{"damage":24.0,"enemies":"2 Orb Walkers","floor":36.0,"turns":3.0},{"damage":0.0,"enemies":"Orb Walker","floor":44.0,"turns":2.0},{"damage":4.0,"enemies":"4 Shapes","floor":46.0,"turns":3.0},{"damage":0,"enemies":"Nemesis","floor":47,"turns":3},{"damage":0,"enemies":"Sphere and 2 Shapes","floor":48,"turns":4},{"damage":17,"enemies":"Awakened One","floor":50,"turns":9}],"seed_played":"-8759176258864849406","potions_obtained":[{"floor":1.0,"key":"Strength Potion"},{"floor":4.0,"key":"BlessingOfTheForge"},{"floor":8.0,"key":"Ancient Potion"},{"floor":23.0,"key":"PowerPotion"},{"floor":24.0,"key":"Energy Potion"},{"floor":30.0,"key":"Poison Potion"},{"floor":31.0,"key":"Dexterity Potion"}],"is_trial":false,"path_per_floor":["M","?","M","M","?","?","?","M","T","M","?","$","R","M","R","B",null,"M","?","$","M","M","E","M","R","T","$","R","M","M","M","R","B",null,"M","?","$","?","$","R","$","R","T","M","R","M","E","M","R","B",null],"character_chosen":"THE_SILENT","items_purchased":["Well Laid Plans","Adrenaline","Acrobatics","Tactician"],"campfire_rested":4,"item_purchase_floors":[12,12,20,27],"current_hp_per_floor":[69,51,50,50,50,70,70,70,70,68,61,61,61,55,55,37,62,57,57,57,36,28,14,8,29,29,29,65,64,48,34,70,53,66,66,42,42,42,42,70,70,70,70,70,70,66,66,66,66,49],"gold":159,"neow_bonus":"ONE_RANDOM_RARE_CARD","is_daily":false,"chose_seed":false,"campfire_upgraded":5,"win_rate":0.0,"timestamp":1609966843,"path_taken":["M","?","M","M","?","?","?","?","T","?","?","$","R","M","R","BOSS","M","?","$","M","M","E","M","R","T","?","R","M","M","M","R","BOSS","M","?","$","?","$","R","?","R","T","M","R","?","E","M","R","BOSS"],"items_purchased_type":["Card","Card","Card","Card"],"build_version":"2020-12-22","purchased_purges":4,"victory":true,"max_hp_per_floor":[70,70,70,70,70,70,70,70,70,70,70,70,70,70,70,70,70,70,70,70,70,70,70,70,70,70,70,70,70,70,70,70,70,70,70,70,70,70,70,70,70,70,70,70,70,70,70,70,70,70],"card_choices":[{"not_picked":["Sucker Punch","Cloak And Dagger"],"picked":"Leg Sweep","floor":1.0},{"not_picked":["Bane","Bullet Time"],"picked":"Quick Slash","floor":3.0},{"not_picked":["Cloak And Dagger","Blade Dance"],"picked":"Prepared","floor":4.0},{"not_picked":["Slice","Cloak And Dagger","Prepared"],"picked":"SKIP","floor":8.0},{"not_picked":["Bouncing Flask","Slice"],"picked":"Poisoned Stab","floor":10.0},{"not_picked":["All Out Attack","Eviscerate"],"picked":"Dagger Throw","floor":14.0},{"not_picked":["Envenom","A Thousand Cuts"],"picked":"Doppelganger","floor":16.0},{"not_picked":["Masterful Stab+1","Endless Agony"],"picked":"Concentrate","floor":18.0},{"not_picked":["Deadly Poison","Riddle With Holes"],"picked":"Dagger Throw","floor":21.0},{"not_picked":["Cloak And Dagger","Prepared"],"picked":"Outmaneuver+1","floor":22.0},{"not_picked":["Endless Agony","Infinite Blades+1"],"picked":"Reflex","floor":23.0},{"not_picked":["Deadly Poison","Flying Knee","Leg Sweep"],"picked":"SKIP","floor":24.0},{"not_picked":["Leg Sweep+1","Cloak And Dagger"],"picked":"Concentrate","floor":29.0},{"not_picked":["Outmaneuver","PiercingWail"],"picked":"Flechettes+1","floor":30.0},{"not_picked":["Flying Knee","Escape Plan","Deflect"],"picked":"SKIP","floor":31.0},{"not_picked":["Slice+1","Flechettes"],"picked":"Prepared+1","floor":35.0},{"not_picked":["Outmaneuver+1","Finisher"],"picked":"Setup","floor":36.0},{"not_picked":["Quick Slash+1","Concentrate+1"],"picked":"Underhanded Strike+1","floor":44.0},{"not_picked":["Quick Slash","Flying Knee"],"picked":"Skewer+1","floor":46.0},{"not_picked":["Backflip+1","Die Die Die","Tactician+1"],"picked":"SKIP","floor":47},{"not_picked":["Die Die Die","Tactician+1"],"picked":"Backflip+1","floor":47},{"not_picked":["Outmaneuver","Dagger Spray+1"],"picked":"Acrobatics+1","floor":48}],"player_experience":44010,"relics_obtained":[{"floor":9.0,"key":"Pen Nib"},{"floor":17.0,"key":"Bronze Scales"},{"floor":17.0,"key":"Matryoshka"},{"floor":17.0,"key":"Unceasing Top"},{"floor":23.0,"key":"War Paint"},{"floor":26.0,"key":"Bag of Marbles"},{"floor":26.0,"key":"Regal Pillow"},{"floor":36.0,"key":"Ginger"},{"floor":43.0,"key":"Happy Flower"},{"floor":43.0,"key":"Sundial"},{"floor":47,"key":"Bottled Flame"}],"event_choices":[{"damage_healed":0.0,"max_hp_gain":0.0,"max_hp_loss":0.0,"gold_gain":0.0,"event_name":"Scrap Ooze","player_choice":"Success","floor":2.0,"gold_loss":0.0,"damage_taken":18.0,"relics_obtained":["Lantern"]},{"damage_healed":0.0,"max_hp_gain":0.0,"max_hp_loss":0.0,"gold_gain":175.0,"event_name":"Liars Game","player_choice":"AGREE","floor":5.0,"gold_loss":0.0,"damage_taken":0.0,"cards_obtained":["Doubt"]},{"damage_healed":23.0,"max_hp_gain":0.0,"max_hp_loss":0.0,"gold_gain":0.0,"event_name":"Big Fish","player_choice":"Banana","floor":6.0,"gold_loss":0.0,"damage_taken":0.0},{"cards_removed":["Doubt"],"damage_healed":0.0,"max_hp_gain":0.0,"max_hp_loss":0.0,"gold_gain":0.0,"event_name":"Fountain of Cleansing","player_choice":"Removed Curses","floor":7.0,"gold_loss":0.0,"damage_taken":0.0},{"cards_removed":["Strike_G"],"damage_healed":0.0,"max_hp_gain":0.0,"max_hp_loss":0.0,"gold_gain":0.0,"event_name":"Golden Wing","player_choice":"Card Removal","floor":11.0,"gold_loss":0.0,"damage_taken":7.0},{"cards_removed":["Strike_G"],"damage_healed":0.0,"max_hp_gain":0.0,"max_hp_loss":0.0,"gold_gain":0.0,"event_name":"Bonfire Elementals","player_choice":"Offered Basic","floor":19.0,"gold_loss":0.0,"damage_taken":0.0},{"damage_healed":0.0,"max_hp_gain":0.0,"max_hp_loss":0.0,"gold_gain":0.0,"event_name":"Mysterious Sphere","player_choice":"Fight","floor":36.0,"gold_loss":0.0,"damage_taken":0.0},{"damage_healed":0.0,"max_hp_gain":0.0,"max_hp_loss":0.0,"gold_gain":0.0,"event_name":"Tomb of Lord Red Mask","player_choice":"Paid","floor":38.0,"gold_loss":91.0,"damage_taken":0.0,"relics_obtained":["Red Mask"]}],"is_beta":false,"boss_relics":[{"not_picked":["WristBlade","Cursed Key"],"picked":"Calling Bell"},{"not_picked":["SlaversCollar","Busted Crown"],"picked":"Sozu"}],"items_purged_floors":[12,20,27,37],"is_endless":false,"potions_floor_spawned":[1,4,8,23,24,30,31,36,46,48],"ascension_level":5}}