{"host":"exyz3r55z4kt6m9o","time":1609937281,"event":{"mods":["2.2 Compatiblity","AchievementEnabler","Aspiration","BaseMod","Better Altar","Better Match","Better Note","Better Sensory Stone","Better Skull","Better Third Choice","BetterRewards","Colored Powertips","Energized Spire","Friendly Minions","GifTheSpireLib","Infinite Spire","Ironclad Rager","Jorbs\u0027s Wanderer Trilogy","Luminous","Marisa????????","Minty Spire (QoL Compilation)","Permanent Neow","Rare Cards Sparkle","Reimu??????","Relic Filter","Replay The Spire","Spicy Shops","StSLib","The Bladedancer","The Blue Laboratory","The Gatherer","The Hayseed","The Mystic","The Runesmith","Wandering Minibosses","yUi"],"gold_per_floor":[111,0,0,0,14,41,41,66,93,168,178,192,192,209,209,313,313,330,330,345,365,377,407,407,441,441,441,455,455,455,484,484,484,484],"floor_reached":33,"playtime":1767,"items_purged":["Runesmith:Strike_RS","Runesmith:Strike_RS"],"score":357,"play_id":"b615fcda-31f1-48ca-97f7-3a0f784c4526","local_time":"20210106074801","is_ascension_mode":true,"campfire_choices":[{"data":"Runesmith:ArcReactor","floor":7,"key":"SMITH"},{"data":"Runesmith:CraftFirestone","floor":13,"key":"SMITH"},{"floor":15,"key":"REST"},{"floor":24,"key":"REST"},{"data":"Runesmith:ReplicatingBarrier","floor":27,"key":"SMITH"},{"floor":32,"key":"REST"}],"circlet_count":0,"master_deck":["Runesmith:Strike_RS","Runesmith:Defend_RS","Runesmith:Defend_RS","Runesmith:Defend_RS","Runesmith:Defend_RS","Runesmith:CraftFirestone+1","Runesmith:Fortify","Runesmith:ArcReactor+1","Runesmith:Attraction","Runesmith:HammerThrow+1","Runesmith:CraftProtectio+1","Runesmith:Attraction","Runesmith:Augment","Runesmith:ReplicatingBarrier+1","Runesmith:RuneHurl","Runesmith:RuneHurl"],"relics":["Runesmith:BrokenRuby","StrikeDummy","Divine Protection","Bronze Scales","infinitespire:Cupcake","energizedSpire:DeadBattery","Incense Burner","Sundial","Kunai","Gremlin Food"],"acts_visited":["Exordium","TheCity"],"potions_floor_usage":[6,8,8,11,16,16,20,22,23,33,33],"damage_taken":[{"damage":0,"enemies":"Jaw Worm","floor":1,"turns":4},{"damage":6,"enemies":"Cultist","floor":5,"turns":3},{"damage":11,"enemies":"Gremlin Nob","floor":6,"turns":3},{"damage":10,"enemies":"Lagavulin","floor":8,"turns":5},{"damage":0,"enemies":"2 Louse","floor":11,"turns":2},{"damage":0,"enemies":"Large Slime","floor":12,"turns":5},{"damage":0,"enemies":"2 Fungi Beasts","floor":14,"turns":3},{"damage":21,"enemies":"Fading Forest","floor":16,"turns":11},{"damage":0,"enemies":"Chosen","floor":18,"turns":4},{"damage":0,"enemies":"Spheric Guardian","floor":20,"turns":4},{"damage":3,"enemies":"3 Cultists","floor":21,"turns":6},{"damage":5,"enemies":"Centurion and Healer","floor":22,"turns":5},{"damage":38,"enemies":"Gremlin Leader","floor":23,"turns":8},{"damage":19,"enemies":"Slavers","floor":25,"turns":8},{"damage":0,"enemies":"Shelled Parasite and Fungi","floor":28,"turns":5},{"damage":0,"enemies":"Gremlin Leader","floor":31,"turns":10},{"damage":60,"enemies":"Collector","floor":33,"turns":17}],"seed_played":"4170717967080176186","potions_obtained":[{"floor":3,"key":"blueLaboratory:LouseDecoction"},{"floor":3,"key":"blueLaboratory:BottleOfVodka"},{"floor":3,"key":"DistilledChaos"},{"floor":6,"key":"blueLaboratory:TrueEctoplasm"},{"floor":8,"key":"Energy Potion"},{"floor":12,"key":"blueLaboratory:BubblePotion"},{"floor":16,"key":"AttackPotion"},{"floor":21,"key":"Fire Potion"},{"floor":22,"key":"blueLaboratory:SavagePotion"},{"floor":25,"key":"blueLaboratory:HeartbeatPotion"},{"floor":31,"key":"Elixir"}],"is_trial":false,"path_per_floor":["M","$","?","$","M","E","R","E","T","?","M","M","R","M","R","B",null,"M","AVR","M","M","M","E","R","E","T","R","M","?","?","E","R","B"],"character_chosen":"RUNESMITH_CLASS","items_purchased":["Runesmith:HammerThrow+1"],"campfire_rested":3,"item_purchase_floors":[2],"current_hp_per_floor":[49,49,49,49,43,32,32,22,22,11,11,11,11,11,32,21,70,70,70,70,67,62,24,45,26,26,26,26,26,26,26,47,0,0],"gold":484,"neow_bonus":"THREE_RARE_CARDS","is_daily":false,"chose_seed":false,"campfire_upgraded":3,"win_rate":0.0,"timestamp":1609937281,"path_taken":["M","$","?","?","?","E","R","E","T","?","M","M","R","M","R","BOSS","M","AVR","M","M","M","E","R","E","T","R","M","?","?","E","R","BOSS"],"items_purchased_type":["Card"],"build_version":"2020-12-22","purchased_purges":2,"victory":false,"max_hp_per_floor":[70,70,70,70,70,70,70,70,70,70,70,70,70,70,70,70,70,70,70,70,70,70,70,70,70,70,70,70,70,70,70,70,70,70],"card_choices":[{"not_picked":["Runesmith:Supernova","Runesmith:GrandSlam"],"picked":"Runesmith:ArcReactor","floor":0},{"not_picked":["Runesmith:EarthShield","Runesmith:Retool"],"picked":"Runesmith:Attraction","floor":1},{"not_picked":["Runesmith:Overpower","Runesmith:BackupBattery"],"picked":"Runesmith:CraftProtectio","floor":5},{"not_picked":["Runesmith:Repurpose","Runesmith:ShiftingStrike"],"picked":"Runesmith:Attraction","floor":6},{"not_picked":["Runesmith:Overpower","Runesmith:GrandSlam","Runesmith:EnergizedChisel"],"picked":"SKIP","floor":8},{"not_picked":["Runesmith:BackupBattery","Runesmith:HeatedChisel"],"picked":"Runesmith:Augment","floor":11},{"not_picked":["Runesmith:EnergizedChisel","Runesmith:MakeshiftArmor","Runesmith:ElementalConversion"],"picked":"SKIP","floor":12},{"not_picked":["Runesmith:HeatedChisel","Runesmith:HeatExchange","Runesmith:EarthShield"],"picked":"SKIP","floor":14},{"not_picked":["Runesmith:CraftIndustria","Runesmith:GenerateForcefield"],"picked":"Runesmith:ReplicatingBarrier","floor":16},{"not_picked":["Runesmith:Retool","Runesmith:RunicBlueprint+1","Runesmith:UnstableHammer"],"picked":"SKIP","floor":18},{"not_picked":["Runesmith:HeatedChisel","Runesmith:Overpower","Runesmith:HammerAndChisel"],"picked":"SKIP","floor":20},{"not_picked":["Runesmith:BackupBattery","Runesmith:GoWithTheFlow+1"],"picked":"Runesmith:RuneHurl","floor":21},{"not_picked":["Runesmith:ChaoticBlast","Runesmith:DoubleUp","Runesmith:FrozenChisel+1"],"picked":"SKIP","floor":22},{"not_picked":["Runesmith:HeatExchange","Runesmith:GrandSlam","Runesmith:Malloc"],"picked":"SKIP","floor":23},{"not_picked":["Runesmith:DoubleUp","Runesmith:OneForEveryone","Runesmith:RunicBlueprint+1"],"picked":"SKIP","floor":25},{"not_picked":["Runesmith:ShiftingStrike+1","Runesmith:Accelerate","Runesmith:EarthShield"],"picked":"SKIP","floor":28},{"not_picked":["Runesmith:Electrocute+1","Runesmith:Terraform","Runesmith:Firestorm"],"picked":"SKIP","floor":31}],"player_experience":675734,"relics_obtained":[{"floor":6,"key":"StrikeDummy"},{"floor":8,"key":"Divine Protection"},{"floor":9,"key":"Bronze Scales"},{"floor":23,"key":"Incense Burner"},{"floor":25,"key":"Sundial"},{"floor":26,"key":"Kunai"},{"floor":31,"key":"Gremlin Food"}],"event_choices":[{"damage_healed":0,"gold_gain":0,"player_choice":"Got Potions","damage_taken":0,"max_hp_gain":0,"max_hp_loss":0,"event_name":"Lab","floor":3,"gold_loss":0},{"damage_healed":0,"gold_gain":75,"player_choice":"Gold","damage_taken":11,"max_hp_gain":0,"max_hp_loss":0,"event_name":"betterThird:BetterGoop","floor":10,"gold_loss":0},{"damage_healed":0,"gold_gain":0,"player_choice":"Copied","damage_taken":0,"max_hp_gain":0,"max_hp_loss":0,"event_name":"Duplicator","floor":29,"gold_loss":0,"cards_obtained":["Runesmith:RuneHurl"]},{"cards_removed":["Runesmith:Strike_RS"],"damage_healed":0,"gold_gain":0,"player_choice":"Purged","damage_taken":0,"max_hp_gain":0,"max_hp_loss":0,"event_name":"Purifier","floor":30,"gold_loss":0}],"is_beta":false,"boss_relics":[{"not_picked":["SlaversCollar","energizedSpire:StickyHand"],"picked":"infinitespire:Cupcake"}],"items_purged_floors":[2,19],"is_endless":false,"potions_floor_spawned":[5,6,8,12,16,21,22,25,31],"killed_by":"Collector","ascension_level":1}}