{"host":"f1miojwxaupu79sp","time":1609920161,"event":{"mods":["BaseMod","Better Vampires","Minty Spire (QoL Compilation)","Shop Mod"],"gold_per_floor":[118,118,18,18,18,18,48,48,48,9,19,37,37,64,64,140,190,209,209,209],"floor_reached":19,"playtime":917,"items_purged":["Strike_G"],"score":337,"play_id":"0cae6b30-7db8-469a-8cb2-7418030075ed","local_time":"20210106030241","is_ascension_mode":true,"campfire_choices":[{"data":"Survivor","floor":6,"key":"SMITH"},{"data":"Dagger Spray","floor":8,"key":"SMITH"},{"data":"Predator","floor":15,"key":"SMITH"}],"circlet_count":0,"master_deck":["AscendersBane","Strike_G","Strike_G","Strike_G","Strike_G","Defend_G","Defend_G","Defend_G","Defend_G","Defend_G","Survivor+1","Neutralize+1","Dagger Spray","Dagger Spray+1","Deflect","Caltrops","Slice+1","Predator+1","Venomology","Noxious Fumes","Cloak And Dagger"],"relics":["Ring of the Snake","NeowsBlessing","The Courier","Happy Flower","Tough Bandages","Oddly Smooth Stone","Tiny House"],"acts_visited":["Exordium","TheCity"],"potions_floor_usage":[14,16,16,18,18],"damage_taken":[{"damage":0,"enemies":"2 Louse","floor":1,"turns":1},{"damage":0,"enemies":"Lagavulin","floor":7,"turns":1},{"damage":0,"enemies":"Cultist","floor":11,"turns":1},{"damage":1,"enemies":"Small Slimes","floor":12,"turns":3},{"damage":17,"enemies":"Gremlin Nob","floor":14,"turns":4},{"damage":30,"enemies":"Slime Boss","floor":16,"turns":11},{"damage":11,"enemies":"Shell Parasite","floor":18,"turns":4},{"damage":0,"enemies":"3 Byrds","floor":19,"turns":2}],"seed_played":"8284193649975522055","potions_obtained":[{"floor":2,"key":"LiquidBronze"},{"floor":2,"key":"EssenceOfSteel"},{"floor":11,"key":"DistilledChaos"},{"floor":14,"key":"BlessingOfTheForge"},{"floor":17,"key":"CunningPotion"}],"is_trial":false,"path_per_floor":["M","?","$","?","?","R","E","R","T","$","M","M","$","E","R","B",null,"M","M"],"character_chosen":"THE_SILENT","items_purchased":["Dagger Spray","Deflect"],"campfire_rested":0,"item_purchase_floors":[3,10],"current_hp_per_floor":[59,59,59,59,59,59,59,59,59,59,59,58,58,41,41,11,57,46,46,46],"gold":209,"neow_bonus":"THREE_ENEMY_KILL","is_daily":false,"chose_seed":false,"campfire_upgraded":3,"win_rate":0.0,"timestamp":1609920161,"path_taken":["M","?","$","?","?","R","E","R","T","$","?","M","$","E","R","BOSS","M","M"],"items_purchased_type":["Card","Card"],"build_version":"2020-12-22","purchased_purges":1,"victory":false,"max_hp_per_floor":[66,66,66,66,66,66,66,66,66,66,66,66,66,66,66,66,71,71,71,71],"card_choices":[{"not_picked":["Dodge and Roll","Flying Knee"],"picked":"Dagger Spray","floor":1},{"not_picked":["Well Laid Plans","Riddle With Holes","Dagger Throw"],"picked":"SKIP","floor":7},{"not_picked":["Well Laid Plans","Dagger Throw"],"picked":"Caltrops","floor":11},{"not_picked":["Dodge and Roll","Poisoned Stab"],"picked":"Slice","floor":12},{"not_picked":["Poisoned Stab","Blade Dance"],"picked":"Predator","floor":14},{"not_picked":["Bullet Time","Grand Finale"],"picked":"Venomology","floor":16},{"not_picked":["Blur","Backflip"],"picked":"Noxious Fumes","floor":17},{"not_picked":["Flying Knee+1","Flechettes"],"picked":"Cloak And Dagger","floor":18}],"player_experience":1020033,"relics_obtained":[{"floor":7,"key":"Happy Flower"},{"floor":9,"key":"Tough Bandages"},{"floor":14,"key":"Oddly Smooth Stone"}],"event_choices":[{"damage_healed":0,"gold_gain":0,"player_choice":"Got Potions","damage_taken":0,"max_hp_gain":0,"max_hp_loss":0,"event_name":"Lab","floor":2,"gold_loss":0},{"damage_healed":0,"gold_gain":0,"player_choice":"Grow","damage_taken":0,"max_hp_gain":0,"max_hp_loss":0,"event_name":"Living Wall","floor":4,"gold_loss":0,"cards_upgraded":["Neutralize"]},{"damage_healed":0,"gold_gain":0,"player_choice":"Gave Potion","damage_taken":0,"relics_obtained":["The Courier"],"max_hp_gain":0,"max_hp_loss":0,"event_name":"WeMeetAgain","floor":5,"gold_loss":0}],"is_beta":false,"boss_relics":[{"not_picked":["Black Star","Fusion Hammer"],"picked":"Tiny House"}],"items_purged_floors":[3],"is_endless":false,"potions_floor_spawned":[11,14],"killed_by":"3 Byrds","ascension_level":14}}