{"host":"qmufev141yub3yf0","time":1609945373,"event":{"mods":["BaseMod","Minty Spire (QoL Compilation)","Quick Restart","StSLib","SuperFastMode"],"gold_per_floor":[118,128,128,128,144,172,187,197,221,221,239,239,239],"floor_reached":12,"playtime":322,"items_purged":[],"score":94,"play_id":"1badc32c-bc36-4ece-9c23-c4e037913666","local_time":"20210106230253","is_ascension_mode":true,"campfire_choices":[{"floor":10,"key":"REST"}],"circlet_count":0,"master_deck":["Strike_R","Strike_R","Strike_R","Strike_R","Defend_R","Defend_R","Defend_R","Defend_R","Bash","Cleave","Armaments","Power Through","Impervious"],"relics":["Burning Blood","NeowsBlessing","NlothsMask","Gambling Chip"],"acts_visited":["Exordium"],"potions_floor_usage":[12],"damage_taken":[{"damage":0,"enemies":"Small Slimes","floor":1,"turns":1},{"damage":0,"enemies":"Jaw Worm","floor":2,"turns":1},{"damage":0,"enemies":"Cultist","floor":5,"turns":1},{"damage":55,"enemies":"Lagavulin","floor":6,"turns":8},{"damage":11,"enemies":"Blue Slaver","floor":7,"turns":4},{"damage":7,"enemies":"Looter","floor":8,"turns":3},{"damage":2,"enemies":"2 Fungi Beasts","floor":11,"turns":5},{"damage":70,"enemies":"3 Sentries","floor":12,"turns":10}],"seed_played":"-1391399572396594546","potions_obtained":[{"floor":7,"key":"SneckoOil"},{"floor":8,"key":"Regen Potion"},{"floor":11,"key":"LiquidBronze"}],"is_trial":false,"path_per_floor":["M","M","?","?","M","E","M","M","T","R","M","E"],"character_chosen":"IRONCLAD","items_purchased":[],"campfire_rested":1,"item_purchase_floors":[],"current_hp_per_floor":[80,80,73,73,79,30,25,24,24,48,52,0,0],"gold":239,"neow_bonus":"THREE_ENEMY_KILL","is_daily":false,"chose_seed":false,"campfire_upgraded":0,"win_rate":0.0,"timestamp":1609945373,"path_taken":["M","M","?","?","M","E","M","?","T","R","M","E"],"items_purchased_type":[],"build_version":"2020-12-22","purchased_purges":0,"victory":false,"max_hp_per_floor":[80,80,80,80,80,80,80,80,80,80,80,80,80],"card_choices":[{"not_picked":["Havoc","Clothesline","Perfected Strike"],"picked":"SKIP","floor":1},{"not_picked":["Ghostly Armor","Clash"],"picked":"Cleave","floor":2},{"not_picked":["Flex","Flame Barrier","Sword Boomerang"],"picked":"SKIP","floor":5},{"not_picked":["Twin Strike","Warcry","Flex"],"picked":"SKIP","floor":6},{"not_picked":["Cleave","Hemokinesis"],"picked":"Armaments","floor":7},{"not_picked":["Clash","Infernal Blade"],"picked":"Power Through","floor":8},{"not_picked":["Intimidate","Reckless Charge"],"picked":"Impervious","floor":11}],"player_experience":235812,"relics_obtained":[{"floor":6,"key":"Gambling Chip"}],"event_choices":[{"cards_removed":["Strike_R"],"damage_healed":0,"gold_gain":0,"player_choice":"Card Removal","damage_taken":7,"max_hp_gain":0,"max_hp_loss":0,"event_name":"Golden Wing","floor":3,"gold_loss":0},{"damage_healed":0,"gold_gain":0,"player_choice":"Trade","damage_taken":0,"relics_obtained":["NlothsMask"],"max_hp_gain":0,"max_hp_loss":0,"event_name":"FaceTrader","floor":4,"gold_loss":0}],"is_beta":false,"boss_relics":[],"items_purged_floors":[],"is_endless":false,"potions_floor_spawned":[7,8,11],"killed_by":"3 Sentries","ascension_level":3}}