{"host":"kg61lsvem4dxoat8","time":1609905437,"event":{"mods":["BaseMod","Colored Powertips","Minty Spire (QoL Compilation)","Quick Restart","Rare Cards Sparkle","Relic Stats","slay the spire mod where everything is the same but ironclad has a cowboy hat"],"gold_per_floor":[109,109,109,125,75,110,110,110,110,110,110,140,157,175,175,251,251,270,42,61,76,76,76,105,119,166,166,166,166,184,203,203,274,274,286,286,286,286,33,44,59,71,95,95,115,115,65,65,65,65,65],"floor_reached":50,"playtime":1564,"items_purged":["Strike_G","Strike_G"],"score":817,"play_id":"70c09703-eb06-43bc-884f-dab18b2cca65","local_time":"20210106115717","is_ascension_mode":true,"campfire_choices":[{"data":"Venomology","floor":7,"key":"SMITH"},{"data":"Dagger Spray","floor":11,"key":"SMITH"},{"data":"Poisoned Stab","floor":15,"key":"SMITH"},{"data":"After Image","floor":23,"key":"SMITH"},{"floor":27,"key":"REST"},{"data":"Adrenaline","floor":29,"key":"SMITH"},{"floor":32,"key":"REST"},{"data":"Bouncing Flask","floor":44,"key":"SMITH"},{"data":"Venomology","floor":46,"key":"SMITH"},{"data":"Survivor","floor":49,"key":"SMITH"}],"circlet_count":0,"master_deck":["AscendersBane","Strike_G+1","Defend_G+1","Defend_G","Defend_G","Defend_G","Defend_G","Survivor+1","Neutralize","Dagger Spray+1","Venomology+1","Adrenaline+1","Poisoned Stab+1","After Image+1","Blur","Bouncing Flask+1","Venomology+1","CurseOfTheBell","Crippling Poison","Parasite","Mayhem"],"relics":["Ring of the Snake","NeowsBlessing","MealTicket","Strawberry","Lizard Tail","Peace Pipe","SacredBark","Bronze Scales","Akabeko","Snake Skull","GremlinMask","Calling Bell","Juzu Bracelet","Molten Egg 2","FossilizedHelix","TungstenRod","Smiling Mask"],"acts_visited":["Exordium","TheCity","TheBeyond"],"potions_floor_usage":[12,12,16,16,16,18,18,20,21,24,24,25,30,30,31,33,33,35,35,40,40,41,41,42,42,45,45,50],"damage_taken":[{"damage":0,"enemies":"Jaw Worm","floor":1,"turns":1},{"damage":0,"enemies":"2 Louse","floor":4,"turns":1},{"damage":0,"enemies":"3 Sentries","floor":6,"turns":2},{"damage":26,"enemies":"Lagavulin","floor":12,"turns":9},{"damage":0,"enemies":"Small Slimes","floor":13,"turns":4},{"damage":0,"enemies":"3 Louse","floor":14,"turns":2},{"damage":17,"enemies":"The Guardian","floor":16,"turns":15},{"damage":0,"enemies":"Spheric Guardian","floor":18,"turns":1},{"damage":4,"enemies":"3 Byrds","floor":20,"turns":4},{"damage":0,"enemies":"3 Cultists","floor":21,"turns":4},{"damage":35,"enemies":"Slavers","floor":24,"turns":6},{"damage":11,"enemies":"Centurion and Healer","floor":25,"turns":7},{"damage":0,"enemies":"Snake Plant","floor":30,"turns":4},{"damage":18,"enemies":"Shelled Parasite and Fungi","floor":31,"turns":4},{"damage":78,"enemies":"Automaton","floor":33,"turns":13},{"damage":18,"enemies":"Orb Walker","floor":35,"turns":5},{"damage":0,"enemies":"3 Shapes","floor":40,"turns":5},{"damage":3,"enemies":"Maw","floor":41,"turns":7},{"damage":0,"enemies":"Writhing Mass","floor":42,"turns":6},{"damage":17,"enemies":"Transient","floor":45,"turns":5},{"damage":115,"enemies":"Donu and Deca","floor":50,"turns":8}],"seed_played":"8842387519275903070","potions_obtained":[{"floor":4,"key":"Weak Potion"},{"floor":14,"key":"Block Potion"},{"floor":16,"key":"CunningPotion"},{"floor":18,"key":"AttackPotion"},{"floor":24,"key":"SneckoOil"},{"floor":25,"key":"Weak Potion"},{"floor":31,"key":"Strength Potion"},{"floor":40,"key":"PowerPotion"},{"floor":42,"key":"AttackPotion"},{"floor":45,"key":"BlessingOfTheForge"}],"is_trial":false,"path_per_floor":["M","?","?","M","?","E","R","?","T","?","R","E","M","M","R","B",null,"M","$","M","M","?","R","E","M","T","R","?","R","M","M","R","B",null,"M","?","?","T","$","M","M","M","T","R","M","R","$","?","R","B"],"character_chosen":"THE_SILENT","items_purchased":["Bronze Scales","Blur","Crippling Poison","FairyPotion"],"campfire_rested":2,"item_purchase_floors":[19,19,39,39],"current_hp_per_floor":[63,63,49,49,49,49,49,44,44,44,44,18,18,18,18,1,58,58,73,69,69,55,55,20,9,9,33,33,33,33,15,39,3,62,44,44,44,44,59,59,56,56,56,56,39,39,54,54,54,0,0],"gold":65,"neow_bonus":"THREE_ENEMY_KILL","is_daily":false,"chose_seed":false,"campfire_upgraded":8,"win_rate":0.0,"timestamp":1609905437,"path_taken":["M","?","?","M","?","E","R","?","T","?","R","E","?","M","R","BOSS","M","$","M","M","?","R","E","M","T","R","?","R","?","?","R","BOSS","M","?","?","?","$","M","M","M","T","R","M","R","$","?","R","BOSS"],"items_purchased_type":["Relic","Card","Card","Potion"],"build_version":"2020-12-22","purchased_purges":2,"victory":false,"max_hp_per_floor":[70,70,70,70,70,70,70,77,77,77,77,77,77,77,77,77,77,77,77,77,77,82,82,82,82,82,82,82,82,82,82,82,82,82,82,78,78,78,78,78,78,78,78,78,78,78,78,78,78,78,78],"relic_stats":{"Peace Pipe":0,"Lizard Tail":41,"counters":[21,113],"Bronze Scales":[225],"MealTicket":45,"Snake Skull":[90],"Juzu Bracelet":1,"Smiling Mask":50,"obtain_stats":[{"NeowsBlessing":0,"SacredBark":17,"GremlinMask":28,"Snake Skull":26,"Juzu Bracelet":34,"Smiling Mask":43,"Akabeko":24,"Peace Pipe":12,"Calling Bell":34,"Lizard Tail":9,"Strawberry":8,"Bronze Scales":19,"MealTicket":6,"Molten Egg 2":34,"FossilizedHelix":34,"TungstenRod":38,"Ring of the Snake":0},{"NeowsBlessing":0,"SacredBark":7,"GremlinMask":12,"Snake Skull":12,"Juzu Bracelet":15,"Smiling Mask":19,"Akabeko":11,"Peace Pipe":4,"Calling Bell":15,"Lizard Tail":3,"Strawberry":3,"Bronze Scales":8,"MealTicket":3,"Molten Egg 2":15,"FossilizedHelix":15,"TungstenRod":16,"Ring of the Snake":0},{"NeowsBlessing":0,"SacredBark":34,"GremlinMask":56,"Snake Skull":56,"Juzu Bracelet":77,"Smiling Mask":100,"Akabeko":49,"Peace Pipe":13,"Calling Bell":77,"Lizard Tail":4,"Strawberry":4,"Bronze Scales":35,"MealTicket":4,"Molten Egg 2":77,"FossilizedHelix":77,"TungstenRod":82,"Ring of the Snake":0}],"TungstenRod":15,"Ring of the Snake":[42]},"card_choices":[{"not_picked":["Slice","Riddle With Holes"],"picked":"Dagger Spray","floor":1},{"not_picked":["Slice","Dagger Spray","Deflect"],"picked":"SKIP","floor":4},{"not_picked":["Flying Knee","Terror"],"picked":"Venomology","floor":6},{"not_picked":["Eviscerate","Cloak And Dagger"],"picked":"Adrenaline","floor":12},{"not_picked":["Dagger Throw","Dagger Spray","Acrobatics"],"picked":"SKIP","floor":13},{"not_picked":["Dagger Throw","PiercingWail"],"picked":"Poisoned Stab","floor":14},{"not_picked":["Glass Knife","Doppelganger"],"picked":"After Image","floor":16},{"not_picked":["Underhanded Strike","Bane","Deflect"],"picked":"SKIP","floor":18},{"not_picked":["Dodge and Roll","Deflect","Deadly Poison"],"picked":"SKIP","floor":20},{"not_picked":["PiercingWail","Dodge and Roll","Terror"],"picked":"SKIP","floor":21},{"not_picked":["Phantasmal Killer","Sucker Punch","Outmaneuver"],"picked":"SKIP","floor":24},{"not_picked":["Flying Knee","Bane","Tactician"],"picked":"SKIP","floor":25},{"not_picked":["Deadly Poison","Prepared"],"picked":"Bouncing Flask","floor":30},{"not_picked":["Reflex","PiercingWail","Dodge and Roll"],"picked":"SKIP","floor":31},{"not_picked":["Burst","A Thousand Cuts"],"picked":"Venomology","floor":33},{"not_picked":["Caltrops","Underhanded Strike+1","Outmaneuver"],"picked":"SKIP","floor":35},{"not_picked":["Cloak And Dagger","Dodge and Roll+1","Riddle With Holes+1"],"picked":"SKIP","floor":40},{"not_picked":["Dagger Spray+1","Backstab+1","Cloak And Dagger"],"picked":"SKIP","floor":41},{"not_picked":["Underhanded Strike+1","Cloak And Dagger","Deflect"],"picked":"SKIP","floor":42},{"not_picked":["Bane+1","Prepared","Blur"],"picked":"SKIP","floor":45},{"not_picked":["Enlightenment","Bandage Up"],"picked":"Mayhem","floor":48}],"player_experience":1308580,"relics_obtained":[{"floor":6,"key":"MealTicket"},{"floor":9,"key":"Lizard Tail"},{"floor":12,"key":"Peace Pipe"},{"floor":24,"key":"Akabeko"},{"floor":26,"key":"Snake Skull"},{"floor":34,"key":"Juzu Bracelet"},{"floor":34,"key":"Molten Egg 2"},{"floor":34,"key":"FossilizedHelix"},{"floor":38,"key":"TungstenRod"},{"floor":43,"key":"Smiling Mask"}],"event_choices":[{"damage_healed":0,"gold_gain":0,"player_choice":"Ignored","damage_taken":0,"max_hp_gain":0,"max_hp_loss":0,"event_name":"Liars Game","floor":2,"gold_loss":0},{"damage_healed":0,"gold_gain":0,"player_choice":"Entered Light","damage_taken":14,"max_hp_gain":0,"max_hp_loss":0,"event_name":"Shining Light","floor":3,"gold_loss":0,"cards_upgraded":["Defend_G","Strike_G"]},{"cards_removed":["Strike_G"],"damage_healed":0,"gold_gain":0,"player_choice":"Card Removal","damage_taken":0,"max_hp_gain":0,"max_hp_loss":0,"event_name":"The Cleric","floor":5,"gold_loss":50},{"damage_healed":0,"gold_gain":0,"player_choice":"Success","damage_taken":12,"relics_obtained":["Strawberry"],"max_hp_gain":0,"max_hp_loss":0,"event_name":"Scrap Ooze","floor":8,"gold_loss":0},{"cards_removed":["Strike_G"],"damage_healed":0,"gold_gain":0,"player_choice":"Offered Basic","damage_taken":0,"max_hp_gain":0,"max_hp_loss":0,"event_name":"Bonfire Elementals","floor":10,"gold_loss":0},{"damage_healed":0,"gold_gain":0,"player_choice":"Shed Blood","damage_taken":19,"max_hp_gain":5,"max_hp_loss":0,"event_name":"Forgotten Altar","floor":22,"gold_loss":0},{"damage_healed":0,"gold_gain":0,"player_choice":"Trade","damage_taken":0,"relics_obtained":["GremlinMask"],"max_hp_gain":0,"max_hp_loss":0,"event_name":"FaceTrader","floor":28,"gold_loss":0},{"damage_healed":0,"gold_gain":0,"player_choice":"Max HP","damage_taken":0,"max_hp_gain":0,"max_hp_loss":4,"event_name":"Winding Halls","floor":36,"gold_loss":0},{"damage_healed":0,"gold_gain":0,"player_choice":"Ignored","damage_taken":0,"max_hp_gain":0,"max_hp_loss":0,"event_name":"Mysterious Sphere","floor":37,"gold_loss":0},{"damage_healed":0,"gold_gain":0,"player_choice":"Memory 1","damage_taken":0,"max_hp_gain":0,"max_hp_loss":0,"event_name":"SensoryStone","floor":48,"gold_loss":0}],"is_beta":false,"boss_relics":[{"not_picked":["Tiny House","Empty Cage"],"picked":"SacredBark"},{"not_picked":["Black Star","Ring of the Serpent"],"picked":"Calling Bell"}],"items_purged_floors":[39,47],"is_endless":false,"potions_floor_spawned":[4,14,16,18,24,25,31,40,42,45],"killed_by":"Donu and Deca","ascension_level":13}}