{"host":"i0avyit1s6jb1siw","time":1609939777,"event":{"mods":["BaseMod","DeckTracker","Dota2Spire","Highlight Path","Minty Spire (QoL Compilation)","Quick Restart","StSLib","SuperFastMode"],"gold_per_floor":[114,114,114,84,95,121,121,153,177,177,203,215,228,246,246,322,322,336,351,369,369,33,67,67,94,143,143,68,87,87,107,107,182,182,192,211,223,223,242,276,324,358,358,390,410,410,436,453,453,453,453,453,453,320,320,320],"floor_reached":55,"playtime":1487,"items_purged":["Strike_P","Strike_P"],"score":2344,"play_id":"27fbfb29-ba3c-46f2-bdc6-fe69975b150d","local_time":"20210106142937","is_ascension_mode":true,"campfire_choices":[{"data":"Eruption","floor":7.0,"key":"SMITH"},{"data":"Vault","floor":10.0,"key":"SMITH"},{"data":"Tantrum","floor":15.0,"key":"SMITH"},{"floor":24.0,"key":"REST"},{"data":"Adaptation","floor":27.0,"key":"SMITH"},{"data":"Adaptation","floor":30.0,"key":"SMITH"},{"floor":32.0,"key":"REST"},{"floor":49.0,"key":"RECALL"},{"data":"MentalFortress","floor":53.0,"key":"SMITH"}],"circlet_count":0,"master_deck":["AscendersBane","Strike_P+1","Defend_P+1","Defend_P","Defend_P+1","Eruption+1","Vigilance+1","CarveReality+1","FlurryOfBlows+1","Vault+1","Worship+1","DeceiveReality+1","Tantrum+1","Establishment+1","Protect+1","CrushJoints+1","Adaptation+1","Meditate+1","Ragnarok+1","Perseverance+1","Adaptation+1","LessonLearned+1","Panacea+1","Dark Shackles+1","Study+1","MentalFortress+1","TalkToTheHand"],"relics":["PureWater","NeowsBlessing","Damaru","Turnip","Dota2Spire:DrumOfEndurance","Toxic Egg 2","Dota2Spire:Bloodstone","Membership Card","Whetstone","Strawberry","Smiling Mask","VioletLotus","HornCleat","Bird Faced Urn","Shuriken","Dota2Spire:CrimsonGuard","Frozen Egg 2","War Paint"],"acts_visited":["Exordium","TheCity","TheBeyond","TheEnding"],"potions_floor_usage":[],"damage_taken":[{"damage":0.0,"enemies":"Jaw Worm","floor":1.0,"turns":1.0},{"damage":0.0,"enemies":"2 Louse","floor":5.0,"turns":1.0},{"damage":0.0,"enemies":"Gremlin Nob","floor":6.0,"turns":1.0},{"damage":27.0,"enemies":"3 Sentries","floor":8.0,"turns":7.0},{"damage":0.0,"enemies":"Lagavulin","floor":11.0,"turns":3.0},{"damage":0.0,"enemies":"Small Slimes","floor":12.0,"turns":2.0},{"damage":3.0,"enemies":"Exordium Thugs","floor":13.0,"turns":4.0},{"damage":0.0,"enemies":"Large Slime","floor":14.0,"turns":2.0},{"damage":0.0,"enemies":"Slime Boss","floor":16.0,"turns":5.0},{"damage":15.0,"enemies":"2 Thieves","floor":18.0,"turns":5.0},{"damage":0.0,"enemies":"Chosen","floor":19.0,"turns":3.0},{"damage":27.0,"enemies":"Snake Plant","floor":20.0,"turns":5.0},{"damage":5.0,"enemies":"Gremlin Leader","floor":23.0,"turns":5.0},{"damage":14.0,"enemies":"Book of Stabbing","floor":25.0,"turns":3.0},{"damage":8.0,"enemies":"Cultist and Chosen","floor":29.0,"turns":4.0},{"damage":14.0,"enemies":"Shelled Parasite and Fungi","floor":31.0,"turns":4.0},{"damage":9.0,"enemies":"Collector","floor":33.0,"turns":6.0},{"damage":14.0,"enemies":"3 Darklings","floor":35.0,"turns":4.0},{"damage":0.0,"enemies":"Orb Walker","floor":36.0,"turns":4.0},{"damage":0.0,"enemies":"Transient","floor":37.0,"turns":7.0},{"damage":22.0,"enemies":"3 Darklings","floor":39.0,"turns":4.0},{"damage":0.0,"enemies":"Giant Head","floor":40.0,"turns":6.0},{"damage":20.0,"enemies":"2 Orb Walkers","floor":41.0,"turns":4.0},{"damage":0.0,"enemies":"Nemesis","floor":42.0,"turns":4.0},{"damage":0.0,"enemies":"Giant Head","floor":44.0,"turns":5.0},{"damage":0.0,"enemies":"Writhing Mass","floor":45.0,"turns":5.0},{"damage":14.0,"enemies":"Nemesis","floor":47.0,"turns":6.0},{"damage":16.0,"enemies":"Transient","floor":48.0,"turns":6.0},{"damage":7.0,"enemies":"Time Eater","floor":50.0,"turns":7.0},{"damage":31.0,"enemies":"Donu and Deca","floor":51.0,"turns":8.0},{"damage":117,"enemies":"Shield and Spear","floor":55,"turns":6}],"seed_played":"-623710418332802240","potions_obtained":[{"floor":4.0,"key":"BottledMiracle"},{"floor":4.0,"key":"LiquidBronze"},{"floor":5.0,"key":"FearPotion"},{"floor":11.0,"key":"Strength Potion"},{"floor":14.0,"key":"FairyPotion"},{"floor":25.0,"key":"LiquidBronze"},{"floor":33.0,"key":"PowerPotion"},{"floor":44.0,"key":"DuplicationPotion"}],"is_trial":false,"path_per_floor":["M","?","?","?","M","E","R","E","T","R","E","M","M","M","R","B",null,"M","M","M","?","$","E","R","E","T","R","?","M","R","M","R","B",null,"M","M","M","?","M","E","?","E","T","E","M","?","E","M","R","B","B",null,"R","$","E"],"character_chosen":"WATCHER","items_purchased":["Membership Card","Adaptation","Meditate+1","Ragnarok","War Paint"],"campfire_rested":2,"item_purchase_floors":[22,22,22,22,54],"current_hp_per_floor":[61,54,59,59,59,59,59,32,32,32,32,32,29,29,29,29,62,47,47,20,20,20,15,36,29,29,29,29,21,21,7,31,22,66,52,52,52,42,20,20,39,47,47,55,63,63,59,53,53,56,35,66,66,66,0,0],"gold":320,"neow_bonus":"THREE_ENEMY_KILL","is_daily":false,"chose_seed":false,"campfire_upgraded":6,"win_rate":0.0,"timestamp":1609939777,"path_taken":["M","?","?","?","M","E","R","E","T","R","E","M","M","M","R","BOSS","M","M","M","?","$","E","R","E","T","R","?","M","R","M","R","BOSS","M","M","M","?","M","E","?","E","T","E","M","?","E","M","R","BOSS","BOSS","R","$","E"],"items_purchased_type":["Relic","Card","Card","Card","Relic"],"build_version":"2020-12-22","purchased_purges":2,"victory":false,"max_hp_per_floor":[68,68,73,73,73,73,73,73,73,73,73,73,73,73,73,73,73,73,73,73,73,73,73,73,80,80,80,80,80,80,80,80,80,80,80,80,80,80,80,80,80,80,80,80,80,76,76,76,76,76,76,76,76,76,76,76],"card_choices":[{"not_picked":["Crescendo","SashWhip"],"picked":"CarveReality","floor":1.0},{"not_picked":["Wireheading","EmptyBody"],"picked":"FlurryOfBlows","floor":5.0},{"not_picked":["Wireheading","FlyingSleeves","SashWhip"],"picked":"SKIP","floor":6.0},{"not_picked":["Fasting2","EmptyFist"],"picked":"Vault","floor":8.0},{"not_picked":["BowlingBash","Swivel+1"],"picked":"Worship+1","floor":11.0},{"not_picked":["ThirdEye+1","Consecrate","BowlingBash"],"picked":"SKIP","floor":12.0},{"not_picked":["BattleHymn","ClearTheMind+1"],"picked":"DeceiveReality+1","floor":13.0},{"not_picked":["Halt+1","ClearTheMind+1"],"picked":"Tantrum","floor":14.0},{"not_picked":["Alpha+1","ConjureBlade+1"],"picked":"Establishment","floor":16.0},{"not_picked":["PathToVictory+1","CutThroughFate"],"picked":"Protect+1","floor":18.0},{"not_picked":["FlyingSleeves","ThirdEye+1"],"picked":"CrushJoints","floor":19.0},{"not_picked":["LikeWater+1","EmptyFist","Crescendo+1"],"picked":"SKIP","floor":20.0},{"not_picked":["Ragnarok","FlyingSleeves"],"picked":"Perseverance+1","floor":23.0},{"not_picked":["Study","Tantrum+1"],"picked":"Adaptation","floor":25.0},{"not_picked":["CutThroughFate+1","Evaluate+1","Consecrate"],"picked":"SKIP","floor":29.0},{"not_picked":["Evaluate+1","DeceiveReality+1","Crescendo+1"],"picked":"SKIP","floor":31.0},{"not_picked":["ConjureBlade+1","Alpha+1"],"picked":"LessonLearned","floor":33.0},{"not_picked":["Indignation+1","DeceiveReality+1","FollowUp"],"picked":"SKIP","floor":35.0},{"not_picked":["Halt+1","Consecrate","BowlingBash"],"picked":"SKIP","floor":36.0},{"not_picked":["ClearTheMind+1","BowlingBash","Crescendo+1"],"picked":"SKIP","floor":37.0},{"not_picked":["ClearTheMind+1","BowlingBash","Crescendo+1"],"picked":"SKIP","floor":37.0},{"not_picked":["Secret Weapon+1","Thinking Ahead+1"],"picked":"Panacea+1","floor":38.0},{"not_picked":["HandOfGreed","Forethought+1"],"picked":"Dark Shackles+1","floor":38.0},{"not_picked":["FlurryOfBlows","CrushJoints"],"picked":"Study+1","floor":39.0},{"not_picked":["CrushJoints+1","JustLucky+1","Ragnarok"],"picked":"SKIP","floor":40.0},{"not_picked":["EmptyFist","Blasphemy+1","JustLucky"],"picked":"SKIP","floor":42.0},{"not_picked":["BattleHymn","DeceiveReality+1","CutThroughFate+1"],"picked":"SKIP","floor":44.0},{"not_picked":["Tantrum","CutThroughFate"],"picked":"MentalFortress","floor":45.0},{"not_picked":["SashWhip","CrushJoints+1","BowlingBash+1"],"picked":"SKIP","floor":47.0},{"not_picked":["Study+1","Evaluate+1"],"picked":"TalkToTheHand","floor":48.0}],"player_experience":2175670,"relics_obtained":[{"floor":6.0,"key":"Damaru"},{"floor":8.0,"key":"Turnip"},{"floor":9.0,"key":"Dota2Spire:DrumOfEndurance"},{"floor":11.0,"key":"Toxic Egg 2"},{"floor":23.0,"key":"Whetstone"},{"floor":25.0,"key":"Strawberry"},{"floor":26.0,"key":"Smiling Mask"},{"floor":40.0,"key":"HornCleat"},{"floor":41.0,"key":"Bird Faced Urn"},{"floor":42.0,"key":"Shuriken"},{"floor":44.0,"key":"Dota2Spire:CrimsonGuard"},{"floor":47.0,"key":"Frozen Egg 2"}],"event_choices":[{"cards_removed":["Defend_P"],"damage_healed":0.0,"max_hp_gain":0.0,"max_hp_loss":0.0,"gold_gain":0.0,"event_name":"Golden Wing","player_choice":"Card Removal","floor":2.0,"gold_loss":0.0,"damage_taken":7.0},{"damage_healed":0.0,"max_hp_gain":5.0,"max_hp_loss":0.0,"gold_gain":0.0,"event_name":"Big Fish","player_choice":"Donut","floor":3.0,"gold_loss":0.0,"damage_taken":0.0},{"damage_healed":0.0,"max_hp_gain":0.0,"max_hp_loss":0.0,"gold_gain":0.0,"event_name":"The Woman in Blue","player_choice":"Bought 2 Potions","floor":4.0,"gold_loss":0.0,"damage_taken":0.0},{"damage_healed":0.0,"max_hp_gain":0.0,"max_hp_loss":0.0,"gold_gain":0.0,"event_name":"Vampires","player_choice":"Ignored","floor":21.0,"gold_loss":0.0,"damage_taken":0.0},{"cards_removed":["Strike_P"],"damage_healed":0.0,"max_hp_gain":0.0,"max_hp_loss":0.0,"gold_gain":0.0,"event_name":"Beggar","player_choice":"Gave Gold","floor":28.0,"gold_loss":75.0,"damage_taken":0.0},{"damage_healed":0.0,"max_hp_gain":0.0,"max_hp_loss":0.0,"gold_gain":0.0,"event_name":"SensoryStone","player_choice":"Memory 3","floor":38.0,"gold_loss":0.0,"damage_taken":10.0},{"damage_healed":0.0,"max_hp_gain":0.0,"max_hp_loss":0.0,"gold_gain":0.0,"event_name":"Mysterious Sphere","player_choice":"Fight","floor":41.0,"gold_loss":0.0,"damage_taken":0.0},{"damage_healed":0.0,"max_hp_gain":0.0,"max_hp_loss":4.0,"gold_gain":0.0,"event_name":"Winding Halls","player_choice":"Max HP","floor":46.0,"gold_loss":0.0,"damage_taken":0.0}],"is_beta":false,"boss_relics":[{"not_picked":["Black Star","Runic Dome"],"picked":"Dota2Spire:Bloodstone"},{"not_picked":["Snecko Eye","Dota2Spire:RefresherOrb"],"picked":"VioletLotus"}],"items_purged_floors":[22,54],"is_endless":false,"potions_floor_spawned":[5,11,12,14,19,20,25,33,37,40,44,45,48],"killed_by":"Shield and Spear","ascension_level":20}}