{"host":"o4pit0n7y0vm2e4t","time":1609903494,"event":{"mods":["Aspiration","BaseMod","Better Altar","Better Match","Better Note","Better Sensory Stone","Better Skull","Better Third Choice","Colored Map","Conspire","Downfall","Friendly Minions","Googly Eyes","Halation","Hermit","HexUI Lib","Hubris","Minty Spire (QoL Compilation)","RatMod","Replay The Spire","Spikes Relics","StSLib","The Hierophant","The Jungle","The Necromancer"],"gold_per_floor":[109,109,125,400,419,450,450,450,496,496,514,540,315,330,330,435,435,453,453,453,165,235,260,275,301,301,175,194,213,213,241,241,345,345,358,113,23,23,37,62,77,77,77,90,104,104,122,122,122,122],"floor_reached":51,"playtime":5101,"items_purged":["Regret"],"score":1319,"play_id":"e6dcc854-9085-4315-a73d-b04ef16221aa","local_time":"20210105222454","is_ascension_mode":true,"campfire_choices":[{"data":"Bash","floor":8.0,"key":"SMITH"},{"floor":10.0,"key":"REST"},{"floor":15.0,"key":"DIG"},{"floor":30.0,"key":"REST"},{"floor":32.0,"key":"DIG"},{"data":"ReplayTheSpireMod:Strike From Hell","floor":42.0,"key":"SMITH"}],"circlet_count":0,"master_deck":["Strike_R","Strike_R","Strike_R+1","Defend_R","Defend_R","Defend_R+1","Bash+1","hubris:ReadiedAction","ReplayTheSpireMod:Stacked","conspire:Charge+1","Evolve","Juggernaut","ReplayTheSpireMod:Muscle Training+1","Metallicize","Shrug It Off","Inflame+1","Body Slam","Eclipse","ReplayTheSpireMod:Strike From Hell+1","Absolvement","Shrug It Off+1","Dark Embrace","Rupture+1","Eclipse","Heavy Blade+1"],"relics":["Burning Blood","Simple Rune","Omamori","Bronze Scales","Letter Opener","Lee\u0027s Waffle","hubris:PeanutButter","conspire:SpecialSausage","halation:OrihimeAndHikoboshiSamaAndTears","hubris:SlimyHat","halation:BlackBeret","Gremlin Horn","BrokenLever","GolemAmulet","Oddly Smooth Stone","Electric Blood","aspiration:FetidBarrel","hubris:TinFlute","conspire:GiftBox","hubris:Towel"],"acts_visited":["Exordium","TheCity","TheBeyond"],"potions_floor_usage":[44,50],"damage_taken":[{"damage":6.0,"enemies":"Cultist","floor":1.0,"turns":3.0},{"damage":12.0,"enemies":"Jaw Worm","floor":3.0,"turns":4.0},{"damage":12.0,"enemies":"2 Louse","floor":5.0,"turns":3.0},{"damage":25.0,"enemies":"Lagavulin","floor":6.0,"turns":5.0},{"damage":11.0,"enemies":"2 Fungi Beasts","floor":11.0,"turns":3.0},{"damage":17.0,"enemies":"Gremlin Nob","floor":12.0,"turns":4.0},{"damage":17.0,"enemies":"Looter","floor":14.0,"turns":3.0},{"damage":0.0,"enemies":"Slime Boss","floor":16.0,"turns":8.0},{"damage":0.0,"enemies":"Spheric Guardian","floor":18.0,"turns":4.0},{"damage":37.0,"enemies":"Gremlin Leader","floor":23.0,"turns":6.0},{"damage":15.0,"enemies":"2 Thieves","floor":24.0,"turns":5.0},{"damage":15.0,"enemies":"Book of Stabbing","floor":25.0,"turns":5.0},{"damage":7.0,"enemies":"Snake Plant","floor":28.0,"turns":4.0},{"damage":0.0,"enemies":"Shelled Parasite and Fungi","floor":29.0,"turns":5.0},{"damage":5.0,"enemies":"Gremlin Leader","floor":31.0,"turns":8.0},{"damage":12.0,"enemies":"Pondfish","floor":33.0,"turns":10.0},{"damage":5.0,"enemies":"3 Darklings","floor":35.0,"turns":5.0},{"damage":0.0,"enemies":"3 Shapes","floor":39.0,"turns":3.0},{"damage":1.0,"enemies":"Nemesis","floor":40.0,"turns":7.0},{"damage":12.0,"enemies":"Spire Growth","floor":41.0,"turns":4.0},{"damage":9,"enemies":"Writhing Mass","floor":44,"turns":3},{"damage":6,"enemies":"Jaw Worm Horde","floor":45,"turns":3},{"damage":17,"enemies":"Maw","floor":47,"turns":5},{"damage":22,"enemies":"hubris:GrandSnecko","floor":50,"turns":7}],"seed_played":"659018432651185591","potions_obtained":[{"floor":0.0,"key":"Strength Potion"},{"floor":0.0,"key":"HeartOfIron"},{"floor":0.0,"key":"LiquidBronze"},{"floor":5.0,"key":"Flashbang"},{"floor":11.0,"key":"CultistPotion"},{"floor":14.0,"key":"sneckomod:MuddlingPotion"},{"floor":16.0,"key":"Elixir"},{"floor":22.0,"key":"Reflective Coating"},{"floor":25.0,"key":"Block Potion"},{"floor":28.0,"key":"Venom Potion"},{"floor":44,"key":"Fruit Juice"},{"floor":47,"key":"SkillPotion"}],"is_trial":false,"path_per_floor":["M","T","M","?","M","E","?","R","T","R","M","E","$","M","R_BF","B",null,"M","?","?","$","?","E","M","E","T","$","M","M","R","E","R_BF","B",null,"M","$","?","$","M","E","M","R","T","M","M","?","M","?","R_BF","B",null],"character_chosen":"IRONCLAD","items_purchased":["Lee\u0027s Waffle","halation:OrihimeAndHikoboshiSamaAndTears","ReplayTheSpireMod:Strike From Hell","Absolvement","aspiration:FetidBarrel"],"campfire_rested":2,"item_purchase_floors":[13,21,27,27,36],"current_hp_per_floor":[72,72,66,66,60,41,41,41,41,65,60,49,87,76,76,82,86,87,87,87,87,87,56,47,38,38,38,37,43,69,70,70,64,81,82,82,82,82,87,87,81,81,81,83,83,83,72,72,92,76],"gold":122,"neow_bonus":"THREE_SMALL_POTIONS","is_daily":false,"chose_seed":false,"campfire_upgraded":2,"win_rate":0.0,"timestamp":1609903494,"path_taken":["M","?","?","?","?","E","?","R","T","R","M","E","$","M","R_BF","BOSS","M","?","?","$","?","E","M","E","T","$","M","M","R","E","R_BF","BOSS","M","$","?","?","?","E","M","R","T","M","M","?","M","?","R_BF","BOSS"],"items_purchased_type":["Relic","Relic","Card","Card","Relic"],"build_version":"2020-12-22","purchased_purges":1,"victory":true,"max_hp_per_floor":[80,80,80,80,80,80,80,80,80,80,80,80,87,87,87,87,87,87,87,87,87,87,87,87,87,87,87,87,87,87,87,87,87,87,87,87,87,87,87,87,87,87,87,92,92,92,92,92,92,92],"card_choices":[{"not_picked":["Invigoration","Blood for Blood","ReplayTheSpireMod:Corrosion Curse"],"picked":"SKIP","floor":1.0},{"not_picked":["Clothesline","Body Slam"],"picked":"hubris:ReadiedAction","floor":3.0},{"not_picked":["Clothesline","Replay:Undeath\u0027s Touch","ReplayTheSpireMod:LeadingStrike"],"picked":"SKIP","floor":5.0},{"not_picked":["Clothesline","Corruption"],"picked":"ReplayTheSpireMod:Stacked","floor":6.0},{"not_picked":["Anger","hubris:ReadiedAction","Havoc"],"picked":"SKIP","floor":11.0},{"not_picked":["Blood for Blood","Whirlwind","Reckless Charge"],"picked":"SKIP","floor":12.0},{"not_picked":["Iron Wave","Dropkick"],"picked":"Evolve","floor":14.0},{"not_picked":["Double Tap","Hemogenesis"],"picked":"Juggernaut","floor":16.0},{"not_picked":["Perfected Strike+1","Run Through"],"picked":"ReplayTheSpireMod:Muscle Training","floor":18.0},{"not_picked":["Flex","Replay:Undeath\u0027s Touch"],"picked":"Metallicize","floor":22.0},{"not_picked":["Perfected Strike","True Grit"],"picked":"Shrug It Off","floor":22.0},{"not_picked":["Anger","conspire:Purge"],"picked":"Inflame+1","floor":23.0},{"not_picked":["Uppercut","Clothesline"],"picked":"Body Slam","floor":24.0},{"not_picked":["Abandon","Inflame"],"picked":"Eclipse","floor":25.0},{"not_picked":["Wild Strike+1","Uppercut","Abandon"],"picked":"SKIP","floor":28.0},{"not_picked":["Iron Wave","Headbutt+1"],"picked":"Shrug It Off+1","floor":29.0},{"not_picked":["Uppercut+1","Havoc+1","Twin Strike"],"picked":"SKIP","floor":31.0},{"not_picked":["Pommel Strike","Pummel+1","Perfected Strike"],"picked":"SKIP","floor":35.0},{"not_picked":["Warcry","Iron Wave"],"picked":"Dark Embrace","floor":39.0},{"not_picked":["Power Through","ReplayTheSpireMod:LeadingStrike"],"picked":"Rupture+1","floor":40.0},{"not_picked":["Wild Strike+1","Armaments","Replay:Undeath\u0027s Touch"],"picked":"SKIP","floor":41.0},{"not_picked":["Offering","Replay:Many Hands+1"],"picked":"Eclipse","floor":43.0},{"not_picked":["Cleave","Massacre+1"],"picked":"Heavy Blade+1","floor":44},{"not_picked":["Perfected Strike+1","Iron Wave+1","Sword Boomerang"],"picked":"SKIP","floor":45},{"not_picked":["Iron Wave+1","Body Slam","Shrug It Off"],"picked":"SKIP","floor":47}],"player_experience":236612,"relics_obtained":[{"floor":2.0,"key":"Simple Rune"},{"floor":6.0,"key":"Omamori"},{"floor":9.0,"key":"Bronze Scales"},{"floor":12.0,"key":"Letter Opener"},{"floor":15.0,"key":"hubris:PeanutButter"},{"floor":22.0,"key":"hubris:SlimyHat"},{"floor":23.0,"key":"halation:BlackBeret"},{"floor":25.0,"key":"Gremlin Horn"},{"floor":26.0,"key":"BrokenLever"},{"floor":31.0,"key":"GolemAmulet"},{"floor":32.0,"key":"Oddly Smooth Stone"},{"floor":40.0,"key":"hubris:TinFlute"},{"floor":43.0,"key":"conspire:GiftBox"}],"event_choices":[{"damage_healed":0.0,"max_hp_gain":0.0,"max_hp_loss":0.0,"gold_gain":275.0,"event_name":"Golden Shrine","player_choice":"Desecrate","floor":4.0,"gold_loss":0.0,"damage_taken":0.0,"cards_obtained":["Regret"]},{"cards_removed":["Strike_R"],"damage_healed":0.0,"max_hp_gain":0.0,"max_hp_loss":0.0,"gold_gain":0.0,"event_name":"Purifier","player_choice":"Purged","floor":19.0,"gold_loss":0.0,"damage_taken":0.0},{"damage_healed":0.0,"max_hp_gain":0.0,"max_hp_loss":0.0,"gold_gain":0.0,"event_name":"betterNote:BetterNote","player_choice":"Ignored","floor":20.0,"gold_loss":0.0,"damage_taken":0.0,"cards_obtained":["Slimebound:FirmFortitude"]},{"cards_removed":["Strike_R"],"damage_healed":0.0,"max_hp_gain":0.0,"max_hp_loss":0.0,"gold_gain":0.0,"event_name":"Designer","player_choice":"Upgrade and Remove","floor":37.0,"gold_loss":90.0,"damage_taken":0.0,"cards_upgraded":["ReplayTheSpireMod:Muscle Training"]},{"cards_removed":["Defend_R"],"damage_healed":0,"gold_gain":0,"player_choice":"Removed Skill","damage_taken":0,"max_hp_gain":0,"max_hp_loss":0,"event_name":"Falling","floor":46,"gold_loss":0}],"is_beta":false,"boss_relics":[{"not_picked":["hubris:Stopwatch","halation:ForbiddenBikini"],"picked":"conspire:SpecialSausage"},{"not_picked":["Black Blood","Calling Bell"],"picked":"Electric Blood"}],"items_purged_floors":[13],"is_endless":false,"potions_floor_spawned":[3,5,11,14,16,25,28,35,39,44,47],"ascension_level":6}}