{"host":"t6w2q9o6m1ipuhb5","time":1609975055,"event":{"mods":["2.2 Compatiblity","Abigail Mod","AchievementEnabler","BaseMod","Chen","Colored Map","Colored Powertips","Downfall","Hermit","Koishi","Marisa????????","Minty Spire (QoL Compilation)","Onozuka Komachi Mod","Prisma Mod","Quick Restart","Reimu??????","Replay The Spire","StSLib","SuperFastMode","The Alterego","The Cursed","The Marked","Waifu the Spire","Yuyuko"],"gold_per_floor":[114,129,141,152,4,35,35,70,147,147,147,179,189,204,204,307,307,319,329,12,12,28,62,62,95,95,32,47,61,38,51,51,149,149,161,5,5,5,22,22,47,47,115,145,2,2,2,38,338,342,342,342,10,43,45],"floor_reached":56,"playtime":7702,"items_purged":["Injury"],"score":1415,"play_id":"9991975b-5e24-4dc6-bae4-53d734042b6c","local_time":"20210106181735","is_ascension_mode":false,"campfire_choices":[{"data":"PrismaMod:MiyuUncommonDexBuff","floor":7,"key":"SMITH"},{"data":"PrismaMod:MiyuOrbIncreasePerm","floor":11,"key":"SMITH"},{"data":"PrismaMod:MiyuUncommonDexBuff","floor":15,"key":"SMITH"},{"floor":24,"key":"REST"},{"floor":32,"key":"RECALL"},{"data":"Replay:SS_hec_2","floor":40,"key":"SMITH"},{"floor":46,"key":"REST"},{"data":"PrismaMod:MiyuCarnivalAttack","floor":52,"key":"SMITH"}],"circlet_count":0,"master_deck":["PrismaMod:MiyuCommonDefend","PrismaMod:MiyuCommonDefend","PrismaMod:MiyuCommonDefend","PrismaMod:MiyuCommonDefend","PrismaMod:MiyuCommonDefend","PrismaMod:MiyuCommonAttack","PrismaMod:MiyuCommonAttack","PrismaMod:MiyuCommonAttack","PrismaMod:MiyuCommonAttack","PrismaMod:MiyuCommonAttack","PrismaMod:MiyuCheapChannelAttack","PrismaMod:MiyuCheapChannelDefend","PrismaMod:MiyuUncommonDexBuff+1","PrismaMod:MiyuUncommonDexBuff+1","PrismaMod:MiyuUberAttack","PrismaMod:MiyuUncommonDexBuff+1","PrismaMod:MiyuCarnivalDefend+1","PrismaMod:MiyuOrbIncreasePerm+1","PrismaMod:MiyuUncommonAttack","PrismaMod:MiyuCarnivalAttack+1","PrismaMod:MiyuUberDefend+1","CommonCold","Clumsy","PrismaMod:MiyuMaid+1","PrismaMod:MiyuCheapAttack2+1","PrismaMod:MiyuUberAOEAttack+1","PrismaMod:MiyuDefenseExplosion","PrismaMod:MiyuAttackChannelVul+1","PrismaMod:MiyuUberAttack+1","PrismaMod:MiyuCheapChannelRandom+1","PrismaMod:MiyuUncommonDexBuff+1","PrismaMod:MiyuChristmas+1","PrismaMod:MiyuCarnivalDefend+1","PrismaMod:MiyuDefenseRemoval+1","Wraith","Replay:SS_hec_2+1","Apotheosis+1","Flash of Steel","PrismaMod:MiyuUncommonPlate+1","PrismaMod:MiyuUncommonDexBuff+1","Pain","PrismaMod:MiyuCommonAOEAttack","PrismaMod:MiyuCheapStrBuff+1","PrismaMod:MiyuCheapStrBuff+1","PrismaMod:MiyuCommonAOEAttack+1","PrismaMod:MiyuBride+1","expansioncontent:StudyTheSpire+1","Pot Of Greed+1","Pot Of Greed+1","Pot Of Greed+1","Pot Of Greed+1","PrismaMod:MiyuUncommonDexBuff+1","PrismaMod:MiyuUncommonDexBuff+1","Pot Of Greed+1"],"relics":["PrismaMod:PrismaSapphire","NeowsBlessing","Membership Card","Pet Ghost","Ginger","MealTicket","Replay:Ancient Bell","Gremlin Food","Golden Egg","Lizard Tail","PreservedInsect","Kunai","ClockworkSouvenir","Mercury Hourglass","ReplayTheSpireMod:Lightbulb","TungstenRod","Black Star","Toxic Egg 2","Simple Rune","Frozen Egg 2","WarpedTongs","Garlic","Juzu Bracelet","Bag of Preparation","Replay:Wax Seal","Replay:Bandana","Guide Book","Grinning Jar","Anchor","Replay:Kaleidoscope","Pen Nib"],"acts_visited":["Exordium","TheCity","TheBeyond","TheEnding"],"potions_floor_usage":[6,25,33,55],"damage_taken":[{"damage":0,"enemies":"2 Louse","floor":1,"turns":1},{"damage":0,"enemies":"Cultist","floor":2,"turns":1},{"damage":0,"enemies":"Small Slimes","floor":3,"turns":2},{"damage":0,"enemies":"2 Fungi Beasts","floor":4,"turns":4},{"damage":15,"enemies":"3 Sentries","floor":6,"turns":10},{"damage":0,"enemies":"Lagavulin","floor":8,"turns":8},{"damage":11,"enemies":"3 Sentries","floor":12,"turns":8},{"damage":3,"enemies":"Exordium Thugs","floor":13,"turns":5},{"damage":1,"enemies":"Lots of Slimes","floor":14,"turns":7},{"damage":8,"enemies":"Slime Boss","floor":16,"turns":7},{"damage":8,"enemies":"Shell Parasite","floor":18,"turns":6},{"damage":27,"enemies":"3 Byrds","floor":19,"turns":5},{"damage":26,"enemies":"Cultist and Chosen","floor":22,"turns":5},{"damage":13,"enemies":"Replay:Snechameleon","floor":23,"turns":7},{"damage":19,"enemies":"Slavers","floor":25,"turns":5},{"damage":30,"enemies":"3 Cultists","floor":28,"turns":6},{"damage":2,"enemies":"Centurion and Healer","floor":29,"turns":6},{"damage":0,"enemies":"Shelled Parasite and Fungi","floor":31,"turns":5},{"damage":24,"enemies":"Pondfish","floor":33,"turns":7},{"damage":3,"enemies":"3 Darklings","floor":35,"turns":4},{"damage":0,"enemies":"Orb Walker","floor":39,"turns":4},{"damage":0,"enemies":"R_Hoarder","floor":41,"turns":8},{"damage":25,"enemies":"Nemesis","floor":44,"turns":7},{"damage":7,"enemies":"3 Darklings","floor":48,"turns":5},{"damage":48,"enemies":"Donu and Deca","floor":50,"turns":12},{"damage":17,"enemies":"Shield and Spear","floor":54,"turns":9},{"damage":28,"enemies":"The Heart","floor":55,"turns":13}],"seed_played":"-7252612766746957472","potions_obtained":[{"floor":2,"key":"SteroidPotion"},{"floor":6,"key":"Elixir"},{"floor":12,"key":"Explosive Potion"},{"floor":14,"key":"FairyPotion"},{"floor":18,"key":"Slimebound:ThreeZeroPotion"},{"floor":23,"key":"Fire Potion"}],"is_trial":false,"path_per_floor":["M","M","M","M","$","E","R","E","T","?","R","E","M","M","R","B",null,"M","M","$","?","M","E","R","E","T","$","M","M","$","M","R","B",null,"M","$","?","?","M","R","E","?","T","E","$","R","?","M","R_BF","B",null,"R","$","E","B",null],"character_chosen":"MIYU","items_purchased":["Membership Card","PreservedInsect","Kunai","ClockworkSouvenir","PrismaMod:MiyuUberAOEAttack","PrismaMod:MiyuUberAttack","DuplicationPotion","PrismaMod:MiyuUncommonDexBuff","Toxic Egg 2","PowerPotion","Replay:Wax Seal","Replay:Bandana","PrismaMod:MiyuCheapStrBuff+1","PrismaMod:MiyuCommonAOEAttack","expansioncontent:StudyTheSpire+1","Guide Book","Grinning Jar","Anchor","PrismaMod:MiyuUncommonDexBuff+1"],"campfire_rested":2,"item_purchase_floors":[5,20,20,20,20,27,27,30,36,36,45,45,45,45,53,53,53,53,53],"current_hp_per_floor":[75,75,75,75,75,64,64,68,68,68,68,61,62,65,65,61,75,71,48,63,63,41,32,54,39,39,54,32,38,53,57,57,41,75,73,75,75,66,70,70,70,70,70,50,65,75,75,72,72,32,75,75,75,62,42],"gold":45,"neow_bonus":"THREE_ENEMY_KILL","is_daily":false,"chose_seed":false,"campfire_upgraded":5,"win_rate":0.0,"timestamp":1609975055,"path_taken":["M","M","M","M","$","E","R","E","T","?","R","E","M","M","R","BOSS","M","M","$","?","M","E","R","E","T","?","M","M","$","M","R","BOSS","M","$","?","?","M","R","E","?","T","E","$","R","?","M","R_BF","BOSS","R","$","E","BOSS"],"items_purchased_type":["Relic","Relic","Relic","Relic","Card","Card","Potion","Card","Relic","Potion","Relic","Relic","Card","Card","Card","Relic","Relic","Relic","Card"],"build_version":"2020-12-22","purchased_purges":1,"victory":true,"max_hp_per_floor":[75,75,75,75,75,75,75,75,75,75,75,75,75,75,75,75,75,75,75,75,75,75,75,75,75,75,75,75,75,75,75,75,75,75,75,75,75,75,75,75,75,75,75,75,75,75,75,75,75,75,75,75,75,75,75],"card_choices":[{"not_picked":["PrismaMod:MiyuUncommonStrBuff","PrismaMod:MiyuCheapChannelDefend"],"picked":"PrismaMod:MiyuUncommonDexBuff","floor":1},{"not_picked":["PrismaMod:MiyuCheapChannelVul","PrismaMod:MiyuUncommonPlate"],"picked":"PrismaMod:MiyuUncommonDexBuff","floor":2},{"not_picked":["PrismaMod:MiyuCheapAttack1","PrismaMod:MiyuCheapChannelRandom"],"picked":"PrismaMod:MiyuUberAttack","floor":3},{"not_picked":["PrismaMod:MiyuUncommonStrBuff","PrismaMod:MiyuUberAOEAttack"],"picked":"PrismaMod:MiyuUncommonDexBuff","floor":4},{"not_picked":["PrismaMod:MiyuCheapEvoke","PrismaMod:MiyuMaid"],"picked":"PrismaMod:MiyuCarnivalDefend","floor":6},{"not_picked":["PrismaMod:MiyuEvokeCheapDefend","PrismaMod:MiyuCheapChannelDefend"],"picked":"PrismaMod:MiyuOrbIncreasePerm","floor":8},{"not_picked":["PrismaMod:MiyuCheapEvoke","PrismaMod:MiyuUncommonPlate"],"picked":"PrismaMod:MiyuUncommonAttack","floor":12},{"not_picked":["PrismaMod:MiyuCheapChannelVul","PrismaMod:MiyuCheapEvoke","PrismaMod:MiyuCheapChannelRandom"],"picked":"SKIP","floor":13},{"not_picked":["PrismaMod:MiyuCheapChannelHeal","PrismaMod:MiyuCheapDexBuff"],"picked":"PrismaMod:MiyuCarnivalAttack","floor":14},{"not_picked":["PrismaMod:MiyuEvokeAllAttack","PrismaMod:MiyuDefenseAbsorbMinor"],"picked":"PrismaMod:MiyuUberDefend","floor":16},{"not_picked":["Pain","AbeCurse"],"picked":"CommonCold","floor":17},{"not_picked":["CurseOfTheBell","Regret"],"picked":"Injury","floor":17},{"not_picked":["Slimebound:Icky","Delirium"],"picked":"Clumsy","floor":17},{"not_picked":["PrismaMod:MiyuEvokeBuffDex","PrismaMod:MiyuCheapChannelVul"],"picked":"PrismaMod:MiyuMaid+1","floor":18},{"not_picked":["PrismaMod:MiyuEvokeCheapAttack","PrismaMod:MiyuCheapStrBuff"],"picked":"PrismaMod:MiyuCheapAttack2+1","floor":19},{"not_picked":["PrismaMod:MiyuEvokeAllAttack","PrismaMod:MiyuUncommonStrBuff"],"picked":"PrismaMod:MiyuDefenseExplosion","floor":22},{"not_picked":["PrismaMod:MiyuCheapChannelWeak","PrismaMod:MiyuDefenseExplosion","PrismaMod:MiyuEvokeAll"],"picked":"SKIP","floor":23},{"not_picked":["PrismaMod:MiyuCheapChannelHeal+1","PrismaMod:MiyuCheapAttack2"],"picked":"PrismaMod:MiyuAttackChannelVul+1","floor":25},{"not_picked":["PrismaMod:MiyuCheapChannelVul","PrismaMod:MiyuCheapChannelWeak","PrismaMod:MiyuEvokeBuffDex"],"picked":"SKIP","floor":28},{"not_picked":["PrismaMod:MiyuCheapChannelDefend","PrismaMod:MiyuCheapChannelAttack"],"picked":"PrismaMod:MiyuCheapChannelRandom","floor":29},{"not_picked":["PrismaMod:MiyuCheapChannelRandom","PrismaMod:MiyuCheapDefend2"],"picked":"PrismaMod:MiyuChristmas+1","floor":31},{"not_picked":["PrismaMod:MiyuUberDefend","PrismaMod:MiyuChannelAttackEvoke"],"picked":"PrismaMod:MiyuCarnivalDefend","floor":33},{"not_picked":["PrismaMod:MiyuCheapAttack1+1","PrismaMod:MiyuEvokeBuffDex+1"],"picked":"PrismaMod:MiyuDefenseRemoval+1","floor":35},{"not_picked":["ReplayTheSpireMod:Uncanny Aura+1","expansioncontent:DefensiveStance"],"picked":"Replay:SS_hec_2","floor":38},{"not_picked":["expansioncontent:AwakenDeath","expansioncontent:DashGenerateEvil"],"picked":"Apotheosis+1","floor":38},{"not_picked":["Violence+1","Replay:Sssssssssstrike"],"picked":"Flash of Steel","floor":38},{"not_picked":["PrismaMod:MiyuCheapEvoke+1","PrismaMod:MiyuCarnivalAttack"],"picked":"PrismaMod:MiyuUncommonPlate+1","floor":39},{"not_picked":["PrismaMod:MiyuEvokeCheapAttack","PrismaMod:MiyuUncommonDefend+1"],"picked":"PrismaMod:MiyuUncommonDexBuff+1","floor":41},{"not_picked":["PrismaMod:MiyuCheapAttack1+1","PrismaMod:MiyuDevil"],"picked":"PrismaMod:MiyuCommonAOEAttack","floor":44},{"not_picked":["PrismaMod:MiyuEvokeCheapAttack","PrismaMod:MiyuCheapChannelVul+1"],"picked":"PrismaMod:MiyuBride+1","floor":48},{"not_picked":["PrismaMod:MiyuEvokeAllAttack","PrismaMod:MiyuDefenseRemoval+1","PrismaMod:MiyuCheapChannelHeal+1"],"picked":"SKIP","floor":54}],"player_experience":347940,"relics_obtained":[{"floor":6,"key":"Pet Ghost"},{"floor":8,"key":"Ginger"},{"floor":12,"key":"MealTicket"},{"floor":23,"key":"Mercury Hourglass"},{"floor":25,"key":"ReplayTheSpireMod:Lightbulb"},{"floor":26,"key":"TungstenRod"},{"floor":41,"key":"Simple Rune"},{"floor":41,"key":"Frozen Egg 2"},{"floor":43,"key":"Garlic"},{"floor":44,"key":"Juzu Bracelet"},{"floor":44,"key":"Bag of Preparation"},{"floor":54,"key":"Replay:Kaleidoscope"},{"floor":54,"key":"Pen Nib"}],"event_choices":[{"damage_healed":0,"gold_gain":0,"player_choice":"Upgraded","damage_taken":0,"max_hp_gain":0,"max_hp_loss":0,"event_name":"Upgrade Shrine","floor":21,"gold_loss":0,"cards_upgraded":["PrismaMod:MiyuUncommonDexBuff"]},{"damage_healed":0,"gold_gain":0,"player_choice":"Ignored","damage_taken":0,"max_hp_gain":0,"max_hp_loss":0,"event_name":"OrinTheCat","floor":37,"gold_loss":0},{"damage_healed":0,"gold_gain":0,"player_choice":"Memory 3","damage_taken":10,"max_hp_gain":0,"max_hp_loss":0,"event_name":"SensoryStone","floor":38,"gold_loss":0},{"damage_healed":0,"gold_gain":0,"player_choice":"Rummage","damage_taken":0,"relics_obtained":["WarpedTongs"],"max_hp_gain":0,"max_hp_loss":0,"event_name":"Accursed Blacksmith","floor":42,"gold_loss":0,"cards_obtained":["Pain"]},{"damage_healed":0,"gold_gain":0,"player_choice":"Ignored","damage_taken":0,"max_hp_gain":0,"max_hp_loss":0,"event_name":"SecretPortal","floor":47,"gold_loss":0},{"damage_healed":0,"gold_gain":300,"player_choice":"Gold","damage_taken":0,"max_hp_gain":0,"max_hp_loss":0,"event_name":"Wheel of Change","floor":49,"gold_loss":0}],"is_beta":false,"boss_relics":[{"not_picked":["ReplayTheSpireMod:DimensionalGlitch","Cursed Key"],"picked":"Replay:Ancient Bell"},{"not_picked":["Centennial Puzzle","Boot"],"picked":"Gremlin Food"},{"not_picked":["Darkstone Periapt","Question Card"],"picked":"Golden Egg"},{"not_picked":["Counterbalance","WingedGreaves"],"picked":"Lizard Tail"},{"not_picked":["Busted Crown","SacredBark"],"picked":"Black Star"}],"items_purged_floors":[20],"is_endless":false,"potions_floor_spawned":[2,6,12,14,18,22,23,31,44,48,54],"ascension_level":0}}