{"host":"qgrlfjrqk9z96gfi","time":1609897896,"event":{"mods":["BaseMod","Block Reminder","Colored Map","DeckTracker","Minty Spire (QoL Compilation)"],"gold_per_floor":[118,118,193,208,15,45,45,62,62,79,79,107,120,149,149,225,225,242,34,45,45,59,59,92,367,367,18,33,44,44,44,44],"floor_reached":31,"playtime":1038,"items_purged":["Strike_G","Regret"],"score":550,"play_id":"70fe7c8c-5f42-472f-9f54-bcd83e5bf3bf","local_time":"20210105155136","is_ascension_mode":true,"campfire_choices":[{"data":"Apotheosis","floor":7,"key":"SMITH"},{"floor":15,"key":"REST"},{"floor":23,"key":"REST"},{"floor":30,"key":"REST"}],"circlet_count":0,"master_deck":["AscendersBane","Strike_G+1","Strike_G","Strike_G","Strike_G+1","Defend_G","Defend_G","Defend_G","Defend_G","Defend_G","Survivor","Neutralize+1","Sucker Punch","Apotheosis+1","Leg Sweep+1","Backstab","Blur+1","Dagger Spray","Endless Agony","Flying Knee","Crippling Poison+1","Footwork","Poisoned Stab","RitualDagger","Quick Slash+1","Well Laid Plans","Escape Plan+1","Crippling Poison+1","Dash","Deadly Poison+1","Dodge and Roll+1"],"relics":["Busted Crown","Toxic Egg 2","Bag of Marbles","Bottled Flame","Vajra","Sozu","Whetstone","Bottled Tornado","Orrery"],"acts_visited":["Exordium","TheCity"],"potions_floor_usage":[12,14],"damage_taken":[{"damage":0,"enemies":"2 Louse","floor":1,"turns":3},{"damage":0,"enemies":"Cultist","floor":4,"turns":3},{"damage":22,"enemies":"Lagavulin","floor":6,"turns":9},{"damage":0,"enemies":"Small Slimes","floor":8,"turns":3},{"damage":0,"enemies":"Red Slaver","floor":10,"turns":2},{"damage":37,"enemies":"Gremlin Nob","floor":12,"turns":5},{"damage":6,"enemies":"Blue Slaver","floor":13,"turns":2},{"damage":6,"enemies":"3 Sentries","floor":14,"turns":8},{"damage":34,"enemies":"Hexaghost","floor":16,"turns":13},{"damage":5,"enemies":"Shell Parasite","floor":18,"turns":6},{"damage":9,"enemies":"2 Thieves","floor":20,"turns":5},{"damage":6,"enemies":"Centurion and Healer","floor":22,"turns":14},{"damage":9,"enemies":"Gremlin Leader","floor":24,"turns":8},{"damage":22,"enemies":"Shelled Parasite and Fungi","floor":28,"turns":4},{"damage":0,"enemies":"Snecko","floor":29,"turns":5},{"damage":50,"enemies":"Cultist and Chosen","floor":31,"turns":7}],"seed_played":"-6460933106399945337","potions_obtained":[{"floor":1,"key":"LiquidMemories"},{"floor":8,"key":"SkillPotion"}],"is_trial":false,"path_per_floor":["M","?","?","M","$","E","R","M","T","M","?","E","M","E","R","B",null,"M","$","M","?","M","R","E","?","T","$","M","M","R","M"],"character_chosen":"THE_SILENT","items_purchased":["Apotheosis","Crippling Poison+1","Footwork","Well Laid Plans","Orrery"],"campfire_rested":3,"item_purchase_floors":[5,19,19,27,27],"current_hp_per_floor":[59,59,48,48,48,26,26,26,26,26,66,29,23,17,36,2,50,45,45,36,30,24,43,34,34,34,34,12,12,31,0,0],"gold":44,"neow_bonus":"BOSS_RELIC","is_daily":false,"chose_seed":false,"campfire_upgraded":1,"win_rate":0.0,"timestamp":1609897896,"path_taken":["M","?","?","M","$","E","R","M","T","M","?","E","M","E","R","BOSS","M","$","M","?","M","R","E","?","T","$","M","M","R","M"],"items_purchased_type":["Card","Card","Card","Card","Relic"],"build_version":"2020-12-22","purchased_purges":2,"victory":false,"max_hp_per_floor":[66,66,66,66,66,66,66,66,66,66,66,66,66,66,66,66,66,66,66,66,66,66,66,66,66,66,66,66,66,66,66,66],"card_choices":[{"not_picked":[],"picked":"Choke","floor":1},{"not_picked":[],"picked":"Sucker Punch","floor":4},{"not_picked":[],"picked":"Leg Sweep+1","floor":6},{"not_picked":[],"picked":"Backstab","floor":8},{"not_picked":[],"picked":"Blur+1","floor":10},{"not_picked":[],"picked":"Dagger Spray","floor":12},{"not_picked":["Outmaneuver+1"],"picked":"SKIP","floor":13},{"not_picked":[],"picked":"Endless Agony","floor":14},{"not_picked":[],"picked":"Flying Knee","floor":18},{"not_picked":[],"picked":"Poisoned Stab","floor":20},{"not_picked":[],"picked":"Quick Slash+1","floor":22},{"not_picked":["Flying Knee"],"picked":"SKIP","floor":24},{"not_picked":[],"picked":"Escape Plan+1","floor":27},{"not_picked":[],"picked":"Crippling Poison+1","floor":27},{"not_picked":[],"picked":"Dash","floor":27},{"not_picked":[],"picked":"Deadly Poison+1","floor":27},{"not_picked":[],"picked":"Dodge and Roll+1","floor":27},{"not_picked":["Dodge and Roll+1"],"picked":"SKIP","floor":28},{"not_picked":["Poisoned Stab"],"picked":"SKIP","floor":29}],"player_experience":969903,"relics_obtained":[{"floor":6,"key":"Toxic Egg 2"},{"floor":9,"key":"Bag of Marbles"},{"floor":12,"key":"Bottled Flame"},{"floor":14,"key":"Vajra"},{"floor":24,"key":"Whetstone"},{"floor":26,"key":"Bottled Tornado"}],"event_choices":[{"damage_healed":0,"gold_gain":0,"player_choice":"Grow","damage_taken":0,"max_hp_gain":0,"max_hp_loss":0,"event_name":"Living Wall","floor":2,"gold_loss":0,"cards_upgraded":["Neutralize"]},{"damage_healed":0,"gold_gain":75,"player_choice":"Gather Gold","damage_taken":11,"max_hp_gain":0,"max_hp_loss":0,"event_name":"World of Goop","floor":3,"gold_loss":0},{"cards_removed":["Choke"],"damage_healed":40,"gold_gain":0,"player_choice":"Offered Uncommon","damage_taken":0,"max_hp_gain":0,"max_hp_loss":0,"event_name":"Bonfire Elementals","floor":11,"gold_loss":0},{"damage_healed":0,"gold_gain":0,"player_choice":"Joined the Cult","damage_taken":6,"max_hp_gain":0,"max_hp_loss":0,"event_name":"Nest","floor":21,"gold_loss":0,"cards_obtained":["RitualDagger"]},{"damage_healed":0,"gold_gain":275,"player_choice":"Desecrate","damage_taken":0,"max_hp_gain":0,"max_hp_loss":0,"event_name":"Golden Shrine","floor":25,"gold_loss":0,"cards_obtained":["Regret"]}],"is_beta":false,"boss_relics":[{"not_picked":["SlaversCollar","Tiny House"],"picked":"Sozu"}],"items_purged_floors":[19,27],"is_endless":false,"potions_floor_spawned":[1,8,10,20],"killed_by":"Cultist and Chosen","ascension_level":20}}