{"host":"sabve5zmqufxyc5o","time":1609911337,"event":{"mods":["2.2 Compatiblity","AchievementEnabler","Act Like it!","BaseMod","Block Reminder","Colored Map","Colored Powertips","DeckTracker","KOR Keyword Fix","Keyboard Shortcuts","Minty Spire (QoL Compilation)","Quick Restart","Rare Cards Sparkle","Relic Stats","StSLib","SuperFastMode"],"gold_per_floor":[116,130,205,222,66,66,83,115,186,186,206,206,206,106,106,183,183,198,41,32,32,82,82,82,82,82],"floor_reached":25,"playtime":438,"items_purged":["Strike_G","Strike_G"],"score":398,"play_id":"ad6c0d1d-47dc-4dcc-b5fe-7eab62a9c1d2","local_time":"20210106143537","is_ascension_mode":true,"campfire_choices":[{"data":"Crippling Poison","floor":6,"key":"SMITH"},{"floor":10,"key":"REST"},{"data":"Deadly Poison","floor":12,"key":"SMITH"},{"data":"Footwork","floor":15,"key":"SMITH"},{"floor":23,"key":"REST"}],"circlet_count":0,"master_deck":["AscendersBane","Strike_G","Strike_G","Strike_G","Defend_G","Defend_G","Defend_G","Defend_G","Defend_G","Survivor","Neutralize+1","All Out Attack","Dagger Spray","Crippling Poison+1","Footwork+1","Deadly Poison+1","Well Laid Plans","Adrenaline","Blur"],"relics":["Ring of the Snake","Gambling Chip","Bottled Tornado","Philosopher\u0027s Stone","Snake Skull"],"acts_visited":["Exordium","TheCity"],"potions_floor_usage":[8,16],"damage_taken":[{"damage":4,"enemies":"Jaw Worm","floor":1,"turns":4},{"damage":0,"enemies":"Small Slimes","floor":2,"turns":4},{"damage":4,"enemies":"Cultist","floor":4,"turns":3},{"damage":4,"enemies":"Blue Slaver","floor":7,"turns":4},{"damage":15,"enemies":"Lagavulin","floor":8,"turns":7},{"damage":4,"enemies":"Looter","floor":11,"turns":4},{"damage":22,"enemies":"Hexaghost","floor":16,"turns":11},{"damage":35,"enemies":"3 Byrds","floor":18,"turns":4},{"damage":17,"enemies":"2 Thieves","floor":20,"turns":5},{"damage":6,"enemies":"Shelled Parasite and Fungi","floor":25,"turns":2}],"seed_played":"-6626284273492459233","potions_obtained":[{"floor":1,"key":"Fire Potion"},{"floor":4,"key":"LiquidMemories"},{"floor":20,"key":"Strength Potion"}],"is_trial":false,"path_per_floor":["M","M","?","M","$","R","M","E","T","R","M","R","?","$","R","B",null,"M","$","M","$","?","R","$","M"],"character_chosen":"THE_SILENT","items_purchased":["Footwork","Snake Skull"],"campfire_rested":2,"item_purchase_floors":[5,19],"current_hp_per_floor":[55,55,44,40,40,40,36,21,21,40,36,36,36,36,36,14,53,18,18,1,1,1,20,20,14,14],"gold":82,"neow_bonus":"UPGRADE_CARD","is_daily":false,"chose_seed":false,"campfire_upgraded":3,"win_rate":0.0,"timestamp":1609911337,"path_taken":["M","M","?","M","$","R","M","E","T","R","M","R","?","?","R","BOSS","M","?","M","$","?","R","$","M"],"items_purchased_type":["Card","Relic"],"build_version":"2020-12-22","purchased_purges":2,"victory":false,"max_hp_per_floor":[66,66,66,66,66,66,66,66,66,66,66,66,66,66,66,66,66,66,66,66,66,66,66,66,66,66],"relic_stats":{"counters":[10,48],"Gambling Chip":[18],"Snake Skull":[3],"obtain_stats":[{"Gambling Chip":8,"Philosopher\u0027s Stone":17,"Snake Skull":19,"Bottled Tornado":9,"Ring of the Snake":0},{"Gambling Chip":5,"Philosopher\u0027s Stone":7,"Snake Skull":8,"Bottled Tornado":5,"Ring of the Snake":0},{"Gambling Chip":22,"Philosopher\u0027s Stone":37,"Snake Skull":41,"Bottled Tornado":22,"Ring of the Snake":0}],"Ring of the Snake":[20]},"card_choices":[{"not_picked":["Flechettes","Cloak And Dagger"],"picked":"All Out Attack","floor":1},{"not_picked":["Backflip","Slice"],"picked":"Dagger Spray","floor":2},{"not_picked":["Acrobatics","Poisoned Stab"],"picked":"Crippling Poison","floor":4},{"not_picked":["Bane","Deflect","Accuracy"],"picked":"SKIP","floor":7},{"not_picked":["Bane","Backflip"],"picked":"Deadly Poison","floor":8},{"not_picked":["Dagger Spray","Leg Sweep"],"picked":"Well Laid Plans","floor":11},{"not_picked":["Burst","A Thousand Cuts"],"picked":"Adrenaline","floor":16},{"not_picked":["Footwork","Quick Slash","Outmaneuver"],"picked":"SKIP","floor":18},{"not_picked":["PiercingWail","Dagger Throw+1"],"picked":"Blur","floor":20}],"player_experience":816883,"relics_obtained":[{"floor":8,"key":"Gambling Chip"},{"floor":9,"key":"Bottled Tornado"}],"event_choices":[{"damage_healed":0,"gold_gain":75,"player_choice":"Gather Gold","damage_taken":11,"max_hp_gain":0,"max_hp_loss":0,"event_name":"World of Goop","floor":3,"gold_loss":0},{"damage_healed":0,"gold_gain":0,"player_choice":"Ignored","damage_taken":0,"max_hp_gain":0,"max_hp_loss":0,"event_name":"Liars Game","floor":13,"gold_loss":0},{"damage_healed":0,"gold_gain":50,"player_choice":"Stole From Cult","damage_taken":0,"max_hp_gain":0,"max_hp_loss":0,"event_name":"Nest","floor":22,"gold_loss":0}],"is_beta":false,"boss_relics":[{"not_picked":["Snecko Eye","Busted Crown"],"picked":"Philosopher\u0027s Stone"}],"items_purged_floors":[5,14],"is_endless":false,"potions_floor_spawned":[1,4,20],"killed_by":"Shelled Parasite and Fungi","ascension_level":20}}