{"host":"z9grmtg2w0nmz8n1","time":1609975811,"event":{"mods":["Aspiration","Bard","BaseMod","Beaked The Cultist","Better Altar","Better Match","Better Note","Better Sensory Stone","Better Skull","Better Third Choice","BetterRewards","CCEM","Colored Map","Conspire","Downfall","GifTheSpireLib","Googly Eyes","Halation","Hermit","Highlight Path","Hubris","Hunter ??","Jedi Mod","Jorbs\u0027s Wanderer Trilogy","Mad Scientist","Marisa????????","Minty Spire (QoL Compilation)","Permanent Neow","Replay The Spire","Shade Mod","Shop Mod","Spicy Shops","StSLib","Stuff the Spire","The Bug Knight","The Construct","The Necromancer","The Runesmith","The Witch"],"gold_per_floor":[110,35,237,137,156,156,156],"floor_reached":6,"playtime":227,"items_purged":["Strike_B","Strike_B"],"score":36,"play_id":"a250ffa7-ec58-46da-bed4-6019867eebd1","local_time":"20210106213011","is_ascension_mode":true,"campfire_choices":[],"circlet_count":0,"master_deck":["Strike_B","Strike_B","Defend_B","Defend_B","Defend_B","Defend_B","Zap","Dualcast","Madness","Gash","Conserve Battery"],"relics":["Cracked Core"],"acts_visited":["Exordium"],"potions_floor_usage":[],"damage_taken":[{"damage":0,"enemies":"2 Louse","floor":1,"turns":3},{"damage":0,"enemies":"Small Slimes","floor":5,"turns":3},{"damage":29,"enemies":"3 Sentries","floor":6,"turns":7}],"seed_played":"-5754981956036942047","potions_obtained":[],"is_trial":false,"path_per_floor":["M","$","?","$","M","E"],"character_chosen":"DEFECT","items_purchased":[],"campfire_rested":0,"item_purchase_floors":[],"current_hp_per_floor":[75,75,57,57,57,28,28],"gold":156,"neow_bonus":"RANDOM_COLORLESS","is_daily":false,"chose_seed":false,"campfire_upgraded":0,"win_rate":0.0,"timestamp":1609975811,"path_taken":["M","$","?","$","M","E"],"items_purchased_type":[],"build_version":"2020-12-22","purchased_purges":2,"victory":false,"max_hp_per_floor":[75,75,75,75,75,75,75],"card_choices":[{"not_picked":["StuffTheSpire:FreeRealEstate","expansioncontent:PrepareCrush"],"picked":"Madness","floor":0},{"not_picked":["StuffTheSpire:LoadUp","Hologram"],"picked":"Gash","floor":1},{"not_picked":["Coolheaded","Rip and Tear"],"picked":"Conserve Battery","floor":3},{"not_picked":["Coolheaded","Static Discharge","StuffTheSpire:EventHorizon"],"picked":"SKIP","floor":5}],"player_experience":802529,"relics_obtained":[],"event_choices":[],"is_beta":false,"boss_relics":[],"items_purged_floors":[2,4],"is_endless":false,"potions_floor_spawned":[],"killed_by":"3 Sentries","ascension_level":1}}