{"host":"p9t7qd83igtcp2bh","time":1609915751,"event":{"mods":["2.2 Compatiblity","AchievementEnabler","BaseMod","Colored Map","Colored Powertips","Custom Start","DeckTracker","Keyboard Shortcuts","Minty Spire (QoL Compilation)","Permanent Neow","Spicy Shops","StSLib","SuperFastMode","everything is the same but u backflip on backflip"],"gold_per_floor":[112,132,132,132,20,52,62,82,82,82,82,94,106,31,31,106,106,123,23,37,37,87,87,113,113,113,132,143,143,143],"floor_reached":29,"playtime":722,"items_purged":["Strike_B","Strike_B"],"score":441,"play_id":"910205be-730b-4a90-8d4b-257e4a602102","local_time":"20210106154911","is_ascension_mode":true,"campfire_choices":[{"data":"Capacitor","floor":10,"key":"SMITH"},{"data":"Coolheaded","floor":15,"key":"SMITH"},{"floor":23,"key":"REST"},{"data":"Blizzard","floor":25,"key":"SMITH"}],"circlet_count":0,"master_deck":["AscendersBane","Strike_B","Defend_B","Defend_B","Defend_B","Defend_B","Zap","Dualcast","Rebound","Cold Snap","Beam Cell","Cold Snap","Leap","Capacitor+1","Blizzard+1","Coolheaded+1","Ball Lightning","Core Surge","Hologram","Turbo"],"relics":["Cracked Core","Bag of Marbles","Cables","Eternal Feather","Runic Pyramid","Enchiridion","Ornamental Fan","Akabeko"],"acts_visited":["Exordium","TheCity"],"potions_floor_usage":[6,16,24,28],"damage_taken":[{"damage":2,"enemies":"Jaw Worm","floor":1,"turns":3},{"damage":0,"enemies":"Small Slimes","floor":2,"turns":2},{"damage":27,"enemies":"Lagavulin","floor":6,"turns":6},{"damage":0,"enemies":"Cultist","floor":7,"turns":2},{"damage":0,"enemies":"Looter","floor":8,"turns":3},{"damage":11,"enemies":"Large Slime","floor":12,"turns":8},{"damage":13,"enemies":"3 Louse","floor":13,"turns":4},{"damage":18,"enemies":"The Guardian","floor":16,"turns":10},{"damage":10,"enemies":"Spheric Guardian","floor":18,"turns":4},{"damage":12,"enemies":"Chosen","floor":20,"turns":4},{"damage":30,"enemies":"Slavers","floor":24,"turns":4},{"damage":4,"enemies":"Centurion and Healer","floor":27,"turns":8},{"damage":14,"enemies":"Shelled Parasite and Fungi","floor":28,"turns":7},{"damage":10,"enemies":"Book of Stabbing","floor":29,"turns":2}],"seed_played":"-3344456586110927561","potions_obtained":[{"floor":2,"key":"Weak Potion"},{"floor":8,"key":"AttackPotion"},{"floor":12,"key":"BlessingOfTheForge"},{"floor":16,"key":"SpeedPotion"},{"floor":24,"key":"Block Potion"},{"floor":27,"key":"PotionOfCapacity"}],"is_trial":false,"path_per_floor":["M","M","?","?","$","E","M","M","T","R","?","M","M","$","R","B",null,"M","$","M","?","?","R","E","R","T","M","M","E"],"character_chosen":"DEFECT","items_purchased":["Beam Cell","Cold Snap"],"campfire_rested":1,"item_purchase_floors":[5,5],"current_hp_per_floor":[62,62,67,67,67,40,40,40,40,49,49,38,25,25,34,16,61,51,51,39,18,18,49,19,28,28,24,10,0,0],"gold":143,"neow_bonus":"RANDOM_COMMON_RELIC","is_daily":false,"chose_seed":false,"campfire_upgraded":3,"win_rate":0.0,"timestamp":1609915751,"path_taken":["M","M","?","?","?","E","M","?","T","R","?","M","M","$","R","BOSS","M","$","?","?","?","R","E","R","T","M","M","E"],"items_purchased_type":["Card","Card"],"build_version":"2020-12-22","purchased_purges":2,"victory":false,"max_hp_per_floor":[71,71,76,76,76,76,76,76,76,76,76,76,76,76,76,76,76,76,76,76,76,76,76,76,76,76,76,76,76,76],"card_choices":[{"not_picked":["Steam","Static Discharge"],"picked":"Rebound","floor":1},{"not_picked":["Redo","Hologram"],"picked":"Cold Snap","floor":2},{"not_picked":["Turbo","Tempest"],"picked":"Leap","floor":6},{"not_picked":["Turbo","Skim"],"picked":"Capacitor","floor":7},{"not_picked":["Steam","Redo"],"picked":"Blizzard","floor":8},{"not_picked":["Undo","Amplify"],"picked":"Coolheaded","floor":12},{"not_picked":["Turbo","Sweeping Beam"],"picked":"Ball Lightning","floor":13},{"not_picked":["All For One","Thunder Strike"],"picked":"Core Surge","floor":16},{"not_picked":["Gash","Leap","Steam+1"],"picked":"SKIP","floor":18},{"not_picked":["Gash","Stack+1","Melter+1"],"picked":"SKIP","floor":20},{"not_picked":["Hello World","FTL"],"picked":"Hologram","floor":24},{"not_picked":["Rip and Tear","Skim"],"picked":"Turbo","floor":27},{"not_picked":["FTL","Doom and Gloom","Rebound+1"],"picked":"SKIP","floor":28}],"player_experience":598029,"relics_obtained":[{"floor":6,"key":"Cables"},{"floor":9,"key":"Eternal Feather"},{"floor":21,"key":"Enchiridion"},{"floor":24,"key":"Ornamental Fan"},{"floor":26,"key":"Akabeko"}],"event_choices":[{"damage_healed":0,"gold_gain":0,"player_choice":"Donut","damage_taken":0,"max_hp_gain":5,"max_hp_loss":0,"event_name":"Big Fish","floor":3,"gold_loss":0},{"damage_healed":0,"gold_gain":0,"player_choice":"Ignored","damage_taken":0,"max_hp_gain":0,"max_hp_loss":0,"event_name":"Liars Game","floor":4,"gold_loss":0},{"cards_removed":["Strike_B"],"damage_healed":0,"gold_gain":0,"player_choice":"Purged","damage_taken":0,"max_hp_gain":0,"max_hp_loss":0,"event_name":"Purifier","floor":11,"gold_loss":0},{"damage_healed":0,"gold_gain":0,"player_choice":"Obtained Book","damage_taken":21,"max_hp_gain":0,"max_hp_loss":0,"event_name":"Cursed Tome","floor":21,"gold_loss":0},{"damage_healed":0,"gold_gain":50,"player_choice":"Stole From Cult","damage_taken":0,"max_hp_gain":0,"max_hp_loss":0,"event_name":"Nest","floor":22,"gold_loss":0}],"is_beta":false,"boss_relics":[{"not_picked":["Black Star","Tiny House"],"picked":"Runic Pyramid"}],"items_purged_floors":[14,19],"is_endless":false,"potions_floor_spawned":[2,8,12,16,24,27],"killed_by":"Book of Stabbing","ascension_level":16}}