{"host":"waq1ashgqt0tulkv","time":1609913385,"event":{"mods":["Aspiration","BaseMod","BetterRewards","Colored Powertips","Conspire","Downfall","Duelist Mod","Hermit","Hubris","Infinite Spire","Minty Spire (QoL Compilation)","Quick Restart","Rare Cards Sparkle","Replay The Spire","StSLib","SuperFastMode","The Animator","The Bug Knight","The Construct","The Cursed","The Disciple","The Hierophant","The Necromancer","The Runesmith","The Servant 0.9.4","egg"],"gold_per_floor":[118,118,118,118,43,43,59,95,95,95,109,147,147,163,163,287,287,300,49,67,88,104,135,156,179,204,204,219,239,263,281,281,404,404,423,423,169,189,189,232,232,247,297,297,317,317,332,346,346,346,346],"floor_reached":50,"playtime":1668,"items_purged":["Injury"],"score":500,"play_id":"d5bf8367-d511-412e-964e-ecaa42471614","local_time":"20210105230945","is_ascension_mode":false,"campfire_choices":[{"data":"Replay:Fractal Strike","floor":6.0,"key":"SMITH"},{"floor":10.0,"key":"REST"},{"data":"Carnage","floor":13.0,"key":"SMITH"},{"data":"Cleave","floor":15.0,"key":"SMITH"},{"floor":41,"key":"REST"},{"floor":46,"key":"REST"},{"floor":49,"key":"REST"}],"circlet_count":0,"master_deck":["Strike_R","Strike_R","Strike_R","Strike_R","Strike_R","Defend_R","Defend_R","Defend_R","Defend_R","Bash+1","Armaments","Replay:Fractal Strike+1","Carnage+1","Shrug It Off","Run Through","Cleave+1","Pommel Strike+1","Rampage","Uppercut","conspire:ExplosiveBarrier","Clash","Clothesline+1","conspire:Charge+1","ReplayTheSpireMod:Muscle Training+1","ReplayTheSpireMod:Muscle Training+1","Twin Strike","Demonic Infusion","Perfected Strike+1","Cleave+1","Dropkick","Pain","Flex+1","Clothesline","Infernal Blade+1"],"relics":["Burning Blood","aspiration:DSix","Golden Idol","Bag of Preparation","Odd Mushroom","aspiration:PoetsPen_weak","Sling","Nunchaku","Blood Vial","hubris:HollowSoul","HornCleat","Question Card","Red Skull","WarpedTongs"],"acts_visited":["Exordium","TheCity","TheBeyond"],"potions_floor_usage":[23,23,24,30,35,35,40,45],"damage_taken":[{"damage":3.0,"enemies":"Small Slimes","floor":1.0,"turns":4.0},{"damage":0.0,"enemies":"2 Louse","floor":7.0,"turns":3.0},{"damage":24.0,"enemies":"Lagavulin","floor":8.0,"turns":7.0},{"damage":6.0,"enemies":"Jaw Worm","floor":11.0,"turns":2.0},{"damage":15.0,"enemies":"The Mushroom Lair","floor":12.0,"turns":4.0},{"damage":5.0,"enemies":"Exordium Thugs","floor":14.0,"turns":3.0},{"damage":37.0,"enemies":"Fading Forest","floor":16.0,"turns":11.0},{"damage":15,"enemies":"2 Thieves","floor":18,"turns":3},{"damage":25,"enemies":"3 Byrds","floor":20,"turns":4},{"damage":16,"enemies":"Sentry and Sphere","floor":21,"turns":4},{"damage":5,"enemies":"Chosen and Byrds","floor":22,"turns":6},{"damage":10,"enemies":"Book of Stabbing","floor":23,"turns":5},{"damage":0,"enemies":"Centurion and Healer","floor":24,"turns":4},{"damage":0,"enemies":"Cultist and Chosen","floor":25,"turns":4},{"damage":3,"enemies":"Snake Plant","floor":28,"turns":2},{"damage":5,"enemies":"3 Cultists","floor":29,"turns":3},{"damage":10,"enemies":"Shelled Parasite and Fungi","floor":30,"turns":2},{"damage":20,"enemies":"Centurion and Healer","floor":31,"turns":3},{"damage":54,"enemies":"Automaton","floor":33,"turns":8},{"damage":31,"enemies":"3 Darklings","floor":35,"turns":4},{"damage":16,"enemies":"Orb Walker","floor":38,"turns":2},{"damage":19,"enemies":"Reptomancer","floor":40,"turns":6},{"damage":22,"enemies":"Jaw Worm Horde","floor":42,"turns":4},{"damage":8,"enemies":"Spire Growth","floor":45,"turns":4},{"damage":22,"enemies":"4 Shapes","floor":47,"turns":3},{"damage":25,"enemies":"Transient","floor":48,"turns":5},{"damage":20,"enemies":"Donu and Deca","floor":50,"turns":1}],"seed_played":"-1691322065791819458","potions_obtained":[{"floor":1.0,"key":"Weak Potion"},{"floor":8.0,"key":"FearPotion"},{"floor":11.0,"key":"AttackPotion"},{"floor":12.0,"key":"Explosive Potion"},{"floor":16.0,"key":"Guardian:BlockOnCardUsePotion"},{"floor":21,"key":"PowerPotion"},{"floor":22,"key":"ColorlessPotion"},{"floor":28,"key":"sneckomod:MuddlingPotion"},{"floor":29,"key":"SkillPotion"},{"floor":33,"key":"Block Potion"},{"floor":38,"key":"Weak Potion"},{"floor":42,"key":"sneckomod:MuddlingPotion"},{"floor":47,"key":"construct:ShiftPotion"}],"is_trial":false,"path_per_floor":["M","?","?","?","$","R","M","E","T","R","M","?","R","M","R","B",null,"M","$","M","M","M","E","M","M","T","?","M","M","M","M","R","B",null,"M","?","$","M","?","E","R","M","T","?","M","R","M","M","R","B"],"character_chosen":"IRONCLAD","items_purchased":["Sling","Rampage","Uppercut","HornCleat"],"campfire_rested":4,"item_purchase_floors":[19,19,19,37],"current_hp_per_floor":[80,60,60,60,60,60,66,48,48,72,72,63,63,64,64,43,80,71,71,52,42,43,39,45,51,51,45,50,53,51,39,63,17,80,55,55,55,47,47,36,58,44,44,44,44,66,52,35,57,0,0],"gold":346,"neow_bonus":"DSIX","is_daily":false,"chose_seed":false,"campfire_upgraded":3,"win_rate":0.0,"timestamp":1609913385,"path_taken":["M","?","?","?","$","R","M","E","T","R","M","?","R","M","R","BOSS","M","$","M","M","M","E","M","M","T","?","M","M","M","M","R","BOSS","M","?","$","?","?","E","R","M","T","?","M","R","M","M","R","BOSS"],"items_purchased_type":["Relic","Card","Card","Relic"],"build_version":"2020-12-13","purchased_purges":1,"victory":false,"max_hp_per_floor":[80,80,80,80,80,80,80,80,80,80,80,80,80,80,80,80,80,80,80,80,80,80,80,80,80,80,80,80,80,80,80,80,80,80,80,80,80,80,76,76,76,76,76,76,76,76,76,76,76,76,76],"card_choices":[{"not_picked":["Dark Embrace","Feel No Pain"],"picked":"Armaments","floor":1.0},{"not_picked":["infinitespire:Gouge","ReplayTheSpireMod:Book of Names"],"picked":"Replay:Fractal Strike","floor":2.0},{"not_picked":["Armaments","Clash"],"picked":"Carnage","floor":7.0},{"not_picked":["Evolve","Warcry","Headbutt"],"picked":"SKIP","floor":8.0},{"not_picked":["Headbutt","Body Slam"],"picked":"Shrug It Off","floor":11.0},{"not_picked":["ReplayReversal","ReplayTheSpireMod:Limb From Limb"],"picked":"Run Through","floor":12.0},{"not_picked":["Offering","Wild Strike"],"picked":"Cleave","floor":14.0},{"not_picked":["Sever Soul+1","Massacre"],"picked":"Pommel Strike+1","floor":18},{"not_picked":["Disarm","Replay:Undeath\u0027s Touch"],"picked":"conspire:ExplosiveBarrier","floor":20},{"not_picked":["Heavy Blade","Sever Soul"],"picked":"Clash","floor":21},{"not_picked":["Armaments","Disarm"],"picked":"Clothesline+1","floor":22},{"not_picked":["Offering","Iron Wave+1"],"picked":"conspire:Charge","floor":23},{"not_picked":["Heavy Blade","Thunderclap"],"picked":"ReplayTheSpireMod:Muscle Training+1","floor":24},{"not_picked":["True Grit","Clash","Headbutt"],"picked":"SKIP","floor":25},{"not_picked":["hubris:CleavingFinish","Sword Boomerang+1"],"picked":"ReplayTheSpireMod:Muscle Training+1","floor":28},{"not_picked":["ReplayTheSpireMod:LeadingStrike","Armaments+1"],"picked":"Twin Strike","floor":29},{"not_picked":["Armaments","Carnage+1","Power Through"],"picked":"SKIP","floor":30},{"not_picked":["Twin Strike","Entrench+1","Eclipse"],"picked":"SKIP","floor":31},{"not_picked":["Berserk","Brutality"],"picked":"Demonic Infusion","floor":33},{"not_picked":["ReplayReversal+1","Anger+1"],"picked":"Perfected Strike+1","floor":35},{"not_picked":["Dark Embrace+1","Clash+1"],"picked":"Cleave+1","floor":38},{"not_picked":["Metallicize","Anger","Warcry"],"picked":"SKIP","floor":40},{"not_picked":["Body Slam","Run Through","Massacre"],"picked":"Dropkick","floor":42},{"not_picked":["Blood for Blood","hubris:SharpeningStone","Cleave+1"],"picked":"Flex+1","floor":45},{"not_picked":["Warcry","Thunderclap+1","Sword Boomerang"],"picked":"Clothesline","floor":47},{"not_picked":["ReplayTheSpireMod:Strike From Hell+1","Battle Trance","Cleave"],"picked":"Infernal Blade+1","floor":48}],"player_experience":42162,"relics_obtained":[{"floor":8.0,"key":"Bag of Preparation"},{"floor":12.0,"key":"Odd Mushroom"},{"floor":23,"key":"Nunchaku"},{"floor":26,"key":"Blood Vial"},{"floor":40,"key":"Question Card"},{"floor":43,"key":"Red Skull"}],"event_choices":[{"damage_healed":0.0,"max_hp_gain":0.0,"max_hp_loss":0.0,"gold_gain":0.0,"event_name":"Golden Idol","player_choice":"Take Wound","floor":3.0,"gold_loss":0.0,"damage_taken":0.0,"relics_obtained":["Golden Idol"],"cards_obtained":["Injury"]},{"damage_healed":0.0,"max_hp_gain":0.0,"max_hp_loss":0.0,"gold_gain":0.0,"event_name":"Mushrooms","player_choice":"Fought Mushrooms","floor":12.0,"gold_loss":0.0,"damage_taken":0.0},{"damage_healed":0,"gold_gain":0,"player_choice":"","damage_taken":6,"max_hp_gain":0,"max_hp_loss":0,"event_name":"Knowing Skull","floor":27,"potions_obtained":[],"gold_loss":0,"cards_obtained":[]},{"damage_healed":0,"gold_gain":0,"player_choice":"Ignored","damage_taken":0,"max_hp_gain":0,"max_hp_loss":0,"event_name":"SecretPortal","floor":36,"gold_loss":0},{"damage_healed":0,"gold_gain":0,"player_choice":"Max HP","damage_taken":0,"max_hp_gain":0,"max_hp_loss":4,"event_name":"Winding Halls","floor":39,"gold_loss":0},{"damage_healed":0,"gold_gain":0,"player_choice":"Rummage","damage_taken":0,"relics_obtained":["WarpedTongs"],"max_hp_gain":0,"max_hp_loss":0,"event_name":"Accursed Blacksmith","floor":44,"gold_loss":0,"cards_obtained":["Pain"]}],"is_beta":false,"boss_relics":[{"not_picked":["ReplayTheSpireMod:SealedPack","Empty Cage"],"picked":"aspiration:PoetsPen_weak"},{"not_picked":["Painkiller Herb","Runesmith:UraniumAnvil"],"picked":"hubris:HollowSoul"}],"items_purged_floors":[5],"is_endless":false,"potions_floor_spawned":[1,8,11,12,16,21,22,28,29,33,38,42,47],"killed_by":"Donu and Deca","ascension_level":0}}