{"host":"q8niu1x2pgv94o1d","time":1609948171,"event":{"mods":["AchievementEnabler","BaseMod","Colored Map","Colored Powertips","Minty Spire (QoL Compilation)","StSLib"],"gold_per_floor":[116,116,136,69,82,108,108,183,183,258,273,289,289,289,289,390,390,407,407,279,279,291,291,137,62,62,75,75,75,86,99,99,99,99],"floor_reached":33,"playtime":1485,"items_purged":["Strike_R","Defend_R"],"score":257,"play_id":"7cf25c45-7bd2-412f-8ccd-7e3d94de0c13","local_time":"20210106164931","is_ascension_mode":true,"campfire_choices":[{"data":"Uppercut","floor":7.0,"key":"SMITH"},{"data":"Demon Form","floor":15.0,"key":"SMITH"},{"data":"True Grit","floor":23.0,"key":"SMITH"},{"data":"Armaments","floor":28.0,"key":"SMITH"},{"floor":32,"key":"REST"}],"circlet_count":0,"master_deck":["Strike_R","Strike_R","Defend_R","Defend_R","Bash","Brutality","Sword Boomerang","Uppercut+1","Battle Trance","Immolate","Shrug It Off","Demon Form+1","True Grit+1","RitualDagger","Armaments+1"],"relics":["Burning Blood"],"acts_visited":["Exordium","TheCity"],"potions_floor_usage":[33,33],"damage_taken":[{"damage":6.0,"enemies":"2 Louse","floor":1.0,"turns":3.0},{"damage":1.0,"enemies":"Cultist","floor":3.0,"turns":3.0},{"damage":11.0,"enemies":"Jaw Worm","floor":5.0,"turns":2.0},{"damage":16.0,"enemies":"3 Sentries","floor":6.0,"turns":4.0},{"damage":1.0,"enemies":"2 Fungi Beasts","floor":11.0,"turns":2.0},{"damage":8.0,"enemies":"Red Slaver","floor":12.0,"turns":4.0},{"damage":29.0,"enemies":"Hexaghost","floor":16.0,"turns":6.0},{"damage":19.0,"enemies":"Spheric Guardian","floor":18.0,"turns":4.0},{"damage":23.0,"enemies":"2 Thieves","floor":22.0,"turns":4.0},{"damage":1.0,"enemies":"Snecko","floor":27.0,"turns":3.0},{"damage":20,"enemies":"Colosseum Slavers","floor":29,"turns":6},{"damage":55,"enemies":"Sentry and Sphere","floor":30,"turns":8},{"damage":11,"enemies":"Snake Plant","floor":31,"turns":3},{"damage":42,"enemies":"Collector","floor":33,"turns":6}],"seed_played":"-1545355062587038084","potions_obtained":[{"floor":3.0,"key":"Energy Potion"},{"floor":5.0,"key":"SpeedPotion"},{"floor":16.0,"key":"FairyPotion"},{"floor":27.0,"key":"Strength Potion"},{"floor":31,"key":"Explosive Potion"}],"is_trial":false,"path_per_floor":["M","?","M","$","M","E","R","?","T","?","M","M","T","?","R","B",null,"M","?","$","?","M","R","$","?","T","M","R","?","M","M","R","B"],"character_chosen":"IRONCLAD","items_purchased":["Immolate","True Grit","Armaments"],"campfire_rested":1,"item_purchase_floors":[4,20,24],"current_hp_per_floor":[80,80,80,80,75,65,65,54,54,46,51,49,49,49,49,26,80,67,67,67,61,44,44,44,44,44,49,49,35,16,11,35,0,0],"gold":99,"neow_bonus":"TRANSFORM_CARD","is_daily":false,"chose_seed":false,"campfire_upgraded":4,"win_rate":0.0,"timestamp":1609948171,"path_taken":["M","?","M","$","?","E","R","?","T","?","?","M","?","?","R","BOSS","M","?","$","?","M","R","$","?","T","M","R","?","M","M","R","BOSS"],"items_purchased_type":["Card","Card","Card"],"build_version":"2020-12-22","purchased_purges":2,"victory":false,"max_hp_per_floor":[80,80,80,80,80,80,80,80,80,80,80,80,80,80,80,80,80,80,80,80,80,80,80,80,80,80,80,80,80,80,80,80,80,80],"card_choices":[{"not_picked":["True Grit","Headbutt"],"picked":"Sword Boomerang","floor":1.0},{"not_picked":["Shockwave","True Grit"],"picked":"Battle Trance","floor":3.0},{"not_picked":["Body Slam","Iron Wave","Combust"],"picked":"SKIP","floor":5.0},{"not_picked":["Sword Boomerang","Heavy Blade"],"picked":"Shrug It Off","floor":6.0},{"not_picked":["Cleave","Rage"],"picked":"Demon Form","floor":11.0},{"not_picked":["Wild Strike","Sword Boomerang","Body Slam"],"picked":"SKIP","floor":12.0},{"not_picked":["Dark Embrace+1","Havoc","Burning Pact"],"picked":"SKIP","floor":18.0},{"not_picked":["Perfected Strike","Burning Pact","Sword Boomerang+1"],"picked":"SKIP","floor":22.0},{"not_picked":["Spot Weakness","Bloodletting+1","Wild Strike"],"picked":"SKIP","floor":27.0},{"not_picked":["Pommel Strike","True Grit","Intimidate+1"],"picked":"SKIP","floor":30},{"not_picked":["Anger","Headbutt","True Grit"],"picked":"SKIP","floor":31}],"player_experience":1754311,"relics_obtained":[],"event_choices":[{"damage_healed":0.0,"max_hp_gain":0.0,"max_hp_loss":0.0,"gold_gain":0.0,"cards_transformed":["Strike_R"],"event_name":"Transmorgrifier","player_choice":"Transformed","floor":2.0,"gold_loss":0.0,"damage_taken":0.0,"cards_obtained":["Uppercut"]},{"damage_healed":0.0,"max_hp_gain":0.0,"max_hp_loss":0.0,"gold_gain":75.0,"event_name":"World of Goop","player_choice":"Gather Gold","floor":8.0,"gold_loss":0.0,"damage_taken":11.0},{"damage_healed":0.0,"max_hp_gain":0.0,"max_hp_loss":0.0,"gold_gain":75.0,"event_name":"FaceTrader","player_choice":"Touch","floor":10.0,"gold_loss":0.0,"damage_taken":8.0},{"damage_healed":0.0,"max_hp_gain":0.0,"max_hp_loss":0.0,"gold_gain":0.0,"event_name":"Scrap Ooze","player_choice":"Fled","floor":14.0,"gold_loss":0.0,"damage_taken":0.0},{"damage_healed":0.0,"max_hp_gain":0.0,"max_hp_loss":0.0,"gold_gain":0.0,"event_name":"Nest","player_choice":"Joined the Cult","floor":21.0,"gold_loss":0.0,"damage_taken":6.0,"cards_obtained":["RitualDagger"]},{"cards_removed":["Strike_R"],"damage_healed":0.0,"max_hp_gain":0.0,"max_hp_loss":0.0,"gold_gain":0.0,"event_name":"Beggar","player_choice":"Gave Gold","floor":25.0,"gold_loss":75.0,"damage_taken":0.0},{"damage_healed":0,"gold_gain":0,"player_choice":"Fight","damage_taken":0,"max_hp_gain":0,"max_hp_loss":0,"event_name":"Colosseum","floor":29,"gold_loss":0},{"damage_healed":0,"gold_gain":0,"player_choice":"Fled From Nobs","damage_taken":0,"max_hp_gain":0,"max_hp_loss":0,"event_name":"Colosseum","floor":29,"gold_loss":0}],"is_beta":false,"boss_relics":[{"not_picked":["Fusion Hammer","Ectoplasm","Coffee Dripper"]}],"items_purged_floors":[20,24],"is_endless":false,"potions_floor_spawned":[3,5,16,27,31],"killed_by":"Collector","ascension_level":1}}