{"host":"9l4mw5jqza9qz9hr","time":1609918699,"event":{"mods":["AchievementEnabler","Always Whale","BaseMod","Colored Map","Minty Spire (QoL Compilation)","StSLib","SuperFastMode"],"gold_per_floor":[114,129,144,144,159,159,174,189,264,264,264,264,66,96,96,196,196,211,226,226,241,241,241,256,271,296,296,57,72,102,117,117,217,217,232,232,247,262,277,277,64,100,150,165,165,180,180,210,210,210],"floor_reached":51,"playtime":1529,"items_purged":["Strike_P","Defend_P","Defend_P"],"score":978,"play_id":"b0ebb41c-8425-4e73-8757-841f45f5cc41","local_time":"20210106163819","daily_mods":["Cursed Run","Uncertain Future","Binary"],"is_ascension_mode":false,"campfire_choices":[{"data":"Eruption","floor":6.0,"key":"SMITH"},{"data":"WheelKick","floor":11.0,"key":"SMITH"},{"data":"MentalFortress","floor":15.0,"key":"SMITH"},{"data":"ConjureBlade","floor":23.0,"key":"SMITH"},{"data":"Halt","floor":32.0,"key":"SMITH"},{"floor":45,"key":"REST"},{"floor":47,"key":"REST"},{"data":"MentalFortress","floor":49,"key":"SMITH"}],"circlet_count":0,"master_deck":["Eruption+1","Vigilance+1","EmptyFist+1","Consecrate+1","Protect+1","WheelKick+1","Clumsy","MentalFortress+1","WheelKick+1","Halt+1","Pain","ConjureBlade+1","Wireheading+1","ForeignInfluence+1","LessonLearned+1","EmptyBody+1","Parasite","Writhe","Injury","Pray+1","Injury","Ragnarok+1","Enlightenment+1","Parasite","Evaluate+1","MentalFortress+1","Normality"],"relics":["Cursed Key","Darkstone Periapt","Du-Vu Doll","Matryoshka","PreservedInsect","Astrolabe","Oddly Smooth Stone","Eternal Feather","Happy Flower","Bottled Lightning","Pen Nib","Membership Card","Regal Pillow","Sozu","Chemical X","Art of War","Unceasing Top","Whetstone","Strawberry"],"acts_visited":["Exordium","TheCity","TheBeyond"],"potions_floor_usage":[50,50],"damage_taken":[{"damage":0.0,"enemies":"Small Slimes","floor":1.0,"turns":2.0},{"damage":5.0,"enemies":"2 Louse","floor":2.0,"turns":2.0},{"damage":0.0,"enemies":"Cultist","floor":3.0,"turns":3.0},{"damage":0.0,"enemies":"2 Fungi Beasts","floor":5.0,"turns":3.0},{"damage":2.0,"enemies":"Blue Slaver","floor":7.0,"turns":4.0},{"damage":0.0,"enemies":"Exordium Wildlife","floor":8.0,"turns":2.0},{"damage":0.0,"enemies":"Lagavulin","floor":14.0,"turns":4.0},{"damage":39.0,"enemies":"The Guardian","floor":16.0,"turns":5.0},{"damage":3.0,"enemies":"Spheric Guardian","floor":18.0,"turns":2.0},{"damage":17.0,"enemies":"3 Byrds","floor":19.0,"turns":4.0},{"damage":7.0,"enemies":"Snecko","floor":21.0,"turns":3.0},{"damage":4.0,"enemies":"Sentry and Sphere","floor":24.0,"turns":3.0},{"damage":0.0,"enemies":"3 Cultists","floor":25.0,"turns":1.0},{"damage":12.0,"enemies":"Centurion and Healer","floor":29.0,"turns":3.0},{"damage":0.0,"enemies":"Gremlin Leader","floor":30.0,"turns":2.0},{"damage":1.0,"enemies":"Snake Plant","floor":31.0,"turns":2.0},{"damage":4.0,"enemies":"Automaton","floor":33.0,"turns":6.0},{"damage":10.0,"enemies":"Orb Walker","floor":35.0,"turns":2.0},{"damage":0.0,"enemies":"3 Shapes","floor":37.0,"turns":2.0},{"damage":9.0,"enemies":"3 Darklings","floor":38.0,"turns":4.0},{"damage":21.0,"enemies":"Sphere and 2 Shapes","floor":39.0,"turns":4.0},{"damage":39,"enemies":"2 Orb Walkers","floor":42,"turns":6},{"damage":5,"enemies":"Transient","floor":44,"turns":5},{"damage":14,"enemies":"Jaw Worm Horde","floor":46,"turns":3},{"damage":5,"enemies":"Reptomancer","floor":48,"turns":2},{"damage":60,"enemies":"Awakened One","floor":50,"turns":6}],"seed_played":"-5218424555718163201","potions_obtained":[{"floor":2.0,"key":"Regen Potion"},{"floor":3.0,"key":"Ancient Potion"},{"floor":7.0,"key":"Fire Potion"},{"floor":14.0,"key":"StancePotion"},{"floor":24.0,"key":"Ancient Potion"},{"floor":29.0,"key":"GamblersBrew"},{"floor":31.0,"key":"Block Potion"}],"is_trial":false,"path_per_floor":["M","M","M","?","M","R","M","M","T","?","R","?","$","E","R","B",null,"M","M","T","M","?","R","M","M","T","?","$","M","E","M","R","B",null,"M","?","M","M","M","?","$","?","T","M","R","M","R","E","R","B",null],"character_chosen":"WATCHER","items_purchased":["MentalFortress","WheelKick","Membership Card","Pray","Chemical X","Art of War"],"campfire_rested":2,"item_purchase_floors":[13,13,28,28,41,41],"current_hp_per_floor":[72,67,67,72,72,72,70,70,76,76,76,76,76,76,76,43,89,86,69,75,68,74,86,82,82,88,88,88,85,85,84,96,98,113,103,103,103,94,73,73,73,34,40,35,97,83,119,121,126,72],"gold":210,"neow_bonus":"","is_daily":true,"chose_seed":false,"campfire_upgraded":6,"win_rate":0.0,"timestamp":1609918699,"path_taken":["M","M","M","?","M","R","M","M","T","?","R","?","$","E","R","BOSS","M","M","?","M","?","R","M","M","T","?","$","M","E","M","R","BOSS","M","?","M","M","M","?","$","?","T","M","R","M","R","E","R","BOSS"],"items_purchased_type":["Card","Card","Relic","Card","Relic","Relic"],"build_version":"2020-12-22","purchased_purges":3,"victory":true,"max_hp_per_floor":[72,72,72,77,77,77,77,77,83,83,83,83,83,83,83,89,89,89,89,95,95,101,101,101,101,107,107,107,107,107,107,107,113,113,113,113,113,113,113,113,113,113,119,119,119,119,119,126,126,132],"card_choices":[{"not_picked":["CutThroughFate"],"picked":"EmptyFist","floor":1.0},{"not_picked":["PathToVictory","Sanctity"],"picked":"SKIP","floor":2.0},{"not_picked":["ThirdEye"],"picked":"Consecrate","floor":3.0},{"not_picked":["PathToVictory","Indignation"],"picked":"SKIP","floor":5.0},{"not_picked":["Indignation"],"picked":"Protect","floor":7.0},{"not_picked":["Brilliance"],"picked":"WheelKick","floor":8.0},{"not_picked":["FollowUp"],"picked":"Halt","floor":14.0},{"not_picked":["Omniscience"],"picked":"ConjureBlade","floor":16.0},{"not_picked":["Consecrate+1"],"picked":"EmptyBody","floor":18.0},{"not_picked":["Collect","EmptyFist"],"picked":"SKIP","floor":19.0},{"not_picked":["EmptyBody","Consecrate"],"picked":"SKIP","floor":21.0},{"not_picked":["Tantrum","JustLucky"],"picked":"SKIP","floor":24.0},{"not_picked":["FlyingSleeves","ClearTheMind"],"picked":"SKIP","floor":25.0},{"not_picked":["BowlingBash","Conclude"],"picked":"SKIP","floor":29.0},{"not_picked":["ReachHeaven","FlyingSleeves"],"picked":"SKIP","floor":30.0},{"not_picked":["Prostrate","FlurryOfBlows"],"picked":"SKIP","floor":31.0},{"not_picked":["DevaForm"],"picked":"Ragnarok","floor":33.0},{"not_picked":["ClearTheMind+1","Swivel"],"picked":"SKIP","floor":35.0},{"not_picked":["SashWhip","Swivel+1"],"picked":"SKIP","floor":37.0},{"not_picked":["SashWhip+1","Evaluate+1"],"picked":"SKIP","floor":38.0},{"not_picked":["Worship+1","WindmillStrike"],"picked":"SKIP","floor":39.0},{"not_picked":["Deep Breath"],"picked":"Enlightenment","floor":40.0},{"not_picked":["Prostrate","ClearTheMind"],"picked":"SKIP","floor":44},{"not_picked":["FollowUp"],"picked":"Evaluate+1","floor":46},{"not_picked":["Collect+1"],"picked":"MentalFortress","floor":48}],"player_experience":186957,"relics_obtained":[{"floor":9.0,"key":"Matryoshka"},{"floor":14.0,"key":"PreservedInsect"},{"floor":20.0,"key":"Oddly Smooth Stone"},{"floor":20.0,"key":"Eternal Feather"},{"floor":26.0,"key":"Bottled Lightning"},{"floor":26.0,"key":"Pen Nib"},{"floor":30.0,"key":"Regal Pillow"},{"floor":42,"key":"Unceasing Top"},{"floor":43,"key":"Whetstone"},{"floor":48,"key":"Strawberry"}],"event_choices":[{"damage_healed":0.0,"max_hp_gain":5.0,"max_hp_loss":0.0,"gold_gain":0.0,"event_name":"Big Fish","player_choice":"Donut","floor":4.0,"gold_loss":0.0,"damage_taken":0.0},{"cards_removed":["Strike_P"],"damage_healed":0.0,"max_hp_gain":0.0,"max_hp_loss":0.0,"gold_gain":0.0,"event_name":"Living Wall","player_choice":"Forget","floor":10.0,"gold_loss":0.0,"damage_taken":0.0},{"cards_removed":["Strike_P"],"damage_healed":0.0,"max_hp_gain":0.0,"max_hp_loss":0.0,"gold_gain":0.0,"event_name":"Bonfire Elementals","player_choice":"Offered Basic","floor":12.0,"gold_loss":0.0,"damage_taken":0.0},{"damage_healed":0.0,"max_hp_gain":0.0,"max_hp_loss":0.0,"gold_gain":0.0,"event_name":"The Mausoleum","player_choice":"Opened","floor":22.0,"gold_loss":0.0,"damage_taken":0.0,"relics_obtained":["Happy Flower"],"cards_obtained":["Writhe"]},{"damage_healed":0.0,"max_hp_gain":0.0,"max_hp_loss":0.0,"gold_gain":0.0,"event_name":"Vampires","player_choice":"Ignored","floor":27.0,"gold_loss":0.0,"damage_taken":0.0},{"damage_healed":0.0,"max_hp_gain":0.0,"max_hp_loss":0.0,"gold_gain":0.0,"event_name":"Tomb of Lord Red Mask","player_choice":"Ignored","floor":36.0,"gold_loss":0.0,"damage_taken":0.0},{"damage_healed":0.0,"max_hp_gain":0.0,"max_hp_loss":0.0,"gold_gain":0.0,"event_name":"SensoryStone","player_choice":"Memory 1","floor":40.0,"gold_loss":0.0,"damage_taken":0.0},{"damage_healed":0,"gold_gain":0,"player_choice":"Fight","damage_taken":0,"max_hp_gain":0,"max_hp_loss":0,"event_name":"Mysterious Sphere","floor":42,"gold_loss":0}],"is_beta":false,"boss_relics":[{"not_picked":["Philosopher\u0027s Stone","Fusion Hammer"],"picked":"Astrolabe"},{"not_picked":["Snecko Eye","Busted Crown"],"picked":"Sozu"}],"items_purged_floors":[13,28,41],"is_endless":false,"potions_floor_spawned":[2,3,7,14,16,19,24,29,31,38,42,44,48],"ascension_level":0}}