{"host":"dmdprxj8bosbz96f","time":1609949454,"event":{"mods":["AchievementEnabler","BaseMod","Colored Map","DeckTracker","Minty Spire (QoL Compilation)","Quick Restart","SuperFastMode","everything is the same but u backflip on backflip"],"gold_per_floor":[119,119,135,147,162,162,162,197,271,271,283,283,309,333,345,460,472,456,468,57,57,74,74,74],"floor_reached":23,"playtime":742,"items_purged":["Defend_G"],"score":206,"play_id":"6df0df48-dd34-435f-b4da-375b2746e212","local_time":"20210107011054","is_ascension_mode":true,"campfire_choices":[{"data":"Neutralize","floor":6,"key":"SMITH"},{"data":"Prepared","floor":10,"key":"SMITH"},{"floor":15,"key":"REST"}],"circlet_count":0,"master_deck":["Strike_G","Strike_G","Strike_G+1","Strike_G","Strike_G","Defend_G","Defend_G","Defend_G","Defend_G","Survivor+1","Neutralize+1","Noxious Fumes+1","Footwork","Outmaneuver","Prepared","Prepared+1","Blur+1","Reflex","Dagger Throw","Wraith Form v2","Tactician+1","Deadly Poison","Acrobatics","Dagger Throw","Accuracy","Deflect","Die Die Die","Blade Dance","Concentrate"],"relics":["Ring of the Snake","NeowsBlessing","Gambling Chip","Singing Bowl","MawBank","WristBlade","Letter Opener","Orrery"],"acts_visited":["Exordium","TheCity"],"potions_floor_usage":[8,8,13,16,22],"damage_taken":[{"damage":0,"enemies":"Small Slimes","floor":1,"turns":1},{"damage":0,"enemies":"Cultist","floor":3,"turns":1},{"damage":0,"enemies":"Jaw Worm","floor":4,"turns":1},{"damage":0,"enemies":"2 Fungi Beasts","floor":5,"turns":5},{"damage":15,"enemies":"Lagavulin","floor":8,"turns":8},{"damage":4,"enemies":"Exordium Thugs","floor":11,"turns":6},{"damage":3,"enemies":"3 Sentries","floor":13,"turns":7},{"damage":0,"enemies":"Large Slime","floor":14,"turns":7},{"damage":20,"enemies":"The Guardian","floor":16,"turns":12},{"damage":22,"enemies":"2 Thieves","floor":18,"turns":5},{"damage":12,"enemies":"Chosen","floor":22,"turns":3},{"damage":34,"enemies":"Gremlin Leader","floor":23,"turns":3}],"seed_played":"-7786106179967934314","potions_obtained":[{"floor":1,"key":"SkillPotion"},{"floor":4,"key":"EssenceOfSteel"},{"floor":8,"key":"Energy Potion"},{"floor":13,"key":"Weak Potion"},{"floor":16,"key":"DistilledChaos"}],"is_trial":false,"path_per_floor":["M","?","M","M","M","R","?","E","T","R","M","?","E","M","R","B",null,"M","?","$","?","M","E"],"character_chosen":"THE_SILENT","items_purchased":["Deadly Poison","Acrobatics","Dagger Throw","Accuracy","Orrery"],"campfire_rested":1,"item_purchase_floors":[20,20,20,20,20],"current_hp_per_floor":[70,70,70,70,70,70,56,41,41,41,37,37,34,34,55,35,61,39,39,43,43,31,0,0],"gold":74,"neow_bonus":"THREE_ENEMY_KILL","is_daily":false,"chose_seed":false,"campfire_upgraded":2,"win_rate":0.0,"timestamp":1609949454,"path_taken":["M","?","?","M","M","R","?","E","T","R","M","?","E","M","R","BOSS","M","?","$","?","M","E"],"items_purchased_type":["Card","Card","Card","Card","Relic"],"build_version":"2020-12-22","purchased_purges":1,"victory":false,"max_hp_per_floor":[70,70,70,70,70,70,70,70,70,70,70,70,70,70,70,70,70,70,70,74,74,74,74,74],"card_choices":[{"not_picked":["Heel Hook","Terror"],"picked":"Noxious Fumes","floor":1},{"not_picked":["Deflect","Predator"],"picked":"Footwork","floor":3},{"not_picked":["Underhanded Strike","Outmaneuver","Distraction"],"picked":"SKIP","floor":4},{"not_picked":["Underhanded Strike","Distraction"],"picked":"Outmaneuver","floor":4},{"not_picked":["Malaise","Accuracy"],"picked":"Prepared","floor":5},{"not_picked":["Outmaneuver","Escape Plan"],"picked":"Prepared","floor":8},{"not_picked":["Blade Dance","Acrobatics"],"picked":"Blur","floor":11},{"not_picked":["Terror","Blade Dance"],"picked":"Reflex","floor":13},{"not_picked":["Blade Dance","Bane"],"picked":"Dagger Throw","floor":14},{"not_picked":["After Image","Adrenaline"],"picked":"Wraith Form v2","floor":16},{"not_picked":["Quick Slash","Bouncing Flask"],"picked":"Tactician+1","floor":18},{"not_picked":["Backstab","All Out Attack","Skewer"],"picked":"Singing Bowl","floor":20},{"not_picked":["Slice+1","Accuracy"],"picked":"Deflect","floor":20},{"not_picked":["Endless Agony","Sucker Punch","Prepared"],"picked":"Singing Bowl","floor":20},{"not_picked":["Backstab+1","Well Laid Plans+1"],"picked":"Die Die Die","floor":20},{"not_picked":["Terror+1","Dagger Throw"],"picked":"Blade Dance","floor":20},{"not_picked":["Skewer","Expertise"],"picked":"Concentrate","floor":22}],"player_experience":104951,"relics_obtained":[{"floor":8,"key":"Gambling Chip"},{"floor":9,"key":"Singing Bowl"},{"floor":13,"key":"MawBank"}],"event_choices":[{"damage_healed":0,"gold_gain":0,"player_choice":"Upgraded","damage_taken":0,"max_hp_gain":0,"max_hp_loss":0,"event_name":"Upgrade Shrine","floor":2,"gold_loss":0,"cards_upgraded":["Noxious Fumes"]},{"damage_healed":0,"gold_gain":0,"player_choice":"Entered Light","damage_taken":14,"max_hp_gain":0,"max_hp_loss":0,"event_name":"Shining Light","floor":7,"gold_loss":0,"cards_upgraded":["Strike_G","Survivor"]},{"damage_healed":0,"gold_gain":0,"player_choice":"Grow","damage_taken":0,"max_hp_gain":0,"max_hp_loss":0,"event_name":"Living Wall","floor":12,"gold_loss":0,"cards_upgraded":["Blur"]},{"damage_healed":0,"gold_gain":0,"player_choice":"Opened","damage_taken":0,"relics_obtained":["Letter Opener"],"max_hp_gain":0,"max_hp_loss":0,"event_name":"The Mausoleum","floor":19,"gold_loss":0},{"damage_healed":0,"gold_gain":0,"player_choice":"Ignored","damage_taken":0,"max_hp_gain":0,"max_hp_loss":0,"event_name":"Cursed Tome","floor":21,"gold_loss":0}],"is_beta":false,"boss_relics":[{"not_picked":["Astrolabe","Fusion Hammer"],"picked":"WristBlade"}],"items_purged_floors":[20],"is_endless":false,"potions_floor_spawned":[1,4,8,13,16],"killed_by":"Gremlin Leader","ascension_level":5}}