{"host":"792mtbovsoa03nb3","time":1609901152,"event":{"mods":["BaseMod","BetterRewards","Colored Map","Curses Come First","Dota2Spire","Downfall","Ekko","Evolution","Hubris","Infinite Spire","Minty Spire (QoL Compilation)","Replay The Spire","Spicy Shops","StSLib","The Blue Laboratory","The Jungle","??????REMEMod"],"gold_per_floor":[113,113,16,16,30,30,50,83,83,83,258,35,62,79,79,174,174,192,192,203,221,233,258,285,36,36,49,76,76,106,106,106,207,207,218,18,33,51,67,98,98,132,212,243,243,243,243,243],"floor_reached":47,"playtime":2538,"items_purged":[],"score":976,"play_id":"3190cde4-ecf3-4558-b2d6-9a0695943586","local_time":"20210105184552","is_ascension_mode":true,"campfire_choices":[{"data":"REME_Flogging","floor":6,"key":"SMITH"},{"data":"Chill","floor":10,"key":"SMITH"},{"data":"Electrodynamics","floor":15,"key":"SMITH"},{"data":"Loop","floor":29,"key":"SMITH"},{"floor":32,"key":"REST"},{"data":"Sunder","floor":41,"key":"SMITH"},{"floor":45,"key":"REST"}],"circlet_count":0,"master_deck":["Zap","Dualcast","REME_Flogging+1","Offering","Leap","Sweeping Beam","Coolheaded+1","Chill+1","Streamline","Sunder+1","Sunder","Redo","Electrodynamics+1","Fission","Amplify+1","Genetic Algorithm+1","Double Energy","Buffer","Creative AI","ReplaySolidLightProjector","All For One","Conserve Battery","Crystallizer+1","hubris:PowerSurge+1","White Noise+1","Loop+1","Double Energy","Chill+1","Conserve Battery+1","Skim","BasicCrystalCard","Crystallizer","Streamline","Capacitor","Aggregate+1","Capacitor+1","Capacitor+1","Core Surge"],"relics":["Cracked Core","EVO:Axolotl","REME_ComplimentaryCards","WingedGreaves","Orichalcum","infinitespire:WardingShard","Pandora\u0027s Box","hubris:AstralHammer","Geode","Dota2Spire:CrimsonGuard","Blood Vial","War Paint","Replay:Ringing Soul","MutagenicStrength","ChewingGum","Dota2Spire:AghanimScepter","Dota2Spire:LotusOrb","REME_LimitBreaker","Replay:Wax Seal"],"acts_visited":["Exordium","TheCity","TheBeyond"],"potions_floor_usage":[33,42,44,44,44],"damage_taken":[{"damage":3,"enemies":"2 Louse","floor":1,"turns":3},{"damage":0,"enemies":"Small Slimes","floor":5,"turns":2},{"damage":0,"enemies":"Jaw Worm","floor":7,"turns":3},{"damage":6,"enemies":"3 Sentries","floor":8,"turns":4},{"damage":12,"enemies":"Gremlin Nob","floor":13,"turns":3},{"damage":10,"enemies":"Large Slime","floor":14,"turns":3},{"damage":6,"enemies":"Slime Boss","floor":16,"turns":4},{"damage":0,"enemies":"3 Byrds","floor":18,"turns":1},{"damage":0,"enemies":"Spheric Guardian","floor":20,"turns":3},{"damage":0,"enemies":"Centurion and Healer","floor":21,"turns":4},{"damage":6,"enemies":"Snake Plant","floor":22,"turns":2},{"damage":14,"enemies":"Slavers","floor":23,"turns":4},{"damage":23,"enemies":"Book of Stabbing","floor":24,"turns":4},{"damage":6,"enemies":"3 Cultists","floor":27,"turns":3},{"damage":6,"enemies":"Slavers","floor":28,"turns":2},{"damage":22,"enemies":"Book of Stabbing","floor":30,"turns":5},{"damage":29,"enemies":"hubris:MusketHawk","floor":33,"turns":8},{"damage":6,"enemies":"3 Shapes","floor":35,"turns":3},{"damage":6,"enemies":"Orb Walker","floor":37,"turns":2},{"damage":6,"enemies":"Maw","floor":38,"turns":5},{"damage":6,"enemies":"Writhing Mass","floor":39,"turns":3},{"damage":40,"enemies":"R_Hoarder","floor":40,"turns":7},{"damage":0,"enemies":"Reptomancer","floor":42,"turns":5},{"damage":34,"enemies":"Nemesis","floor":44,"turns":5},{"damage":71,"enemies":"Giant Head","floor":47,"turns":7}],"seed_played":"3401705119955964326","potions_obtained":[{"floor":1,"key":"Elixir"},{"floor":5,"key":"Adrenaline Potion"},{"floor":13,"key":"Dexterity Potion"},{"floor":33,"key":"champ:CounterPotion"},{"floor":42,"key":"blueLaboratory:BottledHope"}],"is_trial":false,"path_per_floor":["M","?","$","?","M","R","M","E","T","R","?","$","E","M","R","B",null,"M","?","M","M","M","E","E","$","T","M","E","R","E","?","R","B",null,"M","$","M","M","M","E","R","E","T","E","R","?","E"],"character_chosen":"DEFECT","items_purchased":["Sweeping Beam","Coolheaded+1","Sunder","Orichalcum","Dota2Spire:CrimsonGuard","BasicCrystalCard","Crystallizer","Streamline"],"campfire_rested":2,"item_purchase_floors":[3,3,12,12,25,36,36,36],"current_hp_per_floor":[72,65,65,65,65,65,65,59,59,59,59,59,47,37,37,31,75,75,85,85,85,79,65,42,42,42,38,34,34,17,17,43,16,88,85,88,87,86,85,47,47,52,52,23,55,55,0,0],"gold":243,"neow_bonus":"RANDOM_COLORLESS_2","is_daily":false,"chose_seed":false,"campfire_upgraded":5,"win_rate":0.0,"timestamp":1609901152,"path_taken":["M","?","$","?","M","R","M","E","T","R","?","$","E","M","R","BOSS","M","?","?","M","M","E","E","$","T","M","E","R","E","?","R","BOSS","M","$","M","M","M","E","R","E","T","E","R","?","E"],"items_purchased_type":["Card","Card","Card","Relic","Relic","Card","Card","Card"],"build_version":"2020-12-22","purchased_purges":0,"victory":false,"max_hp_per_floor":[75,75,75,75,75,75,75,75,75,75,75,75,75,75,75,75,75,75,85,85,85,85,85,85,85,85,85,85,85,88,88,88,88,88,91,94,97,100,103,103,103,106,106,109,109,106,106,106],"card_choices":[{"not_picked":["ReplayTheSpireMod:Brewmster","The Bomb"],"picked":"REME_Flogging","floor":0},{"not_picked":["Turbo","Go for the Eyes"],"picked":"Leap","floor":1},{"not_picked":["Lockon","Compile Driver"],"picked":"Chill","floor":5},{"not_picked":["Turbo","REME_Whirling"],"picked":"Streamline","floor":7},{"not_picked":["Sweeping Beam","Stack","Go for the Eyes"],"picked":"SKIP","floor":8},{"not_picked":["Steam Power","Steam"],"picked":"Redo","floor":13},{"not_picked":["Coolheaded","Redo"],"picked":"Electrodynamics","floor":14},{"not_picked":["REME_ForAll","Amplify"],"picked":"Fission","floor":16},{"not_picked":["Gash","Leap"],"picked":"Conserve Battery","floor":18},{"not_picked":["Turbo+1","Sweeping Beam","Leap","Streamline"],"picked":"Crystallizer+1","floor":20},{"not_picked":["Steam Power+1","Ball Lightning"],"picked":"hubris:PowerSurge+1","floor":21},{"not_picked":["Compile Driver","Stack+1","Cold Snap+1"],"picked":"SKIP","floor":22},{"not_picked":["Steam Power+1","Cold Snap"],"picked":"White Noise+1","floor":23},{"not_picked":["REME_SelfUpgrade","Steam+1"],"picked":"Loop","floor":24},{"not_picked":["Recycle","Conserve Battery"],"picked":"Double Energy","floor":27},{"not_picked":["ReplaySolidLightProjector+1","Double Energy+1"],"picked":"Chill+1","floor":28},{"not_picked":["Leap","Reboot"],"picked":"Conserve Battery+1","floor":30},{"not_picked":["Conserve Battery+1","Hologram+1"],"picked":"Skim","floor":35},{"not_picked":["Cold Snap+1","Hologram+1"],"picked":"Capacitor","floor":37},{"not_picked":["Steam","Stack+1"],"picked":"Aggregate+1","floor":38},{"not_picked":["Leap","Heatsinks"],"picked":"Capacitor+1","floor":39},{"not_picked":["Reprogram+1","Blizzard+1","Redo"],"picked":"SKIP","floor":40},{"not_picked":["Leap+1","Double Energy+1","Coolheaded"],"picked":"Capacitor+1","floor":42},{"not_picked":["Sweeping Beam+1","Gash+1"],"picked":"Core Surge","floor":44}],"player_experience":847826,"relics_obtained":[{"floor":8,"key":"WingedGreaves"},{"floor":13,"key":"infinitespire:WardingShard"},{"floor":23,"key":"hubris:AstralHammer"},{"floor":24,"key":"Geode"},{"floor":26,"key":"Blood Vial"},{"floor":28,"key":"War Paint"},{"floor":30,"key":"Replay:Ringing Soul"},{"floor":40,"key":"Dota2Spire:AghanimScepter"},{"floor":42,"key":"Dota2Spire:LotusOrb"},{"floor":43,"key":"REME_LimitBreaker"},{"floor":44,"key":"Replay:Wax Seal"}],"event_choices":[{"cards_removed":["infinitespire:Pacifist"],"damage_healed":0,"gold_gain":0,"player_choice":"Card Removal","damage_taken":7,"max_hp_gain":0,"max_hp_loss":0,"event_name":"Golden Wing","floor":2,"gold_loss":0},{"damage_healed":0,"gold_gain":175,"player_choice":"AGREE","damage_taken":0,"max_hp_gain":0,"max_hp_loss":0,"event_name":"Liars Game","floor":11,"gold_loss":0,"cards_obtained":["Doubt"]},{"cards_removed":["ReplayRNGCard"],"damage_healed":0,"gold_gain":0,"player_choice":"Offered Rare","damage_taken":0,"max_hp_gain":10,"max_hp_loss":0,"event_name":"Bonfire Elementals","floor":19,"gold_loss":0},{"damage_healed":0,"gold_gain":0,"player_choice":"Inject Mutagens","damage_taken":0,"relics_obtained":["MutagenicStrength"],"max_hp_gain":0,"max_hp_loss":0,"event_name":"Drug Dealer","floor":31,"gold_loss":0},{"cards_removed":["Parasite","Doubt"],"damage_healed":0,"gold_gain":0,"player_choice":"Removed Curses","damage_taken":0,"max_hp_gain":0,"max_hp_loss":0,"event_name":"Fountain of Cleansing","floor":46,"gold_loss":0}],"is_beta":false,"boss_relics":[{"not_picked":["Fusion Hammer","Nuclear Battery"],"picked":"Pandora\u0027s Box"},{"not_picked":["Replay:Drink Me","hubris:GrandSneckoEye"],"picked":"ChewingGum"}],"items_purged_floors":[],"is_endless":false,"potions_floor_spawned":[1,5,13,18,21,24,27,28,33,35,38,40,42],"killed_by":"Giant Head","ascension_level":4}}