{"host":"c7y19xegjhmhlks5","time":1609970305,"event":{"mods":["AchievementEnabler","BaseMod","Better Note","Block Reminder","Colored Map","Downfall","Highlight Path","Infinite Spire","Minty Spire (QoL Compilation)","Replay The Spire","StSLib","everything is the same but u backflip on backflip"],"gold_per_floor":[99,118,135,135,154,154,154,91,107,123,134,162,162,226,244,343,343,343,361,373,373,386,2,2,102,128,188,188,28,28,57,68,165,165,165,215,265,280,291,326,396,396,410,410,410,420,420,109,109,64,82,82],"floor_reached":53,"playtime":7885,"items_purged":[],"score":754,"play_id":"48aa085a-02e7-4b7e-b9ab-241e89c66dfc","local_time":"20210106165825","is_ascension_mode":false,"campfire_choices":[{"floor":1.0,"key":"RECALL"},{"data":"Slimebound:LeadByExample","floor":6.0,"key":"SMITH"},{"data":"Slimebound:FormOfPuddle","floor":13.0,"key":"SMITH"},{"data":"Slimebound:TongueLash","floor":18.0,"key":"SMITH"},{"data":"Slimebound:Replication","floor":28.0,"key":"SMITH"},{"data":"Slimebound:ComboTackle","floor":30.0,"key":"SMITH"},{"data":"Slimebound:OozeBath","floor":35,"key":"SMITH"},{"floor":42,"key":"REST"},{"floor":47,"key":"REST"},{"data":"Slimebound:Darklings","floor":49,"key":"SMITH"}],"circlet_count":0,"master_deck":["Slimebound:Strike_Slimebound","Slimebound:Strike_Slimebound","Slimebound:Strike_Slimebound","Slimebound:Tackle","Slimebound:Defend_Slimebound","Slimebound:Defend_Slimebound","Slimebound:Defend_Slimebound","Slimebound:Split+1","Slimebound:CorrosiveSpit","Slimebound:Gluttony","Slimebound:ItLooksTasty","Slimebound:LeadByExample+1","Slimebound:LivingWall","Slimebound:LeechingTouch","Slimebound:FormOfPuddle+1","Slimebound:SpikyOuterGoop","Slimebound:Overexert","Slimebound:TongueLash+1","Slimebound:PressTheAttack","Slimebound:GrowthPunch","Slimebound:SelfFormingGoo","Slimebound:SplitMire","Slimebound:Prepare","Slimebound:ViciousTackle","Slimebound:Replication+1","Poisoned Strike","Slimebound:TongueLash","Slimebound:ForwardTackle","Slimebound:LeechEnergy+1","Slimebound:SplitAcid","Slimebound:ComboTackle+1","Slimebound:LeechingTouch","Slimebound:LevelUp","Slimebound:OozeBath+1","Slimebound:Darklings+1","Slimebound:GoopSpray+1","Slimebound:ComboTackle+1","Slimebound:MinionMaster","Slimebound:SplitBruiser+1","Slimebound:Nibble+1","Slimebound:GoopTackle","Slimebound:GoopTackle","Slimebound:RollThrough","Replay:Dark Deal","Slimebound:SplitLeeching","Slimebound:SplitAcid","Slimebound:ViciousTackle+1"],"relics":["Slimebound:AbsorbEndCombat","infinitespire:WardingShard","Bird Faced Urn","Ring of Chaos","Slimebound:SelfDamagePreventRelic","infinitespire:ShieldingShard","downfall:CloakOfManyFaces","CultistMask","FaceOfCleric","NlothsMask","GremlinMask","SsserpentHead","Nunchaku","ClockworkSouvenir","Bronze Scales","Sozu","Bag of Marbles","infinitespire:Satchel","Replay:Baseball","Toolbox"],"acts_visited":["Exordium","TheCity","TheBeyond"],"potions_floor_usage":[46],"damage_taken":[{"damage":6.0,"enemies":"Cultist","floor":2.0,"turns":4.0},{"damage":15.0,"enemies":"infinitespire:Voidling","floor":3.0,"turns":4.0},{"damage":10.0,"enemies":"2 Louse","floor":5.0,"turns":3.0},{"damage":13.0,"enemies":"downfall:FleeingMerchant","floor":8.0,"turns":4.0},{"damage":10.0,"enemies":"Exordium Wildlife","floor":9.0,"turns":5.0},{"damage":20.0,"enemies":"Exordium Thugs","floor":10.0,"turns":3.0},{"damage":10.0,"enemies":"2 Fungi Beasts","floor":11.0,"turns":4.0},{"damage":14.0,"enemies":"Replay:BlueRogue","floor":12.0,"turns":5.0},{"damage":12.0,"enemies":"Lagavulin Event","floor":14.0,"turns":6.0},{"damage":22.0,"enemies":"Gremlin Gang","floor":15.0,"turns":5.0},{"damage":45.0,"enemies":"downfall:Ironclad","floor":16.0,"turns":12.0},{"damage":28.0,"enemies":"Shell Parasite","floor":19.0,"turns":6.0},{"damage":43.0,"enemies":"Cultist and Chosen","floor":20.0,"turns":7.0},{"damage":11.0,"enemies":"Snecko","floor":22.0,"turns":6.0},{"damage":16.0,"enemies":"downfall:FleeingMerchant","floor":23.0,"turns":4.0},{"damage":19.0,"enemies":"downfall:FaceTrader","floor":25.0,"turns":7.0},{"damage":17.0,"enemies":"Replay:Snechameleon","floor":26.0,"turns":6.0},{"damage":42.0,"enemies":"3 Cultists","floor":27.0,"turns":6.0},{"damage":19.0,"enemies":"downfall:FleeingMerchant","floor":29.0,"turns":4.0},{"damage":38.0,"enemies":"Slavers","floor":31.0,"turns":4.0},{"damage":36.0,"enemies":"Shelled Parasite and Fungi","floor":32.0,"turns":5.0},{"damage":61.0,"enemies":"downfall:Watcher","floor":33.0,"turns":9.0},{"damage":26,"enemies":"Orb Walker","floor":38,"turns":4},{"damage":12,"enemies":"3 Darklings","floor":39,"turns":4},{"damage":83,"enemies":"Giant Head","floor":40,"turns":8},{"damage":49,"enemies":"Sphere and 2 Shapes","floor":43,"turns":5},{"damage":16,"enemies":"Writhing Mass","floor":46,"turns":4},{"damage":23,"enemies":"downfall:FleeingMerchant","floor":48,"turns":4},{"damage":6,"enemies":"downfall:FleeingMerchant","floor":50,"turns":1},{"damage":47,"enemies":"Maw","floor":51,"turns":6},{"damage":105,"enemies":"downfall:Defect","floor":52,"turns":7}],"seed_played":"4619658634813065465","potions_obtained":[{"floor":5.0,"key":"BlessingOfTheForge"},{"floor":9.0,"key":"LifebloodPotion"},{"floor":10.0,"key":"Fire Potion"},{"floor":12.0,"key":"Weak Potion"},{"floor":15.0,"key":"Energy Potion"},{"floor":22.0,"key":"ColorlessPotion"},{"floor":25.0,"key":"Fire Potion"},{"floor":31.0,"key":"Explosive Potion"},{"floor":33.0,"key":"Fire Potion"}],"is_trial":false,"path_per_floor":["R","M","M","?","M","R","T","$","M","M","M","E","R","?","M","B",null,"R","M","M","?","M","$","T","?","E","M","R","$","R","E","M","B",null,"R","?","?","M","M","E","T","R","M","PTL","PTL","M","R","$","R","$","M","B",null],"character_chosen":"SLIMEBOUND","items_purchased":["Slimebound:LeechingTouch","Slimebound:SelfDamagePreventRelic","Poisoned Strike","Slimebound:TongueLash","ClockworkSouvenir","infinitespire:Satchel","Slimebound:GoopTackle","Replay:Baseball","Toolbox","Replay:Dark Deal","Slimebound:SplitLeeching","Slimebound:SplitAcid"],"campfire_rested":2,"item_purchase_floors":[8,23,23,23,29,48,48,48,50,50,50,50],"current_hp_per_floor":[66,64,65,65,66,66,66,66,66,64,66,64,64,66,66,66,66,66,66,54,54,66,66,66,66,67,57,57,61,61,48,57,41,72,72,72,72,69,74,27,27,49,31,31,31,46,69,77,77,79,80,40],"gold":82,"neow_bonus":"TEN_PERCENT_HP_BONUS","is_daily":false,"chose_seed":false,"campfire_upgraded":7,"win_rate":0.0,"timestamp":1609970305,"path_taken":["R","M","M","?","M","R","T","$","?","M","M","E","R","?","M","BOSS","R","M","M","?","M","?","T","?","E","?","R","$","R","E","M","BOSS","R","?","?","M","M","E","T","R","M","PTL","PTL","M","R","?","R","$","M","BOSS"],"items_purchased_type":["Card","Relic","Card","Card","Relic","Relic","Card","Relic","Relic","Card","Card","Card"],"build_version":"2020-12-22","purchased_purges":0,"victory":true,"max_hp_per_floor":[66,66,66,66,66,66,66,66,66,66,66,66,66,66,66,66,66,66,66,66,66,66,66,66,66,67,68,68,69,69,70,71,72,72,72,72,72,73,74,75,75,75,76,76,76,77,77,78,78,79,80,81],"card_choices":[{"not_picked":["Slimebound:RollThrough","Slimebound:FinishingTackle"],"picked":"Slimebound:Gluttony","floor":2.0},{"not_picked":["Slimebound:SlimeSpikes","Slimebound:SlimeTap"],"picked":"Slimebound:ItLooksTasty","floor":3.0},{"not_picked":["Slimebound:GoopSpray","Slimebound:SpikyOuterGoop"],"picked":"Slimebound:LeadByExample","floor":5.0},{"not_picked":["Slimebound:SamplingLick","Slimebound:RollThrough"],"picked":"Slimebound:LivingWall","floor":8.0},{"not_picked":["Slimebound:ViciousTackle","Slimebound:GoopSpray"],"picked":"Slimebound:FormOfPuddle","floor":9.0},{"not_picked":["Slimebound:GoopSpray","Slimebound:PressTheAttack"],"picked":"Slimebound:SpikyOuterGoop","floor":10.0},{"not_picked":["Slimebound:Repurpose","Slimebound:RejuvenatingLick"],"picked":"Slimebound:Overexert","floor":11.0},{"not_picked":["Slimebound:SlimeBrawl","Slimebound:SlimeSpikes"],"picked":"Slimebound:TongueLash","floor":12.0},{"not_picked":["Slimebound:AcidTongue","Slimebound:SlimeSpikes"],"picked":"Slimebound:PressTheAttack","floor":14.0},{"not_picked":["Slimebound:FinishingTackle","Slimebound:SlimeBarrage"],"picked":"Slimebound:GrowthPunch","floor":15.0},{"not_picked":["Slimebound:OneTwoCombo","Slimebound:SlimeSlap"],"picked":"Slimebound:SelfFormingGoo","floor":16.0},{"not_picked":["Slimebound:RejuvenatingLick","Slimebound:GrowthPunch"],"picked":"Slimebound:SplitMire","floor":19.0},{"not_picked":["Slimebound:ViciousTackle","Slimebound:Gluttony+1"],"picked":"Slimebound:Prepare","floor":20.0},{"not_picked":["Slimebound:RollThrough","Slimebound:FormOfPuddle"],"picked":"Slimebound:ViciousTackle","floor":22.0},{"not_picked":["Slimebound:HauntingLick","Slimebound:Gluttony"],"picked":"Slimebound:Replication","floor":23.0},{"not_picked":["Slimebound:FirmFortitude","Slimebound:LeechingTouch"],"picked":"Slimebound:ForwardTackle","floor":25.0},{"not_picked":["Slimebound:SplitLeeching","Slimebound:LeechingTouch+1"],"picked":"Slimebound:LeechEnergy+1","floor":26.0},{"not_picked":["Slimebound:Chomp","Slimebound:FlameTackle"],"picked":"Slimebound:SplitAcid","floor":27.0},{"not_picked":["Slimebound:GrowthPunch","Slimebound:OneTwoCombo"],"picked":"Slimebound:ComboTackle","floor":29.0},{"not_picked":["Slimebound:TongueLash+1","Slimebound:SplitAcid"],"picked":"Slimebound:LeechingTouch","floor":31.0},{"not_picked":["Slimebound:TongueLash","Slimebound:SplitBruiser"],"picked":"Slimebound:LevelUp","floor":32.0},{"not_picked":["Slimebound:PrepareCrush","Slimebound:MassFeed"],"picked":"Slimebound:OozeBath","floor":33.0},{"not_picked":["Slimebound:ComboTackle+1","Slimebound:TongueLash+1"],"picked":"Slimebound:GoopSpray+1","floor":38},{"not_picked":["Slimebound:ViciousTackle","Slimebound:Replication+1"],"picked":"Slimebound:ComboTackle+1","floor":39},{"not_picked":["Slimebound:LeechEnergy+1","Slimebound:RejuvenatingLick+1"],"picked":"Slimebound:MinionMaster","floor":40},{"not_picked":["Slimebound:Repurpose","Slimebound:SlimeSpikes","Slimebound:SamplingLick"],"picked":"SKIP","floor":43},{"not_picked":["Slimebound:SlimeSpikes","Slimebound:GrowthPunch"],"picked":"Slimebound:SplitBruiser+1","floor":46},{"not_picked":["Slimebound:PressTheAttack","Slimebound:SplitAcid+1"],"picked":"Slimebound:Nibble+1","floor":48},{"not_picked":["Slimebound:OneTwoCombo","Slimebound:LeechEnergy"],"picked":"Slimebound:RollThrough","floor":50},{"not_picked":["Slimebound:SlimeSpikes","Slimebound:PressTheAttack+1"],"picked":"Slimebound:ViciousTackle+1","floor":51}],"player_experience":562286,"relics_obtained":[{"floor":12.0,"key":"infinitespire:WardingShard"},{"floor":24.0,"key":"infinitespire:ShieldingShard"},{"floor":25.0,"key":"downfall:CloakOfManyFaces"},{"floor":26.0,"key":"Nunchaku"},{"floor":31.0,"key":"Bronze Scales"},{"floor":40,"key":"Bag of Marbles"}],"event_choices":[{"damage_healed":0.0,"max_hp_gain":0.0,"max_hp_loss":0.0,"gold_gain":0.0,"event_name":"Accursed Blacksmith","player_choice":"Forge","floor":4.0,"gold_loss":0.0,"damage_taken":0.0,"cards_upgraded":["Slimebound:Split"]},{"cards_removed":["Slimebound:Defend_Slimebound"],"damage_healed":0.0,"max_hp_gain":0.0,"max_hp_loss":0.0,"gold_gain":0.0,"event_name":"betterNote:BetterNote","player_choice":"Give","floor":21.0,"gold_loss":0.0,"damage_taken":0.0,"cards_obtained":["None"]},{"cards_removed":["Slimebound:Defend_Slimebound"],"damage_healed":0,"gold_gain":0,"player_choice":"Removed Skill","damage_taken":0,"max_hp_gain":0,"max_hp_loss":0,"event_name":"Falling","floor":37,"gold_loss":0}],"is_beta":false,"boss_relics":[{"not_picked":["Runic Dome","Painkiller Herb"],"picked":"Ring of Chaos"},{"not_picked":["ReplayTheSpireMod:SealedPack","Coffee Dripper"],"picked":"Sozu"}],"items_purged_floors":[],"is_endless":false,"potions_floor_spawned":[5,9,10,11,12,15,22,25,31,33,39],"ascension_level":0}}