{"host":"55yei7x27djrlaep","time":1609922725,"event":{"mods":["Act Like it!","Aspiration","BaseMod","Better Altar","Better Match","Better Note","Better Sensory Stone","Better Skull","Better Third Choice","BetterRewards","Colored Map","Conspire","Friendly Minions","GifTheSpireLib","Gremlin Mod","Halation","Hubris","Marisa????????","Minty Spire (QoL Compilation)","Pale of the Ancients","Replay The Spire","StSLib","Stuff the Spire","The Marked"],"gold_per_floor":[117,132,132,22,41,72,92,118,118,118,118],"floor_reached":10,"playtime":454,"items_purged":["Strike_R"],"score":98,"play_id":"9bf640da-2b82-4030-821f-2ab8ee88af60","local_time":"20210106114525","is_ascension_mode":true,"campfire_choices":[],"circlet_count":0,"master_deck":["Strike_R","Strike_R","Strike_R","Strike_R","Defend_R","Defend_R+1","Defend_R","Defend_R","Bash","ReplayTheSpireMod:Muscle Training","Armaments","Bloodletting","Blood for Blood","Warcry","Pommel Strike","Flame Barrier+1"],"relics":["Burning Blood","NeowsBlessing","ReplayTheSpireMod:Ring of Exchange","Ring of Misfortune","hubris:Reverence","halation:VictoryRuler","War Paint"],"acts_visited":["Exordium"],"potions_floor_usage":[6,6,8],"damage_taken":[{"damage":0,"enemies":"Cultist","floor":1,"turns":1},{"damage":0,"enemies":"Small Slimes","floor":2,"turns":1},{"damage":0,"enemies":"2 Louse","floor":5,"turns":2},{"damage":15,"enemies":"Gremlin Nob","floor":6,"turns":4},{"damage":14,"enemies":"Blue Slaver","floor":7,"turns":3},{"damage":37,"enemies":"Lagavulin","floor":8,"turns":5},{"damage":60,"enemies":"Gremlin Nob","floor":10,"turns":4}],"seed_played":"2939054909484862270","potions_obtained":[{"floor":1,"key":"AttackPotion"},{"floor":5,"key":"Languid Potion"},{"floor":7,"key":"EssenceOfSteel"}],"is_trial":false,"path_per_floor":["M","M","?","$","M","E","M","E","T","E"],"character_chosen":"IRONCLAD","items_purchased":["Bloodletting"],"campfire_rested":0,"item_purchase_floors":[4],"current_hp_per_floor":[80,80,80,80,80,71,63,32,32,0,0],"gold":118,"neow_bonus":"THREE_ENEMY_KILL","is_daily":false,"chose_seed":false,"campfire_upgraded":0,"win_rate":0.0,"timestamp":1609922725,"path_taken":["M","?","?","?","M","E","M","E","T","E"],"items_purchased_type":["Card"],"build_version":"2020-12-22","purchased_purges":1,"victory":false,"max_hp_per_floor":[80,80,80,80,80,80,80,80,80,80,80],"card_choices":[{"not_picked":["Thunderclap","Anger"],"picked":"ReplayTheSpireMod:Muscle Training","floor":1},{"not_picked":["Havoc","Thunderclap"],"picked":"Armaments","floor":2},{"not_picked":["Spot Weakness","conspire:Charge"],"picked":"Blood for Blood","floor":5},{"not_picked":["Flex","ReplayTheSpireMod:Strike From Hell"],"picked":"Warcry","floor":6},{"not_picked":["Barricade","Cleave"],"picked":"Pommel Strike","floor":7},{"not_picked":["Run Through","ReplayTheSpireMod:Strike From Hell"],"picked":"Flame Barrier","floor":8}],"player_experience":431023,"relics_obtained":[{"floor":3,"key":"ReplayTheSpireMod:Ring of Exchange"},{"floor":3,"key":"Ring of Misfortune"},{"floor":6,"key":"hubris:Reverence"},{"floor":8,"key":"halation:VictoryRuler"},{"floor":9,"key":"War Paint"}],"event_choices":[],"is_beta":false,"boss_relics":[],"items_purged_floors":[4],"is_endless":false,"potions_floor_spawned":[1,5,7],"killed_by":"Gremlin Nob","ascension_level":5}}