{"host":"a5lz0e76zb3fcwkm","time":1609920679,"event":{"mods":["AchievementEnabler","BaseMod","Colored Map","Colored Powertips","Minty Spire (QoL Compilation)","StSLib","SuperFastMode"],"gold_per_floor":[114,114,128,151,23,58,38,38,119,143,156,156,170,70,70,163,163,179,104,104,104,4,47,66,66,89,89,127,152,152,27,27,122,122,135,153,177,177,191,191,191,413,413,452,471,494,178,198,198,198,198,198,198,35,74,74,74],"floor_reached":56,"playtime":1947,"items_purged":["Strike_G","Strike_G","Strike_G","Defend_G"],"score":1865,"play_id":"71bd7d30-2365-4074-8ff4-4296d3300f07","local_time":"20210106171119","is_ascension_mode":true,"campfire_choices":[{"data":"Accuracy","floor":8.0,"key":"SMITH"},{"data":"Blade Dance","floor":12.0,"key":"SMITH"},{"data":"Blade Dance","floor":15.0,"key":"SMITH"},{"data":"Venomology","floor":25.0,"key":"SMITH"},{"data":"Footwork","floor":27.0,"key":"SMITH"},{"data":"Well Laid Plans","floor":30.0,"key":"SMITH"},{"floor":32.0,"key":"RECALL"},{"floor":40.0,"key":"REST"},{"floor":49,"key":"REST"},{"floor":53,"key":"REST"}],"circlet_count":0,"master_deck":["AscendersBane","Defend_G","Defend_G","Defend_G","Defend_G","Survivor","Neutralize","Blade Dance+1","Crippling Poison","Accuracy+1","Blade Dance+1","Reflex","Backflip","PiercingWail","Venomology+1","Footwork+1","Infinite Blades+1","Well Laid Plans+1","Blur","Escape Plan+1","Footwork+1","Prepared+1","Backflip+1","After Image","Acrobatics","Dark Shackles","Calculated Gamble"],"relics":["Ring of the Snake","NeowsBlessing","Golden Idol","Juzu Bracelet","MealTicket","Paper Crane","WristBlade","Nilry\u0027s Codex","MutagenicStrength","Prayer Wheel","Red Mask","Cursed Key","Dream Catcher","ClockworkSouvenir","Pen Nib"],"acts_visited":["Exordium","TheCity","TheBeyond","TheEnding"],"potions_floor_usage":[44,45,46,48,50,50,51,55,56],"damage_taken":[{"damage":0.0,"enemies":"Small Slimes","floor":1.0,"turns":1.0},{"damage":0.0,"enemies":"Jaw Worm","floor":3.0,"turns":1.0},{"damage":0.0,"enemies":"3 Sentries","floor":6.0,"turns":1.0},{"damage":0.0,"enemies":"Cultist","floor":10.0,"turns":2.0},{"damage":3.0,"enemies":"Red Slaver","floor":11.0,"turns":5.0},{"damage":14.0,"enemies":"Exordium Wildlife","floor":13.0,"turns":4.0},{"damage":23.0,"enemies":"Slime Boss","floor":16.0,"turns":7.0},{"damage":4.0,"enemies":"2 Thieves","floor":18.0,"turns":4.0},{"damage":14.0,"enemies":"Gremlin Leader","floor":23.0,"turns":5.0},{"damage":11.0,"enemies":"Shell Parasite","floor":24.0,"turns":4.0},{"damage":7.0,"enemies":"Masked Bandits","floor":28.0,"turns":3.0},{"damage":3.0,"enemies":"Centurion and Healer","floor":29.0,"turns":4.0},{"damage":6.0,"enemies":"Automaton","floor":33.0,"turns":6.0},{"damage":2.0,"enemies":"3 Shapes","floor":35.0,"turns":5.0},{"damage":3.0,"enemies":"3 Darklings","floor":36.0,"turns":5.0},{"damage":7.0,"enemies":"Transient","floor":37.0,"turns":6.0},{"damage":22.0,"enemies":"Spire Growth","floor":39.0,"turns":4.0},{"damage":0,"enemies":"Giant Head","floor":44,"turns":7},{"damage":5,"enemies":"Sphere and 2 Shapes","floor":45,"turns":4},{"damage":0,"enemies":"4 Shapes","floor":46,"turns":6},{"damage":0,"enemies":"Transient","floor":48,"turns":6},{"damage":28,"enemies":"Awakened One","floor":50,"turns":9},{"damage":28,"enemies":"Donu and Deca","floor":51,"turns":8},{"damage":19,"enemies":"Shield and Spear","floor":55,"turns":6},{"damage":47,"enemies":"The Heart","floor":56,"turns":4}],"seed_played":"-2931022021838907321","potions_obtained":[{"floor":3.0,"key":"Poison Potion"},{"floor":6.0,"key":"DuplicationPotion"},{"floor":7.0,"key":"SteroidPotion"},{"floor":16.0,"key":"SpeedPotion"},{"floor":33.0,"key":"Dexterity Potion"},{"floor":39.0,"key":"Energy Potion"},{"floor":48,"key":"SteroidPotion"}],"is_trial":false,"path_per_floor":["M","?","M","T","$","E","?","R","T","M","M","R","M","$","R","B",null,"M","?","?","?","$","E","M","R","T","R","?","M","R","$","R","B",null,"M","M","M","?","M","R","?","?","T","E","M","M","$","M","R","B","B",null,"R","$","E","B"],"character_chosen":"THE_SILENT","items_purchased":["Accuracy","Blade Dance","PiercingWail","ClockworkSouvenir","PowerPotion","Dark Shackles"],"campfire_rested":3,"item_purchase_floors":[5,5,14,47,54,54],"current_hp_per_floor":[59,36,36,36,36,36,36,36,36,36,33,33,19,34,34,11,52,48,48,27,27,42,28,17,17,17,17,10,19,19,34,34,28,57,55,52,45,45,23,42,42,42,42,42,37,37,52,52,66,38,10,52,66,66,47,0,0],"gold":74,"neow_bonus":"THREE_ENEMY_KILL","is_daily":false,"chose_seed":false,"campfire_upgraded":6,"win_rate":0.0,"timestamp":1609920679,"path_taken":["M","?","M","?","$","E","?","R","T","M","M","R","M","?","R","BOSS","M","?","?","?","?","E","M","R","T","R","?","M","R","$","R","BOSS","M","M","M","?","M","R","?","?","T","E","M","M","$","M","R","BOSS","BOSS","R","$","E","BOSS"],"items_purchased_type":["Card","Card","Card","Relic","Potion","Card"],"build_version":"2020-12-22","purchased_purges":4,"victory":false,"max_hp_per_floor":[66,66,66,66,66,66,66,66,66,66,66,66,66,66,66,66,66,66,66,66,66,66,66,66,66,66,66,66,66,66,66,66,66,66,66,66,66,66,66,66,66,66,66,66,66,66,66,66,66,66,66,66,66,66,66,66,66],"card_choices":[{"not_picked":["Flying Knee","Prepared"],"picked":"Blade Dance","floor":1.0},{"not_picked":["Bane","Choke"],"picked":"Crippling Poison","floor":3.0},{"not_picked":["Prepared","Malaise","Dagger Spray"],"picked":"SKIP","floor":6.0},{"not_picked":["Deadly Poison","Backstab"],"picked":"Reflex","floor":10.0},{"not_picked":["Deadly Poison","Slice"],"picked":"Backflip","floor":11.0},{"not_picked":["Prepared","Concentrate","Leg Sweep"],"picked":"SKIP","floor":13.0},{"not_picked":["Wraith Form v2","Corpse Explosion"],"picked":"Venomology","floor":16.0},{"not_picked":["Cloak And Dagger","Poisoned Stab"],"picked":"Footwork","floor":18.0},{"not_picked":["Distraction","Outmaneuver","Dodge and Roll"],"picked":"SKIP","floor":23.0},{"not_picked":["Caltrops","Underhanded Strike+1"],"picked":"Infinite Blades","floor":24.0},{"not_picked":["Doppelganger","Poisoned Stab+1","Sucker Punch"],"picked":"SKIP","floor":24.0},{"not_picked":["Cloak And Dagger","Quick Slash"],"picked":"Well Laid Plans","floor":28.0},{"not_picked":["Quick Slash","Deflect+1"],"picked":"Blur","floor":29.0},{"not_picked":["Leg Sweep+1","Deflect","Flying Knee+1"],"picked":"SKIP","floor":29.0},{"not_picked":["Sucker Punch+1","Acrobatics"],"picked":"Escape Plan+1","floor":35.0},{"not_picked":["Outmaneuver","Reflex"],"picked":"Footwork+1","floor":35.0},{"not_picked":["Skewer","Dodge and Roll","Sucker Punch"],"picked":"SKIP","floor":36.0},{"not_picked":["Underhanded Strike+1","Blade Dance","Deflect"],"picked":"SKIP","floor":36.0},{"not_picked":["Malaise","Underhanded Strike"],"picked":"Prepared+1","floor":37.0},{"not_picked":["Predator","Prepared"],"picked":"Backflip+1","floor":37.0},{"not_picked":["Deadly Poison","Flying Knee","All Out Attack+1"],"picked":"SKIP","floor":39.0},{"not_picked":["Setup+1","Reflex","Blade Dance"],"picked":"SKIP","floor":39.0},{"not_picked":["Bane","Sucker Punch","Deadly Poison+1"],"picked":"SKIP","floor":44},{"not_picked":["Glass Knife","Quick Slash","Flying Knee"],"picked":"SKIP","floor":45},{"not_picked":["Sucker Punch","Distraction","Dodge and Roll"],"picked":"SKIP","floor":45},{"not_picked":["Infinite Blades","Accuracy"],"picked":"After Image","floor":46},{"not_picked":["Deflect","Flying Knee+1","Outmaneuver"],"picked":"SKIP","floor":46},{"not_picked":["Deadly Poison+1","Riddle With Holes","Bouncing Flask"],"picked":"SKIP","floor":48},{"not_picked":["Endless Agony+1","Infinite Blades","Catalyst"],"picked":"SKIP","floor":48},{"not_picked":["Concentrate","Poisoned Stab+1"],"picked":"Acrobatics","floor":49},{"not_picked":["Dagger Spray","Leg Sweep"],"picked":"Calculated Gamble","floor":55}],"player_experience":1683579,"relics_obtained":[{"floor":4.0,"key":"Juzu Bracelet"},{"floor":6.0,"key":"MealTicket"},{"floor":9.0,"key":"Paper Crane"},{"floor":20.0,"key":"Nilry\u0027s Codex"},{"floor":23.0,"key":"Prayer Wheel"},{"floor":28.0,"key":"Red Mask"},{"floor":44,"key":"Dream Catcher"},{"floor":55,"key":"Pen Nib"}],"event_choices":[{"damage_healed":0.0,"max_hp_gain":0.0,"max_hp_loss":0.0,"gold_gain":0.0,"event_name":"Golden Idol","player_choice":"Take Damage","floor":2.0,"gold_loss":0.0,"damage_taken":23.0,"relics_obtained":["Golden Idol"]},{"damage_healed":0.0,"max_hp_gain":0.0,"max_hp_loss":0.0,"gold_gain":0.0,"event_name":"The Woman in Blue","player_choice":"Bought 1 Potion","floor":7.0,"gold_loss":0.0,"damage_taken":0.0},{"cards_removed":["Strike_G"],"damage_healed":0.0,"max_hp_gain":0.0,"max_hp_loss":0.0,"gold_gain":0.0,"event_name":"Beggar","player_choice":"Gave Gold","floor":19.0,"gold_loss":75.0,"damage_taken":0.0},{"damage_healed":0.0,"max_hp_gain":0.0,"max_hp_loss":0.0,"gold_gain":0.0,"event_name":"Cursed Tome","player_choice":"Obtained Book","floor":20.0,"gold_loss":0.0,"damage_taken":21.0},{"damage_healed":0.0,"max_hp_gain":0.0,"max_hp_loss":0.0,"gold_gain":0.0,"event_name":"Drug Dealer","player_choice":"Inject Mutagens","floor":21.0,"gold_loss":0.0,"damage_taken":0.0,"relics_obtained":["MutagenicStrength"]},{"damage_healed":0.0,"max_hp_gain":0.0,"max_hp_loss":0.0,"gold_gain":0.0,"event_name":"Masked Bandits","player_choice":"Fought Bandits","floor":28.0,"gold_loss":0.0,"damage_taken":0.0},{"cards_removed":["Strike_G"],"damage_healed":0.0,"max_hp_gain":0.0,"max_hp_loss":0.0,"gold_gain":0.0,"event_name":"Falling","player_choice":"Removed Attack","floor":38.0,"gold_loss":0.0,"damage_taken":0.0},{"damage_healed":0.0,"max_hp_gain":0.0,"max_hp_loss":0.0,"gold_gain":0.0,"event_name":"Accursed Blacksmith","player_choice":"Forge","floor":41.0,"gold_loss":0.0,"damage_taken":0.0,"cards_upgraded":["Infinite Blades"]},{"damage_healed":0.0,"max_hp_gain":0.0,"max_hp_loss":0.0,"gold_gain":222.0,"event_name":"Tomb of Lord Red Mask","player_choice":"Wore Mask","floor":42.0,"gold_loss":0.0,"damage_taken":0.0}],"is_beta":false,"boss_relics":[{"not_picked":["Ectoplasm","Tiny House"],"picked":"WristBlade"},{"not_picked":["Fusion Hammer","Sozu"],"picked":"Cursed Key"}],"items_purged_floors":[14,22,31,47],"is_endless":false,"potions_floor_spawned":[3,6,11,16,29,33,35,39,46,48],"killed_by":"The Heart","ascension_level":20}}