{"host":"l84l8xigz5v5foa2","time":1609938891,"event":{"mods":["2.2 Compatiblity","AchievementEnabler","BaseMod","Better Note","Better Vampires","Card Filter","Colored Map","DeckTracker","Downfall","Gremlin Skip","Highlight Path","Keyboard Shortcuts","Minty Spire (QoL Compilation)","Permanent Neow","Quick Restart","Relic Filter","Relic Stats","StSLib","SuperFastMode","Transform Curses","Unknown Chances"],"gold_per_floor":[99,99,119,129,17,17,17,40,40,68,68,68,68,68],"floor_reached":12,"playtime":492,"items_purged":[],"score":148,"play_id":"7a1da1db-7860-4bbd-b17b-abeaa31998dd","local_time":"20210106221451","is_ascension_mode":true,"campfire_choices":[{"data":"hexamod:Float","floor":1,"key":"SMITH"},{"data":"hexamod:FastForward","floor":6,"key":"SMITH"},{"data":"hexamod:GhostflameBarrier","floor":9,"key":"SMITH"}],"circlet_count":0,"master_deck":["AscendersBane","hexamod:Strike","hexamod:Strike","hexamod:Strike","hexamod:Defend","hexamod:Defend","hexamod:Float+1","hexamod:GhostOfSpireFuture","hexamod:GhostflameBarrier+1","hexamod:FastForward+1","hexamod:RainOfEmbers","hexamod:FourthSeal","hexamod:SpectersWail","hexamod:AdvancingGuard"],"relics":["hexamod:SpiritBrand","Happy Flower","Odd Mushroom","Smiling Mask"],"acts_visited":["Exordium"],"potions_floor_usage":[10,12,12],"damage_taken":[{"damage":0,"enemies":"Small Slimes","floor":3,"turns":3},{"damage":0,"enemies":"Cultist","floor":4,"turns":4},{"damage":0,"enemies":"downfall:FleeingMerchant","floor":5,"turns":4},{"damage":5,"enemies":"The Mushroom Lair","floor":8,"turns":5},{"damage":27,"enemies":"3 Sentries","floor":10,"turns":11},{"damage":18,"enemies":"Gremlin Nob","floor":12,"turns":3}],"seed_played":"5283651022345257505","potions_obtained":[{"floor":4,"key":"Fire Potion"},{"floor":10,"key":"Swift Potion"},{"floor":10,"key":"sneckomod:MuddlingPotion"}],"is_trial":false,"path_per_floor":["R","?","M","M","$","R","T","?","R","E","?","E"],"character_chosen":"THE_SPIRIT","items_purchased":["hexamod:RainOfEmbers","hexamod:FourthSeal"],"campfire_rested":0,"item_purchase_floors":[5,5],"current_hp_per_floor":[42,42,42,42,42,42,42,37,37,10,10,0,0,0],"gold":68,"neow_bonus":"REMOVE_TWO","is_daily":false,"chose_seed":false,"campfire_upgraded":3,"win_rate":0.0,"timestamp":1609938891,"path_taken":["R","?","M","?","$","R","T","?","R","E","?","E"],"items_purchased_type":["Card","Card"],"build_version":"2020-12-22","purchased_purges":0,"victory":false,"max_hp_per_floor":[63,63,63,63,63,63,63,63,63,63,63,63,63,63],"relic_stats":{"Happy Flower":[6],"counters":[6,30],"Smiling Mask":0,"obtain_stats":[{"Happy Flower":7,"Odd Mushroom":8,"Smiling Mask":10,"hexamod:SpiritBrand":0},{"Happy Flower":3,"Odd Mushroom":4,"Smiling Mask":5,"hexamod:SpiritBrand":0},{"Happy Flower":11,"Odd Mushroom":16,"Smiling Mask":27,"hexamod:SpiritBrand":0}]},"card_choices":[{"not_picked":["hexamod:FastForward","hexamod:Firestarter"],"picked":"hexamod:GhostOfSpireFuture","floor":3},{"not_picked":["hexamod:NightmareGuise","hexamod:Hexaguard"],"picked":"hexamod:GhostflameBarrier","floor":4},{"not_picked":["hexamod:BacktrackSmack","hexamod:PhantomCloak"],"picked":"hexamod:FastForward","floor":5},{"not_picked":["hexamod:RetreatToShadows","hexamod:HexaLevel"],"picked":"hexamod:SpectersWail","floor":8},{"not_picked":["hexamod:SwordOfDarkness","hexamod:HeatCrush"],"picked":"hexamod:AdvancingGuard","floor":10}],"player_experience":2926476,"relics_obtained":[{"floor":7,"key":"Happy Flower"},{"floor":8,"key":"Odd Mushroom"},{"floor":10,"key":"Smiling Mask"}],"event_choices":[{"cards_removed":["hexamod:Sear"],"damage_healed":0,"gold_gain":0,"player_choice":"Purged","damage_taken":0,"max_hp_gain":0,"max_hp_loss":0,"event_name":"Purifier","floor":2,"gold_loss":0},{"damage_healed":0,"gold_gain":0,"player_choice":"Fought Mushrooms","damage_taken":0,"max_hp_gain":0,"max_hp_loss":0,"event_name":"Mushrooms","floor":8,"gold_loss":0},{"cards_removed":["hexamod:Defend"],"damage_healed":0,"gold_gain":0,"player_choice":"Card Removal","damage_taken":0,"max_hp_gain":0,"max_hp_loss":0,"event_name":"The Cleric","floor":11,"gold_loss":0}],"is_beta":false,"boss_relics":[],"items_purged_floors":[],"is_endless":false,"potions_floor_spawned":[4,10],"killed_by":"Gremlin Nob","ascension_level":20}}