{"host":"1hzg86ju9fvxh562","time":1609976650,"event":{"mods":["AchievementEnabler","Act Like it!","AlwaysNeverKeys","BaseMod","Bestiary","Better Altar","Better Match","Better Note","Better Sensory Stone","Better Skull","Better Third Choice","Colored Map","Colored Powertips","Curses Come First","Displayed Cursed Tome","Filter the Spire","Highlight Path","Keyboard Shortcuts","Minty Spire (QoL Compilation)","Rare Cards Sparkle","Relic Sorter","Relic Stats","Spicy Shops","StSLib","everything is the same but u backflip on backflip","slay the spire mod where everything is the same but ironclad has a cowboy hat"],"gold_per_floor":[115,127,52,52,227,227,241,241,241,259,273,291,326,343,343,443,443,413,423,423,423,440,440,450,483,483,483],"floor_reached":26,"playtime":1450,"items_purged":["Defend_P"],"score":257,"play_id":"1f34dbc1-2174-4cbd-87e3-15e75eb18ad1","local_time":"20210106214410","is_ascension_mode":false,"campfire_choices":[{"data":"Eruption","floor":6.0,"key":"SMITH"},{"data":"EmptyFist","floor":15.0,"key":"SMITH"},{"data":"Blasphemy","floor":23.0,"key":"SMITH"}],"circlet_count":0,"master_deck":["Strike_P","Strike_P","Strike_P","Strike_P","Defend_P","Defend_P","Defend_P","Eruption+1","Vigilance","FollowUp+1","Doubt","EmptyFist+1","Blasphemy+1","CutThroughFate+1"],"relics":["Cursed Key","Mango"],"acts_visited":["Exordium","TheCity"],"potions_floor_usage":[25],"damage_taken":[{"damage":0.0,"enemies":"Cultist","floor":1.0,"turns":2.0},{"damage":0.0,"enemies":"2 Louse","floor":2.0,"turns":1.0},{"damage":0.0,"enemies":"Small Slimes","floor":7.0,"turns":3.0},{"damage":3.0,"enemies":"Gremlin Gang","floor":10.0,"turns":4.0},{"damage":6.0,"enemies":"Lots of Slimes","floor":11.0,"turns":2.0},{"damage":0.0,"enemies":"Large Slime","floor":12.0,"turns":3.0},{"damage":6.0,"enemies":"Lagavulin","floor":13.0,"turns":7.0},{"damage":0.0,"enemies":"Looter","floor":14.0,"turns":2.0},{"damage":32.0,"enemies":"Hexaghost","floor":16.0,"turns":9.0},{"damage":10.0,"enemies":"2 Thieves","floor":18.0,"turns":2.0},{"damage":15.0,"enemies":"Chosen","floor":19.0,"turns":2.0},{"damage":8.0,"enemies":"Centurion and Healer","floor":22.0,"turns":4.0},{"damage":10.0,"enemies":"Cultist and Chosen","floor":24.0,"turns":3.0},{"damage":17,"enemies":"Slavers","floor":25,"turns":4}],"seed_played":"-8504968192350758662","potions_obtained":[{"floor":1.0,"key":"Dexterity Potion"},{"floor":7.0,"key":"Dexterity Potion"},{"floor":11.0,"key":"Block Potion"},{"floor":13.0,"key":"SmokeBomb"},{"floor":19.0,"key":"LiquidBronze"},{"floor":20.0,"key":"Explosive Potion"},{"floor":20.0,"key":"SkillPotion"},{"floor":20.0,"key":"StancePotion"}],"is_trial":false,"path_per_floor":["M","M","$","?","?","R","M","?","T","M","M","M","E","M","R","B",null,"M","M","?","?","M","R","M","E","T"],"character_chosen":"WATCHER","items_purchased":[],"campfire_rested":0,"item_purchase_floors":[],"current_hp_per_floor":[72,72,72,77,77,77,77,77,77,74,68,68,62,62,62,30,77,67,52,52,52,44,44,34,31,31,31],"gold":483,"neow_bonus":"BOSS_RELIC","is_daily":false,"chose_seed":false,"campfire_upgraded":3,"win_rate":0.0,"timestamp":1609976650,"path_taken":["M","?","?","?","?","R","M","?","T","M","?","M","E","M","R","BOSS","M","?","?","?","?","R","M","E","T"],"items_purchased_type":[],"build_version":"2020-12-22","purchased_purges":1,"victory":false,"max_hp_per_floor":[72,72,72,77,77,77,77,77,77,77,77,77,77,77,77,77,77,77,77,77,77,77,77,77,91,91,91],"relic_stats":{"counters":[14,48],"Cursed Key":0,"obtain_stats":[{"Mango":25,"PureWater":0,"Cursed Key":0},{"Mango":14,"PureWater":0,"Cursed Key":0},{"Mango":48,"PureWater":0,"Cursed Key":0}]},"card_choices":[{"not_picked":["MentalFortress","SashWhip"],"picked":"FollowUp","floor":1.0},{"not_picked":["Wireheading","ReachHeaven","FollowUp"],"picked":"SKIP","floor":2.0},{"not_picked":["Halt","Meditate","Consecrate"],"picked":"SKIP","floor":7.0},{"not_picked":["EmptyBody","Halt","Consecrate"],"picked":"SKIP","floor":10.0},{"not_picked":["Worship","SashWhip","WaveOfTheHand"],"picked":"SKIP","floor":11.0},{"not_picked":["BattleHymn","Protect"],"picked":"EmptyFist","floor":12.0},{"not_picked":["JustLucky","ClearTheMind","CrushJoints"],"picked":"SKIP","floor":13.0},{"not_picked":["Sanctity","ForeignInfluence","Vengeance"],"picked":"SKIP","floor":14.0},{"not_picked":["SpiritShield","DeusExMachina"],"picked":"Blasphemy","floor":16.0},{"not_picked":["JustLucky","CutThroughFate","Pray"],"picked":"SKIP","floor":19.0},{"not_picked":["SignatureMove","CutThroughFate","CrushJoints"],"picked":"SKIP","floor":22.0},{"not_picked":["Worship","FlyingSleeves"],"picked":"CutThroughFate+1","floor":24.0},{"not_picked":["Crescendo+1","Blasphemy","ThirdEye"],"picked":"SKIP","floor":25}],"player_experience":438905,"relics_obtained":[{"floor":25,"key":"Mango"}],"event_choices":[{"damage_healed":0.0,"max_hp_gain":5.0,"max_hp_loss":0.0,"gold_gain":0.0,"event_name":"Big Fish","player_choice":"Donut","floor":4.0,"gold_loss":0.0,"damage_taken":0.0},{"damage_healed":0.0,"max_hp_gain":0.0,"max_hp_loss":0.0,"gold_gain":175.0,"event_name":"betterThird:BetterSerpent","player_choice":"AGREE","floor":5.0,"gold_loss":0.0,"damage_taken":52.0},{"damage_healed":0.0,"max_hp_gain":0.0,"max_hp_loss":0.0,"gold_gain":0.0,"event_name":"Upgrade Shrine","player_choice":"Upgraded","floor":8.0,"gold_loss":0.0,"damage_taken":0.0,"cards_upgraded":["FollowUp"]},{"damage_healed":0.0,"max_hp_gain":0.0,"max_hp_loss":0.0,"gold_gain":0.0,"event_name":"Lab","player_choice":"Got Potions","floor":20.0,"gold_loss":0.0,"damage_taken":0.0},{"cards_removed":["Blasphemy"],"damage_healed":0.0,"max_hp_gain":0.0,"max_hp_loss":0.0,"gold_gain":0.0,"event_name":"betterNote:BetterNote","player_choice":"Give","floor":21.0,"gold_loss":0.0,"damage_taken":0.0,"cards_obtained":["Spot Weakness"]}],"is_beta":false,"boss_relics":[{"not_picked":["Ectoplasm","Tiny House","Empty Cage"]}],"items_purged_floors":[3],"is_endless":false,"potions_floor_spawned":[1,7,11,13,19],"ascension_level":0}}