{"host":"udyc8f81k2jocuhg","time":1609946176,"event":{"mods":["2.2 Compatiblity","BaseMod","Better Third Choice","Colored Powertips","Conspire","Custom Start","GifTheSpireLib","Hermit","Minty Spire (QoL Compilation)","Permanent Neow","Quick Restart","Relic Filter","Relic Stats","Replay The Spire","Shop Mod","Spikes Relics","StSLib","Stuff the Spire"],"gold_per_floor":[364,383,394,404,374,374,374],"floor_reached":6,"playtime":377,"items_purged":[],"score":67,"play_id":"3af4df2a-0c5c-4613-8500-37db394f7a42","local_time":"20210106161616","is_ascension_mode":true,"campfire_choices":[],"circlet_count":0,"master_deck":["AscendersBane","Strike_G","Strike_G","Strike_G","Strike_G","Strike_G","Defend_G","Defend_G","Defend_G","Defend_G","Defend_G","Survivor","Neutralize","Defend_P","Strike_B","Footwork","Leg Sweep"],"relics":["Ring of the Snake"],"acts_visited":["Exordium"],"potions_floor_usage":[6],"damage_taken":[{"damage":1.0,"enemies":"Cultist","floor":1.0,"turns":4.0},{"damage":0.0,"enemies":"Small Slimes","floor":2.0,"turns":6.0},{"damage":0.0,"enemies":"Jaw Worm","floor":3.0,"turns":6.0},{"damage":5.0,"enemies":"Red Slaver","floor":4.0,"turns":7.0},{"damage":0.0,"enemies":"Looter","floor":5.0,"turns":4.0},{"damage":40,"enemies":"Lagavulin","floor":6,"turns":16}],"seed_played":"-5233290847978185493","potions_obtained":[{"floor":1.0,"key":"Milkshake"}],"is_trial":false,"path_per_floor":["M","M","M","M","M","E"],"character_chosen":"THE_SILENT","items_purchased":[],"campfire_rested":0,"item_purchase_floors":[],"current_hp_per_floor":[58,58,58,53,53,13,13],"gold":374,"neow_bonus":"TWO_FIFTY_GOLD","is_daily":false,"chose_seed":false,"campfire_upgraded":0,"win_rate":0.0,"timestamp":1609946176,"path_taken":["M","M","M","M","M","E"],"items_purchased_type":[],"build_version":"2020-12-22","purchased_purges":0,"victory":false,"max_hp_per_floor":[66,66,66,66,66,66,66],"relic_stats":{"counters":[6,43],"obtain_stats":[{"Ring of the Snake":0},{"Ring of the Snake":0},{"Ring of the Snake":0}],"Ring of the Snake":[12]},"card_choices":[{"not_picked":["Reflex","Blade Dance"],"picked":"Footwork","floor":1.0},{"not_picked":["Skewer","Dagger Throw","StuffTheSpire:BumpUp"],"picked":"SKIP","floor":2.0},{"not_picked":["ReplayTheSpireMod:Scrap Shanks","Prepared","Bane"],"picked":"SKIP","floor":3.0},{"not_picked":["Skewer","Finisher"],"picked":"Leg Sweep","floor":4.0},{"not_picked":["ReplayTheSpireMod:Tripwire","StuffTheSpire:Fury","Hidden Blade"],"picked":"SKIP","floor":5.0}],"player_experience":1946944,"relics_obtained":[],"event_choices":[],"is_beta":false,"boss_relics":[],"items_purged_floors":[],"is_endless":false,"potions_floor_spawned":[1],"killed_by":"Lagavulin","ascension_level":15}}