{"host":"2lwi2ixq0ydygjd0","time":1609909073,"event":{"mods":["BaseMod","Colored Powertips","Friendly Minions","Minty Spire (QoL Compilation)","StSLib","[地精首领爬塔]The Maniac"],"gold_per_floor":[119,119,119,44,63,95,108,135,160,174,186,202,202,213,213,313,313,322,322,51,61,72,72,94,94,119,119,139,153,169,190,190,287,287,300,38,0,0,0,0,0,0,0,17,39,39,49,49,49,41],"floor_reached":51,"playtime":2757,"items_purged":["Regret","maniac:EndOfTheRoad"],"score":795,"play_id":"16680025-9597-455b-8bbe-f8c9a5555d15","local_time":"20210105235753","is_ascension_mode":false,"campfire_choices":[{"floor":13.0,"key":"REST"},{"data":"maniac:Refine","floor":15.0,"key":"SMITH"},{"data":"maniac:Deal","floor":23.0,"key":"SMITH"},{"floor":25.0,"key":"REST"},{"floor":32,"key":"REST"},{"floor":40,"key":"REST"},{"data":"maniac:Deal+2","floor":42,"key":"SMITH"},{"data":"maniac:Deal","floor":46,"key":"SMITH"},{"data":"maniac:Deal+1","floor":49,"key":"SMITH"}],"circlet_count":0,"master_deck":["maniac:Strike+1","maniac:Strike+1","maniac:Strike+1","maniac:Strike+1","maniac:Strike+1","maniac:Defend+1","maniac:Defend+1","maniac:Defend+1","maniac:Defend+1","maniac:BurnBlood+1","maniac:AbyssShackle+1","maniac:DashForward+1","maniac:PanickyParry+1","maniac:ArmToTheTeeth+1","maniac:Refine+1","maniac:Feint+1","maniac:DashForward+1","maniac:SpectralKnives+1","maniac:SpectralKnives+1","maniac:Intimidate+1","maniac:Deal+3","maniac:UndyingDesire+1","maniac:ExceedEnchantment+1","maniac:GlassScratch+1","maniac:HammerStrike+1","maniac:Confront+1","maniac:ShelteringEdge+1","maniac:Confront+1","maniac:Intimidate+1","maniac:Collecting+1","maniac:Collecting+1","maniac:Deal+2"],"relics":["maniac:DamagedAnvil","maniac:BrokenHorn","NeowsBlessing","Nunchaku","Pen Nib","Molten Egg 2","Boot","Velvet Choker","PreservedInsect","Centennial Puzzle","Question Card","Bird Faced Urn","Runic Pyramid","maniac:VisionEye","Red Mask","Mark of the Bloom","Orichalcum","Regal Pillow","Vajra"],"acts_visited":["Exordium","TheCity","TheBeyond"],"potions_floor_usage":[31,33,33,45,50,50],"damage_taken":[{"damage":0.0,"enemies":"Jaw Worm","floor":1.0,"turns":1.0},{"damage":0.0,"enemies":"Small Slimes","floor":5.0,"turns":1.0},{"damage":0.0,"enemies":"Gremlin Nob","floor":6.0,"turns":1.0},{"damage":4.0,"enemies":"Cultist","floor":7.0,"turns":4.0},{"damage":36.0,"enemies":"3 Sentries","floor":8.0,"turns":13.0},{"damage":5.0,"enemies":"Looter","floor":10.0,"turns":4.0},{"damage":3.0,"enemies":"3 Louse","floor":11.0,"turns":2.0},{"damage":12.0,"enemies":"Large Slime","floor":12.0,"turns":4.0},{"damage":0.0,"enemies":"2 Fungi Beasts","floor":14.0,"turns":3.0},{"damage":21.0,"enemies":"Hexaghost","floor":16.0,"turns":12.0},{"damage":0.0,"enemies":"3 Byrds","floor":18.0,"turns":3.0},{"damage":12.0,"enemies":"2 Thieves","floor":21.0,"turns":3.0},{"damage":6.0,"enemies":"Snecko","floor":22.0,"turns":3.0},{"damage":28.0,"enemies":"Book of Stabbing","floor":24.0,"turns":4.0},{"damage":9.0,"enemies":"Gremlin Leader","floor":28.0,"turns":4.0},{"damage":0.0,"enemies":"Snake Plant","floor":29.0,"turns":1.0},{"damage":12,"enemies":"Chosen and Byrds","floor":30,"turns":4},{"damage":3,"enemies":"Book of Stabbing","floor":31,"turns":3},{"damage":9,"enemies":"Champ","floor":33,"turns":8},{"damage":32,"enemies":"3 Darklings","floor":35,"turns":4},{"damage":0,"enemies":"Orb Walker","floor":44,"turns":2},{"damage":0,"enemies":"Nemesis","floor":45,"turns":3},{"damage":5,"enemies":"Spire Growth","floor":47,"turns":3},{"damage":15,"enemies":"Time Eater","floor":50,"turns":5}],"seed_played":"8578328289811307006","potions_obtained":[{"floor":6.0,"key":"SteroidPotion"},{"floor":7.0,"key":"SteroidPotion"},{"floor":10.0,"key":"PowerPotion"},{"floor":12.0,"key":"Fruit Juice"},{"floor":14.0,"key":"Block Potion"},{"floor":16.0,"key":"Ancient Potion"},{"floor":18.0,"key":"EssenceOfSteel"},{"floor":29.0,"key":"Weak Potion"},{"floor":31,"key":"FearPotion"},{"floor":33,"key":"CultistPotion"},{"floor":44,"key":"SkillPotion"}],"is_trial":false,"path_per_floor":["M","?","?","$","M","E","M","E","T","M","M","M","R","M","R","B",null,"M","?","$","M","M","R","E","R","T","?","E","M","M","E","R","B",null,"M","$","?","?","?","R","$","R","T","M","E","R","M","?","R","B",null],"character_chosen":"THE_MANIAC","items_purchased":["maniac:ExceedEnchantment","maniac:GlassScratch+1","maniac:VisionEye"],"campfire_rested":4,"item_purchase_floors":[20,20,36],"current_hp_per_floor":[80,80,80,80,80,80,76,40,40,35,32,20,50,50,50,29,85,85,85,85,73,67,67,39,64,64,48,39,39,27,24,51,42,90,58,58,58,58,58,58,58,58,58,58,58,58,53,53,53,38],"gold":41,"neow_bonus":"THREE_ENEMY_KILL","is_daily":false,"chose_seed":false,"campfire_upgraded":5,"win_rate":0.0,"timestamp":1609909073,"path_taken":["M","?","?","$","M","E","M","E","T","?","M","M","R","M","R","BOSS","M","?","$","M","M","R","E","R","T","?","E","M","M","E","R","BOSS","M","$","?","?","?","R","$","R","T","M","E","R","?","?","R","BOSS"],"items_purchased_type":["Card","Card","Relic"],"build_version":"2020-12-22","purchased_purges":2,"victory":true,"max_hp_per_floor":[80,80,80,80,80,80,80,80,80,80,80,80,85,85,85,85,85,85,85,85,85,85,85,85,85,85,90,90,90,90,90,90,90,90,90,90,90,90,90,90,90,90,90,90,90,90,90,90,90,90],"card_choices":[{"not_picked":["maniac:UntravelledPath","maniac:ShelteringEdge"],"picked":"maniac:DashForward","floor":1.0},{"not_picked":["maniac:SpectralKnives","maniac:Feint"],"picked":"maniac:ArmToTheTeeth","floor":5.0},{"not_picked":["maniac:Intimidate","maniac:ListenToNone"],"picked":"maniac:Refine","floor":6.0},{"not_picked":["maniac:FindAShortcut","maniac:SorceryHour"],"picked":"maniac:Feint","floor":7.0},{"not_picked":["maniac:BladeShoot+1","maniac:ReconstructWounds"],"picked":"maniac:DashForward+1","floor":8.0},{"not_picked":["maniac:Exterminator+1","maniac:UndyingDesire"],"picked":"maniac:SpectralKnives+1","floor":10.0},{"not_picked":["maniac:WardAndDefend","maniac:BladeEnd"],"picked":"maniac:SpectralKnives+1","floor":11.0},{"not_picked":["maniac:ForsakenHand","maniac:ListenToNone"],"picked":"maniac:EndOfTheRoad","floor":12.0},{"not_picked":["maniac:SpectralFlash+1","maniac:WardAndDefend"],"picked":"maniac:Intimidate","floor":14.0},{"not_picked":["maniac:ForsakenHand","maniac:Trap"],"picked":"maniac:Deal","floor":16.0},{"not_picked":["maniac:UntravelledPath","maniac:DashForward+1"],"picked":"maniac:UndyingDesire","floor":18.0},{"not_picked":["maniac:UndyingDesire+1","maniac:ListenToNone"],"picked":"maniac:HammerStrike+1","floor":21.0},{"not_picked":["maniac:Infuriate","maniac:Trap"],"picked":"maniac:Confront+1","floor":22.0},{"not_picked":["maniac:PanickyParry","maniac:Lacerate+1","maniac:ExpectedMoves+1"],"picked":"SKIP","floor":24.0},{"not_picked":["maniac:ShiftingShadows","maniac:FindAShortcut"],"picked":"maniac:ShelteringEdge+1","floor":28.0},{"not_picked":["maniac:BladeShoot+1","maniac:ColdHeart","maniac:MeleeStrike+1","maniac:ListenToNone"],"picked":"SKIP","floor":29.0},{"not_picked":["maniac:UndyingDesire+1","maniac:Refine","maniac:Hasten"],"picked":"maniac:Confront+1","floor":30},{"not_picked":["maniac:Traceback+1","maniac:MeleeStrike+1","maniac:AllOutAttack+1"],"picked":"maniac:Intimidate","floor":31},{"not_picked":["maniac:StormOfTime+1","maniac:FanTheHammer","maniac:ExceedEnchantment"],"picked":"maniac:Collecting+1","floor":33},{"not_picked":["maniac:FindAShortcut","maniac:Intimidate","maniac:UntravelledPath+1","maniac:WardAndDefend"],"picked":"SKIP","floor":35},{"not_picked":["maniac:ShelteringEdge+1","maniac:SpectralKnives+1","maniac:Refine","maniac:BladesInCloak"],"picked":"SKIP","floor":44},{"not_picked":["maniac:SeekerKnife+1","maniac:FindAShortcut","maniac:ArmToTheTeeth+1"],"picked":"maniac:Deal","floor":45},{"not_picked":["maniac:ListenToNone","maniac:WitnessTrueSorcery+1","maniac:MeleeStrike+1","maniac:Intimidate+1"],"picked":"SKIP","floor":47}],"player_experience":13147,"relics_obtained":[{"floor":6.0,"key":"Pen Nib"},{"floor":8.0,"key":"Molten Egg 2"},{"floor":9.0,"key":"Boot"},{"floor":24.0,"key":"PreservedInsect"},{"floor":26.0,"key":"Centennial Puzzle"},{"floor":28.0,"key":"Question Card"},{"floor":31,"key":"Bird Faced Urn"},{"floor":43,"key":"Orichalcum"},{"floor":45,"key":"Vajra"}],"event_choices":[{"damage_healed":0.0,"max_hp_gain":0.0,"max_hp_loss":0.0,"gold_gain":0.0,"event_name":"Big Fish","player_choice":"Box","floor":2.0,"gold_loss":0.0,"damage_taken":0.0,"relics_obtained":["Nunchaku"],"cards_obtained":["Regret"]},{"damage_healed":0.0,"max_hp_gain":0.0,"max_hp_loss":0.0,"gold_gain":0.0,"event_name":"Match and Keep!","player_choice":"1 cards matched","floor":3.0,"gold_loss":0.0,"damage_taken":0.0,"cards_obtained":["maniac:PanickyParry"]},{"damage_healed":0.0,"max_hp_gain":0.0,"max_hp_loss":0.0,"gold_gain":0.0,"event_name":"Ghosts","player_choice":"Ignored","floor":19.0,"gold_loss":0.0,"damage_taken":0.0},{"damage_healed":0.0,"max_hp_gain":5.0,"max_hp_loss":0.0,"gold_gain":0.0,"event_name":"Forgotten Altar","player_choice":"Shed Blood","floor":27.0,"gold_loss":0.0,"damage_taken":21.0},{"damage_healed":0,"gold_gain":0,"player_choice":"Paid","damage_taken":0,"relics_obtained":["Red Mask"],"max_hp_gain":0,"max_hp_loss":0,"event_name":"Tomb of Lord Red Mask","floor":37,"gold_loss":38},{"damage_healed":0,"gold_gain":0,"player_choice":"Upgrade","damage_taken":0,"relics_obtained":["Mark of the Bloom"],"max_hp_gain":0,"max_hp_loss":0,"event_name":"MindBloom","floor":38,"gold_loss":0,"cards_upgraded":["maniac:Strike","maniac:Strike","maniac:Strike","maniac:Strike","maniac:Strike","maniac:Defend","maniac:Defend","maniac:Defend","maniac:Defend","maniac:BurnBlood","maniac:AbyssShackle","maniac:DashForward","maniac:PanickyParry","maniac:ArmToTheTeeth","maniac:Feint","maniac:Intimidate","maniac:Deal","maniac:UndyingDesire","maniac:ExceedEnchantment","maniac:Intimidate"]},{"damage_healed":0,"gold_gain":0,"player_choice":"Copied","damage_taken":0,"max_hp_gain":0,"max_hp_loss":0,"event_name":"Duplicator","floor":39,"gold_loss":0,"cards_obtained":["maniac:Collecting"]},{"damage_healed":0,"gold_gain":0,"player_choice":"Ignored","damage_taken":0,"max_hp_gain":0,"max_hp_loss":0,"event_name":"Mysterious Sphere","floor":48,"gold_loss":0}],"is_beta":false,"boss_relics":[{"not_picked":["Fusion Hammer","SacredBark"],"picked":"Velvet Choker"},{"not_picked":["Coffee Dripper","Black Star"],"picked":"Runic Pyramid"}],"items_purged_floors":[4,20],"is_endless":false,"potions_floor_spawned":[6,7,10,12,14,16,18,28,29,31,33,44],"ascension_level":0}}