{"host":"uxq2rly8rxtwffuf","time":1609939596,"event":{"mods":["BaseMod","Koishi","Minty Spire (QoL Compilation)","StSLib","The Judge","The Servant 0.9.4"],"gold_per_floor":[113,128,0,13,13,13,37,37,37],"floor_reached":8,"playtime":294,"items_purged":["Koishi:BasicStrike"],"score":86,"play_id":"ba1a434d-fa45-4161-a92a-f379c86b1fd2","local_time":"20210106162636","is_ascension_mode":true,"campfire_choices":[{"floor":6,"key":"REST"}],"circlet_count":0,"master_deck":["AscendersBane","Koishi:BasicStrike","Koishi:BasicStrike","Koishi:BasicStrike","Koishi:BasicDefend","Koishi:BasicDefend","Koishi:BasicDefend","Koishi:BasicDefend","Koishi:Provoke","Koishi:HauntingSlash","Koishi:FidgetySnatcher","Koishi:PhantomBarrier","Koishi:CatchAndRose","Koishi:IdleWhim","Koishi:LastRemote"],"relics":["Koishi:ImaginaryFriend","Golden Idol"],"acts_visited":["Exordium"],"potions_floor_usage":[],"damage_taken":[{"damage":4,"enemies":"Small Slimes","floor":1,"turns":4},{"damage":4,"enemies":"Jaw Worm","floor":2,"turns":6},{"damage":1,"enemies":"2 Louse","floor":4,"turns":4},{"damage":19,"enemies":"Red Slaver","floor":7,"turns":6},{"damage":53,"enemies":"Gremlin Nob","floor":8,"turns":4}],"seed_played":"-7704682935989915695","potions_obtained":[{"floor":1,"key":"LiquidBronze"},{"floor":7,"key":"Ancient Potion"}],"is_trial":false,"path_per_floor":["M","M","$","M","?","R","M","E"],"character_chosen":"KOISHI","items_purchased":["Koishi:CatchAndRose"],"campfire_rested":1,"item_purchase_floors":[3],"current_hp_per_floor":[54,52,52,52,31,49,30,0,0],"gold":37,"neow_bonus":"TEN_PERCENT_HP_BONUS","is_daily":false,"chose_seed":false,"campfire_upgraded":0,"win_rate":0.0,"timestamp":1609939596,"path_taken":["M","M","$","M","?","R","M","E"],"items_purchased_type":["Card"],"build_version":"2020-12-22","purchased_purges":1,"victory":false,"max_hp_per_floor":[62,62,62,62,62,62,62,62,62],"card_choices":[{"not_picked":["Koishi:BloodcurdlingScream","Koishi:EmbryosDream"],"picked":"Koishi:FidgetySnatcher","floor":1},{"not_picked":["Koishi:PhantomStrike","Koishi:RacingHeart"],"picked":"Koishi:PhantomBarrier","floor":2},{"not_picked":["Koishi:ReflexRadar","Koishi:TremblingHands"],"picked":"Koishi:IdleWhim","floor":4},{"not_picked":["Koishi:MindNumbingTerror","Koishi:RacingHeart"],"picked":"Koishi:LastRemote","floor":7}],"player_experience":1379468,"relics_obtained":[],"event_choices":[{"damage_healed":0,"gold_gain":0,"player_choice":"Take Damage","damage_taken":21,"relics_obtained":["Golden Idol"],"max_hp_gain":0,"max_hp_loss":0,"event_name":"Golden Idol","floor":5,"gold_loss":0}],"is_beta":false,"boss_relics":[],"items_purged_floors":[3],"is_endless":false,"potions_floor_spawned":[1,7],"killed_by":"Gremlin Nob","ascension_level":16}}