{"host":"15f3wpiimhe5yrng","time":1609910885,"event":{"mods":["100% Spire Juice","2.2 Compatiblity","BaseMod","Bestiary","Better Altar","Better Match","Better Note","Better Sensory Stone","Better Skull","Better Third Choice","Colored Map","Colored Powertips","Downfall","Evolution","Marisa????????","Minty Spire (QoL Compilation)","Permanent Neow","Relic Filter","SacredBarkPlus","Spicy Shops","StSLib","The Animator","The Marked","TheSwordswoman","??????REMEMod"],"gold_per_floor":[110,129,129,129,16,44,44,71,71,71,15,15,26,26,26,11,11,30,30,70,70,70,103,103,18,42,57,132,145,145,145],"floor_reached":30,"playtime":1477,"items_purged":["Moonworks:Strike"],"score":279,"play_id":"da7f88b3-dabe-4247-8d14-956a53c484b8","local_time":"20210106062805","is_ascension_mode":false,"campfire_choices":[{"data":"Moonworks:CloudOfSeagulls","floor":7,"key":"SMITH"},{"data":"Moonworks:CloudOfSeagulls","floor":12,"key":"SMITH"},{"floor":15,"key":"RECALL"},{"data":"Moonworks:CloudOfSeagulls","floor":24,"key":"SMITH"}],"circlet_count":0,"master_deck":["Moonworks:Strike","Moonworks:Defend","Moonworks:Defend","Moonworks:Defend","Moonworks:Defend","Moonworks:Ambush+1","Moonworks:LongDistanceShot","Doppelganger+1","Moonworks:CloudOfSeagulls+1","Moonworks:CloudOfSeagulls+1","Moonworks:AwakeningOfTalent+1","Moonworks:ForcedRevival+1","Moonworks:AccelHyper","Moonworks:JonathanRush+1","Moonworks:MixPhenomenon+1","animator:Kyubey+1","Moonworks:CloudOfSeagulls+1","Regret","Moonworks:CloudOfSeagulls+1","Moonworks:NicePresent+1"],"relics":["Moonworks:BrokenBomb","Moonworks:Homemark","EVO:Axolotl","REME_ComplimentaryCards","Centennial Puzzle","Question Card","Ginger","Runic Pyramid","Nloth\u0027s Gift","Toy Ornithopter","Matryoshka","Frozen Egg 2","Happy Flower"],"acts_visited":["Exordium","TheCity"],"potions_floor_usage":[20,29,30],"damage_taken":[{"damage":1,"enemies":"2 Louse","floor":1,"turns":2},{"damage":1,"enemies":"Jaw Worm","floor":2,"turns":2},{"damage":26,"enemies":"Gremlin Nob","floor":6,"turns":4},{"damage":6,"enemies":"Lagavulin","floor":8,"turns":4},{"damage":0,"enemies":"Small Slimes","floor":13,"turns":2},{"damage":15,"enemies":"Hexaghost","floor":16,"turns":8},{"damage":4,"enemies":"Spheric Guardian","floor":18,"turns":4},{"damage":8,"enemies":"2 Thieves","floor":20,"turns":3},{"damage":13,"enemies":"REME_1_Revenger","floor":23,"turns":3},{"damage":5,"enemies":"Snecko","floor":27,"turns":3},{"damage":5,"enemies":"Centurion and Healer","floor":29,"turns":2},{"damage":75,"enemies":"Gremlin Leader","floor":30,"turns":7}],"seed_played":"-7894339267518064528","potions_obtained":[{"floor":8,"key":"Explosive Potion"},{"floor":13,"key":"Swift Potion"},{"floor":18,"key":"REME_GoldPotion"}],"is_trial":false,"path_per_floor":["M","M","?","?","$","E","R","E","T","?","?","R","M","$","R","B",null,"M","?","M","?","?","E","R","?","T","M","?","M","E"],"character_chosen":"THE_STARBREAKER","items_purchased":["Moonworks:AwakeningOfTalent"],"campfire_rested":0,"item_purchase_floors":[5],"current_hp_per_floor":[59,58,51,46,46,20,20,21,21,8,8,8,16,16,16,9,67,67,67,67,67,67,62,62,62,62,65,59,62,0,0],"gold":145,"neow_bonus":"UPGRADE_CARD","is_daily":false,"chose_seed":false,"campfire_upgraded":3,"win_rate":0.0,"timestamp":1609910885,"path_taken":["M","M","?","?","$","E","R","E","T","?","?","R","?","?","R","BOSS","M","?","?","?","?","E","R","?","T","?","?","M","E"],"items_purchased_type":["Card"],"build_version":"2020-12-22","purchased_purges":1,"victory":false,"max_hp_per_floor":[60,60,60,60,60,60,60,67,67,67,67,67,67,67,67,67,67,67,67,67,67,67,67,67,67,67,67,67,67,67,67],"card_choices":[{"not_picked":["Moonworks:ScrambledEve","Moonworks:ImOnFire"],"picked":"Moonworks:CloudOfSeagulls","floor":1},{"not_picked":["Moonworks:ImmovableObject","Moonworks:ImOnFire"],"picked":"Moonworks:CloudOfSeagulls","floor":2},{"not_picked":["Moonworks:IndiscriminateFireSupport","Moonworks:Assault","Moonworks:ImOnFire"],"picked":"SKIP","floor":6},{"not_picked":["Moonworks:JonathanRush","Moonworks:FullSpeedAlicianrone"],"picked":"Moonworks:ForcedRevival","floor":8},{"not_picked":["Moonworks:SakisCookie","Moonworks:Gamble","Moonworks:ImmovableObject","Moonworks:IndiscriminateFireSupport"],"picked":"SKIP","floor":13},{"not_picked":["Moonworks:FinalBattle","Moonworks:HolyNight","Moonworks:PlushieMaster"],"picked":"Moonworks:AccelHyper","floor":16},{"not_picked":["Moonworks:Dinner","Moonworks:IndiscriminateFireSupport","Moonworks:Assault"],"picked":"Moonworks:JonathanRush+1","floor":18},{"not_picked":["Moonworks:SakisCookie","Moonworks:LulusLuckyEgg","Moonworks:ImOnFire"],"picked":"Moonworks:MixPhenomenon+1","floor":20},{"not_picked":["Moonworks:ReproductionOfRecords+1","Moonworks:FinalSurgery","Moonworks:SelfDestruct"],"picked":"Moonworks:CloudOfSeagulls","floor":23},{"not_picked":["Moonworks:JonathanRush+1","Moonworks:ImmovableObject","Moonworks:NicePresent"],"picked":"Moonworks:CloudOfSeagulls+1","floor":27},{"not_picked":["Moonworks:ForcedRevival","Moonworks:MeltingMemories+1","Moonworks:JonathanRush"],"picked":"Moonworks:NicePresent+1","floor":29}],"player_experience":128710,"relics_obtained":[{"floor":6,"key":"Centennial Puzzle"},{"floor":8,"key":"Strawberry"},{"floor":9,"key":"Question Card"},{"floor":21,"key":"Toy Ornithopter"},{"floor":23,"key":"Matryoshka"},{"floor":26,"key":"Frozen Egg 2"},{"floor":26,"key":"Happy Flower"}],"event_choices":[{"cards_removed":["Moonworks:Strike"],"damage_healed":0,"gold_gain":0,"player_choice":"Card Removal","damage_taken":7,"max_hp_gain":0,"max_hp_loss":0,"event_name":"Golden Wing","floor":3,"gold_loss":0},{"damage_healed":21,"gold_gain":0,"player_choice":"Upgrade","damage_taken":13,"max_hp_gain":0,"max_hp_loss":67,"event_name":"betterThird:BetterShining","floor":10,"gold_loss":0,"cards_upgraded":["Moonworks:ForcedRevival","Moonworks:AwakeningOfTalent"]},{"damage_healed":0,"gold_gain":0,"player_choice":"Paid Gold","damage_taken":0,"relics_obtained":["Ginger"],"max_hp_gain":0,"max_hp_loss":0,"event_name":"WeMeetAgain","floor":11,"gold_loss":56},{"damage_healed":0,"gold_gain":0,"player_choice":"Traded Relic","damage_taken":0,"relics_obtained":["Nloth\u0027s Gift"],"max_hp_gain":0,"max_hp_loss":0,"event_name":"N\u0027loth","floor":19,"relics_lost":["Strawberry"],"gold_loss":0},{"damage_healed":0,"gold_gain":0,"player_choice":"Relic","damage_taken":0,"max_hp_gain":0,"max_hp_loss":0,"event_name":"Wheel of Change","floor":21,"gold_loss":0},{"cards_removed":["Moonworks:AccelHyper"],"damage_healed":0,"gold_gain":0,"player_choice":"Take \u0026 Give","damage_taken":0,"max_hp_gain":0,"max_hp_loss":0,"event_name":"betterNote:BetterNote","floor":22,"gold_loss":0,"cards_obtained":["animator:Kyubey"]},{"damage_healed":0,"gold_gain":275,"player_choice":"Desecrate","damage_taken":0,"max_hp_gain":0,"max_hp_loss":0,"event_name":"Golden Shrine","floor":25,"gold_loss":0,"cards_obtained":["Regret"]},{"damage_healed":0,"gold_gain":75,"player_choice":"Touch","damage_taken":6,"max_hp_gain":0,"max_hp_loss":0,"event_name":"FaceTrader","floor":28,"gold_loss":0}],"is_beta":false,"boss_relics":[{"not_picked":["Fusion Hammer","REME_LowDesire"],"picked":"Runic Pyramid"}],"items_purged_floors":[5],"is_endless":false,"potions_floor_spawned":[8,13,18],"killed_by":"Gremlin Leader","ascension_level":0}}