{"host":"fjaupvxe7fzqrf4j","time":1609947865,"event":{"mods":["ATMod(°¢èªMod)","BaseMod","Minty Spire (QoL Compilation)","StSLib"],"gold_per_floor":[115,190,115,115,165,200,228,262,287,318,331,368,268,302,302,377,377,395,395,395,395,407,450,493,522,567,623,699,750,856,965,965,1064,1064,1152,1288,1288,2287,1823,1884,1994,2048,2075,2126,2186,2292,2344,2452,2452,2477,2527,2527,2527,1703,1981,2106],"floor_reached":57,"playtime":1028,"items_purged":["Dagger Throw","Masterful Stab","Acrobatics","Eviscerate"],"score":5089,"play_id":"5e4cf9dd-e875-4f68-a088-cb79b3f93244","local_time":"20210106234425","daily_mods":["SealedDeck","Heirloom","Time Dilation","Flight","Elite Swarm"],"is_ascension_mode":true,"campfire_choices":[{"data":"AT_ShadowStep","floor":15.0,"key":"SMITH"},{"data":"AT_KingSlayer","floor":32.0,"key":"SMITH"},{"floor":49.0,"key":"RECALL"},{"data":"Doppelganger","floor":53.0,"key":"SMITH"}],"circlet_count":0,"master_deck":["AscendersBane","PiercingWail+1","AT_ShadowStep+1","Expertise","Terror","Prepared","Acrobatics","After Image","Grand Finale","Adrenaline+1","AT_KingSlayer+1","Doppelganger+1"],"relics":["Ring of the Snake","AT_ATBox","StoneCalendar","Omamori","Ginger","Happy Flower","CeramicFish","AT_LudenTempest","Nunchaku","AT_TrinityForce","MutagenicStrength","Enchiridion","Ancient Tea Set","AT_GuinsooRageblade","Molten Egg 2","AT_MibuBalloonWealth","TungstenRod","AT_ForceNature","Pear","Bag of Preparation","Busted Crown","Medical Kit","AT_SpeedBoots","Lizard Tail","AT_EbonyIvory","Mercury Hourglass","AT_BladeRuinedKing","Akabeko","Snake Skull","Letter Opener","War Paint","AT_RedTearstoneRing","AT_TheCollector","Frozen Eye","AT_Kusabimaru"],"acts_visited":["Exordium","TheCity","TheBeyond","TheEnding"],"potions_floor_usage":[56,56],"damage_taken":[{"damage":0.0,"enemies":"Small Slimes","floor":1.0,"turns":1.0},{"damage":0.0,"enemies":"Gremlin Nob","floor":6.0,"turns":1.0},{"damage":0.0,"enemies":"3 Sentries","floor":7.0,"turns":3.0},{"damage":0.0,"enemies":"Gremlin Nob","floor":8.0,"turns":2.0},{"damage":15.0,"enemies":"3 Sentries","floor":10.0,"turns":3.0},{"damage":0.0,"enemies":"Cultist","floor":11.0,"turns":1.0},{"damage":0.0,"enemies":"Gremlin Nob","floor":12.0,"turns":2.0},{"damage":0.0,"enemies":"3 Sentries","floor":14.0,"turns":1.0},{"damage":0.0,"enemies":"Slime Boss","floor":16.0,"turns":1.0},{"damage":0.0,"enemies":"2 Thieves","floor":18.0,"turns":1.0},{"damage":0.0,"enemies":"3 Byrds","floor":22.0,"turns":1.0},{"damage":0.0,"enemies":"Gremlin Leader","floor":23.0,"turns":1.0},{"damage":0.0,"enemies":"Book of Stabbing","floor":24.0,"turns":1.0},{"damage":0.0,"enemies":"Gremlin Leader","floor":25.0,"turns":1.0},{"damage":0.0,"enemies":"Book of Stabbing","floor":27.0,"turns":1.0},{"damage":0.0,"enemies":"Gremlin Leader","floor":28.0,"turns":1.0},{"damage":0.0,"enemies":"Book of Stabbing","floor":29.0,"turns":1.0},{"damage":0.0,"enemies":"Gremlin Leader","floor":30.0,"turns":1.0},{"damage":0.0,"enemies":"Slavers","floor":31.0,"turns":1.0},{"damage":0.0,"enemies":"Champ","floor":33.0,"turns":1.0},{"damage":0.0,"enemies":"3 Shapes","floor":35.0,"turns":1.0},{"damage":0.0,"enemies":"3 Darklings","floor":36.0,"turns":1.0},{"damage":0.0,"enemies":"Giant Head","floor":40.0,"turns":1.0},{"damage":0.0,"enemies":"Reptomancer","floor":41.0,"turns":1.0},{"damage":0.0,"enemies":"Nemesis","floor":42.0,"turns":1.0},{"damage":0.0,"enemies":"Giant Head","floor":44.0,"turns":1.0},{"damage":0.0,"enemies":"Nemesis","floor":45.0,"turns":1.0},{"damage":0.0,"enemies":"Reptomancer","floor":46.0,"turns":1.0},{"damage":0.0,"enemies":"Nemesis","floor":47.0,"turns":1.0},{"damage":0.0,"enemies":"Reptomancer","floor":48.0,"turns":1.0},{"damage":0.0,"enemies":"Time Eater","floor":50.0,"turns":1.0},{"damage":0.0,"enemies":"Donu and Deca","floor":51.0,"turns":1.0},{"damage":0.0,"enemies":"Shield and Spear","floor":55.0,"turns":1.0},{"damage":58,"enemies":"The Heart","floor":56,"turns":4}],"seed_played":"8008357720931581590","potions_obtained":[{"floor":1.0,"key":"Swift Potion"},{"floor":11.0,"key":"EssenceOfSteel"},{"floor":16.0,"key":"Block Potion"},{"floor":23.0,"key":"ColorlessPotion"},{"floor":24.0,"key":"CultistPotion"},{"floor":29.0,"key":"PowerPotion"},{"floor":40.0,"key":"SkillPotion"},{"floor":42.0,"key":"PowerPotion"}],"is_trial":true,"path_per_floor":["M","?","$","?","?","E","E","E","T","E","M","E","$","E","R","B",null,"M","?","?","?","M","E","E","E","T","E","E","E","E","E","R","B",null,"M","M","?","?","$","E","E","E","T","E","E","E","E","E","R","B","B",null,"R","$","E","B",null],"character_chosen":"THE_SILENT","items_purchased":["Medical Kit","AT_SpeedBoots","AT_RedTearstoneRing","AT_TheCollector","Frozen Eye"],"campfire_rested":0,"item_purchase_floors":[39,39,54,54,54],"current_hp_per_floor":[59,48,48,53,53,53,53,53,53,38,38,38,38,38,38,38,63,63,63,63,42,42,42,42,42,42,42,42,52,52,52,52,52,74,74,74,74,74,74,74,74,74,74,74,74,74,74,74,74,74,74,79,79,79,79,21],"gold":2106,"neow_bonus":"","is_daily":false,"chose_seed":false,"campfire_upgraded":3,"win_rate":0.0,"timestamp":1609947865,"path_taken":["M","?","$","?","?","E","E","E","T","E","?","E","?","E","R","BOSS","M","?","?","?","?","E","E","E","T","E","E","E","E","E","R","BOSS","M","?","?","?","$","E","E","E","T","E","E","E","E","E","R","BOSS","BOSS","R","$","E","BOSS"],"items_purchased_type":["Relic","Relic","Relic","Relic","Relic"],"build_version":"2020-12-22","purchased_purges":4,"victory":true,"max_hp_per_floor":[66,66,66,71,71,71,71,71,71,71,71,71,71,71,71,71,71,71,71,71,71,71,71,71,71,71,71,71,81,81,81,81,81,81,81,81,81,81,81,81,81,81,81,81,81,81,81,81,81,81,81,81,81,81,81,81],"card_choices":[{"not_picked":["AT_ArcaneSupremacy","Deflect"],"picked":"Acrobatics","floor":1.0},{"not_picked":["Burst","Storm of Steel"],"picked":"After Image","floor":6.0},{"not_picked":["Corpse Explosion","Burst","Storm of Steel"],"picked":"SKIP","floor":7.0},{"not_picked":["Wraith Form v2","Corpse Explosion","Tools of the Trade"],"picked":"SKIP","floor":8.0},{"not_picked":["Envenom","Glass Knife","AT_MyraUnstableElement"],"picked":"SKIP","floor":10.0},{"not_picked":["Deflect","Quick Slash","Well Laid Plans"],"picked":"SKIP","floor":11.0},{"not_picked":["Envenom","Doppelganger"],"picked":"Grand Finale","floor":12.0},{"not_picked":["Envenom","Phantasmal Killer","Unload"],"picked":"SKIP","floor":14.0},{"not_picked":["Distraction","AT_WindRun","Caltrops"],"picked":"SKIP","floor":18.0},{"not_picked":["Slice","Dash+1","Blade Dance"],"picked":"SKIP","floor":22.0},{"not_picked":["Phantasmal Killer","AT_EssenceShift"],"picked":"Adrenaline","floor":23.0},{"not_picked":["Bullet Time","Venomology"],"picked":"AT_KingSlayer","floor":24.0},{"not_picked":["Venomology","Grand Finale+1","After Image"],"picked":"SKIP","floor":25.0},{"not_picked":["Night Terror","Corpse Explosion","Storm of Steel"],"picked":"SKIP","floor":27.0},{"not_picked":["Adrenaline","Corpse Explosion","Envenom"],"picked":"SKIP","floor":28.0},{"not_picked":["Grand Finale+1","AT_MyraUnstableElement","Glass Knife+1"],"picked":"SKIP","floor":29.0},{"not_picked":["Malaise","Venomology","After Image"],"picked":"SKIP","floor":30.0},{"not_picked":["Adrenaline","Bullet Time","After Image"],"picked":"SKIP","floor":31.0},{"not_picked":["Flying Knee+1"],"picked":"SKIP","floor":35.0},{"not_picked":["Acrobatics"],"picked":"SKIP","floor":36.0},{"not_picked":[],"picked":"Doppelganger","floor":40.0},{"not_picked":["Corpse Explosion"],"picked":"SKIP","floor":41.0},{"not_picked":["Die Die Die+1"],"picked":"SKIP","floor":42.0},{"not_picked":["Burst"],"picked":"SKIP","floor":44.0},{"not_picked":["Envenom"],"picked":"SKIP","floor":45.0},{"not_picked":["A Thousand Cuts"],"picked":"SKIP","floor":46.0},{"not_picked":["Die Die Die+1"],"picked":"SKIP","floor":47.0},{"not_picked":["Doppelganger"],"picked":"SKIP","floor":48.0},{"not_picked":["Die Die Die+1"],"picked":"SKIP","floor":55.0}],"player_experience":353612,"relics_obtained":[{"floor":6.0,"key":"Omamori"},{"floor":7.0,"key":"Ginger"},{"floor":8.0,"key":"Happy Flower"},{"floor":10.0,"key":"CeramicFish"},{"floor":12.0,"key":"AT_LudenTempest"},{"floor":14.0,"key":"Nunchaku"},{"floor":21.0,"key":"Enchiridion"},{"floor":23.0,"key":"Ancient Tea Set"},{"floor":24.0,"key":"AT_GuinsooRageblade"},{"floor":25.0,"key":"Molten Egg 2"},{"floor":26.0,"key":"AT_MibuBalloonWealth"},{"floor":27.0,"key":"TungstenRod"},{"floor":28.0,"key":"AT_ForceNature"},{"floor":29.0,"key":"Pear"},{"floor":30.0,"key":"Bag of Preparation"},{"floor":40.0,"key":"Lizard Tail"},{"floor":41.0,"key":"AT_EbonyIvory"},{"floor":42.0,"key":"Mercury Hourglass"},{"floor":43.0,"key":"AT_BladeRuinedKing"},{"floor":44.0,"key":"Akabeko"},{"floor":45.0,"key":"Snake Skull"},{"floor":47.0,"key":"Letter Opener"},{"floor":48.0,"key":"War Paint"},{"floor":55.0,"key":"AT_Kusabimaru"}],"event_choices":[{"damage_healed":0.0,"max_hp_gain":0.0,"max_hp_loss":0.0,"gold_gain":75.0,"event_name":"World of Goop","player_choice":"Gather Gold","floor":2.0,"gold_loss":0.0,"damage_taken":11.0},{"damage_healed":0.0,"max_hp_gain":5.0,"max_hp_loss":0.0,"gold_gain":0.0,"event_name":"Big Fish","player_choice":"Donut","floor":4.0,"gold_loss":0.0,"damage_taken":0.0},{"damage_healed":0.0,"max_hp_gain":0.0,"max_hp_loss":0.0,"gold_gain":50.0,"event_name":"Golden Shrine","player_choice":"Pray","floor":5.0,"gold_loss":0.0,"damage_taken":0.0},{"cards_removed":["Prepared"],"damage_healed":0.0,"max_hp_gain":0.0,"max_hp_loss":0.0,"gold_gain":0.0,"event_name":"Back to Basics","player_choice":"Elegance","floor":19.0,"gold_loss":0.0,"damage_taken":0.0},{"damage_healed":0.0,"max_hp_gain":0.0,"max_hp_loss":0.0,"gold_gain":0.0,"event_name":"Drug Dealer","player_choice":"Inject Mutagens","floor":20.0,"gold_loss":0.0,"damage_taken":0.0,"relics_obtained":["MutagenicStrength"]},{"damage_healed":0.0,"max_hp_gain":0.0,"max_hp_loss":0.0,"gold_gain":0.0,"event_name":"Cursed Tome","player_choice":"Obtained Book","floor":21.0,"gold_loss":0.0,"damage_taken":21.0},{"damage_healed":0.0,"max_hp_gain":0.0,"max_hp_loss":0.0,"gold_gain":0.0,"event_name":"Tomb of Lord Red Mask","player_choice":"Ignored","floor":37.0,"gold_loss":0.0,"damage_taken":0.0},{"damage_healed":0.0,"max_hp_gain":0.0,"max_hp_loss":0.0,"gold_gain":999.0,"event_name":"MindBloom","player_choice":"Gold","floor":38.0,"gold_loss":0.0,"damage_taken":0.0,"cards_obtained":["Normality","Normality"]}],"is_beta":false,"boss_relics":[{"not_picked":["Tiny House","Runic Dome"],"picked":"AT_TrinityForce"},{"not_picked":["Snecko Eye","Fusion Hammer"],"picked":"Busted Crown"}],"items_purged_floors":[3,13,39,54],"is_endless":false,"potions_floor_spawned":[1,11,16,18,23,24,28,29,40,42,46,48],"ascension_level":20}}