{"host":"a2lvm7nbw6nkrc91","time":1609901044,"event":{"mods":["BaseMod","Friendly Minions","Hermit","Kiyohime£¨?ýï£©","Koishi","Lobotomy","Minty Spire (QoL Compilation)","Prisma Mod","Replay The Spire","StSLib","The Bug Knight"],"gold_per_floor":[116,66,81,81,93,93,93],"floor_reached":6,"playtime":159,"items_purged":[],"score":36,"play_id":"589c5e02-2296-4457-a11f-a686f85b8df8","local_time":"20210106114404","is_ascension_mode":false,"campfire_choices":[],"circlet_count":0,"master_deck":["Strike_R","Strike_R","Strike_R","Strike_R","Defend_R","Defend_R","Defend_R","Defend_R","Bash","MeatLantern","Heavy Blade","RedShoes","Woodsman","ReplayTheSpireMod:Strike From Hell"],"relics":["Burning Blood","CogitoBucket"],"acts_visited":["Exordium"],"potions_floor_usage":[],"damage_taken":[{"damage":6,"enemies":"Jaw Worm","floor":1,"turns":4},{"damage":50,"enemies":"Cultist","floor":3,"turns":3},{"damage":52,"enemies":"Small Slimes","floor":5,"turns":4},{"damage":50,"enemies":"Lagavulin","floor":6,"turns":1}],"seed_played":"-2266348384698483142","potions_obtained":[{"floor":5,"key":"SpeedPotion"}],"is_trial":false,"path_per_floor":["M","?","M","?","M","E"],"character_chosen":"IRONCLAD","items_purchased":[],"campfire_rested":0,"item_purchase_floors":[],"current_hp_per_floor":[80,80,36,80,34,0,0],"gold":93,"neow_bonus":"","is_daily":false,"chose_seed":false,"campfire_upgraded":0,"win_rate":0.0,"timestamp":1609901044,"path_taken":["M","?","M","?","M","E"],"items_purchased_type":[],"build_version":"2020-12-22","purchased_purges":0,"victory":false,"max_hp_per_floor":[80,80,80,80,80,80,80],"card_choices":[{"not_picked":["Wellcheers","HeroicMonk"],"picked":"MeatLantern","floor":1},{"not_picked":["Pommel Strike","Clothesline"],"picked":"Heavy Blade","floor":1},{"not_picked":["Murderer","CrumblingArmor"],"picked":"RedShoes","floor":3},{"not_picked":["Twin Strike","Pommel Strike"],"picked":"Life Link","floor":3},{"not_picked":["Murderer","UniverseFragment"],"picked":"Woodsman","floor":5},{"not_picked":["Entrench","Iron Wave"],"picked":"ReplayTheSpireMod:Strike From Hell","floor":5}],"player_experience":517900,"relics_obtained":[],"event_choices":[{"cards_removed":["Strike_R"],"damage_healed":0,"gold_gain":0,"player_choice":"Card Removal","damage_taken":0,"max_hp_gain":0,"max_hp_loss":0,"event_name":"The Cleric","floor":2,"gold_loss":50},{"cards_removed":["Life Link"],"damage_healed":44,"gold_gain":0,"player_choice":"Offered Uncommon","damage_taken":0,"max_hp_gain":0,"max_hp_loss":0,"event_name":"Bonfire Elementals","floor":4,"gold_loss":0}],"is_beta":false,"boss_relics":[],"items_purged_floors":[],"is_endless":false,"potions_floor_spawned":[5],"killed_by":"Lagavulin","ascension_level":0}}