{"host":"x3q4ieql2tr7v8o6","time":1609946591,"event":{"mods":["BaseMod","Better Altar","Better Note","Better Sensory Stone","Better Skull","Better Third Choice","Colored Map","Minty Spire (QoL Compilation)","StSLib"],"gold_per_floor":[117,117,3,3,16,16,40,40,40,40,65,109,109,125,125,219,219,235,235,258,258,258,258,292,292,292,292,312,330,342,342,342,342,342],"floor_reached":33,"playtime":908,"items_purged":["Regret"],"score":460,"play_id":"b94e3e59-2553-45b2-a785-350a0815c1bc","local_time":"20210106152311","is_ascension_mode":true,"campfire_choices":[{"data":"Injury","floor":6,"key":"PURGE"},{"data":"Apotheosis","floor":8,"key":"SMITH"},{"data":"Writhe","floor":13,"key":"PURGE"},{"data":"Strike_G","floor":15,"key":"PURGE"},{"floor":23,"key":"REST"},{"floor":25,"key":"REST"},{"data":"Shame","floor":32,"key":"PURGE"}],"circlet_count":0,"master_deck":["AscendersBane","Strike_G","Strike_G","Strike_G","Strike_G","Defend_G","Defend_G","Defend_G","Defend_G","Defend_G","Survivor","Neutralize+1","Apotheosis+1","Crippling Poison","Caltrops","Deadly Poison","Finisher+1","Heel Hook","Infinite Blades","Blur","Venomology","Deadly Poison","RitualDagger","Bouncing Flask+1","Writhe","Blade Dance","Concentrate+1","Backflip"],"relics":["Ring of the Snake","Peace Pipe","Bloody Idol","Ninja Scroll","Whetstone","Fusion Hammer","Centennial Puzzle","Toy Ornithopter","Art of War","Matryoshka","Bronze Scales"],"acts_visited":["Exordium","TheCity"],"potions_floor_usage":[12,16,24,29,30,30,33,33],"damage_taken":[{"damage":2,"enemies":"Jaw Worm","floor":1,"turns":4},{"damage":0,"enemies":"Cultist","floor":5,"turns":4},{"damage":1,"enemies":"Small Slimes","floor":7,"turns":4},{"damage":6,"enemies":"Exordium Wildlife","floor":11,"turns":5},{"damage":1,"enemies":"Gremlin Nob","floor":12,"turns":3},{"damage":0,"enemies":"Looter","floor":14,"turns":1},{"damage":29,"enemies":"The Guardian","floor":16,"turns":10},{"damage":19,"enemies":"2 Thieves","floor":18,"turns":4},{"damage":51,"enemies":"Slavers","floor":24,"turns":8},{"damage":11,"enemies":"Chosen","floor":28,"turns":4},{"damage":8,"enemies":"3 Cultists","floor":29,"turns":3},{"damage":13,"enemies":"Snake Plant","floor":30,"turns":3},{"damage":61,"enemies":"Champ","floor":33,"turns":11}],"seed_played":"-2959540006438297221","potions_obtained":[{"floor":1,"key":"AttackPotion"},{"floor":12,"key":"Dexterity Potion"},{"floor":28,"key":"DuplicationPotion"},{"floor":30,"key":"PowerPotion"}],"is_trial":false,"path_per_floor":["M","?","$","?","M","R","M","R","T","$","M","E","R","M","R","B",null,"M","?","T","?","?","R","E","R","T","?","M","M","M","?","R","B"],"character_chosen":"THE_SILENT","items_purchased":["Caltrops"],"campfire_rested":2,"item_purchase_floors":[3],"current_hp_per_floor":[57,57,57,57,57,57,56,56,56,56,50,49,49,49,49,20,55,36,30,30,29,29,48,7,26,26,26,20,22,24,20,20,0,0],"gold":342,"neow_bonus":"RANDOM_COLORLESS_2","is_daily":false,"chose_seed":false,"campfire_upgraded":1,"win_rate":0.0,"timestamp":1609946591,"path_taken":["M","?","$","?","M","R","M","R","T","?","M","E","R","?","R","BOSS","M","?","?","?","?","R","E","R","T","?","M","M","?","?","R","BOSS"],"items_purchased_type":["Card"],"build_version":"2020-12-22","purchased_purges":1,"victory":false,"max_hp_per_floor":[66,66,66,66,66,66,66,66,66,66,66,66,66,66,66,66,66,66,66,66,66,66,66,66,66,66,66,66,66,66,66,66,66,66],"card_choices":[{"not_picked":["Thinking Ahead","Chrysalis"],"picked":"Apotheosis","floor":0},{"not_picked":["PiercingWail","Tactician"],"picked":"Crippling Poison","floor":1},{"not_picked":["Prepared","Cloak And Dagger"],"picked":"Deadly Poison","floor":5},{"not_picked":["Outmaneuver","Quick Slash"],"picked":"Finisher","floor":7},{"not_picked":["Deflect","Quick Slash"],"picked":"Heel Hook","floor":11},{"not_picked":["PiercingWail","Acrobatics"],"picked":"Infinite Blades","floor":12},{"not_picked":["Dagger Throw","Acrobatics"],"picked":"Blur","floor":14},{"not_picked":["Grand Finale","Wraith Form v2"],"picked":"Venomology","floor":16},{"not_picked":["Bane","Flying Knee+1"],"picked":"Deadly Poison","floor":18},{"not_picked":["Dagger Throw","Doppelganger"],"picked":"Bouncing Flask+1","floor":24},{"not_picked":["All Out Attack","Underhanded Strike"],"picked":"Blade Dance","floor":28},{"not_picked":["Deflect+1","Bane"],"picked":"Concentrate+1","floor":29},{"not_picked":["Endless Agony","Prepared"],"picked":"Backflip","floor":30}],"player_experience":700355,"relics_obtained":[{"floor":9,"key":"Ninja Scroll"},{"floor":12,"key":"Whetstone"},{"floor":20,"key":"Centennial Puzzle"},{"floor":24,"key":"Art of War"},{"floor":26,"key":"Matryoshka"}],"event_choices":[{"damage_healed":0,"gold_gain":0,"player_choice":"Box","damage_taken":0,"relics_obtained":["Peace Pipe"],"max_hp_gain":0,"max_hp_loss":0,"event_name":"Big Fish","floor":2,"gold_loss":0,"cards_obtained":["Regret"]},{"damage_healed":0,"gold_gain":0,"player_choice":"Take Wound","damage_taken":0,"relics_obtained":["Golden Idol"],"max_hp_gain":0,"max_hp_loss":0,"event_name":"Golden Idol","floor":4,"gold_loss":0,"cards_obtained":["Injury"]},{"damage_healed":0,"gold_gain":0,"player_choice":"Dagger","damage_taken":6,"max_hp_gain":0,"max_hp_loss":0,"event_name":"betterThird:BetterNest","floor":19,"gold_loss":0,"cards_obtained":["RitualDagger"]},{"damage_healed":0,"gold_gain":0,"player_choice":" GoldIdol ","damage_taken":1,"relics_obtained":["Bloody Idol"],"max_hp_gain":30,"max_hp_loss":29,"event_name":"betterAltar:BetterAltar","floor":21,"potions_obtained":[],"relics_lost":["Golden Idol"],"gold_loss":0},{"damage_healed":0,"gold_gain":0,"player_choice":"Stole Relic","damage_taken":0,"relics_obtained":["Toy Ornithopter"],"max_hp_gain":0,"max_hp_loss":0,"event_name":"Addict","floor":22,"gold_loss":0,"cards_obtained":["Shame"]},{"damage_healed":0,"gold_gain":0,"player_choice":"Opened","damage_taken":0,"relics_obtained":["Bronze Scales"],"max_hp_gain":0,"max_hp_loss":0,"event_name":"The Mausoleum","floor":27,"gold_loss":0,"cards_obtained":["Writhe"]},{"damage_healed":0,"gold_gain":0,"player_choice":"Bought 0 Potions","damage_taken":0,"max_hp_gain":0,"max_hp_loss":0,"event_name":"The Woman in Blue","floor":31,"gold_loss":0}],"is_beta":false,"boss_relics":[{"not_picked":["Velvet Choker","Sozu"],"picked":"Fusion Hammer"}],"items_purged_floors":[3],"is_endless":false,"potions_floor_spawned":[1,12,28,30],"killed_by":"Champ","ascension_level":15}}