{"host":"8p20qbbyxti0ato4","time":1609934668,"event":{"mods":["AchievementEnabler","BaseMod","BetterRewards","Colored Map","Colored Powertips","Downfall","Highlight Path","Hubris","Infinite Spire","Minty Spire (QoL Compilation)","Replay The Spire","StSLib"],"gold_per_floor":[110,130,130,148,11,44,60,60,60,60,34,49,67,92,92,190,190,173,23,23,37,49,84,84,102,151,163,163,163,40,60,60,158,158,176,176,176,29,79,105,105,117,117,129,129,139,139,139,139],"floor_reached":48,"playtime":5608,"items_purged":["Strike_B"],"score":482,"play_id":"7fb0c53e-2f86-4005-8f52-a48c6f372f40","local_time":"20210106120428","is_ascension_mode":false,"campfire_choices":[{"floor":8,"key":"REST"},{"floor":24,"key":"REST"},{"data":"Defragment","floor":32,"key":"SMITH"},{"floor":41,"key":"REST"},{"floor":45,"key":"REST"}],"circlet_count":0,"master_deck":["Strike_B","Defend_B","Defend_B","Defend_B","Zap+1","Dualcast","Chill","Creative AI","Machine Learning","Capacitor","Mirror Shield","Scrape","Coolheaded","Self Repair","Meteor Strike","Rainbow","Self Repair","Crystallizer","FTL","BasicCrystalCard+1","Ball Lightning","Coolheaded","BootSequence","Self Repair+1","hubris:Ukulele","Defragment+1","Defragment","Madness","Madness","hubris:Ukulele+1","Crystallizer","Parasite"],"relics":["Cracked Core","Ancient Tea Set","infinitespire:ShieldingShard","Unceasing Top","Black Star","Mercury Hourglass","hubris:DisguiseKit","hubris:TenFootPole","Ring of Fury","Ring of Shattering","BargainBundle","SlaversCollar","Strawberry","hubris:Zylophone","Prayer Wheel","Bag of Preparation","ReplayTheSpireMod:Shallot","Regal Pillow"],"acts_visited":["Exordium","TheCity","TheBeyond"],"potions_floor_usage":[16,16,21,21,23,23,40,44],"damage_taken":[{"damage":0,"enemies":"Cultist","floor":1,"turns":3},{"damage":8,"enemies":"infinitespire:Voidling","floor":2,"turns":3},{"damage":6,"enemies":"Jaw Worm","floor":4,"turns":3},{"damage":17,"enemies":"Replay:BlueRogue","floor":6,"turns":7},{"damage":22,"enemies":"Exordium Thugs","floor":7,"turns":5},{"damage":0,"enemies":"3 Louse","floor":12,"turns":2},{"damage":0,"enemies":"Looter","floor":13,"turns":4},{"damage":13,"enemies":"Fading Forest","floor":16,"turns":11},{"damage":11,"enemies":"2 Thieves","floor":18,"turns":5},{"damage":0,"enemies":"3 Byrds","floor":21,"turns":5},{"damage":37,"enemies":"3 Cultists","floor":22,"turns":7},{"damage":42,"enemies":"Book of Stabbing","floor":23,"turns":6},{"damage":3,"enemies":"Snake Plant","floor":25,"turns":5},{"damage":13,"enemies":"Centurion and Healer","floor":27,"turns":12},{"damage":0,"enemies":"Cultist and Chosen","floor":31,"turns":5},{"damage":42,"enemies":"Champ","floor":33,"turns":9},{"damage":5,"enemies":"Orb Walker","floor":35,"turns":3},{"damage":0,"enemies":"Mind Bloom Boss Battle","floor":39,"turns":5},{"damage":73,"enemies":"Reptomancer","floor":40,"turns":8},{"damage":17,"enemies":"3 Darklings","floor":42,"turns":5},{"damage":29,"enemies":"Transient","floor":44,"turns":5},{"damage":31,"enemies":"Writhing Mass","floor":46,"turns":4},{"damage":58,"enemies":"Spire Growth","floor":48,"turns":6}],"seed_played":"3513132098366941494","potions_obtained":[{"floor":1,"key":"LiquidBronze"},{"floor":4,"key":"Explosive Potion"},{"floor":13,"key":"FocusPotion"},{"floor":16,"key":"Block Potion"},{"floor":18,"key":"Weak Potion"},{"floor":22,"key":"sneckomod:MuddlingPotion"},{"floor":25,"key":"PotionOfCapacity"},{"floor":40,"key":"Energy Potion"},{"floor":44,"key":"LiquidBronze"}],"is_trial":false,"path_per_floor":["M","M","?","M","$","E","M","R","T","?","$","M","M","?","R_BF","B",null,"M","$","?","M","M","E","R","M","T","M","?","AVR","$","M","R","B",null,"M","?","?","$","?","E","R","M","T","M","R","M","?","M"],"character_chosen":"DEFECT","items_purchased":["Creative AI","Coolheaded","Crystallizer","Self Repair+1","hubris:Ukulele","Strawberry"],"campfire_rested":4,"item_purchase_floors":[5,11,19,30,30,38],"current_hp_per_floor":[80,72,72,66,66,49,27,51,51,51,51,51,51,19,19,41,80,69,69,69,80,57,29,53,57,57,58,58,58,58,80,80,52,80,80,80,75,82,82,33,59,42,42,37,78,47,47,0,0],"gold":139,"neow_bonus":"RANDOM_EVENT","is_daily":false,"chose_seed":false,"campfire_upgraded":1,"win_rate":0.0,"timestamp":1609934668,"path_taken":["M","M","?","?","$","E","M","R","T","?","$","?","M","?","R_BF","BOSS","M","$","?","M","?","E","R","M","T","M","?","AVR","?","M","R","BOSS","M","?","?","$","?","E","R","M","T","M","R","M","?","M"],"items_purchased_type":["Card","Card","Card","Card","Card","Relic"],"build_version":"2020-12-22","purchased_purges":1,"victory":false,"max_hp_per_floor":[80,80,80,80,80,80,80,80,80,80,80,80,80,80,80,80,80,80,80,80,80,80,80,80,80,80,80,80,80,80,80,80,80,80,80,80,80,87,87,87,87,87,87,87,87,87,87,87,87],"card_choices":[{"not_picked":["Turbo","Stack","Conserve Battery"],"picked":"SKIP","floor":1},{"not_picked":["Gash","Consume","Hyperbeam"],"picked":"SKIP","floor":2},{"not_picked":["Panic Button","BasicCrystalCard"],"picked":"Chill","floor":4},{"not_picked":["hubris:Ukulele","Cold Snap"],"picked":"Machine Learning","floor":6},{"not_picked":["Barrage","Redo"],"picked":"Capacitor","floor":7},{"not_picked":["hubris:PowerSurge","ReplayTheSpireMod:System Scan","Hologram"],"picked":"SKIP","floor":12},{"not_picked":["Panic Button","ReplayTheSpireMod:Reroute Power","Time Bomb"],"picked":"SKIP","floor":13},{"not_picked":["ReplayGash","Rebound"],"picked":"Self Repair","floor":14},{"not_picked":["Hyperbeam","ReplayTheSpireMod:Fabricate Wheel"],"picked":"Rainbow","floor":16},{"not_picked":["Rebound","Hologram"],"picked":"Self Repair","floor":18},{"not_picked":["ReplayTheSpireMod:Reroute Power","Stack"],"picked":"BasicCrystalCard+1","floor":21},{"not_picked":["Turbo","Steam"],"picked":"Ball Lightning","floor":22},{"not_picked":["ReplayGash","ReplayTheSpireMod:Calculation Training","Rebound+1"],"picked":"SKIP","floor":23},{"not_picked":["Steam Power","Go for the Eyes","Guardian:CrystalBeam"],"picked":"Coolheaded","floor":25},{"not_picked":["Turbo+1","Time Bomb","Guardian:GuardianWhirl"],"picked":"BootSequence","floor":27},{"not_picked":["ReplaySolidLightProjector","Gash","Guardian:ShieldCharger"],"picked":"Defragment","floor":31},{"not_picked":["Fission","Multi-Cast","Guardian:Gem_Synthetic"],"picked":"ReplayTheSpireMod:Fabricate Wheel","floor":33},{"not_picked":["Gash","Compile Driver+1","Melter","Guardian:Incinerate"],"picked":"SKIP","floor":35},{"not_picked":["Hello World","Double Energy","Guardian:Gem_Green"],"picked":"hubris:Ukulele+1","floor":40},{"not_picked":["Static Discharge+1","Compile Driver","Recycle+1","Guardian:Gem_Green"],"picked":"SKIP","floor":42},{"not_picked":["Stack","Go for the Eyes+1","Steam+1","Guardian:PolyBeam"],"picked":"SKIP","floor":42},{"not_picked":["Go for the Eyes+1","Static Discharge+1","Guardian:PrismaticBarrier"],"picked":"Crystallizer","floor":44},{"not_picked":["Steam Power+1","hubris:SpecializedCircuitry","Conserve Battery","Guardian:BronzeArmor"],"picked":"SKIP","floor":44},{"not_picked":["Barrage+1","Turbo","Hello World+1","Guardian:Recover"],"picked":"SKIP","floor":46},{"not_picked":["Streamline+1","Force Field","Ball Lightning","Guardian:Gem_White"],"picked":"SKIP","floor":46}],"player_experience":164323,"relics_obtained":[{"floor":6,"key":"Ancient Tea Set"},{"floor":9,"key":"infinitespire:ShieldingShard"},{"floor":14,"key":"Unceasing Top"},{"floor":23,"key":"Mercury Hourglass"},{"floor":23,"key":"hubris:DisguiseKit"},{"floor":26,"key":"hubris:TenFootPole"},{"floor":28,"key":"Ring of Fury"},{"floor":28,"key":"Ring of Shattering"},{"floor":39,"key":"hubris:Zylophone"},{"floor":40,"key":"Bag of Preparation"},{"floor":40,"key":"ReplayTheSpireMod:Shallot"},{"floor":43,"key":"Regal Pillow"}],"event_choices":[{"damage_healed":0,"gold_gain":0,"player_choice":"Donut","damage_taken":0,"max_hp_gain":5,"max_hp_loss":0,"event_name":"Big Fish","floor":0,"gold_loss":0},{"damage_healed":0,"gold_gain":0,"player_choice":"Upgraded","damage_taken":0,"max_hp_gain":0,"max_hp_loss":0,"event_name":"Upgrade Shrine","floor":3,"gold_loss":0,"cards_upgraded":["Zap"]},{"damage_healed":0,"gold_gain":0,"player_choice":"2 cards matched","damage_taken":0,"max_hp_gain":0,"max_hp_loss":0,"event_name":"Match and Keep!","floor":10,"gold_loss":0,"cards_obtained":["Mirror Shield","Scrape"]},{"damage_healed":0,"gold_gain":0,"cards_transformed":["Strike_B"],"player_choice":"Transformed","damage_taken":0,"max_hp_gain":0,"max_hp_loss":0,"event_name":"Transmorgrifier","floor":20,"gold_loss":0,"cards_obtained":["FTL"]},{"damage_healed":0,"gold_gain":0,"player_choice":"Embrace Madness","damage_taken":10,"max_hp_gain":0,"max_hp_loss":0,"event_name":"Winding Halls","floor":37,"gold_loss":0,"cards_obtained":["Madness","Madness"]},{"damage_healed":0,"gold_gain":0,"player_choice":"Fight","damage_taken":0,"max_hp_gain":0,"max_hp_loss":0,"event_name":"MindBloom","floor":39,"gold_loss":0},{"cards_removed":["Defend_B"],"damage_healed":0,"gold_gain":0,"player_choice":"Removed Skill","damage_taken":0,"max_hp_gain":0,"max_hp_loss":0,"event_name":"Falling","floor":47,"gold_loss":0}],"is_beta":false,"boss_relics":[{"not_picked":["Snecko Eye","Ring of Chaos"],"picked":"Black Star"},{"not_picked":["Coffee Dripper","hubris:Stopwatch"],"picked":"SlaversCollar"}],"items_purged_floors":[19],"is_endless":true,"potions_floor_spawned":[1,4,13,16,18,22,25,40,44],"killed_by":"Spire Growth","ascension_level":0}}