{"host":"tw7a6rmo9h75ssrt","time":1609913431,"event":{"mods":["AchievementEnabler","Act Like it!","BaseMod","Colored Map","Highlight Path","Minty Spire (QoL Compilation)","Permanent Neow","Quick Restart","Relic Stats","SuperFastMode"],"gold_per_floor":[112,124,49,49,74,24,24,24,24,24,48,64,82,105,105,233,233,254,254,9,34,34,34,59,59,86,86,101,101,66,66,66,192,192,217,217,233,193,36,57,157,157,180,180,196,17,33,96,96,96],"floor_reached":51,"playtime":1965,"items_purged":["Strike_R","Strike_R"],"score":894,"play_id":"d10f996a-8657-4147-a581-3a9754a7b8a1","local_time":"20210106141031","is_ascension_mode":true,"campfire_choices":[{"data":"Sword Boomerang","floor":8.0,"key":"SMITH"},{"data":"True Grit","floor":10.0,"key":"SMITH"},{"floor":15.0,"key":"REST"},{"data":"Double Tap","floor":23.0,"key":"SMITH"},{"data":"Sword Boomerang","floor":27.0,"key":"SMITH"},{"floor":29.0,"key":"REST"},{"data":"Brutality","floor":32.0,"key":"SMITH"},{"floor":42.0,"key":"REST"},{"floor":44.0,"key":"REST"},{"floor":49.0,"key":"REST"}],"circlet_count":0,"master_deck":["Defend_R","Defend_R","Bash+1","Sword Boomerang+1","True Grit+1","Sword Boomerang+1","Thunderclap+1","Double Tap+1","Dropkick+1","Bloodletting+1","Flex+1","Battle Trance+1","Brutality+1","Fiend Fire","Limit Break","Spot Weakness+1","Secret Technique","Pommel Strike+1","Inflame+1","Violence","Intimidate"],"relics":["Burning Blood","NeowsBlessing","Golden Idol","Vajra","Bottled Flame","Bronze Scales","Empty Cage","FaceOfCleric","Whetstone","Oddly Smooth Stone","Juzu Bracelet","Fusion Hammer","Toy Ornithopter","Lantern"],"acts_visited":["Exordium","TheCity","TheBeyond"],"potions_floor_usage":[],"damage_taken":[{"damage":0.0,"enemies":"Small Slimes","floor":1.0,"turns":1.0},{"damage":0.0,"enemies":"2 Louse","floor":2.0,"turns":1.0},{"damage":0.0,"enemies":"Jaw Worm","floor":5.0,"turns":1.0},{"damage":26.0,"enemies":"Gremlin Gang","floor":12.0,"turns":3.0},{"damage":15.0,"enemies":"Large Slime","floor":13.0,"turns":5.0},{"damage":2.0,"enemies":"Exordium Thugs","floor":14.0,"turns":4.0},{"damage":8.0,"enemies":"Slime Boss","floor":16.0,"turns":8.0},{"damage":7.0,"enemies":"3 Byrds","floor":18.0,"turns":4.0},{"damage":2.0,"enemies":"Chosen","floor":21.0,"turns":4.0},{"damage":30.0,"enemies":"Snake Plant","floor":24.0,"turns":3.0},{"damage":20.0,"enemies":"Snecko","floor":28.0,"turns":4.0},{"damage":23.0,"enemies":"Champ","floor":33.0,"turns":3.0},{"damage":30.0,"enemies":"3 Shapes","floor":35.0,"turns":3.0},{"damage":2.0,"enemies":"3 Darklings","floor":37.0,"turns":2.0},{"damage":14.0,"enemies":"Spire Growth","floor":40.0,"turns":3.0},{"damage":12.0,"enemies":"4 Shapes","floor":45.0,"turns":1.0},{"damage":1.0,"enemies":"Sphere and 2 Shapes","floor":47.0,"turns":2.0},{"damage":4.0,"enemies":"Mind Bloom Boss Battle","floor":48.0,"turns":2.0},{"damage":54,"enemies":"Time Eater","floor":50,"turns":3}],"seed_played":"5726372673498842425","potions_obtained":[{"floor":2.0,"key":"FearPotion"},{"floor":12.0,"key":"PowerPotion"},{"floor":14.0,"key":"BlessingOfTheForge"},{"floor":16.0,"key":"Weak Potion"},{"floor":24.0,"key":"SkillPotion"},{"floor":33.0,"key":"FearPotion"},{"floor":35.0,"key":"BlessingOfTheForge"},{"floor":40.0,"key":"DuplicationPotion"},{"floor":48.0,"key":"BlessingOfTheForge"}],"is_trial":false,"path_per_floor":["M","M","$","?","M","?","?","R","T","R","T","M","M","M","R","B",null,"M","?","$","M","$","R","M","T","T","R","M","R","$","?","R","B",null,"M","?","M","?","$","M","?","R","T","R","M","$","M","?","R","B",null],"character_chosen":"IRONCLAD","items_purchased":["Whetstone","Battle Trance","Toy Ornithopter","Violence"],"campfire_rested":5,"item_purchase_floors":[20,30,39,46],"current_hp_per_floor":[78,80,80,74,74,74,67,67,67,67,67,47,38,42,64,62,71,70,70,70,75,75,75,52,52,52,52,39,62,62,62,62,46,70,47,47,52,52,52,45,45,69,69,81,76,76,82,84,84,37],"gold":96,"neow_bonus":"THREE_ENEMY_KILL","is_daily":false,"chose_seed":false,"campfire_upgraded":5,"win_rate":0.0,"timestamp":1609913431,"path_taken":["M","M","$","?","M","?","?","R","T","R","?","?","?","M","R","BOSS","M","?","?","M","$","R","?","?","T","R","M","R","?","?","R","BOSS","M","?","M","?","$","M","?","R","T","R","M","?","M","?","R","BOSS"],"items_purchased_type":["Relic","Card","Relic","Card"],"build_version":"2020-12-22","purchased_purges":2,"victory":true,"max_hp_per_floor":[80,80,80,74,74,74,74,74,74,74,74,74,74,74,74,74,74,74,74,74,75,75,75,76,76,76,76,77,77,77,77,77,78,78,79,79,80,80,80,81,81,81,81,81,82,82,83,84,84,85],"relic_stats":{"FaceOfCleric":11,"counters":[19,57],"Golden Idol":142,"Bronze Scales":[133],"Juzu Bracelet":1,"Whetstone":["Thunderclap","Bash"],"obtain_stats":[{"Lantern":43,"NeowsBlessing":0,"Golden Idol":4,"Vajra":7,"Oddly Smooth Stone":25,"Juzu Bracelet":26,"Whetstone":20,"Empty Cage":17,"Burning Blood":0,"Bottled Flame":9,"FaceOfCleric":19,"Bronze Scales":11,"Fusion Hammer":34,"Toy Ornithopter":39},{"Lantern":15,"NeowsBlessing":0,"Golden Idol":2,"Vajra":3,"Oddly Smooth Stone":10,"Juzu Bracelet":10,"Whetstone":8,"Empty Cage":7,"Burning Blood":0,"Bottled Flame":3,"FaceOfCleric":8,"Bronze Scales":3,"Fusion Hammer":12,"Toy Ornithopter":14},{"Lantern":49,"NeowsBlessing":0,"Golden Idol":2,"Vajra":3,"Oddly Smooth Stone":34,"Juzu Bracelet":34,"Whetstone":27,"Empty Cage":23,"Burning Blood":0,"Bottled Flame":3,"FaceOfCleric":27,"Bronze Scales":3,"Fusion Hammer":41,"Toy Ornithopter":46}],"Burning Blood":103,"Toy Ornithopter":0},"card_choices":[{"not_picked":["Armaments","Thunderclap"],"picked":"Sword Boomerang","floor":1.0},{"not_picked":["Sentinel","Warcry","Body Slam"],"picked":"SKIP","floor":2.0},{"not_picked":["Havoc","Body Slam"],"picked":"True Grit","floor":5.0},{"not_picked":["Headbutt","Havoc"],"picked":"Sword Boomerang","floor":12.0},{"not_picked":["Twin Strike","Dark Embrace"],"picked":"Thunderclap","floor":13.0},{"not_picked":["Wild Strike","Offering","Perfected Strike"],"picked":"SKIP","floor":14.0},{"not_picked":["Impervious","Feed"],"picked":"Double Tap","floor":16.0},{"not_picked":["Ghostly Armor","Perfected Strike"],"picked":"Dropkick+1","floor":18.0},{"not_picked":["Infernal Blade+1","Sentinel"],"picked":"Bloodletting","floor":21.0},{"not_picked":["Shrug It Off","Iron Wave","Clash+1"],"picked":"SKIP","floor":24.0},{"not_picked":["Headbutt+1","Armaments"],"picked":"Flex+1","floor":28.0},{"not_picked":["Offering","Brutality"],"picked":"Limit Break","floor":33.0},{"not_picked":["Pommel Strike","Seeing Red"],"picked":"Spot Weakness+1","floor":35.0},{"not_picked":["Enlightenment","Discovery"],"picked":"Secret Technique","floor":36.0},{"not_picked":["Ghostly Armor+1","Thunderclap+1"],"picked":"Pommel Strike+1","floor":37.0},{"not_picked":["Burning Pact","Dual Wield+1"],"picked":"Inflame+1","floor":40.0},{"not_picked":["Havoc","Blood for Blood+1","Cleave+1"],"picked":"SKIP","floor":45.0},{"not_picked":["Twin Strike","Second Wind+1"],"picked":"Intimidate","floor":47.0}],"player_experience":54261,"relics_obtained":[{"floor":9.0,"key":"Bottled Flame"},{"floor":11.0,"key":"Bronze Scales"},{"floor":25.0,"key":"Oddly Smooth Stone"},{"floor":26.0,"key":"Juzu Bracelet"},{"floor":43.0,"key":"Lantern"}],"event_choices":[{"damage_healed":0.0,"max_hp_gain":0.0,"max_hp_loss":6.0,"gold_gain":0.0,"event_name":"Golden Idol","player_choice":"Lose Max HP","floor":4.0,"gold_loss":0.0,"damage_taken":0.0,"relics_obtained":["Golden Idol"]},{"cards_removed":["Strike_R"],"damage_healed":0.0,"max_hp_gain":0.0,"max_hp_loss":0.0,"gold_gain":0.0,"event_name":"The Cleric","player_choice":"Card Removal","floor":6.0,"gold_loss":50.0,"damage_taken":0.0},{"damage_healed":0.0,"max_hp_gain":0.0,"max_hp_loss":0.0,"gold_gain":0.0,"event_name":"Scrap Ooze","player_choice":"Success","floor":7.0,"gold_loss":0.0,"damage_taken":7.0,"relics_obtained":["Vajra"]},{"damage_healed":0.0,"max_hp_gain":0.0,"max_hp_loss":0.0,"gold_gain":0.0,"event_name":"FaceTrader","player_choice":"Trade","floor":19.0,"gold_loss":0.0,"damage_taken":0.0,"relics_obtained":["FaceOfCleric"]},{"damage_healed":0.0,"max_hp_gain":0.0,"max_hp_loss":0.0,"gold_gain":0.0,"cards_transformed":["Defend_R","Defend_R"],"event_name":"Drug Dealer","player_choice":"Became Test Subject","floor":31.0,"gold_loss":0.0,"damage_taken":0.0,"cards_obtained":["Brutality","Fiend Fire"]},{"damage_healed":0.0,"max_hp_gain":0.0,"max_hp_loss":0.0,"gold_gain":0.0,"event_name":"SensoryStone","player_choice":"Memory 1","floor":36.0,"gold_loss":0.0,"damage_taken":0.0},{"damage_healed":0.0,"max_hp_gain":0.0,"max_hp_loss":0.0,"gold_gain":0.0,"event_name":"Designer","player_choice":"Upgraded Two","floor":38.0,"gold_loss":40.0,"damage_taken":0.0,"cards_upgraded":["Bloodletting","Battle Trance"]},{"damage_healed":0.0,"max_hp_gain":0.0,"max_hp_loss":0.0,"gold_gain":100.0,"event_name":"Golden Shrine","player_choice":"Pray","floor":41.0,"gold_loss":0.0,"damage_taken":0.0},{"damage_healed":0.0,"max_hp_gain":0.0,"max_hp_loss":0.0,"gold_gain":0.0,"event_name":"MindBloom","player_choice":"Fight","floor":48.0,"gold_loss":0.0,"damage_taken":0.0}],"is_beta":false,"boss_relics":[{"not_picked":["Black Blood","Busted Crown"],"picked":"Empty Cage"},{"not_picked":["SacredBark","Runic Pyramid"],"picked":"Fusion Hammer"}],"items_purged_floors":[3,20],"is_endless":false,"potions_floor_spawned":[2,12,14,16,24,33,35,40,48],"ascension_level":8}}