{"host":"bxn2em57qlx5u4i0","time":1609975223,"event":{"mods":["BaseMod","Colored Map","Colored Powertips","Highlight Path","Minty Spire (QoL Compilation)","Random Character Button","Relic Sorter","Relic Stats","StSLib","SuperFastMode"],"gold_per_floor":[114,114,130,205,17,17,56,56,56,56,90,90,131,150,150,246,246,267,157,180,194,95,135,135,147,174,174,209,209,209,277,277,355,355,368,42,92,142,153,179,179,205,231,249,281,293,343,343,343],"floor_reached":48,"playtime":1715,"items_purged":["Strike_G","Defend_G"],"score":1423,"play_id":"0c331586-3fb2-447b-9386-25d638ec51c7","local_time":"20210106182023","is_ascension_mode":true,"campfire_choices":[{"data":"Dagger Spray","floor":6.0,"key":"SMITH"},{"data":"Reflex","floor":8.0,"key":"SMITH"},{"data":"Dagger Throw","floor":10.0,"key":"SMITH"},{"data":"Blade Dance","floor":15.0,"key":"SMITH"},{"data":"Tactician","floor":27.0,"key":"SMITH"},{"data":"Acrobatics","floor":30.0,"key":"SMITH"},{"data":"Reflex","floor":32.0,"key":"SMITH"},{"data":"Wraith Form v2","floor":41.0,"key":"SMITH"}],"circlet_count":0,"master_deck":["AscendersBane","Defend_G","Defend_G","Defend_G","Defend_G","Survivor","Neutralize+1","Reflex+1","Dagger Spray+1","Blade Dance+1","Dagger Spray+1","Terror","After Image","Acrobatics+1","Setup+1","Grand Finale+1","Dagger Throw+1","PiercingWail","Tactician+1","Tactician+1","Acrobatics+1","Malaise","Reflex+1","Night Terror","Blade Dance","Prepared","Finesse","Concentrate+1","Wraith Form v2+1","Backflip","Well Laid Plans+1"],"relics":["Ring of the Snake","NeowsBlessing","Boot","Shuriken","Omamori","Strawberry","Bottled Flame","Astrolabe","Mercury Hourglass","Nloth\u0027s Gift","Centennial Puzzle","Nunchaku","SsserpentHead","Sozu","Bag of Preparation","Anchor","Unceasing Top","Whetstone"],"acts_visited":["Exordium","TheCity","TheBeyond"],"potions_floor_usage":[],"damage_taken":[{"damage":0.0,"enemies":"2 Louse","floor":1.0,"turns":1.0},{"damage":0.0,"enemies":"Small Slimes","floor":3.0,"turns":1.0},{"damage":0.0,"enemies":"Lagavulin","floor":7.0,"turns":1.0},{"damage":10.0,"enemies":"3 Sentries","floor":11.0,"turns":3.0},{"damage":16.0,"enemies":"Lagavulin","floor":13.0,"turns":7.0},{"damage":0.0,"enemies":"Cultist","floor":14.0,"turns":2.0},{"damage":17.0,"enemies":"Slime Boss","floor":16.0,"turns":6.0},{"damage":0.0,"enemies":"3 Byrds","floor":18.0,"turns":2.0},{"damage":0.0,"enemies":"2 Thieves","floor":20.0,"turns":2.0},{"damage":3.0,"enemies":"Snake Plant","floor":21.0,"turns":2.0},{"damage":2.0,"enemies":"Gremlin Leader","floor":23.0,"turns":5.0},{"damage":0.0,"enemies":"Snecko","floor":25.0,"turns":3.0},{"damage":24.0,"enemies":"Book of Stabbing","floor":28.0,"turns":4.0},{"damage":7.0,"enemies":"Shelled Parasite and Fungi","floor":31.0,"turns":3.0},{"damage":15.0,"enemies":"Automaton","floor":33.0,"turns":5.0},{"damage":0.0,"enemies":"Orb Walker","floor":35.0,"turns":3.0},{"damage":0.0,"enemies":"3 Darklings","floor":39.0,"turns":5.0},{"damage":0.0,"enemies":"Giant Head","floor":40.0,"turns":3.0},{"damage":0.0,"enemies":"Nemesis","floor":42.0,"turns":5.0},{"damage":0.0,"enemies":"Spire Growth","floor":44.0,"turns":2.0},{"damage":18.0,"enemies":"Giant Head","floor":45.0,"turns":5.0},{"damage":21.0,"enemies":"Writhing Mass","floor":46.0,"turns":4.0},{"damage":30,"enemies":"Transient","floor":48,"turns":2}],"seed_played":"-1523273918180562332","potions_obtained":[{"floor":7.0,"key":"Ancient Potion"},{"floor":11.0,"key":"PowerPotion"},{"floor":14.0,"key":"Regen Potion"},{"floor":18.0,"key":"EntropicBrew"},{"floor":21.0,"key":"Energy Potion"},{"floor":28.0,"key":"Weak Potion"}],"is_trial":false,"path_per_floor":["M","?","M","?","$","R","E","R","T","R","E","?","E","M","R","B",null,"M","?","M","M","$","E","?","M","T","R","E","?","R","M","R","B",null,"M","$","?","?","M","E","R","E","T","M","E","M","?","M"],"character_chosen":"THE_SILENT","items_purchased":["Dagger Spray","CunningPotion","Tactician","Acrobatics","Bag of Preparation","Prepared"],"campfire_rested":0,"item_purchase_floors":[5,5,22,22,36,36],"current_hp_per_floor":[59,59,59,48,48,48,48,48,48,48,38,34,18,18,18,16,54,54,54,54,51,51,49,49,49,49,49,25,25,25,18,18,3,51,51,51,41,41,41,41,41,41,41,41,23,2,2,0,0],"gold":343,"neow_bonus":"THREE_ENEMY_KILL","is_daily":false,"chose_seed":false,"campfire_upgraded":8,"win_rate":0.0,"timestamp":1609975223,"path_taken":["M","?","M","?","$","R","E","R","T","R","E","?","E","M","R","BOSS","M","?","?","M","$","E","?","?","T","R","E","?","R","?","R","BOSS","M","$","?","?","M","E","R","E","T","M","E","M","?","M"],"items_purchased_type":["Card","Potion","Card","Card","Relic","Card"],"build_version":"2020-12-22","purchased_purges":2,"victory":false,"max_hp_per_floor":[66,60,60,60,60,60,60,60,60,60,60,67,67,67,67,67,67,67,67,67,67,67,67,67,67,67,67,67,67,67,67,67,67,67,67,67,67,64,64,64,64,64,64,64,64,64,64,64,64],"relic_stats":{"counters":[23,76],"Astrolabe":["Acrobatics","Setup","Grand Finale"],"Bag of Preparation":[14],"Whetstone":["Dagger Spray","Neutralize"],"Boot":[91],"Mercury Hourglass":[140],"Sozu":5,"SsserpentHead":200,"Centennial Puzzle":[15],"Nunchaku":[15],"Shuriken":[65],"Nloth\u0027s Gift":6,"obtain_stats":[{"NeowsBlessing":0,"Golden Idol":2,"Astrolabe":17,"Omamori":11,"Bag of Preparation":36,"Whetstone":45,"Boot":7,"Mercury Hourglass":23,"Sozu":34,"SsserpentHead":29,"Bottled Flame":13,"Centennial Puzzle":26,"Nunchaku":28,"Anchor":40,"Shuriken":9,"Strawberry":12,"Nloth\u0027s Gift":24,"Unceasing Top":42,"Ring of the Snake":0},{"NeowsBlessing":0,"Golden Idol":1,"Astrolabe":7,"Omamori":4,"Bag of Preparation":16,"Whetstone":21,"Boot":3,"Mercury Hourglass":11,"Sozu":15,"SsserpentHead":13,"Bottled Flame":5,"Centennial Puzzle":12,"Nunchaku":13,"Anchor":18,"Shuriken":3,"Strawberry":4,"Nloth\u0027s Gift":11,"Unceasing Top":19,"Ring of the Snake":0},{"NeowsBlessing":0,"Golden Idol":1,"Astrolabe":21,"Omamori":6,"Bag of Preparation":50,"Whetstone":70,"Boot":3,"Mercury Hourglass":32,"Sozu":47,"SsserpentHead":39,"Bottled Flame":13,"Centennial Puzzle":35,"Nunchaku":39,"Anchor":58,"Shuriken":3,"Strawberry":6,"Nloth\u0027s Gift":32,"Unceasing Top":63,"Ring of the Snake":0}],"Unceasing Top":[3],"Ring of the Snake":[46]},"card_choices":[{"not_picked":["Sucker Punch","Flechettes"],"picked":"Dagger Throw","floor":1.0},{"not_picked":["Underhanded Strike","Escape Plan"],"picked":"Reflex","floor":3.0},{"not_picked":["Quick Slash","Skewer","Underhanded Strike"],"picked":"SKIP","floor":7.0},{"not_picked":["Expertise","Predator"],"picked":"Blade Dance","floor":11.0},{"not_picked":["Dagger Throw","Bouncing Flask"],"picked":"Dagger Spray","floor":13.0},{"not_picked":["PiercingWail","Leg Sweep"],"picked":"Terror","floor":14.0},{"not_picked":["Night Terror","Phantasmal Killer"],"picked":"After Image","floor":16.0},{"not_picked":["Poisoned Stab","Distraction"],"picked":"Dagger Throw","floor":18.0},{"not_picked":["Deflect","PiercingWail","Dodge and Roll"],"picked":"SKIP","floor":20.0},{"not_picked":["Deflect","Dodge and Roll"],"picked":"PiercingWail","floor":20.0},{"not_picked":["Footwork","Deflect+1"],"picked":"Tactician+1","floor":21.0},{"not_picked":["Bane","Endless Agony","Accuracy"],"picked":"SKIP","floor":23.0},{"not_picked":["Bane","Endless Agony","Accuracy"],"picked":"SKIP","floor":23.0},{"not_picked":["Dash+1","Glass Knife","Noxious Fumes"],"picked":"SKIP","floor":25.0},{"not_picked":["Footwork","Outmaneuver"],"picked":"Malaise","floor":28.0},{"not_picked":["Setup","Riddle With Holes"],"picked":"Reflex","floor":31.0},{"not_picked":["A Thousand Cuts","Glass Knife"],"picked":"Blade Dance","floor":35.0},{"not_picked":["Good Instincts","Blind"],"picked":"Finesse","floor":37.0},{"not_picked":["Deflect+1","PiercingWail"],"picked":"Concentrate+1","floor":39.0},{"not_picked":["Die Die Die","Phantasmal Killer"],"picked":"Wraith Form v2","floor":40.0},{"not_picked":["Bane","Finisher","Endless Agony"],"picked":"SKIP","floor":42.0},{"not_picked":["Dagger Throw+1","Underhanded Strike"],"picked":"Backflip","floor":44.0},{"not_picked":["Bouncing Flask","Expertise+1","Die Die Die"],"picked":"SKIP","floor":45.0},{"not_picked":["Eviscerate","Underhanded Strike"],"picked":"Well Laid Plans+1","floor":46.0}],"player_experience":2854428,"relics_obtained":[{"floor":7.0,"key":"Boot"},{"floor":9.0,"key":"Shuriken"},{"floor":11.0,"key":"Omamori"},{"floor":13.0,"key":"Bottled Flame"},{"floor":23.0,"key":"Mercury Hourglass"},{"floor":26.0,"key":"Centennial Puzzle"},{"floor":28.0,"key":"Nunchaku"},{"floor":40.0,"key":"Anchor"},{"floor":42.0,"key":"Unceasing Top"},{"floor":45.0,"key":"Whetstone"}],"event_choices":[{"damage_healed":0.0,"max_hp_gain":0.0,"max_hp_loss":6.0,"gold_gain":0.0,"event_name":"Golden Idol","player_choice":"Lose Max HP","floor":2.0,"gold_loss":0.0,"damage_taken":0.0,"relics_obtained":["Golden Idol"]},{"damage_healed":0.0,"max_hp_gain":0.0,"max_hp_loss":0.0,"gold_gain":75.0,"event_name":"World of Goop","player_choice":"Gather Gold","floor":4.0,"gold_loss":0.0,"damage_taken":11.0},{"damage_healed":0.0,"max_hp_gain":0.0,"max_hp_loss":0.0,"gold_gain":0.0,"event_name":"Scrap Ooze","player_choice":"Success","floor":12.0,"gold_loss":0.0,"damage_taken":11.0,"relics_obtained":["Strawberry"]},{"cards_removed":["Strike_G"],"damage_healed":0.0,"max_hp_gain":0.0,"max_hp_loss":0.0,"gold_gain":0.0,"event_name":"Designer","player_choice":"Upgrade and Remove","floor":19.0,"gold_loss":110.0,"damage_taken":0.0,"cards_upgraded":["Dagger Throw"]},{"damage_healed":0.0,"max_hp_gain":0.0,"max_hp_loss":0.0,"gold_gain":0.0,"event_name":"N\u0027loth","player_choice":"Traded Relic","floor":24.0,"relics_lost":["Golden Idol"],"gold_loss":0.0,"damage_taken":0.0,"relics_obtained":["Nloth\u0027s Gift"]},{"damage_healed":0.0,"max_hp_gain":0.0,"max_hp_loss":0.0,"gold_gain":0.0,"event_name":"FaceTrader","player_choice":"Trade","floor":29.0,"gold_loss":0.0,"damage_taken":0.0,"relics_obtained":["SsserpentHead"]},{"damage_healed":0.0,"max_hp_gain":0.0,"max_hp_loss":0.0,"gold_gain":0.0,"event_name":"SensoryStone","player_choice":"Memory 3","floor":37.0,"gold_loss":0.0,"damage_taken":10.0},{"damage_healed":0.0,"max_hp_gain":0.0,"max_hp_loss":3.0,"gold_gain":0.0,"event_name":"Winding Halls","player_choice":"Max HP","floor":38.0,"gold_loss":0.0,"damage_taken":0.0},{"cards_removed":["Dagger Throw"],"damage_healed":0.0,"max_hp_gain":0.0,"max_hp_loss":0.0,"gold_gain":0.0,"event_name":"Falling","player_choice":"Removed Attack","floor":47.0,"gold_loss":0.0,"damage_taken":0.0}],"is_beta":false,"boss_relics":[{"not_picked":["SacredBark","Ectoplasm"],"picked":"Astrolabe"},{"not_picked":["Philosopher\u0027s Stone","Runic Pyramid"],"picked":"Sozu"}],"items_purged_floors":[5,36],"is_endless":false,"potions_floor_spawned":[7,11,14,18,21,23,28,35,42,44,45,46],"killed_by":"Transient","ascension_level":20}}