{"host":"yiit85oc4oi3nqs8","time":1609928800,"event":{"mods":["AchievementEnabler","BaseMod","Better Third Choice","Block Reminder","DeckTracker","Highlight Path","Keyboard Shortcuts","Minty Spire (QoL Compilation)","MonsterHotkey","Quick Restart","Random Character Button","Relic Stats","StSLib"],"gold_per_floor":[219,219,54,54,19,37,37,62,80,80,80,80,80,80,154,170,190,236,236,254,284,298,298,310,310,310,384,384,396,184,201,47,64,84,84,134,134,134,146,146,146,171,171,186,186,212,212,223,223,241,241,241,318,318,338,355,355,369,369,203,203,223,12,12,12,32,32,32,59,59,82,110,110,110,129,129,19,39,56,56,56,56,56,56,56,29,2,29,29],"floor_reached":90,"playtime":3425,"items_purged":["Strike_B","Defend_B","Defend_B"],"score":2459,"play_id":"077d94f1-5353-4051-bb12-d2bca43436c9","local_time":"20210106192640","is_ascension_mode":true,"campfire_choices":[{"data":"Dualcast","floor":11.0,"key":"SMITH"},{"floor":25.0,"key":"REST"},{"data":"Echo Form","floor":26.0,"key":"SMITH"},{"floor":37.0,"key":"REST"},{"data":"Hologram","floor":38.0,"key":"SMITH"},{"data":"Chill","floor":40.0,"key":"SMITH"},{"floor":41.0,"key":"REST"},{"data":"Hologram","floor":51,"key":"SMITH"},{"data":"Beam Cell","floor":52,"key":"SMITH"},{"floor":64,"key":"REST"},{"data":"Capacitor","floor":65,"key":"SMITH"},{"data":"Defragment","floor":67,"key":"SMITH"},{"data":"Zap","floor":68,"key":"SMITH"},{"data":"Capacitor","floor":73,"key":"SMITH"},{"data":"Loop","floor":74,"key":"SMITH"},{"data":"Loop","floor":80,"key":"SMITH"},{"floor":81,"key":"RECALL"},{"data":"All For One","floor":82,"key":"SMITH"},{"data":"Gash","floor":85,"key":"SMITH"}],"circlet_count":0,"master_deck":["AscendersBane","Defend_B+1","Zap+1","Dualcast+1","Defragment+1","Beam Cell+1","Gash","Genetic Algorithm+1","Hologram+1","Echo Form+1","Chill+1","Gash+1","Capacitor+1","Gash+1","Hologram+1","All For One+1","Loop+1","Loop+1","Defragment+1","Capacitor+1","Parasite"],"relics":["FrozenCore","InkBottle","Unceasing Top","Shuriken","Singing Bowl","Regal Pillow","White Beast Statue","Odd Mushroom","Empty Cage","DataDisk","Happy Flower","Orichalcum","Membership Card","Centennial Puzzle","Ornamental Fan","War Paint","Mango","Ice Cream"],"acts_visited":["Exordium","TheCity","TheBeyond","TheEnding"],"potions_floor_usage":[48,53,53,56,58,62,72,72,78,79,89,89],"damage_taken":[{"damage":1.0,"enemies":"Cultist","floor":1.0,"turns":3.0},{"damage":2.0,"enemies":"Jaw Worm","floor":6.0,"turns":2.0},{"damage":28.0,"enemies":"Gremlin Nob","floor":8.0,"turns":4.0},{"damage":8.0,"enemies":"2 Louse","floor":9.0,"turns":2.0},{"damage":2.0,"enemies":"2 Fungi Beasts","floor":16.0,"turns":4.0},{"damage":11.0,"enemies":"Large Slime","floor":17.0,"turns":4.0},{"damage":6.0,"enemies":"Looter","floor":20.0,"turns":3.0},{"damage":0.0,"enemies":"The Mushroom Lair","floor":21.0,"turns":3.0},{"damage":0.0,"enemies":"Exordium Thugs","floor":22.0,"turns":4.0},{"damage":3.0,"enemies":"Blue Slaver","floor":24.0,"turns":3.0},{"damage":30.0,"enemies":"Hexaghost","floor":27.0,"turns":6.0},{"damage":3.0,"enemies":"Shell Parasite","floor":29.0,"turns":5.0},{"damage":22.0,"enemies":"2 Thieves","floor":31.0,"turns":4.0},{"damage":18.0,"enemies":"Centurion and Healer","floor":33.0,"turns":5.0},{"damage":10.0,"enemies":"Chosen and Byrds","floor":34.0,"turns":4.0},{"damage":18.0,"enemies":"Snecko","floor":39.0,"turns":5.0},{"damage":10.0,"enemies":"Snake Plant","floor":44.0,"turns":5.0},{"damage":1.0,"enemies":"Book of Stabbing","floor":46.0,"turns":4.0},{"damage":1,"enemies":"Snecko","floor":48,"turns":4},{"damage":10,"enemies":"Centurion and Healer","floor":50,"turns":5},{"damage":0,"enemies":"Collector","floor":53,"turns":6},{"damage":5,"enemies":"Orb Walker","floor":55,"turns":5},{"damage":0,"enemies":"3 Shapes","floor":56,"turns":5},{"damage":3,"enemies":"Maw","floor":58,"turns":5},{"damage":33,"enemies":"Jaw Worm Horde","floor":62,"turns":4},{"damage":0,"enemies":"Transient","floor":66,"turns":5},{"damage":6,"enemies":"Nemesis","floor":72,"turns":5},{"damage":6,"enemies":"Maw","floor":75,"turns":6},{"damage":17,"enemies":"Writhing Mass","floor":78,"turns":5},{"damage":0,"enemies":"4 Shapes","floor":79,"turns":6},{"damage":0,"enemies":"Time Eater","floor":83,"turns":10},{"damage":22,"enemies":"Shield and Spear","floor":88,"turns":7},{"damage":11,"enemies":"The Heart","floor":89,"turns":8}],"seed_played":"2343879053071931829","potions_obtained":[{"floor":8.0,"key":"Regen Potion"},{"floor":16.0,"key":"SneckoOil"},{"floor":20.0,"key":"Explosive Potion"},{"floor":21.0,"key":"SkillPotion"},{"floor":22.0,"key":"Energy Potion"},{"floor":24.0,"key":"EssenceOfDarkness"},{"floor":27.0,"key":"BlessingOfTheForge"},{"floor":29.0,"key":"CultistPotion"},{"floor":31.0,"key":"LiquidMemories"},{"floor":33.0,"key":"Ancient Potion"},{"floor":34.0,"key":"Fire Potion"},{"floor":39.0,"key":"BlessingOfTheForge"},{"floor":44.0,"key":"FearPotion"},{"floor":46.0,"key":"EssenceOfSteel"},{"floor":48,"key":"SteroidPotion"},{"floor":49,"key":"Swift Potion"},{"floor":53,"key":"FearPotion"},{"floor":55,"key":"FocusPotion"},{"floor":56,"key":"Block Potion"},{"floor":58,"key":"PowerPotion"},{"floor":62,"key":"SteroidPotion"},{"floor":66,"key":"LiquidMemories"},{"floor":72,"key":"AttackPotion"},{"floor":75,"key":"Explosive Potion"},{"floor":78,"key":"SmokeBomb"},{"floor":79,"key":"PotionOfCapacity"}],"is_trial":false,"path_per_floor":["M","$","?","?","?","M","?","E","M","?","R","$","T","T","T","M","M","T","?","M","?","M","?","M","R","R","B",null,"M","$","M","$","M","M","?","?","R","R","M","R","R","T","T","M","?","E","?","M","?","M","R","R","B",null,"M","M","?","M","?","$","$","M","$","R","R","M","R","R","T","T","T","E","R","R","M","?","?","M","M","R","R","R","B",null,"R","$","$","E","B",null],"character_chosen":"DEFECT","items_purchased":["Defragment","Beam Cell","Capacitor","DataDisk","Gash","Loop","Defragment","Membership Card","FocusPotion","Swift Potion"],"campfire_rested":4,"item_purchase_floors":[3,3,30,30,32,60,63,63,86,87],"current_hp_per_floor":[63,63,63,42,59,57,57,29,21,21,21,21,21,21,21,19,20,20,20,14,16,16,16,15,52,52,24,64,63,63,43,43,27,19,19,11,51,51,35,35,76,76,76,66,66,67,67,68,68,60,60,60,60,85,82,84,84,81,52,52,52,21,21,67,67,69,69,69,69,69,69,77,77,77,73,73,73,58,60,60,60,60,60,110,110,110,110,90,79],"gold":29,"neow_bonus":"HUNDRED_GOLD","is_daily":false,"chose_seed":false,"campfire_upgraded":14,"win_rate":0.0,"timestamp":1609928800,"path_taken":["M","?","?","?","?","M","?","E","M","?","R","?","T","T","T","?","M","?","?","M","?","M","?","M","R","R","BOSS","M","$","M","$","M","M","?","?","R","R","M","R","R","T","T","?","?","E","?","M","?","?","R","R","BOSS","M","?","?","M","?","?","$","M","$","R","R","M","R","R","T","T","T","E","R","R","?","?","?","?","M","R","R","R","BOSS","R","$","$","E","BOSS"],"items_purchased_type":["Card","Card","Card","Relic","Card","Card","Card","Relic","Potion","Potion"],"build_version":"2020-12-22","purchased_purges":3,"victory":true,"max_hp_per_floor":[71,71,71,71,71,71,71,71,71,71,71,71,71,71,71,71,71,71,71,71,73,73,73,75,75,75,77,77,79,79,81,81,83,85,85,85,85,85,87,87,87,87,87,87,87,89,89,91,91,93,93,93,93,93,95,97,97,97,102,102,102,104,104,104,104,106,106,106,106,106,106,120,120,120,122,122,122,124,126,126,126,126,126,126,126,126,126,128,128],"relic_stats":{"Regal Pillow":60,"Singing Bowl":38,"Happy Flower":[31],"counters":[33,155],"Orichalcum":[54],"War Paint":["Defend_B","Genetic Algorithm"],"FrozenCore":[53],"Centennial Puzzle":[15],"Shuriken":[71],"Ornamental Fan":[108],"obtain_stats":[{"Ice Cream":88,"Regal Pillow":18,"Singing Bowl":15,"Happy Flower":42,"Mango":72,"Odd Mushroom":21,"Orichalcum":46,"War Paint":71,"Empty Cage":28,"White Beast Statue":19,"FrozenCore":54,"DataDisk":30,"Centennial Puzzle":69,"Shuriken":14,"Ornamental Fan":70,"Membership Card":63,"Cracked Core":0,"InkBottle":8,"Unceasing Top":13},{"Ice Cream":32,"Regal Pillow":6,"Singing Bowl":4,"Happy Flower":16,"Mango":27,"Odd Mushroom":8,"Orichalcum":18,"War Paint":26,"Empty Cage":11,"White Beast Statue":6,"FrozenCore":21,"DataDisk":12,"Centennial Puzzle":26,"Shuriken":4,"Ornamental Fan":26,"Membership Card":25,"Cracked Core":0,"InkBottle":3,"Unceasing Top":4},{"Ice Cream":147,"Regal Pillow":19,"Singing Bowl":11,"Happy Flower":61,"Mango":114,"Odd Mushroom":25,"Orichalcum":70,"War Paint":109,"Empty Cage":38,"White Beast Statue":19,"FrozenCore":85,"DataDisk":43,"Centennial Puzzle":109,"Shuriken":11,"Ornamental Fan":109,"Membership Card":104,"Cracked Core":0,"InkBottle":9,"Unceasing Top":11}],"InkBottle":[70],"Unceasing Top":[42]},"card_choices":[{"not_picked":["Leap","Steam","Turbo"],"picked":"SKIP","floor":1.0},{"not_picked":["Cold Snap","Tempest"],"picked":"Gash","floor":6.0},{"not_picked":["Cold Snap","Lockon"],"picked":"Genetic Algorithm","floor":8.0},{"not_picked":["Leap","Fusion","Conserve Battery"],"picked":"SKIP","floor":9.0},{"not_picked":["Hello World","Turbo"],"picked":"Hologram","floor":16.0},{"not_picked":["Redo","Leap"],"picked":"Echo Form","floor":17.0},{"not_picked":["Recycle","BootSequence"],"picked":"Chill","floor":20.0},{"not_picked":["Consume","Redo","Melter"],"picked":"Singing Bowl","floor":21.0},{"not_picked":["Doom and Gloom","Ball Lightning"],"picked":"Gash","floor":22.0},{"not_picked":["Redo","Sweeping Beam","Consume"],"picked":"Singing Bowl","floor":24.0},{"not_picked":["Fission","Creative AI","Meteor Strike"],"picked":"Singing Bowl","floor":27.0},{"not_picked":["Compile Driver","Melter","Turbo+1"],"picked":"Singing Bowl","floor":29.0},{"not_picked":["Sweeping Beam","Cold Snap","Hello World"],"picked":"Singing Bowl","floor":31.0},{"not_picked":["Barrage","Leap","Turbo"],"picked":"Singing Bowl","floor":33.0},{"not_picked":["Reprogram","Gash","Heatsinks"],"picked":"Singing Bowl","floor":34.0},{"not_picked":["Gash","Ball Lightning+1","Rainbow"],"picked":"Singing Bowl","floor":39.0},{"not_picked":["Gash","Sweeping Beam+1"],"picked":"Hologram","floor":44.0},{"not_picked":["Streamline","Sweeping Beam","Rip and Tear"],"picked":"Singing Bowl","floor":46.0},{"not_picked":["Steam+1","Heatsinks","Sunder"],"picked":"Singing Bowl","floor":48},{"not_picked":["Static Discharge","Ball Lightning","Conserve Battery+1"],"picked":"Singing Bowl","floor":50},{"not_picked":["Fission","Core Surge"],"picked":"All For One","floor":53},{"not_picked":["Streamline","Conserve Battery","Hologram"],"picked":"Singing Bowl","floor":55},{"not_picked":["Double Energy","Chaos","Tempest"],"picked":"Singing Bowl","floor":56},{"not_picked":["Ball Lightning","Steam+1"],"picked":"Loop","floor":58},{"not_picked":["Stack","Cold Snap","Scrape+1"],"picked":"Singing Bowl","floor":62},{"not_picked":["Sweeping Beam","Go for the Eyes","Conserve Battery"],"picked":"Singing Bowl","floor":66},{"not_picked":["Conserve Battery","Sweeping Beam"],"picked":"Capacitor","floor":72},{"not_picked":["Conserve Battery","Go for the Eyes+1","Steam"],"picked":"Singing Bowl","floor":75},{"not_picked":["Rebound","Gash","Go for the Eyes+1"],"picked":"Singing Bowl","floor":78},{"not_picked":["Compile Driver","Beam Cell","Recycle"],"picked":"Singing Bowl","floor":79},{"not_picked":["Hyperbeam","Gash","Meteor Strike"],"picked":"Singing Bowl","floor":88}],"player_experience":477053,"relics_obtained":[{"floor":8.0,"key":"InkBottle"},{"floor":13.0,"key":"Unceasing Top"},{"floor":14.0,"key":"Shuriken"},{"floor":15.0,"key":"Singing Bowl"},{"floor":18.0,"key":"Regal Pillow"},{"floor":19.0,"key":"White Beast Statue"},{"floor":21.0,"key":"Odd Mushroom"},{"floor":42.0,"key":"Happy Flower"},{"floor":46.0,"key":"Orichalcum"},{"floor":69,"key":"Centennial Puzzle"},{"floor":70,"key":"Ornamental Fan"},{"floor":71,"key":"War Paint"},{"floor":72,"key":"Mango"},{"floor":88,"key":"Ice Cream"}],"event_choices":[{"damage_healed":63.0,"max_hp_gain":0.0,"max_hp_loss":71.0,"gold_gain":0.0,"event_name":"betterThird:BetterShining","player_choice":"Upgrade","floor":4.0,"gold_loss":0.0,"damage_taken":21.0,"cards_upgraded":["Defend_B","Defragment"]},{"damage_healed":17.0,"max_hp_gain":0.0,"max_hp_loss":0.0,"gold_gain":0.0,"event_name":"The Cleric","player_choice":"Healed","floor":5.0,"gold_loss":35.0,"damage_taken":0.0},{"damage_healed":0.0,"max_hp_gain":0.0,"max_hp_loss":0.0,"gold_gain":0.0,"event_name":"Dead Adventurer","player_choice":"Searched \u00270\u0027 times","floor":7.0,"gold_loss":0.0,"damage_taken":0.0},{"cards_removed":["Strike_B"],"damage_healed":0.0,"max_hp_gain":0.0,"max_hp_loss":0.0,"gold_gain":0.0,"event_name":"Living Wall","player_choice":"Forget","floor":10.0,"gold_loss":0.0,"damage_taken":0.0},{"damage_healed":0.0,"max_hp_gain":0.0,"max_hp_loss":0.0,"gold_gain":0.0,"event_name":"Mushrooms","player_choice":"Fought Mushrooms","floor":21.0,"gold_loss":0.0,"damage_taken":0.0},{"damage_healed":0.0,"max_hp_gain":0.0,"max_hp_loss":0.0,"gold_gain":0.0,"event_name":"betterThird:BetterSerpent","player_choice":"Ignored","floor":23.0,"gold_loss":0.0,"damage_taken":298.0},{"damage_healed":0.0,"max_hp_gain":0.0,"max_hp_loss":0.0,"gold_gain":0.0,"event_name":"The Mausoleum","player_choice":"Ignored","floor":35.0,"gold_loss":0.0,"damage_taken":0.0},{"damage_healed":0.0,"max_hp_gain":0.0,"max_hp_loss":0.0,"gold_gain":50.0,"event_name":"FaceTrader","player_choice":"Touch","floor":36.0,"gold_loss":0.0,"damage_taken":8.0},{"damage_healed":0,"gold_gain":0,"player_choice":"Ignored","damage_taken":0,"max_hp_gain":0,"max_hp_loss":0,"event_name":"Cursed Tome","floor":47,"gold_loss":0},{"damage_healed":0,"gold_gain":0,"player_choice":"Got Potions","damage_taken":0,"max_hp_gain":0,"max_hp_loss":0,"event_name":"Lab","floor":49,"gold_loss":0},{"damage_healed":0,"gold_gain":0,"player_choice":"Random: Violet","damage_taken":0,"max_hp_gain":0,"max_hp_loss":0,"event_name":"betterThird:BetterPortal","floor":59,"gold_loss":0},{"damage_healed":0,"gold_gain":0,"player_choice":"Shed Blood","damage_taken":34,"max_hp_gain":5,"max_hp_loss":0,"event_name":"Forgotten Altar","floor":59,"gold_loss":0},{"cards_removed":["Defend_B"],"damage_healed":0,"gold_gain":0,"player_choice":"Upgrade and Remove","damage_taken":0,"max_hp_gain":0,"max_hp_loss":0,"event_name":"Designer","floor":77,"gold_loss":110,"cards_upgraded":["Gash"]}],"is_beta":false,"boss_relics":[{"not_picked":["Black Star","Ectoplasm"],"picked":"Empty Cage"},{"not_picked":["Cursed Key","Busted Crown"],"picked":"FrozenCore"}],"items_purged_floors":[3,32,60],"is_endless":false,"potions_floor_spawned":[8,16,20,21,22,24,27,29,31,33,34,39,44,46,48,50,53,55,56,58,62,66,72,75,78,79,88],"ascension_level":16}}