{"host":"ya062ahhhuj9au1o","time":1609895219,"event":{"mods":["BaseMod","Better Third Choice","Downfall","Filter the Spire","Hermit","Minty Spire (QoL Compilation)","Random Character Button","Robot Space Explorer","Somnambulant","StSLib","The Bug Knight","The Cursed","The Marked","The Servant 0.9.4"],"gold_per_floor":[118,68,85,97,172,172,183,183,183,183,195,195,207,6,6,83,83,99,124,137,237,247,279,279,294,294,306,320,334,334,364,364,442,442,458,473,102,102,118,118,118,118,118,151,166,182,182,57,57,57],"floor_reached":51,"playtime":3221,"items_purged":["RobotSpaceExplorer:Defend","RobotSpaceExplorer:Electroshield","RobotSpaceExplorer:DualCore"],"score":1289,"play_id":"454408c7-97f4-4919-be61-1f68ff92219f","local_time":"20210105200659","is_ascension_mode":true,"campfire_choices":[{"data":"RobotSpaceExplorer:MiniBoosters","floor":6.0,"key":"SMITH"},{"data":"RobotSpaceExplorer:MiniDrones","floor":8.0,"key":"SMITH"},{"data":"RobotSpaceExplorer:Scan","floor":10.0,"key":"SMITH"},{"floor":15.0,"key":"REST"},{"data":"RobotSpaceExplorer:MiniBoosters","floor":24.0,"key":"SMITH"},{"floor":30.0,"key":"REST"},{"floor":32.0,"key":"REST"},{"data":"RobotSpaceExplorer:FranticSearch","floor":40.0,"key":"SMITH"},{"data":"RobotSpaceExplorer:PowerGlove","floor":42.0,"key":"SMITH"},{"data":"RobotSpaceExplorer:PowerGlove","floor":47,"key":"SMITH"},{"floor":49,"key":"REST"}],"circlet_count":0,"master_deck":["AscendersBane","RobotSpaceExplorer:Scan+1","RobotSpaceExplorer:MiniLasers","RobotSpaceExplorer:MiniDrones+1","RobotSpaceExplorer:MiniBoosters+1","RobotSpaceExplorer:FranticSearch+1","RobotSpaceExplorer:Probe","RobotSpaceExplorer:PowerGlove+1","RobotSpaceExplorer:ExhaustFan","RobotSpaceExplorer:ChargingLaser","RobotSpaceExplorer:FranticSearch","RobotSpaceExplorer:Probe","RobotSpaceExplorer:MiniBoosters+1","RobotSpaceExplorer:MiniDrones","RobotSpaceExplorer:MiniDrones+1","RobotSpaceExplorer:Probe","RobotSpaceExplorer:MetalStrike","RobotSpaceExplorer:Probe","RobotSpaceExplorer:MiniDrones","RobotSpaceExplorer:PowerGlove+1"],"relics":["RobotSpaceExplorer:RoboCore","CaptainsWheel","Question Card","Sozu","Red Mask","Turnip","Orichalcum","Torii","Pandora\u0027s Box","Darkstone Periapt","HornCleat","Gremlin Horn","Toy Ornithopter"],"acts_visited":["Exordium","TheCity","TheBeyond"],"potions_floor_usage":[50],"damage_taken":[{"damage":8.0,"enemies":"Jaw Worm","floor":1.0,"turns":6.0},{"damage":0.0,"enemies":"Small Slimes","floor":3.0,"turns":4.0},{"damage":0.0,"enemies":"Cultist","floor":4.0,"turns":3.0},{"damage":17.0,"enemies":"Large Slime","floor":7.0,"turns":9.0},{"damage":6.0,"enemies":"Looter","floor":11.0,"turns":4.0},{"damage":0.0,"enemies":"2 Fungi Beasts","floor":13.0,"turns":3.0},{"damage":7.0,"enemies":"Slime Boss","floor":16.0,"turns":9.0},{"damage":5.0,"enemies":"2 Thieves","floor":18.0,"turns":3.0},{"damage":12.0,"enemies":"Masked Bandits","floor":19.0,"turns":4.0},{"damage":0.0,"enemies":"3 Byrds","floor":20.0,"turns":4.0},{"damage":5.0,"enemies":"Shelled Parasite and Fungi","floor":22.0,"turns":5.0},{"damage":0.0,"enemies":"HollowMod:Nosk","floor":23.0,"turns":7.0},{"damage":0.0,"enemies":"Snake Plant","floor":25.0,"turns":4.0},{"damage":0.0,"enemies":"Centurion and Healer","floor":27.0,"turns":4.0},{"damage":0.0,"enemies":"3 Cultists","floor":28.0,"turns":4.0},{"damage":16.0,"enemies":"Snake Plant","floor":29.0,"turns":5.0},{"damage":9.0,"enemies":"Gremlin Leader","floor":31.0,"turns":5.0},{"damage":27.0,"enemies":"Automaton","floor":33.0,"turns":9.0},{"damage":0.0,"enemies":"Orb Walker","floor":35.0,"turns":3.0},{"damage":0.0,"enemies":"3 Shapes","floor":36.0,"turns":3.0},{"damage":6.0,"enemies":"Jaw Worm Horde","floor":39.0,"turns":3.0},{"damage":1.0,"enemies":"Giant Head","floor":44.0,"turns":7.0},{"damage":0.0,"enemies":"Transient","floor":45.0,"turns":5.0},{"damage":0,"enemies":"4 Shapes","floor":46,"turns":1},{"damage":0,"enemies":"Donu and Deca","floor":50,"turns":4}],"seed_played":"6974322261711817135","potions_obtained":[{"floor":1.0,"key":"Dexterity Potion"},{"floor":13.0,"key":"SkillPotion"}],"is_trial":false,"path_per_floor":["M","?","M","M","?","R","M","R","T","R","M","?","M","$","R","B",null,"M","?","M","?","M","E","R","M","T","M","M","M","R","E","R","B",null,"M","M","$","?","M","R","?","R","T","E","M","M","R","$","R","B",null],"character_chosen":"RobotSpaceExplorer","items_purchased":["RobotSpaceExplorer:ExhaustFan","RobotSpaceExplorer:Counterblock","HornCleat","RobotSpaceExplorer:MiniDrones"],"campfire_rested":4,"item_purchase_floors":[14,14,37,37],"current_hp_per_floor":[60,60,60,60,54,54,37,37,37,37,31,24,24,24,44,37,60,55,43,43,43,38,38,38,38,38,38,38,22,42,33,53,26,58,58,58,58,58,52,52,57,57,57,56,56,56,56,56,68,68],"gold":57,"neow_bonus":"ONE_RARE_RELIC","is_daily":false,"chose_seed":false,"campfire_upgraded":7,"win_rate":0.0,"timestamp":1609895219,"path_taken":["M","?","M","M","?","R","?","R","T","R","M","?","M","$","R","BOSS","M","?","M","?","?","E","R","?","T","M","M","M","R","E","R","BOSS","M","M","$","?","M","R","?","R","T","E","?","M","R","$","R","BOSS"],"items_purchased_type":["Card","Card","Relic","Card"],"build_version":"2020-12-22","purchased_purges":3,"victory":true,"max_hp_per_floor":[68,68,68,68,68,68,68,68,68,68,68,68,68,68,68,68,68,68,68,68,68,68,68,68,68,68,68,68,68,68,68,68,68,68,68,68,68,68,68,68,68,68,68,68,68,68,68,68,68,68],"card_choices":[{"not_picked":["RobotSpaceExplorer:SurgingStrike","RobotSpaceExplorer:FrostMissile"],"picked":"RobotSpaceExplorer:MiniDrones","floor":1.0},{"not_picked":["RobotSpaceExplorer:StarLightning","RobotSpaceExplorer:MetalStrike"],"picked":"RobotSpaceExplorer:MiniBoosters","floor":3.0},{"not_picked":["RobotSpaceExplorer:MetalStrike","RobotSpaceExplorer:PowerCollector"],"picked":"RobotSpaceExplorer:FranticSearch","floor":4.0},{"not_picked":["RobotSpaceExplorer:Arsenal","RobotSpaceExplorer:Ammunition"],"picked":"RobotSpaceExplorer:Probe","floor":7.0},{"not_picked":["RobotSpaceExplorer:SurgingShield","RobotSpaceExplorer:ShockKick","RobotSpaceExplorer:Accelerator"],"picked":"RobotSpaceExplorer:PowerGlove","floor":11.0},{"not_picked":["RobotSpaceExplorer:ShockKick","RobotSpaceExplorer:BigMissile","RobotSpaceExplorer:SurgingStrike","RobotSpaceExplorer:StarDust"],"picked":"SKIP","floor":13.0},{"not_picked":["RobotSpaceExplorer:Exploration","RobotSpaceExplorer:Arsenal","RobotSpaceExplorer:Accelerator"],"picked":"RobotSpaceExplorer:ChargingLaser","floor":16.0},{"not_picked":["RobotSpaceExplorer:ShockKick","RobotSpaceExplorer:MetalStrike","RobotSpaceExplorer:BigMissile","RobotSpaceExplorer:Jetpack"],"picked":"SKIP","floor":18.0},{"not_picked":["RobotSpaceExplorer:PowerCollector","RobotSpaceExplorer:SurgingStrike","RobotSpaceExplorer:SwiftStep"],"picked":"RobotSpaceExplorer:FranticSearch","floor":19.0},{"not_picked":["RobotSpaceExplorer:Smokescreen","RobotSpaceExplorer:StarDust","RobotSpaceExplorer:PlasmaMissile","RobotSpaceExplorer:Counterblock"],"picked":"SKIP","floor":20.0},{"not_picked":["RobotSpaceExplorer:Fix","RobotSpaceExplorer:IronShell","RobotSpaceExplorer:FrostMissile"],"picked":"RobotSpaceExplorer:Probe","floor":22.0},{"not_picked":["RobotSpaceExplorer:BigMissile","RobotSpaceExplorer:ExhaustFan","RobotSpaceExplorer:Comet"],"picked":"RobotSpaceExplorer:MiniBoosters","floor":23.0},{"not_picked":["RobotSpaceExplorer:DoubleFind","RobotSpaceExplorer:SurgingShield","RobotSpaceExplorer:FrostMissile+1"],"picked":"RobotSpaceExplorer:MiniDrones","floor":25.0},{"not_picked":["RobotSpaceExplorer:FrostMissile","RobotSpaceExplorer:StunGrenade","RobotSpaceExplorer:ImprovisedAttack"],"picked":"RobotSpaceExplorer:MiniDrones+1","floor":27.0},{"not_picked":["RobotSpaceExplorer:FranticSearch","RobotSpaceExplorer:SwiftStep","RobotSpaceExplorer:SelfCleaning","RobotSpaceExplorer:RigExplosive"],"picked":"SKIP","floor":28.0},{"not_picked":["RobotSpaceExplorer:ShovelStrike","RobotSpaceExplorer:StarDust","RobotSpaceExplorer:DualCore"],"picked":"RobotSpaceExplorer:Probe","floor":29.0},{"not_picked":["RobotSpaceExplorer:Reload","RobotSpaceExplorer:FreezeRay","RobotSpaceExplorer:Calculate+1","RobotSpaceExplorer:SlimeMissile"],"picked":"SKIP","floor":31.0},{"not_picked":["RobotSpaceExplorer:Multitool","RobotSpaceExplorer:Explosion","RobotSpaceExplorer:Comet"],"picked":"RobotSpaceExplorer:Exploration","floor":33.0},{"not_picked":["RobotSpaceExplorer:FranticSearch","RobotSpaceExplorer:ShockKick","RobotSpaceExplorer:StunGrenade"],"picked":"RobotSpaceExplorer:Probe","floor":35.0},{"not_picked":["RobotSpaceExplorer:MetalStrike","RobotSpaceExplorer:SurgingShield+1","RobotSpaceExplorer:Pulsar","RobotSpaceExplorer:GlueShot"],"picked":"SKIP","floor":36.0},{"not_picked":["RobotSpaceExplorer:SurgingStrike","RobotSpaceExplorer:SurgingShield","RobotSpaceExplorer:FreezingShield+1","RobotSpaceExplorer:ShovelStrike"],"picked":"SKIP","floor":39.0},{"not_picked":["RobotSpaceExplorer:Asteroid","RobotSpaceExplorer:StarDust","RobotSpaceExplorer:FranticSearch"],"picked":"RobotSpaceExplorer:PowerGlove","floor":44.0},{"not_picked":["RobotSpaceExplorer:PlasmaMissile","RobotSpaceExplorer:DoubleBlock","RobotSpaceExplorer:Blitz","RobotSpaceExplorer:Counterblock"],"picked":"SKIP","floor":45.0},{"not_picked":["RobotSpaceExplorer:StarLightning","RobotSpaceExplorer:FrostMissile","RobotSpaceExplorer:SlimeMissile+1","RobotSpaceExplorer:PowerGlove"],"picked":"SKIP","floor":46}],"player_experience":1775044,"relics_obtained":[{"floor":9.0,"key":"Question Card"},{"floor":19.0,"key":"Red Mask"},{"floor":23.0,"key":"Turnip"},{"floor":26.0,"key":"Orichalcum"},{"floor":31.0,"key":"Torii"},{"floor":35.0,"key":"Darkstone Periapt"},{"floor":43.0,"key":"Gremlin Horn"},{"floor":44.0,"key":"Toy Ornithopter"}],"event_choices":[{"cards_removed":["RobotSpaceExplorer:Defend"],"damage_healed":0.0,"max_hp_gain":0.0,"max_hp_loss":0.0,"gold_gain":0.0,"event_name":"The Cleric","player_choice":"Card Removal","floor":2.0,"gold_loss":50.0,"damage_taken":0.0},{"damage_healed":0.0,"max_hp_gain":0.0,"max_hp_loss":0.0,"gold_gain":75.0,"event_name":"FaceTrader","player_choice":"Touch","floor":5.0,"gold_loss":0.0,"damage_taken":6.0},{"cards_removed":["RobotSpaceExplorer:Defend"],"damage_healed":0.0,"max_hp_gain":0.0,"max_hp_loss":0.0,"gold_gain":0.0,"event_name":"Golden Wing","player_choice":"Card Removal","floor":12.0,"gold_loss":0.0,"damage_taken":7.0},{"damage_healed":0.0,"max_hp_gain":0.0,"max_hp_loss":0.0,"gold_gain":0.0,"event_name":"Masked Bandits","player_choice":"Fought Bandits","floor":19.0,"gold_loss":0.0,"damage_taken":0.0},{"damage_healed":0.0,"max_hp_gain":0.0,"max_hp_loss":0.0,"gold_gain":100.0,"event_name":"Golden Shrine","player_choice":"Pray","floor":21.0,"gold_loss":0.0,"damage_taken":0.0},{"cards_removed":["RobotSpaceExplorer:Counterblock"],"damage_healed":0.0,"max_hp_gain":0.0,"max_hp_loss":0.0,"gold_gain":0.0,"event_name":"Falling","player_choice":"Removed Skill","floor":38.0,"gold_loss":0.0,"damage_taken":0.0},{"cards_removed":["RobotSpaceExplorer:FrostMissile"],"damage_healed":5.0,"max_hp_gain":0.0,"max_hp_loss":0.0,"gold_gain":0.0,"event_name":"Bonfire Elementals","player_choice":"Offered Common","floor":41.0,"gold_loss":0.0,"damage_taken":0.0},{"cards_removed":["RobotSpaceExplorer:FrostMissile"],"damage_healed":5.0,"max_hp_gain":0.0,"max_hp_loss":0.0,"gold_gain":0.0,"event_name":"Bonfire Elementals","player_choice":"Offered Special","floor":41.0,"gold_loss":0.0,"damage_taken":0.0}],"is_beta":false,"boss_relics":[{"not_picked":["Black Star","RobotSpaceExplorer:TurboCore"],"picked":"Sozu"},{"not_picked":["Runic Dome","Fusion Hammer"],"picked":"Pandora\u0027s Box"}],"items_purged_floors":[14,37,48],"is_endless":false,"potions_floor_spawned":[1,7,13,22,23,27,29,31,44],"ascension_level":13}}