{"host":"tgr1xoidyjfo4u0n","time":1609917904,"event":{"mods":["Act Like it!","BaseMod","Better Vampires","CapriCore","Colored Powertips","GifTheSpireLib","Highlight Path","Minty Spire (QoL Compilation)","StSLib"],"gold_per_floor":[116,41,41,41,41,41,60,135,135,135,163,57,57,86,86,189,189,205,223,173,188,206,206,305,305,328,328,362,378,398,416,416,513,563,563,563],"floor_reached":35,"playtime":1462,"items_purged":["Strike_G"],"score":482,"play_id":"7b685a4a-e9bb-4751-b7cd-1d81e182857c","local_time":"20210106152504","is_ascension_mode":true,"campfire_choices":[{"data":"Neutralize","floor":6.0,"key":"SMITH"},{"data":"1","floor":10.0,"key":"LIFT"},{"data":"2","floor":13.0,"key":"LIFT"},{"data":"Blade Dance","floor":15.0,"key":"SMITH"},{"data":"3","floor":23.0,"key":"LIFT"},{"data":"Prepared","floor":25.0,"key":"SMITH"},{"data":"Footwork","floor":27.0,"key":"SMITH"},{"data":"Night Terror","floor":32.0,"key":"SMITH"}],"circlet_count":0,"master_deck":["Strike_G","Strike_G","Strike_G","Defend_G","Defend_G","Defend_G+1","Defend_G","Defend_G","Survivor","Neutralize+1","Slice","Iron Wave","Underhanded Strike","Footwork+1","Footwork","Deadly Poison","Blade Dance+1","Night Terror+1","Acrobatics","Acrobatics","Acrobatics+1","Acrobatics","Acrobatics","Prepared+1","Cloak And Dagger+1","PiercingWail","Prepared+1","PiercingWail+1","Blade Dance","Dodge and Roll+1","Storm of Steel","Eviscerate"],"relics":["Ring of the Snake","NeowsBlessing","Girya","StrikeDummy","Prayer Wheel","WristBlade","Toy Ornithopter","Tiny House"],"acts_visited":["Exordium","TheCity","TheBeyond"],"potions_floor_usage":[],"damage_taken":[{"damage":0.0,"enemies":"Small Slimes","floor":1.0,"turns":1.0},{"damage":0.0,"enemies":"Jaw Worm","floor":7.0,"turns":1.0},{"damage":0.0,"enemies":"Gremlin Nob","floor":11.0,"turns":1.0},{"damage":1.0,"enemies":"3 Sentries","floor":14.0,"turns":5.0},{"damage":20.0,"enemies":"The Guardian","floor":16.0,"turns":11.0},{"damage":7.0,"enemies":"2 Thieves","floor":18.0,"turns":4.0},{"damage":0.0,"enemies":"Chosen","floor":19.0,"turns":4.0},{"damage":11.0,"enemies":"Snake Plant","floor":21.0,"turns":4.0},{"damage":5.0,"enemies":"Centurion and Healer","floor":22.0,"turns":5.0},{"damage":0.0,"enemies":"Gremlin Leader","floor":28.0,"turns":3.0},{"damage":3.0,"enemies":"Chosen and Byrds","floor":29.0,"turns":4.0},{"damage":4.0,"enemies":"Snake Plant","floor":30.0,"turns":3.0},{"damage":0.0,"enemies":"3 Cultists","floor":31.0,"turns":4.0},{"damage":45.0,"enemies":"Champ","floor":33.0,"turns":13.0},{"damage":3.0,"enemies":"3 Shapes","floor":35.0,"turns":5.0}],"seed_played":"6280572052665325392","potions_obtained":[{"floor":1.0,"key":"SpeedPotion"},{"floor":11.0,"key":"FearPotion"},{"floor":16.0,"key":"PowerPotion"},{"floor":18.0,"key":"Weak Potion"},{"floor":22.0,"key":"PowerPotion"},{"floor":28.0,"key":"Weak Potion"},{"floor":29.0,"key":"SpeedPotion"},{"floor":33.0,"key":"LiquidMemories"}],"is_trial":false,"path_per_floor":["M","$","?","?","?","R","M","?","T","R","E","$","R","E","R","B",null,"M","M","?","M","M","R","?","R","T","R","E","M","M","M","R","B",null,"M"],"character_chosen":"THE_SILENT","items_purchased":["Footwork","Deadly Poison"],"campfire_rested":0,"item_purchase_floors":[12,12],"current_hp_per_floor":[70,70,70,75,75,75,75,64,64,64,64,64,64,63,63,43,75,68,68,68,57,52,52,52,52,52,52,52,49,50,50,50,5,80,77,77],"gold":563,"neow_bonus":"THREE_ENEMY_KILL","is_daily":false,"chose_seed":false,"campfire_upgraded":5,"win_rate":0.0,"timestamp":1609917904,"path_taken":["M","$","?","?","?","R","?","?","T","R","E","$","R","E","R","BOSS","M","M","?","?","M","R","?","R","T","R","E","M","M","M","R","BOSS","M"],"items_purchased_type":["Card","Card"],"build_version":"2020-12-22","purchased_purges":1,"victory":false,"max_hp_per_floor":[70,70,70,75,75,75,75,75,75,75,75,75,75,75,75,75,75,75,75,75,75,75,75,75,75,75,75,75,75,75,75,75,75,80,80,80],"card_choices":[{"not_picked":["Reflex","Dagger Spray"],"picked":"Slice","floor":1.0},{"not_picked":["Flying Knee","Backstab"],"picked":"Underhanded Strike","floor":7.0},{"not_picked":["Cloak And Dagger","Endless Agony"],"picked":"Footwork","floor":11.0},{"not_picked":["Riddle With Holes","Accuracy"],"picked":"Blade Dance","floor":14.0},{"not_picked":["Grand Finale","A Thousand Cuts"],"picked":"Night Terror","floor":16.0},{"not_picked":["Distraction","Deflect"],"picked":"Acrobatics","floor":18.0},{"not_picked":["Bane","Underhanded Strike","Calculated Gamble"],"picked":"SKIP","floor":18.0},{"not_picked":["Bane","Underhanded Strike","Calculated Gamble"],"picked":"SKIP","floor":18.0},{"not_picked":["Dagger Spray+1","Flechettes"],"picked":"Acrobatics","floor":19.0},{"not_picked":["Deflect","Well Laid Plans+1"],"picked":"Acrobatics+1","floor":19.0},{"not_picked":["Infinite Blades+1","Dagger Throw"],"picked":"Acrobatics","floor":21.0},{"not_picked":["Dodge and Roll","Finisher"],"picked":"Acrobatics","floor":21.0},{"not_picked":["Phantasmal Killer","All Out Attack+1"],"picked":"Prepared","floor":22.0},{"not_picked":["Catalyst+1","Predator"],"picked":"Cloak And Dagger+1","floor":22.0},{"not_picked":["Deadly Poison","Poisoned Stab"],"picked":"PiercingWail","floor":28.0},{"not_picked":["Dagger Spray+1","Backflip+1"],"picked":"Prepared+1","floor":29.0},{"not_picked":["Underhanded Strike","Poisoned Stab+1"],"picked":"PiercingWail+1","floor":29.0},{"not_picked":["Corpse Explosion","Backstab"],"picked":"Blade Dance","floor":30.0},{"not_picked":["Bane+1","Underhanded Strike"],"picked":"Dodge and Roll+1","floor":30.0},{"not_picked":["PiercingWail+1","Bane","Expertise+1"],"picked":"SKIP","floor":31.0},{"not_picked":["Bane","Prepared","Backflip+1"],"picked":"SKIP","floor":31.0},{"not_picked":["Envenom","Die Die Die"],"picked":"Storm of Steel","floor":33.0},{"not_picked":["Prepared","Acrobatics"],"picked":"Eviscerate","floor":34.0}],"player_experience":332711,"relics_obtained":[{"floor":9.0,"key":"Girya"},{"floor":11.0,"key":"StrikeDummy"},{"floor":14.0,"key":"Prayer Wheel"},{"floor":28.0,"key":"Toy Ornithopter"}],"event_choices":[{"damage_healed":0.0,"max_hp_gain":0.0,"max_hp_loss":0.0,"gold_gain":0.0,"event_name":"Liars Game","player_choice":"Ignored","floor":3.0,"gold_loss":0.0,"damage_taken":0.0},{"damage_healed":0.0,"max_hp_gain":5.0,"max_hp_loss":0.0,"gold_gain":0.0,"event_name":"Big Fish","player_choice":"Donut","floor":4.0,"gold_loss":0.0,"damage_taken":0.0},{"cards_removed":["Strike_G"],"damage_healed":0.0,"max_hp_gain":0.0,"max_hp_loss":0.0,"gold_gain":0.0,"event_name":"NoteForYourself","player_choice":"Took Card","floor":5.0,"gold_loss":0.0,"damage_taken":0.0,"cards_obtained":["Iron Wave"]},{"damage_healed":0.0,"max_hp_gain":0.0,"max_hp_loss":0.0,"gold_gain":75.0,"event_name":"World of Goop","player_choice":"Gather Gold","floor":8.0,"gold_loss":0.0,"damage_taken":11.0},{"damage_healed":0.0,"max_hp_gain":0.0,"max_hp_loss":0.0,"gold_gain":0.0,"event_name":"The Joust","player_choice":"Bet on Owner","floor":20.0,"gold_loss":50.0,"damage_taken":0.0},{"damage_healed":0.0,"max_hp_gain":0.0,"max_hp_loss":0.0,"gold_gain":99.0,"event_name":"Nest","player_choice":"Stole From Cult","floor":24.0,"gold_loss":0.0,"damage_taken":0.0}],"is_beta":false,"boss_relics":[{"not_picked":["Velvet Choker","Astrolabe"],"picked":"WristBlade"},{"not_picked":["SacredBark","Runic Pyramid"],"picked":"Tiny House"}],"items_purged_floors":[2],"is_endless":false,"potions_floor_spawned":[1,11,16,18,22,28,29,33,35],"killed_by":"3 Shapes","ascension_level":1}}