{"host":"bydnmyvf669xu6ab","time":1609901428,"event":{"mods":["Aspiration","BaseMod","Better Note","BetterRewards","Colored Map","Colored Powertips","Minty Spire (QoL Compilation)","Rare Cards Sparkle","Relic Stats","Shop Mod","StSLib","SuperFastMode","Virulent Crown"],"gold_per_floor":[116,13,25,73,93,93,125,138,138,138,213,231,231,260,260,363,363,377,395,405,329,341,341,231,241,241,266,279,306,306,306,306,405,405,421,438,438,313,324,324,376,376,376,426,438,452,452,463,463,463,463,463,61,92,92,92],"floor_reached":55,"playtime":5579,"items_purged":[],"score":1090,"play_id":"92471ffd-ed5f-4371-9816-10448d41f493","local_time":"20210105185028","is_ascension_mode":true,"campfire_choices":[{"data":"Limit Break","floor":6,"key":"SMITH"},{"data":"Rage","floor":10,"key":"SMITH"},{"data":"Fire Breathing","floor":13,"key":"SMITH"},{"floor":15,"key":"RECALL"},{"data":"Juggernaut","floor":23,"key":"SMITH"},{"data":"Barricade","floor":32,"key":"SMITH"},{"data":"Spot Weakness","floor":40,"key":"SMITH"},{"data":"Juggernaut","floor":42,"key":"SMITH"},{"data":"Metallicize","floor":47,"key":"SMITH"},{"data":"Flame Barrier","floor":49,"key":"SMITH"},{"data":"Enlightenment","floor":52,"key":"SMITH"}],"circlet_count":0,"master_deck":["Strike_R","Strike_R","Strike_R","Strike_R","Defend_R","Defend_R+1","Bash","Limit Break+1","Headbutt+1","Body Slam+1","Rampage+1","Heavy Blade+1","Rage+1","Whirlwind+1","Fire Breathing+1","Pommel Strike+1","Juggernaut+1","Fire Breathing+1","Rampage+1","Flame Barrier+1","Enlightenment+1","Metallicize+1","Inflame","Barricade+1","Juggernaut+1","Flechettes+1","Escape Plan","Reflex+1","Spot Weakness+1","Body Slam+1","Battle Trance","Normality","Inflame","Armaments+1","Apotheosis","Entrench"],"relics":["Burning Blood","Molten Egg 2","HornCleat","Lee\u0027s Waffle","aspiration:HummingbirdHeart","Vajra","Membership Card","Bag of Preparation","Oddly Smooth Stone","Singing Bowl","Turnip","Lizard Tail","Bronze Scales","MerchantsRug","Blood Vial","aspiration:SeaSaltIceCream","Mark of Pain","Meat on the Bone","Cursed Key","Lantern","Champion Belt","aspiration:HiddenCompartment","Dead Branch","aspiration:Nostalgia","PureWater","War Paint","Paper Frog","Strawberry"],"acts_visited":["Exordium","TheCity","TheBeyond","TheEnding"],"potions_floor_usage":[7,14,16,20,33,39,39,50,55,55,55],"damage_taken":[{"damage":0,"enemies":"Cultist","floor":1,"turns":3},{"damage":0,"enemies":"Jaw Worm","floor":3,"turns":3},{"damage":5,"enemies":"Small Slimes","floor":5,"turns":3},{"damage":0,"enemies":"3 Sentries","floor":7,"turns":5},{"damage":5,"enemies":"Exordium Thugs","floor":8,"turns":3},{"damage":0,"enemies":"Looter","floor":12,"turns":2},{"damage":18,"enemies":"Lagavulin","floor":14,"turns":4},{"damage":46,"enemies":"The Guardian","floor":16,"turns":9},{"damage":0,"enemies":"3 Byrds","floor":18,"turns":2},{"damage":4,"enemies":"Chosen","floor":19,"turns":4},{"damage":23,"enemies":"Snecko","floor":20,"turns":5},{"damage":25,"enemies":"Cultist and Chosen","floor":22,"turns":6},{"damage":33,"enemies":"Shelled Parasite and Fungi","floor":25,"turns":5},{"damage":34,"enemies":"Slavers","floor":27,"turns":5},{"damage":10,"enemies":"Centurion and Healer","floor":28,"turns":4},{"damage":20,"enemies":"Book of Stabbing","floor":29,"turns":5},{"damage":23,"enemies":"Champ","floor":33,"turns":7},{"damage":1,"enemies":"Orb Walker","floor":35,"turns":3},{"damage":10,"enemies":"3 Shapes","floor":36,"turns":1},{"damage":13,"enemies":"Writhing Mass","floor":39,"turns":3},{"damage":12,"enemies":"2 Orb Walkers","floor":41,"turns":3},{"damage":0,"enemies":"Mind Bloom Boss Battle","floor":44,"turns":4},{"damage":0,"enemies":"Maw","floor":45,"turns":5},{"damage":0,"enemies":"Sphere and 2 Shapes","floor":46,"turns":2},{"damage":0,"enemies":"Jaw Worm Horde","floor":48,"turns":3},{"damage":39,"enemies":"Donu and Deca","floor":50,"turns":7},{"damage":67,"enemies":"Shield and Spear","floor":54,"turns":6},{"damage":89,"enemies":"The Heart","floor":55,"turns":5}],"seed_played":"-8355648018649548313","potions_obtained":[{"floor":3,"key":"Energy Potion"},{"floor":5,"key":"BlessingOfTheForge"},{"floor":7,"key":"FearPotion"},{"floor":19,"key":"AttackPotion"},{"floor":28,"key":"SpeedPotion"},{"floor":29,"key":"PowerPotion"},{"floor":33,"key":"AttackPotion"},{"floor":36,"key":"DuplicationPotion"},{"floor":41,"key":"Regen Potion"},{"floor":44,"key":"Swift Potion"},{"floor":48,"key":"Dexterity Potion"}],"is_trial":false,"path_per_floor":["M","$","M","T","M","R","E","M","T","R","?","M","R","E","R","B",null,"M","M","M","$","M","R","$","M","T","E","M","E","?","?","R","B",null,"M","M","?","$","M","R","?","R","T","?","M","M","R","M","R","B",null,"R","$","E","B"],"character_chosen":"IRONCLAD","items_purchased":["Molten Egg 2","HornCleat","Limit Break","Lee\u0027s Waffle","aspiration:HummingbirdHeart","Vajra","Membership Card","Bag of Preparation","Body Slam+1","Bronze Scales","MerchantsRug","Blood Vial","Flame Barrier","Enlightenment","Lantern","Spot Weakness","Body Slam+1","Apotheosis","aspiration:Nostalgia","War Paint","Paper Frog","LiquidBronze"],"campfire_rested":0,"item_purchase_floors":[0,0,0,0,0,0,0,2,2,21,24,24,24,24,38,38,38,53,53,53,53,53],"current_hp_per_floor":[87,87,87,87,87,87,87,87,87,87,79,85,85,73,73,33,87,87,89,72,72,55,55,55,32,32,52,52,40,40,40,40,37,95,97,95,95,95,90,90,88,88,88,98,103,105,105,105,105,72,105,105,105,63,0,0],"gold":92,"neow_bonus":"","is_daily":false,"chose_seed":false,"campfire_upgraded":10,"win_rate":0.0,"timestamp":1609901428,"path_taken":["M","$","M","?","M","R","E","M","T","R","?","M","R","E","R","BOSS","M","?","M","$","M","R","$","M","T","E","M","E","?","?","R","BOSS","M","M","?","$","M","R","?","R","T","?","M","M","R","M","R","BOSS","R","$","E","BOSS"],"items_purchased_type":["Relic","Relic","Card","Relic","Relic","Relic","Relic","Relic","Card","Relic","Relic","Relic","Card","Card","Relic","Card","Card","Card","Relic","Relic","Relic","Potion"],"build_version":"2020-12-22","purchased_purges":0,"victory":false,"max_hp_per_floor":[87,87,87,87,87,87,87,87,87,87,87,87,87,87,87,87,87,87,89,89,89,91,91,91,93,93,93,95,95,95,95,95,95,95,97,99,99,99,99,99,101,101,101,103,103,105,105,105,105,105,105,105,105,112,112,112],"relic_stats":{"Lee\u0027s Waffle":55,"Singing Bowl":18,"counters":[201,921],"Dead Branch":[7],"Bag of Preparation":[54],"War Paint":["Defend_R","Defend_R","Battle Trance","Armaments","Defend_R","Reflex"],"Cursed Key":1,"Burning Blood":1087,"Blood Vial":20,"Lizard Tail":86,"Bronze Scales":[927],"Turnip":[13],"Champion Belt":[1],"obtain_stats":[{"Ice Cream":19,"Calipers":12,"Tiny House":17,"Gremlin Horn":17,"Vajra":42,"Whetstone":43,"Boot":29,"Blood Vial":25,"Centennial Puzzle":41,"Lizard Tail":28,"HornCleat":2,"Sundial":24,"DollysMirror":0,"Strawberry":10,"Philosopher\u0027s Stone":17,"MealTicket":14,"aspiration:ArtOfWarUpgrade":23,"Kunai":0,"Toxic Egg 2":3,"aspiration:DSix":13,"MerchantsRug":24,"aspiration:Nostalgia":53,"Astrolabe":17,"Dead Branch":42,"Oddly Smooth Stone":25,"Pen Nib":42,"Charon\u0027s Ashes":17,"aspiration:SeaSaltIceCream":43,"Letter Opener":43,"War Paint":28,"aspiration:HiddenCompartment":21,"aspiration:FrozenJewel":0,"Du-Vu Doll":26,"Bottled Flame":40,"Shuriken":31,"Bronze Scales":19,"Molten Egg 2":26,"Mark of Pain":34,"Meat on the Bone":29,"aspiration:Lifesprig":54,"Regal Pillow":27,"Lantern":38,"Torii":46,"Singing Bowl":7,"SacredBark":17,"Black Blood":17,"Juzu Bracelet":22,"Bag of Preparation":31,"Ancient Tea Set":7,"Cursed Key":34,"Smiling Mask":23,"PrismaticShard":22,"Burning Blood":0,"aspiration:StickyExplosives_weak":27,"ClockworkSouvenir":30,"Matryoshka":0,"aspiration:DefectSkillbook":17,"aspiration:AnachronicSnailShell":23,"Gambling Chip":28,"Toolbox":0,"Chemical X":0,"aspiration:FutureDiary":17,"Red Skull":38,"aspiration:ChemicalBlood":9,"Paper Frog":43,"Potion Belt":0,"Lee\u0027s Waffle":0,"Self Forming Clay":25,"aspiration:FetidBarrel":4,"The Courier":9,"aspiration:HummingbirdHeart":10,"Omamori":13,"Frozen Egg 2":26,"Medical Kit":31,"White Beast Statue":48,"Calling Bell":17,"Anchor":9,"CaptainsWheel":54,"Turnip":9,"Art of War":26,"Bag of Marbles":14,"Membership Card":19,"Champion Belt":41,"PureWater":53,"FossilizedHelix":0,"Toy Ornithopter":0},{"Ice Cream":23,"Calipers":45,"Tiny House":113,"Gremlin Horn":86,"Vajra":33,"Whetstone":33,"Boot":138,"Blood Vial":92,"Centennial Puzzle":33,"Lizard Tail":160,"HornCleat":149,"Sundial":25,"DollysMirror":39,"Strawberry":20,"Philosopher\u0027s Stone":22,"MealTicket":85,"aspiration:ArtOfWarUpgrade":158,"Kunai":39,"Toxic Egg 2":41,"aspiration:DSix":85,"MerchantsRug":185,"aspiration:Nostalgia":199,"Astrolabe":7,"Dead Branch":33,"Oddly Smooth Stone":11,"Pen Nib":73,"Charon\u0027s Ashes":86,"aspiration:SeaSaltIceCream":144,"Letter Opener":167,"War Paint":137,"aspiration:HiddenCompartment":63,"aspiration:FrozenJewel":148,"Du-Vu Doll":137,"Bottled Flame":143,"Shuriken":27,"Bronze Scales":23,"Molten Egg 2":11,"Mark of Pain":67,"Meat on the Bone":189,"aspiration:Lifesprig":78,"Regal Pillow":93,"Lantern":192,"Torii":74,"Singing Bowl":177,"SacredBark":47,"Black Blood":121,"Juzu Bracelet":9,"Bag of Preparation":96,"Ancient Tea Set":3,"Cursed Key":28,"Smiling Mask":53,"PrismaticShard":63,"Burning Blood":0,"aspiration:StickyExplosives_weak":64,"ClockworkSouvenir":66,"Matryoshka":56,"aspiration:DefectSkillbook":62,"aspiration:AnachronicSnailShell":10,"Gambling Chip":160,"Toolbox":105,"Chemical X":124,"aspiration:FutureDiary":181,"Red Skull":98,"aspiration:ChemicalBlood":43,"Paper Frog":100,"Potion Belt":15,"Lee\u0027s Waffle":173,"Self Forming Clay":54,"aspiration:FetidBarrel":117,"The Courier":59,"aspiration:HummingbirdHeart":130,"Omamori":154,"Frozen Egg 2":63,"Medical Kit":96,"White Beast Statue":145,"Calling Bell":86,"Anchor":20,"CaptainsWheel":38,"Turnip":178,"Art of War":63,"Bag of Marbles":112,"Membership Card":23,"Champion Belt":194,"PureWater":199,"FossilizedHelix":79,"Toy Ornithopter":79},{"Ice Cream":101,"Calipers":229,"Tiny House":556,"Gremlin Horn":431,"Vajra":157,"Whetstone":157,"Boot":650,"Blood Vial":457,"Centennial Puzzle":157,"Lizard Tail":747,"HornCleat":700,"Sundial":109,"DollysMirror":198,"Strawberry":78,"Philosopher\u0027s Stone":94,"MealTicket":423,"aspiration:ArtOfWarUpgrade":737,"Kunai":198,"Toxic Egg 2":205,"aspiration:DSix":423,"MerchantsRug":853,"aspiration:Nostalgia":910,"Astrolabe":24,"Dead Branch":157,"Oddly Smooth Stone":43,"Pen Nib":382,"Charon\u0027s Ashes":431,"aspiration:SeaSaltIceCream":675,"Letter Opener":777,"War Paint":642,"aspiration:HiddenCompartment":334,"aspiration:FrozenJewel":697,"Du-Vu Doll":642,"Bottled Flame":674,"Shuriken":117,"Bronze Scales":101,"Molten Egg 2":43,"Mark of Pain":358,"Meat on the Bone":872,"aspiration:Lifesprig":406,"Regal Pillow":460,"Lantern":883,"Torii":385,"Singing Bowl":818,"SacredBark":239,"Black Blood":591,"Juzu Bracelet":31,"Bag of Preparation":472,"Ancient Tea Set":11,"Cursed Key":129,"Smiling Mask":280,"PrismaticShard":334,"Burning Blood":0,"aspiration:StickyExplosives_weak":340,"ClockworkSouvenir":350,"Matryoshka":307,"aspiration:DefectSkillbook":330,"aspiration:AnachronicSnailShell":38,"Gambling Chip":747,"Toolbox":520,"Chemical X":604,"aspiration:FutureDiary":836,"Red Skull":484,"aspiration:ChemicalBlood":212,"Paper Frog":490,"Potion Belt":64,"Lee\u0027s Waffle":804,"Self Forming Clay":287,"aspiration:FetidBarrel":569,"The Courier":319,"aspiration:HummingbirdHeart":622,"Omamori":723,"Frozen Egg 2":334,"Medical Kit":472,"White Beast Statue":680,"Calling Bell":431,"Anchor":78,"CaptainsWheel":189,"Turnip":821,"Art of War":334,"Bag of Marbles":549,"Membership Card":101,"Champion Belt":889,"PureWater":910,"FossilizedHelix":408,"Toy Ornithopter":408}],"Meat on the Bone":24},"card_choices":[{"not_picked":["Anger+1","Sword Boomerang+1"],"picked":"Headbutt+1","floor":1},{"not_picked":["Uppercut+1","Second Wind"],"picked":"Rampage+1","floor":3},{"not_picked":["Shrug It Off","Thunderclap+1"],"picked":"Heavy Blade+1","floor":5},{"not_picked":["Wild Strike+1","Havoc"],"picked":"Rage","floor":7},{"not_picked":["Sword Boomerang+1","Warcry"],"picked":"Whirlwind+1","floor":8},{"not_picked":["Clothesline+1","Ghostly Armor"],"picked":"Fire Breathing","floor":12},{"not_picked":["Ghostly Armor","Headbutt+1"],"picked":"Pommel Strike+1","floor":14},{"not_picked":["Fiend Fire+1","Bludgeon+1"],"picked":"Juggernaut","floor":16},{"not_picked":["Second Wind","True Grit+1"],"picked":"Fire Breathing+1","floor":18},{"not_picked":["Fire Breathing","Dark Embrace+1","Cleave+1"],"picked":"Singing Bowl","floor":19},{"not_picked":["Sword Boomerang+1","Clothesline+1"],"picked":"Rampage+1","floor":20},{"not_picked":["True Grit","Combust","Dual Wield"],"picked":"Singing Bowl","floor":22},{"not_picked":["True Grit+1","Pommel Strike+1","Rupture"],"picked":"Singing Bowl","floor":25},{"not_picked":["Perfected Strike+1","Pummel+1"],"picked":"Metallicize","floor":27},{"not_picked":["Carnage+1","Headbutt+1","Twin Strike+1"],"picked":"Singing Bowl","floor":28},{"not_picked":["Feel No Pain","Bludgeon+1"],"picked":"Inflame","floor":29},{"not_picked":["Exhume","Brutality"],"picked":"Juggernaut","floor":33},{"not_picked":["Twin Strike+1","Headbutt+1","Sword Boomerang+1"],"picked":"Singing Bowl","floor":35},{"not_picked":["Rupture","Ghostly Armor","Perfected Strike+1"],"picked":"Singing Bowl","floor":36},{"not_picked":["Infernal Blade+1","Power Through"],"picked":"Battle Trance","floor":39},{"not_picked":["Cleave+1","Clothesline+1","Rage+1"],"picked":"Singing Bowl","floor":41},{"not_picked":["Flex","Anger+1","Sever Soul+1"],"picked":"Singing Bowl","floor":44},{"not_picked":["Iron Wave+1","Dual Wield"],"picked":"Inflame","floor":45},{"not_picked":["Corruption","Perfected Strike+1","Twin Strike+1"],"picked":"Singing Bowl","floor":46},{"not_picked":["Twin Strike+1","Rage"],"picked":"Armaments+1","floor":48},{"not_picked":["Power Through","Perfected Strike+1"],"picked":"Entrench","floor":54}],"player_experience":2163228,"relics_obtained":[{"floor":4,"key":"Oddly Smooth Stone"},{"floor":7,"key":"Singing Bowl"},{"floor":9,"key":"Turnip"},{"floor":14,"key":"Lizard Tail"},{"floor":27,"key":"aspiration:SeaSaltIceCream"},{"floor":29,"key":"Meat on the Bone"},{"floor":41,"key":"Champion Belt"},{"floor":43,"key":"aspiration:HiddenCompartment"},{"floor":44,"key":"Dead Branch"},{"floor":54,"key":"Strawberry"}],"event_choices":[{"damage_healed":0,"gold_gain":75,"player_choice":"Touch","damage_taken":8,"max_hp_gain":0,"max_hp_loss":0,"event_name":"FaceTrader","floor":11,"gold_loss":0},{"cards_removed":["Limit Break"],"damage_healed":0,"gold_gain":0,"player_choice":"Take \u0026 Give","damage_taken":0,"max_hp_gain":0,"max_hp_loss":0,"event_name":"betterNote:BetterNote","floor":30,"gold_loss":0,"cards_obtained":["Barricade"]},{"damage_healed":0,"gold_gain":0,"player_choice":"Ignored","damage_taken":0,"max_hp_gain":0,"max_hp_loss":0,"event_name":"Ghosts","floor":31,"gold_loss":0},{"damage_healed":0,"gold_gain":0,"player_choice":"Fight","damage_taken":0,"max_hp_gain":0,"max_hp_loss":0,"event_name":"Mysterious Sphere","floor":41,"gold_loss":0},{"damage_healed":0,"gold_gain":0,"player_choice":"Fight","damage_taken":0,"max_hp_gain":0,"max_hp_loss":0,"event_name":"MindBloom","floor":44,"gold_loss":0}],"is_beta":false,"boss_relics":[{"not_picked":["Black Blood","Runic Cube"],"picked":"aspiration:FutureDiary"},{"not_picked":["Runic Dome","Fusion Hammer"],"picked":"Cursed Key"}],"items_purged_floors":[],"is_endless":false,"potions_floor_spawned":[3,5,7,19,28,29,33,36,41,44,46,48,54],"killed_by":"The Heart","ascension_level":1}}