{"host":"yp47u74hk6n79vj1","time":1609967865,"event":{"mods":["BaseMod","Colored Map","Highlight Path","Minty Spire (QoL Compilation)"],"gold_per_floor":[119,133,145,145,219,219,260,260,341,341,341],"floor_reached":10,"playtime":259,"items_purged":[],"score":76,"play_id":"87071b83-4127-4004-a9c8-635534141371","local_time":"20210106161745","is_ascension_mode":true,"campfire_choices":[{"data":"Body Slam","floor":6,"key":"SMITH"},{"data":"Evolve","floor":8,"key":"SMITH"}],"circlet_count":0,"master_deck":["Strike_R","Strike_R","Strike_R","Strike_R","Defend_R","Defend_R","Defend_R","Bash","Evolve+1","Reckless Charge","Metallicize","Body Slam+1"],"relics":["Burning Blood","Golden Idol","Pantograph","Eternal Feather","Pear"],"acts_visited":["Exordium"],"potions_floor_usage":[],"damage_taken":[{"damage":1,"enemies":"Cultist","floor":1,"turns":4},{"damage":4,"enemies":"2 Louse","floor":2,"turns":4},{"damage":8,"enemies":"Jaw Worm","floor":3,"turns":4},{"damage":35,"enemies":"Gremlin Nob","floor":7,"turns":5},{"damage":29,"enemies":"Lagavulin","floor":10,"turns":7}],"seed_played":"1394969071010246276","potions_obtained":[{"floor":3,"key":"Ancient Potion"}],"is_trial":false,"path_per_floor":["M","M","M","?","T","R","E","R","T","E"],"character_chosen":"IRONCLAD","items_purchased":[],"campfire_rested":0,"item_purchase_floors":[],"current_hp_per_floor":[61,63,61,41,41,41,12,18,28,0,0],"gold":341,"neow_bonus":"TRANSFORM_TWO_CARDS","is_daily":false,"chose_seed":false,"campfire_upgraded":2,"win_rate":0.0,"timestamp":1609967865,"path_taken":["M","?","?","?","?","R","E","R","T","E"],"items_purchased_type":[],"build_version":"2020-12-22","purchased_purges":0,"victory":false,"max_hp_per_floor":[80,80,80,80,80,80,80,80,90,90,90],"card_choices":[{"not_picked":["Warcry","Disarm"],"picked":"Metallicize","floor":1},{"not_picked":["Shrug It Off","Anger"],"picked":"Body Slam","floor":2},{"not_picked":["Sentinel","Uppercut","Thunderclap"],"picked":"SKIP","floor":3},{"not_picked":["Anger","Immolate","Feel No Pain"],"picked":"SKIP","floor":7}],"player_experience":604816,"relics_obtained":[{"floor":5,"key":"Pantograph"},{"floor":7,"key":"Eternal Feather"},{"floor":9,"key":"Pear"}],"event_choices":[{"damage_healed":0,"gold_gain":0,"player_choice":"Take Damage","damage_taken":20,"relics_obtained":["Golden Idol"],"max_hp_gain":0,"max_hp_loss":0,"event_name":"Golden Idol","floor":4,"gold_loss":0}],"is_beta":false,"boss_relics":[],"items_purged_floors":[],"is_endless":false,"potions_floor_spawned":[3],"killed_by":"Lagavulin","ascension_level":3}}