{"host":"7qf1todfnxspvw7w","time":1609951361,"event":{"mods":["AchievementEnabler","BaseMod","Block Reminder","Colored Powertips","Disable Question Mark Monsters","Displayed Cursed Tome","Googly Eyes","Minty Spire (QoL Compilation)","Rare Cards Sparkle","Relic Stats","Reorder Act Four","SacredBarkPlus","StSLib","Uncapped"],"gold_per_floor":[111,111,111,60,73,73,102,114,137,164,18,18,37,48,48,148,148,161,181,32,48,65,65,65,65,65,80,80,109,125,50,50,147,147,165,0,0,19,19,52,62,62,62,77,91,91,102,118,118,118],"floor_reached":51,"playtime":1212,"items_purged":["Juggernaut"],"score":1145,"play_id":"f0a410f0-fb7f-4ced-a5db-7412f470356e","local_time":"20210106194241","is_ascension_mode":true,"campfire_choices":[{"data":"Perfected Strike","floor":6,"key":"SMITH"},{"data":"Iron Wave","floor":12,"key":"SMITH"},{"data":"Flame Barrier","floor":15,"key":"SMITH"},{"data":"Infernal Blade","floor":23,"key":"SMITH"},{"floor":25,"key":"REST"},{"data":"Limit Break","floor":28,"key":"SMITH"},{"floor":32,"key":"REST"},{"floor":46,"key":"REST"},{"floor":49,"key":"REST"}],"circlet_count":0,"master_deck":["Strike_R","Strike_R","Strike_R","Strike_R","Strike_R","Defend_R","Defend_R","Defend_R","Bash","Perfected Strike+1","Twin Strike","Iron Wave+1","Flame Barrier+1","Limit Break+1","Cleave","Whirlwind","Double Tap","Sword Boomerang+1","Infernal Blade+1","Headbutt+1","Heavy Blade"],"relics":["Burning Blood","NeowsBlessing","Akabeko","MealTicket","InkBottle","Sozu","Vajra","Shuriken","Oddly Smooth Stone","Busted Crown","Red Mask","Question Card","Singing Bowl"],"acts_visited":["Exordium","TheCity","TheBeyond"],"potions_floor_usage":[16,16,18],"damage_taken":[{"damage":0,"enemies":"2 Louse","floor":1,"turns":1},{"damage":0,"enemies":"Jaw Worm","floor":5,"turns":1},{"damage":0,"enemies":"Lagavulin","floor":7,"turns":1},{"damage":0,"enemies":"Cultist","floor":8,"turns":2},{"damage":27,"enemies":"Gremlin Nob","floor":10,"turns":4},{"damage":30,"enemies":"Exordium Wildlife","floor":13,"turns":5},{"damage":0,"enemies":"Looter","floor":14,"turns":2},{"damage":49,"enemies":"The Guardian","floor":16,"turns":12},{"damage":16,"enemies":"3 Byrds","floor":18,"turns":5},{"damage":11,"enemies":"Spheric Guardian","floor":19,"turns":3},{"damage":7,"enemies":"Centurion and Healer","floor":21,"turns":2},{"damage":8,"enemies":"Snake Plant","floor":22,"turns":3},{"damage":11,"enemies":"Chosen and Byrds","floor":27,"turns":4},{"damage":41,"enemies":"Gremlin Leader","floor":29,"turns":4},{"damage":19,"enemies":"Centurion and Healer","floor":30,"turns":3},{"damage":85,"enemies":"Automaton","floor":33,"turns":8},{"damage":10,"enemies":"3 Shapes","floor":35,"turns":1},{"damage":0,"enemies":"Orb Walker","floor":38,"turns":2},{"damage":46,"enemies":"Reptomancer","floor":40,"turns":5},{"damage":25,"enemies":"Spire Growth","floor":41,"turns":4},{"damage":15,"enemies":"Jaw Worm Horde","floor":44,"turns":3},{"damage":52,"enemies":"4 Shapes","floor":45,"turns":8},{"damage":21,"enemies":"Sphere and 2 Shapes","floor":47,"turns":4},{"damage":17,"enemies":"Jaw Worm Horde","floor":48,"turns":4},{"damage":153,"enemies":"Donu and Deca","floor":50,"turns":8}],"seed_played":"3143100093646090205","potions_obtained":[{"floor":1,"key":"HeartOfIron"},{"floor":10,"key":"Ancient Potion"},{"floor":14,"key":"Block Potion"},{"floor":16,"key":"ColorlessPotion"}],"is_trial":false,"path_per_floor":["M","?","?","$","M","R","E","M","T","E","$","R","M","M","R","B",null,"M","M","$","M","M","R","?","R","T","M","R","E","M","$","R","B",null,"M","?","$","M","?","E","M","$","T","M","M","R","M","M","R","B",null],"character_chosen":"IRONCLAD","items_purchased":["Twin Strike","Limit Break","Vajra"],"campfire_rested":4,"item_purchase_floors":[4,11,20],"current_hp_per_floor":[78,83,76,76,82,82,85,85,85,64,79,79,55,61,61,18,68,58,53,68,67,65,65,59,84,84,79,79,44,31,46,71,39,74,70,70,85,85,85,45,26,41,41,34,48,74,61,52,79,48],"gold":118,"neow_bonus":"THREE_ENEMY_KILL","is_daily":false,"chose_seed":false,"campfire_upgraded":5,"win_rate":0.0,"timestamp":1609951361,"path_taken":["M","?","?","$","M","R","E","M","T","E","$","R","M","M","R","BOSS","M","M","$","M","M","R","?","R","T","M","R","E","M","?","R","BOSS","M","?","$","M","?","E","M","$","T","M","M","R","?","M","R","BOSS"],"items_purchased_type":["Card","Card","Relic"],"build_version":"2020-12-22","purchased_purges":1,"victory":true,"max_hp_per_floor":[80,85,85,85,85,85,85,85,85,85,85,85,85,85,85,85,85,85,85,85,85,85,85,85,85,85,85,85,85,85,85,85,85,85,85,85,85,85,85,85,85,85,85,87,89,89,91,93,93,93],"relic_stats":{"Sozu":8,"Busted Crown":16,"Singing Bowl":8,"counters":[25,99],"Shuriken":[24],"MealTicket":75,"Question Card":5,"obtain_stats":[{"NeowsBlessing":0,"Singing Bowl":43,"Vajra":20,"Oddly Smooth Stone":29,"Question Card":40,"Burning Blood":0,"Akabeko":7,"Sozu":17,"Busted Crown":34,"Shuriken":26,"MealTicket":9,"Red Mask":36,"InkBottle":10},{"NeowsBlessing":0,"Singing Bowl":20,"Vajra":10,"Oddly Smooth Stone":14,"Question Card":19,"Burning Blood":0,"Akabeko":3,"Sozu":8,"Busted Crown":16,"Shuriken":12,"MealTicket":4,"Red Mask":17,"InkBottle":5},{"NeowsBlessing":0,"Singing Bowl":72,"Vajra":36,"Oddly Smooth Stone":49,"Question Card":68,"Burning Blood":0,"Akabeko":3,"Sozu":28,"Busted Crown":60,"Shuriken":41,"MealTicket":5,"Red Mask":61,"InkBottle":9}],"Burning Blood":135,"InkBottle":[27]},"card_choices":[{"not_picked":["Burning Pact","Flex"],"picked":"Perfected Strike","floor":1},{"not_picked":["Havoc","Searing Blow"],"picked":"Iron Wave","floor":5},{"not_picked":["Twin Strike","Impervious"],"picked":"Juggernaut","floor":7},{"not_picked":["Infernal Blade","Warcry","Wild Strike"],"picked":"SKIP","floor":8},{"not_picked":["Heavy Blade","Perfected Strike"],"picked":"Flame Barrier","floor":10},{"not_picked":["Rage","Perfected Strike"],"picked":"Cleave","floor":13},{"not_picked":["Flame Barrier","Iron Wave"],"picked":"Whirlwind","floor":14},{"not_picked":["Exhume","Fiend Fire"],"picked":"Double Tap","floor":16},{"not_picked":["Fire Breathing+1","Wild Strike"],"picked":"Sword Boomerang+1","floor":18},{"not_picked":["Flame Barrier","Whirlwind"],"picked":"Infernal Blade","floor":19},{"not_picked":["Iron Wave","Twin Strike+1","Cleave"],"picked":"SKIP","floor":21},{"not_picked":["Entrench+1","Anger","Pummel"],"picked":"SKIP","floor":22},{"not_picked":["Perfected Strike","Body Slam"],"picked":"Headbutt+1","floor":27},{"not_picked":["True Grit+1","Rampage","Headbutt"],"picked":"SKIP","floor":29},{"not_picked":["Rampage","Entrench"],"picked":"Heavy Blade","floor":30},{"not_picked":["Havoc+1"],"picked":"SKIP","floor":35},{"not_picked":["Body Slam+1"],"picked":"SKIP","floor":38},{"not_picked":["Havoc"],"picked":"SKIP","floor":40},{"not_picked":["Warcry+1","Dark Embrace"],"picked":"SKIP","floor":41},{"not_picked":["Headbutt","Clothesline"],"picked":"Singing Bowl","floor":44},{"not_picked":["Warcry+1","Pommel Strike"],"picked":"Singing Bowl","floor":45},{"not_picked":["Impervious","Body Slam"],"picked":"Singing Bowl","floor":47},{"not_picked":["Thunderclap","Flex+1"],"picked":"Singing Bowl","floor":48}],"player_experience":479831,"relics_obtained":[{"floor":7,"key":"Akabeko"},{"floor":9,"key":"MealTicket"},{"floor":10,"key":"InkBottle"},{"floor":26,"key":"Shuriken"},{"floor":29,"key":"Oddly Smooth Stone"},{"floor":40,"key":"Question Card"},{"floor":43,"key":"Singing Bowl"}],"event_choices":[{"damage_healed":0,"gold_gain":0,"player_choice":"Donut","damage_taken":0,"max_hp_gain":5,"max_hp_loss":0,"event_name":"Big Fish","floor":2,"gold_loss":0},{"cards_removed":["Defend_R"],"damage_healed":0,"gold_gain":0,"player_choice":"Card Removal","damage_taken":7,"max_hp_gain":0,"max_hp_loss":0,"event_name":"Golden Wing","floor":3,"gold_loss":0},{"damage_healed":0,"gold_gain":0,"player_choice":"","damage_taken":6,"max_hp_gain":0,"max_hp_loss":0,"event_name":"Knowing Skull","floor":24,"potions_obtained":[],"gold_loss":0,"cards_obtained":[]},{"damage_healed":0,"gold_gain":0,"player_choice":"","damage_taken":6,"max_hp_gain":0,"max_hp_loss":0,"event_name":"Knowing Skull","floor":24,"potions_obtained":[],"gold_loss":0,"cards_obtained":[]},{"damage_healed":0,"gold_gain":0,"player_choice":"Paid","damage_taken":0,"relics_obtained":["Red Mask"],"max_hp_gain":0,"max_hp_loss":0,"event_name":"Tomb of Lord Red Mask","floor":36,"gold_loss":165},{"damage_healed":0,"gold_gain":0,"player_choice":"0 cards matched","damage_taken":0,"max_hp_gain":0,"max_hp_loss":0,"event_name":"Match and Keep!","floor":39,"gold_loss":0,"cards_obtained":[]}],"is_beta":false,"boss_relics":[{"not_picked":["SacredBark","Velvet Choker"],"picked":"Sozu"},{"not_picked":["Black Star","Philosopher\u0027s Stone"],"picked":"Busted Crown"}],"items_purged_floors":[31],"is_endless":false,"potions_floor_spawned":[1,10,14,16,18,21,27,33,40,41,44,45],"ascension_level":9}}