{"host":"6pgtslebjnyv5xmi","time":1609919707,"event":{"mods":["AchievementEnabler","BaseMod","Colored Map","Minty Spire (QoL Compilation)","Rare Cards Sparkle","StSLib","SuperFastMode","everything is the same but u backflip on backflip"],"gold_per_floor":[113,113,288,300,69,69,81,81,107,120,138,138,138,161,161,161,161],"floor_reached":16,"playtime":550,"items_purged":["Doubt"],"score":92,"play_id":"7f944d24-9916-48f8-aeca-a2da8122e3d4","local_time":"20210106165507","is_ascension_mode":false,"campfire_choices":[{"data":"Perfected Strike","floor":6,"key":"SMITH"},{"data":"Fire Breathing","floor":8,"key":"SMITH"},{"data":"Perfected Strike","floor":12,"key":"SMITH"},{"data":"Limit Break","floor":15,"key":"SMITH"}],"circlet_count":0,"master_deck":["Strike_R","Strike_R","Strike_R","Strike_R","Strike_R","Defend_R","Defend_R","Defend_R","Bash","Perfected Strike+1","Pommel Strike","Limit Break+1","Fire Breathing+1","Wild Strike","Perfected Strike+1","Wild Strike"],"relics":["Burning Blood","Golden Idol"],"acts_visited":["Exordium"],"potions_floor_usage":[16,16,16],"damage_taken":[{"damage":0,"enemies":"2 Louse","floor":1,"turns":2},{"damage":0,"enemies":"Small Slimes","floor":4,"turns":3},{"damage":11,"enemies":"Jaw Worm","floor":7,"turns":2},{"damage":7,"enemies":"3 Louse","floor":10,"turns":3},{"damage":18,"enemies":"Exordium Thugs","floor":11,"turns":3},{"damage":8,"enemies":"Large Slime","floor":14,"turns":4},{"damage":23,"enemies":"Hexaghost","floor":16,"turns":4}],"seed_played":"-8365078532257041401","potions_obtained":[{"floor":1,"key":"DuplicationPotion"},{"floor":4,"key":"Strength Potion"},{"floor":10,"key":"Weak Potion"}],"is_trial":false,"path_per_floor":["M","?","?","M","$","R","M","R","T","M","M","R","?","M","R","B"],"character_chosen":"IRONCLAD","items_purchased":["Limit Break","Fire Breathing"],"campfire_rested":0,"item_purchase_floors":[5,5],"current_hp_per_floor":[88,81,81,87,87,87,82,82,82,81,69,69,69,67,67,44,44],"gold":161,"neow_bonus":"TEN_PERCENT_HP_BONUS","is_daily":false,"chose_seed":false,"campfire_upgraded":4,"win_rate":0.0,"timestamp":1609919707,"path_taken":["M","?","?","M","$","R","M","R","T","M","M","R","?","M","R","BOSS"],"items_purchased_type":["Card","Card"],"build_version":"2020-12-22","purchased_purges":1,"victory":false,"max_hp_per_floor":[88,88,88,88,88,88,88,88,88,88,88,88,81,81,81,81,81],"card_choices":[{"not_picked":["Clothesline","Feel No Pain"],"picked":"Perfected Strike","floor":1},{"not_picked":["Warcry","True Grit"],"picked":"Pommel Strike","floor":4},{"not_picked":["Armaments","Headbutt","Fire Breathing"],"picked":"SKIP","floor":7},{"not_picked":["Clothesline","Thunderclap"],"picked":"Wild Strike","floor":10},{"not_picked":["Sword Boomerang","Shockwave"],"picked":"Perfected Strike","floor":11},{"not_picked":["Havoc","Feel No Pain"],"picked":"Wild Strike","floor":14}],"player_experience":749468,"relics_obtained":[],"event_choices":[{"cards_removed":["Defend_R"],"damage_healed":0,"gold_gain":0,"player_choice":"Card Removal","damage_taken":7,"max_hp_gain":0,"max_hp_loss":0,"event_name":"Golden Wing","floor":2,"gold_loss":0},{"damage_healed":0,"gold_gain":175,"player_choice":"AGREE","damage_taken":0,"max_hp_gain":0,"max_hp_loss":0,"event_name":"Liars Game","floor":3,"gold_loss":0,"cards_obtained":["Doubt"]},{"damage_healed":0,"gold_gain":0,"player_choice":"Lose Max HP","damage_taken":0,"relics_obtained":["Golden Idol"],"max_hp_gain":0,"max_hp_loss":7,"event_name":"Golden Idol","floor":13,"gold_loss":0}],"is_beta":false,"boss_relics":[],"items_purged_floors":[5],"is_endless":false,"potions_floor_spawned":[1,4,10],"killed_by":"Hexaghost","ascension_level":0}}