{"host":"7pe9xwx78c6nlay8","time":1609927672,"event":{"mods":["BaseMod","Minty Spire (QoL Compilation)"],"gold_per_floor":[116,41,41,41,60,60,104,133,133,167,167,190,223,11,11,99,99,116,125,151,170,196,196,196],"floor_reached":23,"playtime":759,"items_purged":[],"score":407,"play_id":"acacaf40-bb60-4e79-a442-1677c5e979da","local_time":"20210106180752","is_ascension_mode":true,"campfire_choices":[{"data":"Eruption","floor":6,"key":"SMITH"},{"data":"PathToVictory","floor":11,"key":"SMITH"},{"data":"Nirvana","floor":15,"key":"SMITH"}],"circlet_count":0,"master_deck":["AscendersBane","Strike_P","Strike_P","Strike_P","Strike_P","Defend_P","Defend_P","Defend_P","Eruption+1","Vigilance","ThirdEye","CutThroughFate","PathToVictory+1","PathToVictory","Judgement","Nirvana+1","CutThroughFate","Devotion","Mind Blast","Weave+1","Weave","Prostrate"],"relics":["PureWater","NeowsBlessing","Bag of Preparation","CeramicFish","Blue Candle","PreservedInsect","Odd Mushroom","Melange","Black Star"],"acts_visited":["Exordium","TheCity"],"potions_floor_usage":[13,20,21,22],"damage_taken":[{"damage":0,"enemies":"Jaw Worm","floor":1,"turns":1},{"damage":0,"enemies":"Small Slimes","floor":5,"turns":1},{"damage":0,"enemies":"Lagavulin","floor":7,"turns":1},{"damage":6,"enemies":"Cultist","floor":8,"turns":3},{"damage":17,"enemies":"Gremlin Nob","floor":10,"turns":3},{"damage":4,"enemies":"Exordium Wildlife","floor":12,"turns":4},{"damage":2,"enemies":"The Mushroom Lair","floor":13,"turns":4},{"damage":9,"enemies":"Hexaghost","floor":16,"turns":7},{"damage":8,"enemies":"Shell Parasite","floor":18,"turns":5},{"damage":8,"enemies":"3 Byrds","floor":20,"turns":4},{"damage":6,"enemies":"Centurion and Healer","floor":21,"turns":6},{"damage":14,"enemies":"Chosen and Byrds","floor":22,"turns":6},{"damage":26,"enemies":"Book of Stabbing","floor":23,"turns":3}],"seed_played":"6120159938013523836","potions_obtained":[{"floor":1,"key":"Ancient Potion"},{"floor":10,"key":"Weak Potion"},{"floor":12,"key":"EssenceOfSteel"},{"floor":18,"key":"Fire Potion"},{"floor":21,"key":"Regen Potion"}],"is_trial":false,"path_per_floor":["M","?","?","$","M","R","E","M","T","E","R","M","?","$","R","B",null,"M","?","M","M","M","E"],"character_chosen":"WATCHER","items_purchased":["Melange","CutThroughFate"],"campfire_rested":0,"item_purchase_floors":[14,14],"current_hp_per_floor":[61,61,61,61,61,61,61,55,55,38,38,34,32,32,32,23,57,49,37,29,23,24,0,0],"gold":196,"neow_bonus":"THREE_ENEMY_KILL","is_daily":false,"chose_seed":false,"campfire_upgraded":3,"win_rate":0.0,"timestamp":1609927672,"path_taken":["M","?","?","$","M","R","E","M","T","E","R","?","?","?","R","BOSS","M","?","M","?","M","E"],"items_purchased_type":["Relic","Card"],"build_version":"2020-12-22","purchased_purges":0,"victory":false,"max_hp_per_floor":[68,68,68,68,68,68,68,68,68,68,68,68,68,68,68,68,68,68,68,68,68,68,68,68],"card_choices":[{"not_picked":["MentalFortress","Consecrate"],"picked":"ThirdEye","floor":1},{"not_picked":["SashWhip","InnerPeace"],"picked":"CutThroughFate","floor":5},{"not_picked":["CarveReality","CrushJoints"],"picked":"PathToVictory","floor":7},{"not_picked":["Perseverance","EmptyFist"],"picked":"PathToVictory","floor":8},{"not_picked":["CarveReality","CrushJoints","Vengeance"],"picked":"SKIP","floor":10},{"not_picked":["CrushJoints","MentalFortress"],"picked":"Judgement","floor":12},{"not_picked":["Halt","FollowUp"],"picked":"Nirvana","floor":13},{"not_picked":["Brilliance","Wish"],"picked":"Devotion","floor":16},{"not_picked":["FollowUp","Vengeance","Swivel"],"picked":"SKIP","floor":18},{"not_picked":["Vengeance","Crescendo"],"picked":"Weave+1","floor":20},{"not_picked":["CutThroughFate","Wireheading"],"picked":"Weave","floor":21},{"not_picked":["EmptyBody","DeceiveReality"],"picked":"Prostrate","floor":22}],"player_experience":1608125,"relics_obtained":[{"floor":7,"key":"CeramicFish"},{"floor":9,"key":"Blue Candle"},{"floor":10,"key":"PreservedInsect"},{"floor":13,"key":"Odd Mushroom"}],"event_choices":[{"cards_removed":["Defend_P"],"damage_healed":0,"gold_gain":0,"player_choice":"Card Removal","damage_taken":0,"max_hp_gain":0,"max_hp_loss":0,"event_name":"The Cleric","floor":2,"gold_loss":75},{"damage_healed":0,"gold_gain":0,"player_choice":"Gave Potion","damage_taken":0,"relics_obtained":["Bag of Preparation"],"max_hp_gain":0,"max_hp_loss":0,"event_name":"WeMeetAgain","floor":3,"gold_loss":0},{"damage_healed":0,"gold_gain":0,"player_choice":"Fought Mushrooms","damage_taken":0,"max_hp_gain":0,"max_hp_loss":0,"event_name":"Mushrooms","floor":13,"gold_loss":0},{"damage_healed":0,"gold_gain":0,"player_choice":"CARD ","damage_taken":12,"max_hp_gain":0,"max_hp_loss":0,"event_name":"Knowing Skull","floor":19,"potions_obtained":[],"gold_loss":0,"cards_obtained":["Mind Blast"]}],"is_beta":false,"boss_relics":[{"not_picked":["Astrolabe","Tiny House"],"picked":"Black Star"}],"items_purged_floors":[],"is_endless":false,"potions_floor_spawned":[1,10,12,18,21],"killed_by":"Book of Stabbing","ascension_level":16}}