{"host":"k85tjwrh7mjrrc9a","time":1609973441,"event":{"mods":["AchievementEnabler","BaseMod","Colored Powertips","Highlight Path","Minty Spire (QoL Compilation)","Rare Cards Sparkle","StSLib"],"gold_per_floor":[113,388,179,197,209,209,236,236,236,267,267,279,136,136,136,233,233,244,234,234,159,159,159,173,183,183,217,217,229,229,27,27,124,124,139,152,152,152],"floor_reached":37,"playtime":1898,"items_purged":["Regret"],"score":601,"play_id":"bf160f1b-8ee6-4557-b6d8-33b594361355","local_time":"20210106175041","is_ascension_mode":true,"campfire_choices":[{"data":"Bash","floor":6.0,"key":"SMITH"},{"data":"Battle Trance","floor":8.0,"key":"SMITH"},{"floor":11.0,"key":"REST"},{"data":"Pommel Strike","floor":15.0,"key":"SMITH"},{"data":"Cleave","floor":23,"key":"SMITH"},{"data":"Whirlwind","floor":28,"key":"SMITH"},{"floor":30,"key":"REST"},{"data":"Heavy Blade","floor":32,"key":"SMITH"}],"circlet_count":0,"master_deck":["Defend_R","Defend_R","Defend_R","Defend_R","Bash+1","Heavy Blade+1","Shrug It Off","Battle Trance+1","Pommel Strike+1","Cleave+1","Whirlwind+1","Offering","Bite","Bite","Bite","Bite","Bite","Double Tap","Warcry+1"],"relics":["Burning Blood","Singing Bowl","Shuriken","TungstenRod","TheAbacus","WarpedTongs","SlaversCollar","Pantograph","Tiny Chest","Bag of Marbles","Black Star"],"acts_visited":["Exordium","TheCity","TheBeyond"],"potions_floor_usage":[24,25,25,29,29,37],"damage_taken":[{"damage":6.0,"enemies":"Cultist","floor":1.0,"turns":4.0},{"damage":0.0,"enemies":"Small Slimes","floor":4.0,"turns":3.0},{"damage":2.0,"enemies":"2 Louse","floor":5.0,"turns":3.0},{"damage":48.0,"enemies":"Lagavulin","floor":7.0,"turns":7.0},{"damage":47.0,"enemies":"Gremlin Nob","floor":10.0,"turns":5.0},{"damage":7.0,"enemies":"Looter","floor":12.0,"turns":3.0},{"damage":27,"enemies":"Hexaghost","floor":16,"turns":13},{"damage":29,"enemies":"Shell Parasite","floor":18,"turns":6},{"damage":24,"enemies":"2 Thieves","floor":19,"turns":4},{"damage":27,"enemies":"Snake Plant","floor":24,"turns":5},{"damage":5,"enemies":"3 Cultists","floor":25,"turns":3},{"damage":41,"enemies":"Slavers","floor":27,"turns":8},{"damage":40,"enemies":"Centurion and Healer","floor":29,"turns":9},{"damage":97,"enemies":"Automaton","floor":33,"turns":11},{"damage":14,"enemies":"3 Shapes","floor":35,"turns":5},{"damage":35,"enemies":"Orb Walker","floor":36,"turns":5},{"damage":93,"enemies":"Spire Growth","floor":37,"turns":7}],"seed_played":"1457944492813183980","potions_obtained":[{"floor":1.0,"key":"SkillPotion"},{"floor":7.0,"key":"Energy Potion"},{"floor":12.0,"key":"SkillPotion"},{"floor":16,"key":"Block Potion"},{"floor":24,"key":"Energy Potion"},{"floor":25,"key":"Fruit Juice"},{"floor":27,"key":"FairyPotion"}],"is_trial":false,"path_per_floor":["M","?","$","M","M","R","E","R","T","E","R","M","$","?","R","B",null,"M","M","?","?","?","R","M","M","T","E","R","M","R","$","R","B",null,"M","M","M"],"character_chosen":"IRONCLAD","items_purchased":["Heavy Blade","Shrug It Off","Battle Trance","TheAbacus","Bag of Marbles","SkillPotion"],"campfire_rested":2,"item_purchase_floors":[3,3,3,13,31,31],"current_hp_per_floor":[80,80,80,86,88,88,48,48,48,7,34,35,35,35,35,14,73,52,36,36,36,36,36,33,45,45,32,32,15,39,39,39,12,63,69,53,0,0],"gold":152,"neow_bonus":"TEN_PERCENT_HP_BONUS","is_daily":false,"chose_seed":false,"campfire_upgraded":6,"win_rate":0.0,"timestamp":1609973441,"path_taken":["M","?","$","M","M","R","E","R","T","E","R","M","?","?","R","BOSS","M","?","?","?","?","R","M","M","T","E","R","M","R","?","R","BOSS","M","M","M"],"items_purchased_type":["Card","Card","Card","Relic","Relic","Potion"],"build_version":"2020-12-22","purchased_purges":1,"victory":false,"max_hp_per_floor":[88,88,88,88,88,88,90,90,90,90,90,92,92,92,92,92,92,94,96,67,67,67,67,69,76,76,78,78,80,80,80,80,80,80,80,82,82,82],"card_choices":[{"not_picked":["Sever Soul","Flame Barrier","Anger"],"picked":"SKIP","floor":1.0},{"not_picked":["Disarm","Shockwave"],"picked":"Pommel Strike","floor":4.0},{"not_picked":["Dropkick","Clothesline"],"picked":"Cleave","floor":5.0},{"not_picked":["Battle Trance","Heavy Blade","Spot Weakness"],"picked":"Singing Bowl","floor":7.0},{"not_picked":["Twin Strike","Body Slam"],"picked":"Whirlwind","floor":10.0},{"not_picked":["Flame Barrier","Sword Boomerang","Rampage"],"picked":"Singing Bowl","floor":12.0},{"not_picked":["Impervious","Exhume"],"picked":"Offering","floor":16},{"not_picked":["Anger+1","Pummel","Headbutt"],"picked":"Singing Bowl","floor":18},{"not_picked":["Sword Boomerang+1","Cleave","Heavy Blade"],"picked":"Singing Bowl","floor":19},{"not_picked":["Sword Boomerang","Dropkick","Thunderclap"],"picked":"Singing Bowl","floor":24},{"not_picked":["Cleave","Berserk","Body Slam"],"picked":"Singing Bowl","floor":25},{"not_picked":["Havoc+1","Dual Wield","Berserk"],"picked":"Singing Bowl","floor":27},{"not_picked":["True Grit","Twin Strike","Havoc"],"picked":"Singing Bowl","floor":29},{"not_picked":["Exhume","Corruption"],"picked":"Double Tap","floor":33},{"not_picked":["Headbutt","Uppercut+1"],"picked":"Warcry+1","floor":35},{"not_picked":["Entrench+1","Headbutt+1","Bloodletting+1"],"picked":"Singing Bowl","floor":36}],"player_experience":155839,"relics_obtained":[{"floor":7.0,"key":"Singing Bowl"},{"floor":9.0,"key":"Shuriken"},{"floor":10.0,"key":"TungstenRod"},{"floor":26,"key":"Pantograph"},{"floor":27,"key":"Tiny Chest"}],"event_choices":[{"damage_healed":0.0,"max_hp_gain":0.0,"max_hp_loss":0.0,"gold_gain":275.0,"event_name":"Golden Shrine","player_choice":"Desecrate","floor":2.0,"gold_loss":0.0,"damage_taken":0.0,"cards_obtained":["Regret"]},{"damage_healed":0.0,"max_hp_gain":0.0,"max_hp_loss":0.0,"gold_gain":0.0,"event_name":"Accursed Blacksmith","player_choice":"Rummage","floor":14.0,"gold_loss":0.0,"damage_taken":0.0,"relics_obtained":["WarpedTongs"],"cards_obtained":["Pain"]},{"damage_healed":0,"gold_gain":0,"player_choice":"Became a vampire","damage_taken":0,"max_hp_gain":0,"max_hp_loss":29,"event_name":"Vampires","floor":20,"gold_loss":0,"cards_obtained":["Bite","Bite","Bite","Bite","Bite"]},{"cards_removed":["Pain"],"damage_healed":0,"gold_gain":0,"player_choice":"Gave Gold","damage_taken":0,"max_hp_gain":0,"max_hp_loss":0,"event_name":"Beggar","floor":21,"gold_loss":75},{"damage_healed":0,"gold_gain":0,"player_choice":"Ignored","damage_taken":0,"max_hp_gain":0,"max_hp_loss":0,"event_name":"Ghosts","floor":22,"gold_loss":0}],"is_beta":false,"boss_relics":[{"not_picked":["Empty Cage","Tiny House"],"picked":"SlaversCollar"},{"not_picked":["Velvet Choker","Runic Dome"],"picked":"Black Star"}],"items_purged_floors":[3],"is_endless":false,"potions_floor_spawned":[1,7,12,16,24,25,27],"killed_by":"Spire Growth","ascension_level":9}}