{"host":"98ajcw3do3zsggh8","time":1609897795,"event":{"mods":["BaseMod","Minty Spire (QoL Compilation)","Replay The Spire","StSLib","The Marked"],"gold_per_floor":[119,119,47,58,76,102,102,134,214,230,249,249,267,542,542,641,641,655,655,165,264,277,306,306,306,306],"floor_reached":25,"playtime":974,"items_purged":["Regret"],"score":309,"play_id":"3d64051c-b599-4853-b518-a427870b54db","local_time":"20210106024955","is_ascension_mode":true,"campfire_choices":[{"data":"Atom Bomb","floor":7,"key":"SMITH"},{"data":"Noxious Fumes","floor":15,"key":"SMITH"}],"circlet_count":0,"master_deck":["Strike_G","Strike_G","Strike_G","Defend_G","Defend_G","Defend_G","Defend_G","Survivor","Neutralize","Noxious Fumes+1","Poisoned Stab","Atom Bomb+1","Phantasmal Killer","CurseOfTheBell","Pot Of Greed","Pot Of Greed","Backstab","Infinite Blades","ReplayTheSpireMod:Private Reserves","Noxious Fumes","Deadly Poison+1","Necronomicurse"],"relics":["Velvet Choker","Pocketwatch","Bag of Marbles","Shuriken","Torii","Calling Bell","Grinning Jar","Ornamental Fan","Prayer Wheel","Byrd Skull","Dream Catcher","Necronomicon"],"acts_visited":["Exordium","TheCity"],"potions_floor_usage":[16,25],"damage_taken":[{"damage":0,"enemies":"2 Louse","floor":1,"turns":3},{"damage":0,"enemies":"Small Slimes","floor":4,"turns":3},{"damage":0,"enemies":"Cultist","floor":5,"turns":4},{"damage":25,"enemies":"Lagavulin","floor":6,"turns":7},{"damage":0,"enemies":"Gremlin Nob","floor":8,"turns":2},{"damage":8,"enemies":"Exordium Thugs","floor":10,"turns":2},{"damage":0,"enemies":"Looter","floor":11,"turns":1},{"damage":4,"enemies":"Large Slime","floor":13,"turns":3},{"damage":22,"enemies":"Hexaghost","floor":16,"turns":7},{"damage":0,"enemies":"Chosen","floor":18,"turns":2},{"damage":8,"enemies":"Shell Parasite","floor":22,"turns":2},{"damage":10,"enemies":"Replay:Snechameleon","floor":23,"turns":5},{"damage":40,"enemies":"Cultist and Chosen","floor":25,"turns":4}],"seed_played":"5001660592573972510","potions_obtained":[{"floor":4,"key":"Elixir"},{"floor":8,"key":"Adrenaline Potion"},{"floor":16,"key":"Toxic Potion"},{"floor":23,"key":"FearPotion"}],"is_trial":false,"path_per_floor":["M","?","?","M","M","E","R","E","T","M","M","T","M","?","R","B",null,"M","?","$","?","M","E","?","M"],"character_chosen":"THE_SILENT","items_purchased":["ReplayTheSpireMod:Private Reserves","Noxious Fumes","Byrd Skull"],"campfire_rested":0,"item_purchase_floors":[20,20,20],"current_hp_per_floor":[70,63,63,63,63,38,38,38,38,30,30,30,26,26,26,4,70,70,70,70,70,62,52,36,0,0],"gold":306,"neow_bonus":"BOSS_RELIC","is_daily":false,"chose_seed":false,"campfire_upgraded":2,"win_rate":0.0,"timestamp":1609897795,"path_taken":["M","?","?","M","M","E","R","E","T","?","M","?","M","?","R","BOSS","M","?","$","?","M","E","?","M"],"items_purchased_type":["Card","Card","Relic"],"build_version":"2020-12-22","purchased_purges":1,"victory":false,"max_hp_per_floor":[70,70,70,70,70,70,70,70,70,70,70,70,70,70,70,70,70,70,70,70,70,70,70,70,70,70],"card_choices":[{"not_picked":["Acrobatics","Prepared","Deflect"],"picked":"SKIP","floor":1},{"not_picked":["Draining Mist","Bane"],"picked":"Noxious Fumes","floor":4},{"not_picked":["Backflip","Leg Sweep"],"picked":"Poisoned Stab","floor":5},{"not_picked":["Blade Dance","Flying Knee"],"picked":"Atom Bomb","floor":6},{"not_picked":["Flechettes","Acrobatics","Deflect"],"picked":"SKIP","floor":8},{"not_picked":["PiercingWail","Cloak And Dagger","Storm of Steel"],"picked":"SKIP","floor":10},{"not_picked":["Predator","Heel Hook","Tactician"],"picked":"SKIP","floor":11},{"not_picked":["Hidden Blade","Prepared","Fluid Movement"],"picked":"SKIP","floor":13},{"not_picked":["Storm of Steel","Poison Darts"],"picked":"Phantasmal Killer","floor":16},{"not_picked":["Outmaneuver","Hidden Blade","Backflip"],"picked":"SKIP","floor":18},{"not_picked":["A Thousand Cuts","ReplayTheSpireMod:Scrap Shanks","Prepared"],"picked":"SKIP","floor":18},{"not_picked":["ReplayTheSpireMod:Tripwire","Blur"],"picked":"Deadly Poison+1","floor":22},{"not_picked":["Footwork","Poisoned Stab","Flechettes"],"picked":"SKIP","floor":22},{"not_picked":["PiercingWail","Predator","Dagger Spray+1"],"picked":"SKIP","floor":23}],"player_experience":307970,"relics_obtained":[{"floor":8,"key":"Bag of Marbles"},{"floor":9,"key":"Shuriken"},{"floor":12,"key":"Torii"},{"floor":17,"key":"Grinning Jar"},{"floor":17,"key":"Ornamental Fan"},{"floor":17,"key":"Prayer Wheel"},{"floor":23,"key":"Dream Catcher"},{"floor":24,"key":"Necronomicon"}],"event_choices":[{"cards_removed":["Defend_G"],"damage_healed":0,"gold_gain":0,"player_choice":"Card Removal","damage_taken":7,"max_hp_gain":0,"max_hp_loss":0,"event_name":"Golden Wing","floor":2,"gold_loss":0},{"damage_healed":0,"gold_gain":0,"player_choice":"Paid Gold","damage_taken":0,"relics_obtained":["Pocketwatch"],"max_hp_gain":0,"max_hp_loss":0,"event_name":"WeMeetAgain","floor":3,"gold_loss":72},{"damage_healed":0,"gold_gain":275,"player_choice":"Desecrate","damage_taken":0,"max_hp_gain":0,"max_hp_loss":0,"event_name":"Golden Shrine","floor":14,"gold_loss":0,"cards_obtained":["Regret"]},{"damage_healed":0,"gold_gain":0,"cards_transformed":["Strike_G","Strike_G"],"player_choice":"Became Test Subject","damage_taken":0,"max_hp_gain":0,"max_hp_loss":0,"event_name":"Drug Dealer","floor":19,"gold_loss":0,"cards_obtained":["Backstab","Infinite Blades"]},{"damage_healed":0,"gold_gain":99,"player_choice":"Stole From Cult","damage_taken":0,"max_hp_gain":0,"max_hp_loss":0,"event_name":"Nest","floor":21,"gold_loss":0},{"damage_healed":0,"gold_gain":0,"player_choice":"Obtained Book","damage_taken":16,"max_hp_gain":0,"max_hp_loss":0,"event_name":"Cursed Tome","floor":24,"gold_loss":0}],"is_beta":false,"boss_relics":[{"not_picked":["Snecko Eye","Coffee Dripper"],"picked":"Calling Bell"}],"items_purged_floors":[20],"is_endless":false,"potions_floor_spawned":[4,8,16,23],"killed_by":"Cultist and Chosen","ascension_level":2}}