{"host":"9b7hrp48q3pna783","time":1609924028,"event":{"mods":["BaseMod","Colored Map","Colored Powertips","Highlight Path","Minty Spire (QoL Compilation)","Relic Stats"],"gold_per_floor":[113,132,143,160,160,186,219,219,269,269,194,194,224,235,235,340,340,358,457,125,125,125,125,125,125],"floor_reached":24,"playtime":795,"items_purged":["Strike_B","Strike_B"],"score":223,"play_id":"7266a733-2aa5-45fd-8ae0-b71d2cd6b16b","local_time":"20210106040708","is_ascension_mode":true,"campfire_choices":[{"floor":10,"key":"REST"},{"floor":12,"key":"REST"},{"floor":15,"key":"REST"},{"data":"White Noise","floor":23,"key":"SMITH"}],"circlet_count":0,"master_deck":["Strike_B","Defend_B","Defend_B","Defend_B+1","Defend_B","Zap+1","Dualcast","White Noise","Barrage","Doom and Gloom","White Noise+1","Redo","Multi-Cast","Conserve Battery+1","Loop","Darkness","Writhe"],"relics":["Cracked Core","NeowsBlessing","WingedGreaves","Question Card","War Paint","Juzu Bracelet","Letter Opener","Empty Cage","Bag of Preparation","InkBottle"],"acts_visited":["Exordium","TheCity"],"potions_floor_usage":[6,7,16],"damage_taken":[{"damage":0,"enemies":"Cultist","floor":1,"turns":1},{"damage":0,"enemies":"Jaw Worm","floor":2,"turns":1},{"damage":0,"enemies":"2 Louse","floor":3,"turns":1},{"damage":0,"enemies":"Large Slime","floor":4,"turns":3},{"damage":25,"enemies":"Lagavulin","floor":6,"turns":6},{"damage":43,"enemies":"3 Sentries","floor":7,"turns":6},{"damage":31,"enemies":"Lagavulin","floor":13,"turns":5},{"damage":8,"enemies":"Looter","floor":14,"turns":3},{"damage":50,"enemies":"Hexaghost","floor":16,"turns":8},{"damage":38,"enemies":"3 Byrds","floor":18,"turns":3},{"damage":37,"enemies":"Book of Stabbing","floor":24,"turns":5}],"seed_played":"1228099229624709126","potions_obtained":[{"floor":1,"key":"BlessingOfTheForge"},{"floor":2,"key":"FairyPotion"},{"floor":3,"key":"EssenceOfSteel"},{"floor":14,"key":"BlessingOfTheForge"}],"is_trial":false,"path_per_floor":["M","M","M","M","?","E","E","?","T","R","$","R","E","M","R","B",null,"M","?","$","?","?","R","E"],"character_chosen":"DEFECT","items_purchased":["Loop","Bag of Preparation"],"campfire_rested":3,"item_purchase_floors":[20,20],"current_hp_per_floor":[75,75,75,75,75,50,7,4,4,26,26,48,17,9,31,4,75,37,37,37,37,37,37,0,0],"gold":125,"neow_bonus":"THREE_ENEMY_KILL","is_daily":false,"chose_seed":false,"campfire_upgraded":1,"win_rate":0.0,"timestamp":1609924028,"path_taken":["M","M","M","?","?","E","E","?","T","R","$","R","E","M","R","BOSS","M","?","$","?","?","R","E"],"items_purchased_type":["Card","Relic"],"build_version":"2020-12-22","purchased_purges":2,"victory":false,"max_hp_per_floor":[75,75,75,75,75,75,75,75,75,75,75,75,75,75,75,75,75,75,75,75,75,75,75,75,75],"relic_stats":{"counters":[11,42],"Juzu Bracelet":0,"Bag of Preparation":[2],"Letter Opener":[50],"War Paint":["Defend_B","Zap"],"Question Card":5,"obtain_stats":[{"NeowsBlessing":0,"WingedGreaves":5,"Juzu Bracelet":9,"Bag of Preparation":20,"Letter Opener":13,"War Paint":7,"Cracked Core":0,"Question Card":6,"Empty Cage":17,"InkBottle":22},{"NeowsBlessing":0,"WingedGreaves":4,"Juzu Bracelet":6,"Bag of Preparation":10,"Letter Opener":7,"War Paint":6,"Cracked Core":0,"Question Card":5,"Empty Cage":9,"InkBottle":10},{"NeowsBlessing":0,"WingedGreaves":6,"Juzu Bracelet":18,"Bag of Preparation":37,"Letter Opener":23,"War Paint":18,"Cracked Core":0,"Question Card":12,"Empty Cage":34,"InkBottle":37}],"InkBottle":[2]},"card_choices":[{"not_picked":["BootSequence","Coolheaded"],"picked":"White Noise","floor":1},{"not_picked":["Steam","Recycle"],"picked":"Barrage","floor":2},{"not_picked":["Sweeping Beam","Leap"],"picked":"Doom and Gloom","floor":3},{"not_picked":["Cold Snap","Sunder","Stack"],"picked":"SKIP","floor":4},{"not_picked":["Steam","Reinforced Body"],"picked":"White Noise","floor":6},{"not_picked":["Core Surge","FTL","Go for the Eyes","Reinforced Body"],"picked":"SKIP","floor":7},{"not_picked":["Turbo","Cold Snap","Gash","Go for the Eyes"],"picked":"SKIP","floor":13},{"not_picked":["Beam Cell","Sunder","Rebound"],"picked":"Redo","floor":14},{"not_picked":["Reboot","Fission","All For One"],"picked":"Multi-Cast","floor":16},{"not_picked":["Scrape+1","Beam Cell","FTL+1"],"picked":"Conserve Battery+1","floor":18}],"player_experience":74415,"relics_obtained":[{"floor":6,"key":"Question Card"},{"floor":7,"key":"War Paint"},{"floor":9,"key":"Juzu Bracelet"},{"floor":13,"key":"Letter Opener"}],"event_choices":[{"damage_healed":0,"gold_gain":0,"player_choice":"Box","damage_taken":0,"relics_obtained":["WingedGreaves"],"max_hp_gain":0,"max_hp_loss":0,"event_name":"Big Fish","floor":5,"gold_loss":0,"cards_obtained":["Regret"]},{"damage_healed":0,"gold_gain":0,"player_choice":"Fled","damage_taken":3,"max_hp_gain":0,"max_hp_loss":0,"event_name":"Scrap Ooze","floor":8,"gold_loss":0},{"damage_healed":0,"gold_gain":99,"player_choice":"Stole From Cult","damage_taken":0,"max_hp_gain":0,"max_hp_loss":0,"event_name":"Nest","floor":19,"gold_loss":0},{"damage_healed":0,"gold_gain":0,"player_choice":"Read","damage_taken":0,"max_hp_gain":0,"max_hp_loss":0,"event_name":"The Library","floor":21,"gold_loss":0,"cards_obtained":["Darkness"]},{"damage_healed":0,"gold_gain":0,"player_choice":"Opened","damage_taken":0,"relics_obtained":["InkBottle"],"max_hp_gain":0,"max_hp_loss":0,"event_name":"The Mausoleum","floor":22,"gold_loss":0,"cards_obtained":["Writhe"]}],"is_beta":false,"boss_relics":[{"not_picked":["Calling Bell","SacredBark"],"picked":"Empty Cage"}],"items_purged_floors":[11,20],"is_endless":false,"potions_floor_spawned":[1,2,3,14],"killed_by":"Book of Stabbing","ascension_level":1}}