{"host":"y89x8uui45kcjy42","time":1609906088,"event":{"mods":["2.2 Compatiblity","BaseMod","CapriCore","Colored Map","Colored Powertips","Custom Start","Friendly Minions","Keyboard Shortcuts","Minty Spire (QoL Compilation)","Relic Stats","Slay the Relics Exporter","StSLib","SuperFastMode","Uncapped"],"gold_per_floor":[13,3,15,15,30,30,86,86,86,129,129,160,201,126,126,219,282,302,158,158,158,179,179,64,104,104,104,29,67,111,124,124,215,215,231,231,231,564,614,646,646,660,660,714,748,767,767,786,786,786,786],"floor_reached":50,"playtime":1277,"items_purged":["Strike_B","Defend_B","Defend_B","Strike_B+1","Beam Cell"],"score":1400,"play_id":"c51f26f7-2dbc-4346-b83d-f8296bf2b698","local_time":"20210106130808","is_ascension_mode":true,"campfire_choices":[{"data":"Zap","floor":6,"key":"SMITH"},{"data":"Dualcast","floor":8,"key":"SMITH"},{"data":"Glacier","floor":11,"key":"SMITH"},{"data":"Worship","floor":15,"key":"SMITH"},{"data":"Brilliance","floor":23,"key":"SMITH"},{"floor":27,"key":"RECALL"},{"data":"Reboot","floor":32,"key":"SMITH"},{"data":"Recycle","floor":41,"key":"SMITH"},{"data":"Electrodynamics+1","floor":47,"key":"PURGE"},{"data":"Loop+1","floor":49,"key":"PURGE"}],"circlet_count":0,"master_deck":["AscendersBane","Zap+1","Devotion+1","Glacier+1","Barrage+1","Worship+1","Brilliance+1","Pray+1","Machine Learning+1","Undo+1","Defragment+1","Reboot+1","Loop+1","Echo Form+1","Recycle+1","Loop+1","Loop+1"],"relics":["Inserter","Runic Capacitor","Damaru","Nuclear Battery","Membership Card","Frozen Egg 2","Runic Capacitor","Vajra","Whetstone","Emotion Chip","Matryoshka","Cables","Strawberry","Tiny House","Sling","WingedGreaves","MealTicket","InkBottle","Omamori","War Paint","Mercury Hourglass","Pocketwatch","Coffee Dripper","Peace Pipe","Akabeko","Turnip","Ancient Tea Set"],"acts_visited":["Exordium","TheCity","TheBeyond"],"potions_floor_usage":[30,31],"damage_taken":[{"damage":2,"enemies":"Cultist","floor":1,"turns":4},{"damage":4,"enemies":"2 Louse","floor":3,"turns":4},{"damage":0,"enemies":"Jaw Worm","floor":5,"turns":5},{"damage":0,"enemies":"3 Sentries","floor":10,"turns":5},{"damage":0,"enemies":"Gremlin Nob","floor":12,"turns":3},{"damage":6,"enemies":"Lagavulin","floor":13,"turns":4},{"damage":9,"enemies":"Hexaghost","floor":16,"turns":4},{"damage":24,"enemies":"Shell Parasite","floor":18,"turns":3},{"damage":0,"enemies":"Spheric Guardian","floor":22,"turns":2},{"damage":22,"enemies":"Gremlin Leader","floor":25,"turns":3},{"damage":29,"enemies":"Slavers","floor":30,"turns":3},{"damage":8,"enemies":"Cultist and Chosen","floor":31,"turns":4},{"damage":4,"enemies":"Champ","floor":33,"turns":3},{"damage":14,"enemies":"3 Shapes","floor":35,"turns":3},{"damage":0,"enemies":"Giant Head","floor":40,"turns":3},{"damage":7,"enemies":"3 Darklings","floor":42,"turns":3},{"damage":21,"enemies":"2 Orb Walkers","floor":44,"turns":3},{"damage":18,"enemies":"Reptomancer","floor":45,"turns":2},{"damage":4,"enemies":"Jaw Worm Horde","floor":46,"turns":3},{"damage":0,"enemies":"Maw","floor":48,"turns":3},{"damage":8,"enemies":"Time Eater","floor":50,"turns":1}],"seed_played":"2302994158221072903","potions_obtained":[{"floor":3,"key":"SneckoOil"},{"floor":10,"key":"EssenceOfSteel"},{"floor":13,"key":"DistilledChaos"},{"floor":17,"key":"LiquidMemories"},{"floor":31,"key":"PotionOfCapacity"},{"floor":33,"key":"SteroidPotion"},{"floor":45,"key":"DistilledChaos"},{"floor":46,"key":"Strength Potion"},{"floor":48,"key":"FocusPotion"}],"is_trial":false,"path_per_floor":["M","$","M","?","M","R","$","R","T","E","R","E","E","?","R","B",null,"M","$","?","T","M","R","$","E","T","R","?","$","E","M","R","B",null,"M","?","$","?","?","E","R","M","T","?","E","M","R","M","R","B"],"character_chosen":"DEFECT","items_purchased":["Glacier","Frozen Egg 2","Runic Capacitor","Vajra","Barrage","Whetstone","Sling","Defragment+1","Loop+1","Mercury Hourglass"],"campfire_rested":0,"item_purchase_floors":[2,2,2,7,7,7,19,24,29,29],"current_hp_per_floor":[62,62,58,34,34,34,34,34,34,34,34,34,35,35,35,26,70,46,46,46,46,46,46,61,39,39,39,39,54,25,17,17,13,66,52,42,57,57,57,57,57,50,50,29,11,7,7,7,7,0,0],"gold":786,"neow_bonus":"REMOVE_TWO","is_daily":false,"chose_seed":false,"campfire_upgraded":7,"win_rate":0.0,"timestamp":1609906088,"path_taken":["M","$","M","?","M","R","$","R","T","E","R","E","E","?","R","BOSS","M","$","?","?","?","R","$","E","T","R","?","?","E","M","R","BOSS","M","?","$","?","?","E","R","?","T","?","E","M","R","M","R","BOSS"],"items_purchased_type":["Card","Relic","Relic","Relic","Card","Relic","Relic","Card","Card","Relic"],"build_version":"2020-12-22","purchased_purges":5,"victory":false,"max_hp_per_floor":[71,71,71,71,71,71,71,71,71,71,71,71,78,78,78,78,83,83,83,83,83,83,83,83,83,83,83,83,83,83,83,83,83,83,83,83,83,83,83,83,83,83,83,83,83,83,83,83,83,83,83],"relic_stats":{"Inserter":[22],"counters":[21,68],"Whetstone":["Strike_B","Barrage"],"War Paint":["Undo"],"Cables":[61,0,0,0,61],"Mercury Hourglass":[150],"Peace Pipe":2,"Emotion Chip":[61,29,18,0,14],"MealTicket":45,"Turnip":[5],"obtain_stats":[{"Tiny House":17,"Vajra":7,"Runic Capacitor":0,"Whetstone":7,"Sling":19,"Ancient Tea Set":45,"Emotion Chip":9,"Matryoshka":10,"Strawberry":13,"MealTicket":21,"WingedGreaves":7,"Cracked Core":0,"InkBottle":25,"Inserter":0,"Golden Idol":4,"Damaru":0,"Omamori":26,"Frozen Egg 2":2,"War Paint":26,"Akabeko":43,"Nuclear Battery":0,"Cables":12,"Mercury Hourglass":29,"Peace Pipe":40,"Turnip":44,"Coffee Dripper":34,"Membership Card":0,"Pocketwatch":30},{"Tiny House":7,"Vajra":3,"Runic Capacitor":0,"Whetstone":3,"Sling":8,"Ancient Tea Set":18,"Emotion Chip":3,"Matryoshka":4,"Strawberry":6,"MealTicket":8,"WingedGreaves":3,"Cracked Core":0,"InkBottle":10,"Inserter":0,"Golden Idol":2,"Damaru":0,"Omamori":10,"Frozen Egg 2":1,"War Paint":10,"Akabeko":16,"Nuclear Battery":0,"Cables":5,"Mercury Hourglass":10,"Peace Pipe":15,"Turnip":17,"Coffee Dripper":13,"Membership Card":0,"Pocketwatch":11},{"Tiny House":29,"Vajra":13,"Runic Capacitor":0,"Whetstone":13,"Sling":32,"Ancient Tea Set":61,"Emotion Chip":13,"Matryoshka":18,"Strawberry":25,"MealTicket":32,"WingedGreaves":13,"Cracked Core":0,"InkBottle":37,"Inserter":0,"Golden Idol":8,"Damaru":0,"Omamori":37,"Frozen Egg 2":4,"War Paint":37,"Akabeko":56,"Nuclear Battery":0,"Cables":21,"Mercury Hourglass":37,"Peace Pipe":53,"Turnip":59,"Coffee Dripper":47,"Membership Card":0,"Pocketwatch":40}],"InkBottle":[18],"Pocketwatch":[6]},"card_choices":[{"not_picked":["Turbo","Ball Lightning","Stack"],"picked":"SKIP","floor":1},{"not_picked":["Stack","Aggregate","Steam"],"picked":"SKIP","floor":3},{"not_picked":["Turbo","Leap","Steam"],"picked":"SKIP","floor":5},{"not_picked":["Scrape","Beam Cell","Compile Driver"],"picked":"SKIP","floor":10},{"not_picked":["Self Repair+1","Leap"],"picked":"Machine Learning+1","floor":12},{"not_picked":["Conserve Battery","Auto Shields","Compile Driver"],"picked":"SKIP","floor":13},{"not_picked":["Multi-Cast","Rainbow"],"picked":"Electrodynamics+1","floor":16},{"not_picked":["Doom and Gloom","Reinforced Body"],"picked":"Loop+1","floor":18},{"not_picked":["Compile Driver","Streamline","Stack"],"picked":"SKIP","floor":22},{"not_picked":["Chill+1","Cold Snap","Leap"],"picked":"SKIP","floor":25},{"not_picked":["Melter","Conserve Battery","Rip and Tear"],"picked":"SKIP","floor":30},{"not_picked":["Hello World+1","Self Repair+1","Stack"],"picked":"SKIP","floor":31},{"not_picked":["Rainbow","Multi-Cast"],"picked":"Echo Form+1","floor":33},{"not_picked":["Redo+1","Coolheaded"],"picked":"Recycle","floor":35},{"not_picked":["Melter","Rebound+1","Gash+1"],"picked":"SKIP","floor":40},{"not_picked":["Storm+1","Leap","Beam Cell"],"picked":"SKIP","floor":42},{"not_picked":["Stack","Steam+1","Coolheaded+1"],"picked":"SKIP","floor":45},{"not_picked":["Barrage","Hologram"],"picked":"Loop+1","floor":46},{"not_picked":["Hologram","Coolheaded+1","Loop+1"],"picked":"SKIP","floor":48},{"not_picked":["Hologram","Coolheaded+1"],"picked":"Loop+1","floor":48}],"player_experience":570857,"relics_obtained":[{"floor":9,"key":"Emotion Chip"},{"floor":10,"key":"Matryoshka"},{"floor":12,"key":"Cables"},{"floor":13,"key":"Strawberry"},{"floor":21,"key":"MealTicket"},{"floor":25,"key":"InkBottle"},{"floor":26,"key":"Omamori"},{"floor":26,"key":"War Paint"},{"floor":30,"key":"Pocketwatch"},{"floor":40,"key":"Peace Pipe"},{"floor":43,"key":"Akabeko"},{"floor":44,"key":"Turnip"},{"floor":45,"key":"Ancient Tea Set"}],"event_choices":[{"damage_healed":0,"gold_gain":0,"player_choice":"Take Damage","damage_taken":24,"relics_obtained":["Golden Idol"],"max_hp_gain":0,"max_hp_loss":0,"event_name":"Golden Idol","floor":4,"gold_loss":0},{"cards_removed":["Strike_B"],"damage_healed":0,"gold_gain":0,"player_choice":"Card Removal","damage_taken":0,"max_hp_gain":0,"max_hp_loss":0,"event_name":"The Cleric","floor":14,"gold_loss":75},{"damage_healed":0,"gold_gain":0,"player_choice":"Read","damage_taken":0,"max_hp_gain":0,"max_hp_loss":0,"event_name":"The Library","floor":20,"gold_loss":0,"cards_obtained":["Undo"]},{"damage_healed":0,"gold_gain":0,"cards_transformed":["Defend_B","Dualcast"],"player_choice":"Transformed Cards","damage_taken":0,"max_hp_gain":0,"max_hp_loss":0,"event_name":"Designer","floor":28,"gold_loss":75,"cards_obtained":["Beam Cell","Reboot"]},{"damage_healed":0,"gold_gain":0,"player_choice":"Memory 3","damage_taken":10,"max_hp_gain":0,"max_hp_loss":0,"event_name":"SensoryStone","floor":36,"gold_loss":0},{"damage_healed":0,"gold_gain":333,"player_choice":"Gave Idol","damage_taken":0,"max_hp_gain":0,"max_hp_loss":0,"event_name":"The Moai Head","floor":38,"relics_lost":["Golden Idol"],"gold_loss":0},{"damage_healed":0,"gold_gain":50,"player_choice":"Pray","damage_taken":0,"max_hp_gain":0,"max_hp_loss":0,"event_name":"Golden Shrine","floor":39,"gold_loss":0},{"damage_healed":0,"gold_gain":0,"player_choice":"Fight","damage_taken":0,"max_hp_gain":0,"max_hp_loss":0,"event_name":"Mysterious Sphere","floor":44,"gold_loss":0}],"is_beta":false,"boss_relics":[{"not_picked":["Philosopher\u0027s Stone","Calling Bell"],"picked":"Tiny House"},{"not_picked":["Busted Crown","Snecko Eye"],"picked":"Coffee Dripper"}],"items_purged_floors":[2,7,19,24,29],"is_endless":false,"potions_floor_spawned":[3,10,13,16,18,31,33,40,45,46,48],"killed_by":"Time Eater","ascension_level":20}}