{"host":"0azimyi6n3ugndj4","time":1609891200,"event":{"mods":["2.2 Compatiblity","BaseMod","Bestiary","Conspire","Curses Come First","Defuse TimeMaze Blight","Hermit","Hubris","Hyrulean Relics","Infinite Spire","Jorbs\u0027s Wanderer Trilogy","Minty Spire (QoL Compilation)","Relic Stats","Replay The Spire","StSLib","SuperFastMode","The Cursed","The Hierophant","Uncapped","¡¼?Úª?ø«¡½REMEMod"],"gold_per_floor":[129,279,279,279,347,347,347],"floor_reached":6,"playtime":95,"items_purged":[],"score":189,"play_id":"2ebb3b85-0893-46e4-9c27-5e27d92db414","local_time":"20210106090000","daily_mods":["SealedDeck","Hoarder","Insanity","Chimera","Specialized","Vintage","ControlledChaos","Allstar","Diverse","Colorless Cards","Heirloom","Time Dilation","Flight","DeadlyEvents","Elite Swarm","Lethality","Midas","Binary"],"is_ascension_mode":true,"campfire_choices":[],"circlet_count":0,"master_deck":["Demon Form","Wraith Form v2","Echo Form","DevaForm","stsjorbsmod:ArcaneForm","stsjorbsmod:WastingForm","AscendersBane","hubris:Hubris","Bash","Survivor","Zap","Eruption","Strike_R","Strike_G","Strike_B","Defend_R","Defend_G","Defend_P","TheCursedMod:ReleasedStrength","Crescendo","Shrug It Off","TheCursedMod:CursedShiv","ReplayTheSpireMod:Calculation Training","Masterful Stab","Streamline","Bandage Up","Coolheaded","hierophant:Remorse","EmptyBody","Cleave","stsjorbsmod:Counterspell","TheCursedMod:SpitefulStrike","hermit:Snipe","stsjorbsmod:ChatteringStrike","Prostrate","Halt","Havoc","LikeWater","stsjorbsmod:ParryingBlow","Pray","Sunder","Skewer","Finesse","Clothesline","hermit:Vantage","TheCursedMod:PrepareRite","stsjorbsmod:ChatteringStrike","hierophant:SolarFlare","Heatsinks","hierophant:Shelter","Streamline","stsjorbsmod:DisguiseSelf","Sweeping Beam","ReplayTheSpireMod:Corrosion Curse","ReplayTheSpireMod:Trickstab","BasicCrystalCard","Ball Lightning","FlyingSleeves","Reflex","REME_Whirling","SashWhip","hermit:NoHoldsBarred","TheCursedMod:TacticalStrike","TheCursedMod:SoulCrush","hubris:SlightOfHand","Sucker Punch","Deflect","Backflip","Double Tap","Double Tap","Double Tap","Double Tap","Double Tap","Double Tap","Double Tap","Double Tap","Double Tap","Double Tap","Double Tap","Double Tap","Double Tap","Double Tap","Double Tap","ForeignInfluence","ForeignInfluence","ForeignInfluence","TheCursedMod:CursedShiv","TheCursedMod:CursedShiv","TheCursedMod:CursedShiv","TheCursedMod:FleshFromBone","TheCursedMod:FleshFromBone","TheCursedMod:FleshFromBone","hubris:CleavingFinish","hubris:CleavingFinish","hubris:CleavingFinish","Calculated Gamble","Calculated Gamble","Calculated Gamble","SashWhip","SashWhip","SashWhip","ReplayTheSpireMod:Strike From Hell","ReplayTheSpireMod:Strike From Hell","ReplayTheSpireMod:Strike From Hell","hierophant:HolyVerse","hierophant:HolyVerse","hierophant:HolyVerse","stsjorbsmod:Will","stsjorbsmod:Will","stsjorbsmod:Will","Crystallizer","Crystallizer","Crystallizer","InnerPeace","InnerPeace","InnerPeace","Doubt"],"relics":["Cracked Core","Frozen Eye","Busted Crown","REME_ComplimentaryCards","conspire:Boomerang","Shovel","Ring of Fury","Ring of Peace","Golden Idol","Prayer Wheel"],"acts_visited":["Exordium"],"potions_floor_usage":[6],"damage_taken":[{"damage":1,"enemies":"Jaw Worm","floor":1,"turns":3},{"damage":38,"enemies":"Gremlin Nob","floor":6,"turns":3}],"seed_played":"1930696301389382326","potions_obtained":[{"floor":1,"key":"Adrenaline Potion"}],"is_trial":true,"path_per_floor":["M","$","?","?","?","E"],"character_chosen":"DEFECT","items_purchased":[],"campfire_rested":0,"item_purchase_floors":[],"current_hp_per_floor":[63,63,63,63,9,0,0],"gold":347,"neow_bonus":"","is_daily":false,"chose_seed":false,"campfire_upgraded":0,"win_rate":0.0,"timestamp":1609891200,"path_taken":["M","$","?","?","?","E"],"items_purchased_type":[],"build_version":"2020-12-22","purchased_purges":0,"victory":false,"max_hp_per_floor":[71,71,71,71,71,71,71],"relic_stats":{"Busted Crown":4,"Shovel":0,"counters":[2,6],"Golden Idol":5,"Prayer Wheel":0,"obtain_stats":[{"Frozen Eye":0,"Busted Crown":0,"Shovel":1,"Golden Idol":5,"Ring of Peace":4,"Ring of Fury":4,"Prayer Wheel":5,"conspire:Boomerang":0,"Cracked Core":0,"REME_ComplimentaryCards":0},{"Frozen Eye":0,"Busted Crown":0,"Shovel":1,"Golden Idol":1,"Ring of Peace":1,"Ring of Fury":1,"Prayer Wheel":1,"conspire:Boomerang":0,"Cracked Core":0,"REME_ComplimentaryCards":0},{"Frozen Eye":0,"Busted Crown":0,"Shovel":3,"Golden Idol":3,"Ring of Peace":3,"Ring of Fury":3,"Prayer Wheel":3,"conspire:Boomerang":0,"Cracked Core":0,"REME_ComplimentaryCards":0}]},"card_choices":[],"player_experience":1563226,"relics_obtained":[{"floor":1,"key":"Shovel"},{"floor":4,"key":"Ring of Fury"},{"floor":4,"key":"Ring of Peace"},{"floor":5,"key":"Prayer Wheel"}],"event_choices":[{"damage_healed":0,"gold_gain":150,"player_choice":"AGREE","damage_taken":0,"max_hp_gain":0,"max_hp_loss":0,"event_name":"Liars Game","floor":2,"gold_loss":0,"cards_obtained":["Doubt"]},{"cards_removed":["Doubt"],"damage_healed":0,"gold_gain":0,"player_choice":"Forget","damage_taken":0,"max_hp_gain":0,"max_hp_loss":0,"event_name":"Living Wall","floor":3,"gold_loss":0},{"cards_removed":["Doubt"],"damage_healed":0,"gold_gain":0,"player_choice":"Card Removal","damage_taken":7,"max_hp_gain":0,"max_hp_loss":0,"event_name":"Golden Wing","floor":5,"gold_loss":0},{"damage_healed":0,"gold_gain":0,"player_choice":"Take Damage","damage_taken":24,"relics_obtained":["Golden Idol"],"max_hp_gain":0,"max_hp_loss":0,"event_name":"Golden Idol","floor":5,"gold_loss":0}],"is_beta":false,"boss_relics":[],"items_purged_floors":[],"is_endless":false,"potions_floor_spawned":[1],"killed_by":"Gremlin Nob","ascension_level":20}}