{"host":"avjwtc49fhlk6kym","time":1609972683,"event":{"mods":["AchievementEnabler","BaseMod","Better Match","Better Note","Better Third Choice","Colored Map","Colored Powertips","Displayed Cursed Tome","Highlight Path","Minty Spire (QoL Compilation)","Permanent Neow","Quick Restart","StSLib"],"gold_per_floor":[118,133,146,162,182,182,210,6,88,105,130,130,130,143,143,248,248,258,14,14,114,130,130,36,36,107,126,126,143,143,154,154,154,154],"floor_reached":33,"playtime":1210,"items_purged":[],"score":259,"play_id":"3c9e8f58-a1a6-432d-89b7-e8d067a5f4ff","local_time":"20210106173803","is_ascension_mode":false,"campfire_choices":[{"data":"Eruption","floor":6,"key":"SMITH"},{"floor":13,"key":"REST"},{"floor":15,"key":"REST"},{"data":"BattleHymn","floor":23,"key":"SMITH"},{"data":"Footwork","floor":25,"key":"SMITH"},{"floor":30,"key":"REST"},{"floor":32,"key":"REST"}],"circlet_count":0,"master_deck":["Strike_P","Strike_P","Strike_P","Strike_P","Defend_P","Defend_P","Defend_P","Defend_P","Eruption+1","Vigilance","Dramatic Entrance","Evaluate","BowlingBash","CutThroughFate","InnerPeace","FlyingSleeves","BattleHymn+1","Panache","CrushJoints","Consecrate","ClearTheMind+1","Judgement+1","DeceiveReality+1","Discovery+1","Dramatic Entrance","Footwork+1","Bandage Up+1","CrushJoints","Uppercut","Trip+1"],"relics":["PureWater","Toxic Egg 2","TeardropLocket","Turnip","Runic Pyramid","PrismaticShard","Shuriken"],"acts_visited":["Exordium","TheCity"],"potions_floor_usage":[7,18,31,33],"damage_taken":[{"damage":0,"enemies":"Small Slimes","floor":1,"turns":2},{"damage":0,"enemies":"Jaw Worm","floor":2,"turns":3},{"damage":0,"enemies":"2 Louse","floor":3,"turns":2},{"damage":0,"enemies":"Looter","floor":4,"turns":3},{"damage":6,"enemies":"Blue Slaver","floor":5,"turns":3},{"damage":4,"enemies":"3 Sentries","floor":7,"turns":5},{"damage":8,"enemies":"Exordium Thugs","floor":10,"turns":4},{"damage":30,"enemies":"Gremlin Nob","floor":11,"turns":3},{"damage":13,"enemies":"Red Slaver","floor":14,"turns":2},{"damage":5,"enemies":"Slime Boss","floor":16,"turns":9},{"damage":2,"enemies":"3 Byrds","floor":18,"turns":4},{"damage":5,"enemies":"Shell Parasite","floor":22,"turns":2},{"damage":31,"enemies":"Centurion and Healer","floor":27,"turns":6},{"damage":30,"enemies":"Snecko","floor":29,"turns":6},{"damage":21,"enemies":"Sentry and Sphere","floor":31,"turns":4},{"damage":76,"enemies":"Automaton","floor":33,"turns":6}],"seed_played":"4370712699040848292","potions_obtained":[{"floor":3,"key":"LiquidBronze"},{"floor":7,"key":"BlessingOfTheForge"},{"floor":11,"key":"Dexterity Potion"},{"floor":14,"key":"DuplicationPotion"},{"floor":18,"key":"SpeedPotion"},{"floor":28,"key":"Weak Potion"},{"floor":28,"key":"StancePotion"},{"floor":29,"key":"CultistPotion"}],"is_trial":false,"path_per_floor":["M","M","M","M","M","R","E","$","T","M","E","?","R","M","R","B",null,"M","$","?","?","M","R","$","R","T","M","?","M","R","M","R","B"],"character_chosen":"WATCHER","items_purchased":["BattleHymn","Panache","PrismaticShard","Discovery+1","Bandage Up+1"],"campfire_rested":4,"item_purchase_floors":[8,8,19,19,24],"current_hp_per_floor":[72,72,72,72,66,66,62,62,62,54,24,24,45,32,53,48,72,70,70,70,70,65,65,65,65,65,40,40,16,37,28,49,0,0],"gold":154,"neow_bonus":"RANDOM_COLORLESS","is_daily":false,"chose_seed":false,"campfire_upgraded":3,"win_rate":0.0,"timestamp":1609972683,"path_taken":["M","M","M","M","M","R","E","$","T","M","E","?","R","M","R","BOSS","M","$","?","?","?","R","?","R","T","M","?","M","R","M","R","BOSS"],"items_purchased_type":["Card","Card","Relic","Card","Card"],"build_version":"2020-12-22","purchased_purges":0,"victory":false,"max_hp_per_floor":[72,72,72,72,72,72,72,72,72,72,72,72,72,72,72,72,72,72,72,72,72,72,72,72,72,72,72,72,72,72,72,72,72,72],"card_choices":[{"not_picked":["Dark Shackles","Deep Breath"],"picked":"Dramatic Entrance","floor":0},{"not_picked":["Prostrate","Collect"],"picked":"Evaluate","floor":1},{"not_picked":["SashWhip","Crescendo"],"picked":"BowlingBash","floor":2},{"not_picked":["Crescendo","Prostrate"],"picked":"CutThroughFate","floor":3},{"not_picked":["Indignation","Crescendo"],"picked":"InnerPeace","floor":4},{"not_picked":["BowlingBash","EmptyFist"],"picked":"FlyingSleeves","floor":5},{"not_picked":["EmptyMind+1","JustLucky","CutThroughFate"],"picked":"SKIP","floor":7},{"not_picked":["Prostrate+1","ThirdEye+1"],"picked":"CrushJoints","floor":10},{"not_picked":["Brilliance","Halt+1"],"picked":"Consecrate","floor":11},{"not_picked":["Worship+1","JustLucky"],"picked":"ClearTheMind+1","floor":14},{"not_picked":["Alpha+1","Wish+1"],"picked":"Judgement+1","floor":16},{"not_picked":["Vengeance+1","WaveOfTheHand+1"],"picked":"DeceiveReality+1","floor":18},{"not_picked":["Quick Slash","Gash"],"picked":"Footwork","floor":22},{"not_picked":["EmptyBody+1","CutThroughFate"],"picked":"CrushJoints","floor":27},{"not_picked":["Warcry+1","Bane+1"],"picked":"Uppercut","floor":29},{"not_picked":["Deflect+1","FearNoEvil"],"picked":"Trip+1","floor":31}],"player_experience":361057,"relics_obtained":[{"floor":7,"key":"Toxic Egg 2"},{"floor":9,"key":"TeardropLocket"},{"floor":11,"key":"Turnip"},{"floor":26,"key":"Shuriken"}],"event_choices":[{"damage_healed":0,"gold_gain":0,"player_choice":"Ignored","damage_taken":0,"max_hp_gain":0,"max_hp_loss":0,"event_name":"Golden Idol","floor":12,"gold_loss":0},{"damage_healed":0,"gold_gain":0,"player_choice":"Copied","damage_taken":0,"max_hp_gain":0,"max_hp_loss":0,"event_name":"Duplicator","floor":20,"gold_loss":0,"cards_obtained":["Dramatic Entrance"]},{"damage_healed":0,"gold_gain":100,"player_choice":"Pray","damage_taken":0,"max_hp_gain":0,"max_hp_loss":0,"event_name":"Golden Shrine","floor":21,"gold_loss":0},{"damage_healed":0,"gold_gain":0,"player_choice":"Got Potions","damage_taken":0,"max_hp_gain":0,"max_hp_loss":0,"event_name":"Lab","floor":28,"gold_loss":0}],"is_beta":false,"boss_relics":[{"not_picked":["Fusion Hammer","Busted Crown"],"picked":"Runic Pyramid"}],"items_purged_floors":[],"is_endless":false,"potions_floor_spawned":[3,7,11,14,16,18,29],"killed_by":"Automaton","ascension_level":0}}