{"host":"w9n1bnky47q512p1","time":1609915282,"event":{"mods":["Arknights The Spire","BaseMod","Bestiary","BetterRewards","Block Reminder","Card Forge","Colored Powertips","Displayed Cursed Tome","Grow up Mod","Minty Spire (QoL Compilation)","Remove Card Discount Mod","StSLib","Uncapped","Waifu the Spire","??????REMEMod"],"gold_per_floor":[112,112,191,11535,11546,11566,11566,11601,11626,11643,11655,11684,11684,11684,11684,11783,11783,11801,11801,11819,11834,11860,11894,11894,11926,11926,11955,11805,11805,11805,11821,11821,11925,11925,11935,11663,11663,11663,11695,11738,11738,11767,11767,12208,12058,12319,12188,12312,12312,12402,12402,12402,12204,12324,11836],"floor_reached":56,"playtime":3949,"items_purged":[],"score":2226,"play_id":"2755547d-307b-4a4c-81b5-64f2a5ed7d2f","local_time":"20210106134122","is_ascension_mode":false,"campfire_choices":[{"data":"1","floor":7,"key":"LIFT"},{"data":"2","floor":13,"key":"LIFT"},{"data":"3","floor":15,"key":"LIFT"},{"floor":24,"key":"RECALL"},{"floor":29,"key":"REST"},{"data":"ats:Durian+1","floor":32,"key":"PURGE"},{"data":"ats:True Silver Slash","floor":41,"key":"SMITH"},{"floor":49,"key":"REST"},{"data":"ats:Magnetic Hammer","floor":52,"key":"SMITH"}],"circlet_count":0,"master_deck":["ats:Strike C+1","ats:Strike G+1","ats:Strike S+1","ats:Strike V+1","ats:Armor Crushing Shot+1","ats:Defend+1","ats:Defend+1","ats:Defend+1","ats:Defend+1","ats:Emotion Absorption+1","ats:Demon Strength+1","ats:Explosion Area Strengthen+1","ats:Overload+1","ats:Flexible Camouflage+1","REME_FirmDetermination+1","ats:Revitalization+1","ats:Rapid Magazine+1","ats:Consecutive Shot Auto+1","ats:Overload+1","ats:Poison Spread+1","Sadistic Nature+1","ats:Part Time Job+1","REME_FirmDetermination+1","ats:Hammer On+1","ats:Healing Drone+1","ats:Song Of Battle+1","ats:Soul Absorption+1","ats:Consecutive Shot Auto+1","ats:Assault Order+1","ats:Magnetic Hammer+1","ats:Hammer On+1","ats:Assault Order+1","ats:Cat Scratch+1","Mayhem+1","REME_BattleFury+1","ats:Thorns+1","ats:Roar Of Ursus+1","ats:Support Order+1","ats:Assault Order+1","ats:Mental Burst+1","ats:Thermite Blade+1","ats:Composite Medical Shells+1","ats:Thorns+1","ats:Leaping Hammer+1","ats:Revitalization+1","ats:Demon Strength+1","ats:Poison Spread+1","ats:Shell Defense+1","ats:Automatic Cover+1","ats:Part Time Job+1","ats:Shadow Raid+1","ats:Healing Strengthening+1","ats:Mental Burst+1","ats:Overload+1","ats:Flame Of Heaven+1","ats:Revitalization+1","ats:Rat Pack+1","ats:Part Time Job+1","ats:Sunburst+1","ats:Powerful Strike+1","ats:Encircling Forest+1","ats:Healing Drone+1","ats:Shell Defense+1","ats:Healing Strengthening+1","ats:Automatic Cover+1","ats:Explosion Area Strengthen+1","ats:Healing Strengthening+1","ats:Flame Of Heaven+1","ats:Overload+1","ats:Consecutive Shot Auto+1","ats:Counter Healing Mode+1","ats:Dogmatic Field+1","ats:Soul Rend+1","ats:Childhood Dance+1","ats:Revitalization+1","ats:Leaping Hammer+1","ats:Healing Strengthening+1","ats:Healing Drone+1","ats:Poison Spread+1","ats:Revitalization+1","ats:Assault Order+1","ats:Apocalypse+1","ats:Part Time Job+1","ats:Apocalypse+1","ats:Healing Drone+1","ats:Shell Defense+1","ats:Revitalization+1","ats:True Silver Slash+1","ats:Red Shift+1","ats:Magnetic Hammer+1","ats:Charging Defense+1","ats:Rapid Magazine+1","ats:Assault Order+1","ats:Apocalypse+1","ats:Explosion Area Strengthen+1","ats:Powerful Strike+1","ats:Hammer On+1","ats:Hook Shot+1","ats:Burning Ground+1","ats:Directed Diagnosis+1","ats:Rapid Magazine+1","ats:Counter Healing Mode+1","ats:Ignite"],"relics":["ats:Sanity Plus","Hammer of Thor","Seething Fire","Anvil of the Gods","Gambling Chip","MealTicket","Busted Crown","Peace Pipe","Membership Card","Ancient Tea Set","Frozen Egg 2","Pantograph","DollysMirror","FossilizedHelix","Ginger","REME_IWantAll","ats:Support","Dream Catcher","StoneCalendar","Torii","TungstenRod","Tiny Chest","Incense Burner","ats:Rhine Circuitry","Pen Nib","TheAbacus","Prayer Wheel","Bag of Marbles","ats:Lavender","OrangePellets","Calipers","REME_PuzzleBoxRelic","Nunchaku","Lizard Tail","WingedGreaves","Frozen Eye","Letter Opener","Mango","Blood Vial","Happy Flower","Orrery","ats:Emergency Defibrillator","Girya","Bronze Scales","ats:Defend","Ice Cream","Boot","Question Card","ats:Originium","Unceasing Top","ats:Hidden Killer","ats:Ability Aura","Toxic Egg 2","REME_DuelDisc","Red Mask","Vajra","Thread and Needle","Shuriken","Omamori","ats:Arts","Orichalcum","REME_OnlineShoppingPlatform","ats:Gyao","REME_HandOfSuture","Dead Branch","Singing Bowl","REME_ArchaeologicalTools","ats:Bonebreaker","ats:Spiritual Recovery","Strange Spoon","ats:Special","Art of War","Mummified Hand"],"acts_visited":["Exordium","TheCity","TheBeyond","TheEnding"],"potions_floor_usage":[42,55,55,55,55,55,55,55,55,55,55,55,55,55,55,55,55,55,55,55,55,55,55,55,55,55,55,55,55,55,55,55,55,55,55,55,55,55],"damage_taken":[{"damage":0,"enemies":"Cultist","floor":1,"turns":3},{"damage":0,"enemies":"Small Slimes","floor":5,"turns":3},{"damage":0,"enemies":"Jaw Worm","floor":6,"turns":2},{"damage":0,"enemies":"Lagavulin","floor":8,"turns":2},{"damage":0,"enemies":"2 Fungi Beasts","floor":10,"turns":2},{"damage":6,"enemies":"3 Louse","floor":11,"turns":2},{"damage":0,"enemies":"3 Sentries","floor":12,"turns":3},{"damage":0,"enemies":"The Guardian","floor":16,"turns":4},{"damage":0,"enemies":"3 Byrds","floor":18,"turns":3},{"damage":0,"enemies":"Spheric Guardian","floor":20,"turns":1},{"damage":0,"enemies":"Centurion and Healer","floor":21,"turns":2},{"damage":0,"enemies":"Masked Bandits","floor":22,"turns":2},{"damage":0,"enemies":"Gremlin Leader","floor":23,"turns":3},{"damage":0,"enemies":"REME_1_Revenger","floor":25,"turns":1},{"damage":0,"enemies":"Gremlin Leader","floor":27,"turns":3},{"damage":0,"enemies":"Snake Plant","floor":31,"turns":1},{"damage":0,"enemies":"Collector","floor":33,"turns":5},{"damage":0,"enemies":"Orb Walker","floor":35,"turns":2},{"damage":0,"enemies":"3 Darklings","floor":39,"turns":2},{"damage":0,"enemies":"Giant Head","floor":40,"turns":5},{"damage":12,"enemies":"Reptomancer","floor":42,"turns":4},{"damage":0,"enemies":"Maw","floor":44,"turns":1},{"damage":0,"enemies":"Giant Head","floor":46,"turns":3},{"damage":0,"enemies":"4 Shapes","floor":48,"turns":3},{"damage":20,"enemies":"Time Eater","floor":50,"turns":3},{"damage":6,"enemies":"Shield and Spear","floor":54,"turns":3},{"damage":0,"enemies":"The Heart","floor":55,"turns":3}],"seed_played":"-8409351737457396868","potions_obtained":[{"floor":1,"key":"AttackPotion"},{"floor":6,"key":"FairyPotion"},{"floor":8,"key":"Strength Potion"}],"is_trial":false,"path_per_floor":["M","?","?","$","M","M","R","E","T","M","M","E","R","T","R","B",null,"M","T","M","M","?","E","R","E","T","E","$","R","?","M","R","B",null,"M","$","?","T","M","E","R","E","T","M","?","E","$","M","R","B",null,"R","$","E","B",null],"character_chosen":"DOCTOR_CLASS","items_purchased":["Sling","ats:Demon Strength","ats:Explosion Area Strengthen","ats:Overload","ats:Flexible Camouflage","REME_FirmDetermination","Membership Card","Ancient Tea Set","ats:Revitalization","ats:Rapid Magazine","ats:Consecutive Shot Auto","ats:Overload","ats:Poison Spread","Sadistic Nature","ats:Part Time Job","Frozen Egg 2","Pantograph","DollysMirror","ats:Hammer On","ats:Healing Drone","ats:Song Of Battle+1","ats:Soul Absorption","ats:Consecutive Shot Auto","REME_IWantAll","ats:Support","Dream Catcher","ats:Assault Order","ats:Magnetic Hammer","ats:Hammer On","Torii","ats:Assault Order","ats:Cat Scratch","Mayhem+1","REME_BattleFury+1","Tiny Chest","ats:Thorns+1","ats:Rhine Circuitry","ats:Roar Of Ursus+1","ats:Support Order","ats:Assault Order","ats:Mental Burst","ats:Thermite Blade","Pen Nib","TheAbacus","Bag of Marbles","ats:Lavender","OrangePellets","ats:Composite Medical Shells+1","REME_PuzzleBoxRelic","Nunchaku","WingedGreaves","Frozen Eye","Letter Opener","ats:Thorns+1","ats:Leaping Hammer","Blood Vial","Happy Flower","ats:Revitalization","ats:Demon Strength+1","Orrery","ats:Healing Strengthening+1","ats:Mental Burst","ats:Overload","Girya","Bronze Scales","ats:Defend","Boot","Question Card","ats:Rat Pack","ats:Part Time Job+1","ats:Sunburst","ats:Powerful Strike","ats:Arts","Orichalcum","REME_OnlineShoppingPlatform","ats:Rapid Magazine+1","ats:Gyao","Strange Spoon","ats:Directed Diagnosis+1","ats:Rapid Magazine+1","ats:Special","Art of War","ats:Counter Healing Mode+1","ats:Ignite"],"campfire_rested":2,"item_purchase_floors":[0,0,0,0,0,0,0,0,0,0,0,0,0,0,0,0,0,0,0,0,0,0,0,0,0,0,0,0,0,0,0,0,0,0,0,0,0,0,0,0,0,0,0,0,0,0,0,0,0,0,0,0,0,0,0,0,0,0,0,0,0,0,0,0,0,0,4,4,4,4,4,4,28,28,36,36,36,47,47,47,53,53,53,53],"current_hp_per_floor":[110,99,109,134,150,160,170,180,190,200,206,222,232,242,252,264,274,284,294,304,314,326,336,346,356,366,376,386,396,406,418,428,438,448,460,470,480,490,500,512,522,534,544,556,566,578,588,602,614,624,634,644,654,666,681],"gold":11836,"neow_bonus":"","is_daily":false,"chose_seed":false,"campfire_upgraded":2,"win_rate":0.0,"timestamp":1609915282,"path_taken":["M","?","?","$","M","M","R","E","T","M","M","E","R","?","R","BOSS","M","?","M","M","?","E","R","E","T","E","$","R","?","M","R","BOSS","M","$","?","?","M","E","R","E","T","?","?","E","$","?","R","BOSS","R","$","E","BOSS"],"items_purchased_type":["Relic","Card","Card","Card","Card","Card","Relic","Relic","Card","Card","Card","Card","Card","Card","Card","Relic","Relic","Relic","Card","Card","Card","Card","Card","Relic","Relic","Relic","Card","Card","Card","Relic","Card","Card","Card","Card","Relic","Card","Relic","Card","Card","Card","Card","Card","Relic","Relic","Relic","Relic","Relic","Card","Relic","Relic","Relic","Relic","Relic","Card","Card","Relic","Relic","Card","Card","Relic","Card","Card","Card","Relic","Relic","Card","Relic","Relic","Card","Card","Card","Card","Relic","Relic","Relic","Card","Relic","Relic","Card","Card","Relic","Relic","Card","Card"],"build_version":"2020-12-22","purchased_purges":0,"victory":true,"max_hp_per_floor":[110,120,130,140,150,160,170,180,190,200,212,222,232,242,252,264,274,284,294,304,314,326,336,346,356,366,376,386,396,406,418,428,438,448,460,470,480,490,500,512,522,534,544,556,566,578,588,602,614,624,634,644,654,666,681],"card_choices":[{"not_picked":["ats:Poison Spread"],"picked":"Singing Bowl","floor":0},{"not_picked":[],"picked":"ats:Shell Defense","floor":0},{"not_picked":[],"picked":"ats:Automatic Cover","floor":0},{"not_picked":["ats:Part Time Job+1"],"picked":"Singing Bowl","floor":0},{"not_picked":["ats:Shadow Raid"],"picked":"Singing Bowl","floor":0},{"not_picked":["ats:Flame Of Heaven"],"picked":"Singing Bowl","floor":1},{"not_picked":[],"picked":"ats:Revitalization","floor":1},{"not_picked":["ats:Spore Proliferation"],"picked":"ats:Encircling Forest","floor":5},{"not_picked":["ats:Childhood Dance"],"picked":"ats:Healing Drone","floor":5},{"not_picked":["ats:Hammer On"],"picked":"ats:Shell Defense","floor":6},{"not_picked":["ats:Durian"],"picked":"ats:Healing Strengthening+1","floor":6},{"not_picked":["ats:Assault Order"],"picked":"ats:Automatic Cover","floor":8},{"not_picked":["ats:Sunburst"],"picked":"ats:Explosion Area Strengthen","floor":10},{"not_picked":["ats:Assault Order"],"picked":"ats:Healing Strengthening+1","floor":10},{"not_picked":["ats:Flame Of Heaven","ats:Overload"],"picked":"Singing Bowl","floor":11},{"not_picked":["ats:Shell Defense"],"picked":"ats:Consecutive Shot Auto","floor":11},{"not_picked":["ats:Shell Defense"],"picked":"ats:Counter Healing Mode+1","floor":12},{"not_picked":["ats:Dogmatic Field+1","ats:Soul Rend+1"],"picked":"Singing Bowl","floor":16},{"not_picked":["ats:Flexible Camouflage+1"],"picked":"ats:Childhood Dance+1","floor":18},{"not_picked":["ats:Soul Absorption+1"],"picked":"ats:Revitalization+1","floor":18},{"not_picked":["ats:Overload"],"picked":"ats:Leaping Hammer","floor":20},{"not_picked":["ats:Apocalypse+1"],"picked":"ats:Healing Strengthening+1","floor":20},{"not_picked":["ats:Powerful Strike"],"picked":"ats:Healing Drone+1","floor":21},{"not_picked":["ats:Consecutive Shot Auto"],"picked":"ats:Poison Spread","floor":21},{"not_picked":["ats:Durian+1","ats:Revitalization+1"],"picked":"Singing Bowl","floor":22},{"not_picked":["ats:Childhood Dance+1","ats:Composite Medical Shells+1"],"picked":"ats:Assault Order+1","floor":23},{"not_picked":["ats:Hammer On"],"picked":"ats:Apocalypse+1","floor":25},{"not_picked":["ats:Guardian Obelisk+1"],"picked":"ats:Part Time Job+1","floor":27},{"not_picked":["ats:Ignite+1"],"picked":"ats:Apocalypse+1","floor":29},{"not_picked":["ats:Steam Pump+1"],"picked":"ats:Healing Drone+1","floor":31},{"not_picked":["ats:Shell Defense+1","ats:Revitalization+1"],"picked":"Singing Bowl","floor":31},{"not_picked":["ats:Dogmatic Field+1"],"picked":"ats:True Silver Slash","floor":33},{"not_picked":["ats:Red Shift+1","ats:Magnetic Hammer"],"picked":"Singing Bowl","floor":35},{"not_picked":["ats:Apocalypse+1"],"picked":"ats:Charging Defense+1","floor":35},{"not_picked":["ats:Childhood Dance+1"],"picked":"ats:Assault Order+1","floor":39},{"not_picked":["ats:Assault Order+1"],"picked":"ats:Apocalypse+1","floor":39},{"not_picked":["ats:Explosion Area Strengthen","ats:Powerful Strike+1"],"picked":"Singing Bowl","floor":40},{"not_picked":["ats:Hammer On+1","ats:Hook Shot+1"],"picked":"Singing Bowl","floor":42},{"not_picked":["ats:Hammer On+1"],"picked":"ats:Burning Ground+1","floor":44},{"not_picked":["ats:Collapsing Strike+1","ats:Powerful Strike"],"picked":"Singing Bowl","floor":44},{"not_picked":["ats:Cat Scratch+1","ats:Disruption Kick"],"picked":"Singing Bowl","floor":46},{"not_picked":["ats:Guardian Obelisk+1","ats:Demon Strength+1"],"picked":"Singing Bowl","floor":48},{"not_picked":["ats:Song Of Battle+1","ats:Ignite"],"picked":"Singing Bowl","floor":48},{"not_picked":["ats:Automatic Cover+1","ats:Childhood Dance+1"],"picked":"Singing Bowl","floor":49},{"not_picked":["ats:Charging Defense+1","ats:Leaping Hammer+1"],"picked":"Singing Bowl","floor":54}],"player_experience":73190,"relics_obtained":[{"floor":8,"key":"ats:Originium"},{"floor":8,"key":"Unceasing Top"},{"floor":9,"key":"ats:Hidden Killer"},{"floor":12,"key":"ats:Originium"},{"floor":12,"key":"ats:Ability Aura"},{"floor":14,"key":"Toxic Egg 2"},{"floor":22,"key":"Red Mask"},{"floor":23,"key":"ats:Originium"},{"floor":23,"key":"Vajra"},{"floor":25,"key":"Thread and Needle"},{"floor":26,"key":"Shuriken"},{"floor":27,"key":"Omamori"},{"floor":38,"key":"REME_HandOfSuture"},{"floor":40,"key":"ats:Originium"},{"floor":40,"key":"Dead Branch"},{"floor":42,"key":"Singing Bowl"},{"floor":43,"key":"REME_ArchaeologicalTools"},{"floor":46,"key":"ats:Spiritual Recovery"},{"floor":54,"key":"Mummified Hand"}],"event_choices":[{"damage_healed":0,"gold_gain":0,"player_choice":"Entered Light","damage_taken":22,"max_hp_gain":0,"max_hp_loss":0,"event_name":"Shining Light","floor":2,"gold_loss":0,"cards_upgraded":["ats:Hammer On","ats:Explosion Area Strengthen"]},{"damage_healed":0,"gold_gain":79,"player_choice":"Gained Gold","damage_taken":0,"max_hp_gain":0,"max_hp_loss":0,"event_name":"Golden Wing","floor":3,"gold_loss":0},{"damage_healed":0,"gold_gain":0,"player_choice":"Fought Bandits","damage_taken":0,"max_hp_gain":0,"max_hp_loss":0,"event_name":"Masked Bandits","floor":22,"gold_loss":0},{"damage_healed":0,"gold_gain":0,"player_choice":"Simplicity","damage_taken":0,"max_hp_gain":0,"max_hp_loss":0,"event_name":"Back to Basics","floor":30,"gold_loss":0,"cards_upgraded":[]},{"damage_healed":0,"gold_gain":0,"player_choice":"Full Heal","damage_taken":0,"max_hp_gain":0,"max_hp_loss":0,"event_name":"Wheel of Change","floor":37,"gold_loss":0},{"damage_healed":0,"gold_gain":0,"player_choice":"Paid Gold","damage_taken":0,"relics_obtained":["ats:Bonebreaker"],"max_hp_gain":0,"max_hp_loss":0,"event_name":"WeMeetAgain","floor":45,"gold_loss":150}],"is_beta":false,"boss_relics":[{"not_picked":["SacredBark","Astrolabe"],"picked":"REME_DuelDisc"},{"not_picked":["Cursed Key","Black Star"],"picked":"ats:Sanity Plus"}],"items_purged_floors":[],"is_endless":false,"potions_floor_spawned":[1,6,8,16,22,23,27,33,42,46,48,54],"ascension_level":0}}