{"host":"q4axc00jr2bozlh9","time":1609940855,"event":{"mods":["AchievementEnabler","BaseMod","Bestiary","Colored Map","Colored Powertips","Curses Come First","Minty Spire (QoL Compilation)","Relic Stats","StSLib","SuperFastMode"],"gold_per_floor":[12,31,31,54,69,107,32,32,32,32,52,70,345,359,359,480,480,493,506,527,527,540,579,579,594,594,633,658,326,326,346,346,475,475,496,496,512,533,533,533,157,157,157,181,0,0,0,19,19,19],"floor_reached":51,"playtime":2417,"items_purged":["Strike_R","Regret","Strike_R"],"score":693,"play_id":"703fd033-d0c8-4eb1-b5b0-85700557b079","local_time":"20210106144735","is_ascension_mode":false,"campfire_choices":[{"data":"Metallicize","floor":8,"key":"SMITH"},{"data":"Shockwave","floor":10,"key":"SMITH"},{"floor":15,"key":"REST"},{"data":"Armaments","floor":24,"key":"SMITH"},{"floor":30,"key":"DIG"},{"floor":32,"key":"DIG"},{"floor":40,"key":"DIG"},{"floor":42,"key":"DIG"},{"floor":47,"key":"DIG"},{"floor":49,"key":"DIG"}],"circlet_count":0,"master_deck":["Strike_R","Strike_R","Strike_R","Defend_R","Defend_R","Defend_R","Defend_R","Bash","Rampage","Dropkick","Shockwave+1","Metallicize+1","Warcry","Seeing Red","Metallicize","Metallicize","Immolate","Armaments+1","Pommel Strike+1","Fire Breathing+1","Evolve","Barricade+1","Trip","Juggernaut","Shrug It Off+1","Armaments+1","Dramatic Entrance","Shrug It Off","Power Through+1"],"relics":["Burning Blood","Bird Faced Urn","Golden Idol","Mercury Hourglass","FossilizedHelix","Sozu","Shovel","Red Skull","Regal Pillow","Happy Flower","Bottled Lightning","Bottled Tornado","Velvet Choker","Potion Belt","Sling","Bag of Marbles","Gremlin Horn","Red Mask","Peace Pipe","Paper Frog"],"acts_visited":["Exordium","TheCity","TheBeyond"],"potions_floor_usage":[16,16],"damage_taken":[{"damage":1,"enemies":"Cultist","floor":1,"turns":3},{"damage":0,"enemies":"Small Slimes","floor":2,"turns":3},{"damage":3,"enemies":"Jaw Worm","floor":4,"turns":3},{"damage":25,"enemies":"Gremlin Gang","floor":5,"turns":5},{"damage":18,"enemies":"Gremlin Nob","floor":6,"turns":4},{"damage":0,"enemies":"Exordium Wildlife","floor":11,"turns":3},{"damage":8,"enemies":"Lots of Slimes","floor":12,"turns":4},{"damage":3,"enemies":"3 Louse","floor":14,"turns":3},{"damage":36,"enemies":"Hexaghost","floor":16,"turns":11},{"damage":0,"enemies":"Chosen","floor":18,"turns":5},{"damage":8,"enemies":"3 Byrds","floor":19,"turns":5},{"damage":9,"enemies":"Centurion and Healer","floor":20,"turns":3},{"damage":22,"enemies":"Shelled Parasite and Fungi","floor":22,"turns":6},{"damage":30,"enemies":"Book of Stabbing","floor":23,"turns":7},{"damage":25,"enemies":"Snake Plant","floor":25,"turns":6},{"damage":16,"enemies":"Slavers","floor":27,"turns":4},{"damage":9,"enemies":"Snecko","floor":28,"turns":7},{"damage":10,"enemies":"Centurion and Healer","floor":31,"turns":7},{"damage":6,"enemies":"Champ","floor":33,"turns":13},{"damage":12,"enemies":"3 Shapes","floor":35,"turns":2},{"damage":0,"enemies":"Orb Walker","floor":37,"turns":4},{"damage":27,"enemies":"Sphere and 2 Shapes","floor":38,"turns":6},{"damage":14,"enemies":"Writhing Mass","floor":44,"turns":6},{"damage":0,"enemies":"Transient","floor":48,"turns":5},{"damage":24,"enemies":"Awakened One","floor":50,"turns":14}],"seed_played":"7546795269683404771","potions_obtained":[{"floor":1,"key":"FairyPotion"},{"floor":11,"key":"Block Potion"},{"floor":14,"key":"SpeedPotion"}],"is_trial":false,"path_per_floor":["M","M","?","M","M","E","$","R","T","R","M","M","?","M","R","B",null,"M","M","M","?","M","E","R","M","T","E","M","$","R","M","R","B",null,"M","?","M","M","?","R","$","R","T","M","?","$","R","M","R","B",null],"character_chosen":"IRONCLAD","items_purchased":["Happy Flower","Trip","Dramatic Entrance","Sling"],"campfire_rested":1,"item_purchase_floors":[29,29,41,41],"current_hp_per_floor":[80,80,60,63,44,34,34,34,34,34,42,42,42,49,73,49,80,80,80,80,80,70,54,54,45,45,43,50,50,50,58,58,70,80,76,76,80,65,65,65,65,65,65,71,71,71,71,80,80,70],"gold":19,"neow_bonus":"ONE_RARE_RELIC","is_daily":false,"chose_seed":false,"campfire_upgraded":3,"win_rate":0.0,"timestamp":1609940855,"path_taken":["M","M","?","M","M","E","$","R","T","R","M","M","?","?","R","BOSS","M","M","M","?","M","E","R","M","T","E","M","$","R","?","R","BOSS","M","?","M","?","?","R","?","R","T","M","?","$","R","M","R","BOSS"],"items_purchased_type":["Relic","Card","Card","Relic"],"build_version":"2020-12-22","purchased_purges":3,"victory":true,"max_hp_per_floor":[80,80,80,80,80,80,80,80,80,80,80,80,80,80,80,80,80,80,80,80,80,80,80,80,80,80,80,80,80,80,80,80,80,80,80,80,80,80,80,80,80,80,80,80,80,80,80,80,80,80],"relic_stats":{"Sozu":6,"Peace Pipe":0,"Regal Pillow":0,"Shovel":6,"Happy Flower":[19],"Gremlin Horn":[3,3],"counters":[25,138],"Golden Idol":162,"Bird Faced Urn":[131],"obtain_stats":[{"Potion Belt":40,"Regal Pillow":27,"Happy Flower":29,"Gremlin Horn":43,"Golden Idol":3,"Velvet Choker":34,"Bottled Tornado":32,"Sling":41,"Burning Blood":0,"Mercury Hourglass":6,"Sozu":17,"Peace Pipe":47,"Shovel":23,"Bird Faced Urn":0,"Bag of Marbles":42,"Red Mask":45,"Bottled Lightning":30,"FossilizedHelix":9,"Red Skull":26,"Paper Frog":49},{"Potion Belt":22,"Regal Pillow":16,"Happy Flower":17,"Gremlin Horn":22,"Golden Idol":2,"Velvet Choker":19,"Bottled Tornado":18,"Sling":22,"Burning Blood":0,"Mercury Hourglass":5,"Sozu":9,"Peace Pipe":23,"Shovel":14,"Bird Faced Urn":0,"Bag of Marbles":22,"Red Mask":23,"Bottled Lightning":17,"FossilizedHelix":5,"Red Skull":15,"Paper Frog":24},{"Potion Belt":113,"Regal Pillow":74,"Happy Flower":81,"Gremlin Horn":113,"Golden Idol":6,"Velvet Choker":101,"Bottled Tornado":88,"Sling":113,"Burning Blood":0,"Mercury Hourglass":18,"Sozu":38,"Peace Pipe":119,"Shovel":64,"Bird Faced Urn":0,"Bag of Marbles":113,"Red Mask":119,"Bottled Lightning":81,"FossilizedHelix":18,"Red Skull":70,"Paper Frog":124}],"Burning Blood":120,"Mercury Hourglass":[446]},"card_choices":[{"not_picked":["Evolve","Twin Strike"],"picked":"Rampage","floor":1},{"not_picked":["Havoc","Twin Strike"],"picked":"Dropkick","floor":2},{"not_picked":["Reckless Charge","Clothesline"],"picked":"Shockwave","floor":4},{"not_picked":["Battle Trance","Body Slam"],"picked":"Metallicize","floor":5},{"not_picked":["Dark Embrace","Sword Boomerang"],"picked":"Warcry","floor":6},{"not_picked":["Fire Breathing","Dropkick"],"picked":"Seeing Red","floor":11},{"not_picked":["Wild Strike","Shockwave"],"picked":"Metallicize","floor":12},{"not_picked":["Pummel","Pommel Strike"],"picked":"Metallicize","floor":14},{"not_picked":["Fiend Fire","Impervious"],"picked":"Immolate","floor":16},{"not_picked":["Body Slam+1","Combust"],"picked":"Armaments","floor":18},{"not_picked":["Iron Wave","Warcry+1"],"picked":"Pommel Strike+1","floor":19},{"not_picked":["Fire Breathing","Body Slam","Havoc"],"picked":"SKIP","floor":20},{"not_picked":["Clothesline","Battle Trance+1"],"picked":"Fire Breathing+1","floor":22},{"not_picked":["Anger","Pummel"],"picked":"Evolve","floor":23},{"not_picked":["Heavy Blade","Warcry","Body Slam"],"picked":"SKIP","floor":25},{"not_picked":["Twin Strike","Uppercut","Shockwave+1"],"picked":"SKIP","floor":27},{"not_picked":["Whirlwind+1","Power Through"],"picked":"Barricade","floor":28},{"not_picked":["Heavy Blade","Anger+1","Twin Strike"],"picked":"SKIP","floor":31},{"not_picked":["Exhume","Reaper"],"picked":"Juggernaut","floor":33},{"not_picked":["Sentinel","Warcry+1"],"picked":"Shrug It Off+1","floor":35},{"not_picked":["Wild Strike","Sword Boomerang+1"],"picked":"Armaments+1","floor":37},{"not_picked":["Reckless Charge","Cleave+1","Armaments"],"picked":"SKIP","floor":38},{"not_picked":["Iron Wave","Limit Break"],"picked":"Shrug It Off","floor":44},{"not_picked":["Headbutt","Metallicize"],"picked":"Power Through+1","floor":48}],"player_experience":198436,"relics_obtained":[{"floor":6,"key":"Mercury Hourglass"},{"floor":9,"key":"FossilizedHelix"},{"floor":23,"key":"Shovel"},{"floor":26,"key":"Red Skull"},{"floor":27,"key":"Regal Pillow"},{"floor":30,"key":"Bottled Lightning"},{"floor":32,"key":"Bottled Tornado"},{"floor":40,"key":"Potion Belt"},{"floor":42,"key":"Bag of Marbles"},{"floor":43,"key":"Gremlin Horn"},{"floor":47,"key":"Peace Pipe"},{"floor":49,"key":"Paper Frog"}],"event_choices":[{"damage_healed":0,"gold_gain":0,"player_choice":"Take Damage","damage_taken":20,"relics_obtained":["Golden Idol"],"max_hp_gain":0,"max_hp_loss":0,"event_name":"Golden Idol","floor":3,"gold_loss":0},{"damage_healed":0,"gold_gain":275,"player_choice":"Desecrate","damage_taken":0,"max_hp_gain":0,"max_hp_loss":0,"event_name":"Golden Shrine","floor":13,"gold_loss":0,"cards_obtained":["Regret"]},{"damage_healed":0,"gold_gain":0,"player_choice":"Bought 0 Potions","damage_taken":0,"max_hp_gain":0,"max_hp_loss":0,"event_name":"The Woman in Blue","floor":21,"gold_loss":0},{"damage_healed":0,"gold_gain":0,"player_choice":"Upgraded","damage_taken":0,"max_hp_gain":0,"max_hp_loss":0,"event_name":"Upgrade Shrine","floor":36,"gold_loss":0,"cards_upgraded":["Barricade"]},{"damage_healed":0,"gold_gain":0,"player_choice":"Ignored","damage_taken":0,"max_hp_gain":0,"max_hp_loss":0,"event_name":"NoteForYourself","floor":39,"gold_loss":0},{"damage_healed":0,"gold_gain":0,"player_choice":"Paid","damage_taken":0,"relics_obtained":["Red Mask"],"max_hp_gain":0,"max_hp_loss":0,"event_name":"Tomb of Lord Red Mask","floor":45,"gold_loss":181}],"is_beta":false,"boss_relics":[{"not_picked":["Snecko Eye","Empty Cage"],"picked":"Sozu"},{"not_picked":["Tiny House","Calling Bell"],"picked":"Velvet Choker"}],"items_purged_floors":[7,29,41],"is_endless":false,"potions_floor_spawned":[1,11,14,18,19,22,25,38,44],"ascension_level":0}}