{"host":"u7y9frlpoazak2mn","time":1609911493,"event":{"mods":["2.2 Compatiblity","AchievementEnabler","Aspiration","BaseMod","Better Match","Better Note","Better Sensory Stone","Better Skull","Colored Powertips","Conspire","Downfall","Energized Spire","GifTheSpireLib","Hermit","Highlight Path","Hubris","Marisa????????","Marked Mod","Mimic Mod","Minty Spire (QoL Compilation)","Permanent Neow","Rare Cards Sparkle","Relic Sorter","Remilia??????","Replay The Spire","Shade Mod","Somnambulant","Spikes Relics","StSLib","Stuff the Spire","The Administrix","The Alterego","The Blue Laboratory","The Construct","The Cursed","The Forsaken","The Hayseed","The Hierophant","The Judge","The Marked","The Runesmith","The Senshi","The Servant 0.9.4","TheBandit","TheVacant","Transform Curses","Unceasing Turn Reminder","Waifu the Spire","everything is the same but u backflip on backflip","slay the spire mod where everything is the same but ironclad has a cowboy hat"],"gold_per_floor":[111,129,7,24,43,43,76,87,87,87,87,87,103,116,116,220,220,230,200,211,231,244,244,244,244],"floor_reached":24,"playtime":1288,"items_purged":[],"score":160,"play_id":"9a1f9e37-055e-42eb-ad62-f83c2c12d21a","local_time":"20210106003813","is_ascension_mode":true,"campfire_choices":[{"floor":6,"key":"REST"},{"floor":12,"key":"REST"},{"floor":15,"key":"REST"},{"floor":23,"key":"REST"}],"circlet_count":0,"master_deck":["construct:Strike_Gold","construct:Strike_Gold","construct:Strike_Gold","construct:Strike_Gold","construct:Strike_Gold","construct:Defend_Gold","construct:Defend_Gold","construct:Defend_Gold","construct:Defend_Gold","construct:AttackMode","construct:CriticalHit","construct:Autoturret","construct:Tumble","construct:SyphonStrike","construct:Accumulate","construct:Missile","construct:CriticalHit","construct:Meltdown","construct:Multistage","construct:GuardCore","construct:Autoturret"],"relics":["construct:ClockworkPhoenix","Replay:Bronze Core","hubris:VirtuousBlindfold","StuffTheSpire:Rhapsscallions","SpikesRelics:DaevaFist","Black Star"],"acts_visited":["Exordium","TheCity"],"potions_floor_usage":[5,5,7,18,21,24],"damage_taken":[{"damage":6,"enemies":"Cultist","floor":1,"turns":4},{"damage":0,"enemies":"Small Slimes","floor":2,"turns":3},{"damage":11,"enemies":"Jaw Worm","floor":4,"turns":2},{"damage":52,"enemies":"Gremlin Gang","floor":5,"turns":6},{"damage":9,"enemies":"Replay:BlueRogue","floor":7,"turns":4},{"damage":13,"enemies":"2 Fungi Beasts","floor":8,"turns":3},{"damage":9,"enemies":"Red Slaver","floor":13,"turns":2},{"damage":5,"enemies":"Blue Slaver","floor":14,"turns":2},{"damage":4,"enemies":"Slime Boss","floor":16,"turns":4},{"damage":10,"enemies":"Spheric Guardian","floor":18,"turns":3},{"damage":20,"enemies":"Chosen","floor":20,"turns":4},{"damage":28,"enemies":"Centurion and Healer","floor":21,"turns":5},{"damage":21,"enemies":"Chosen and Byrds","floor":22,"turns":4},{"damage":35,"enemies":"Book of Stabbing","floor":24,"turns":3}],"seed_played":"3071910574348315828","potions_obtained":[{"floor":1,"key":"Slimebound:ThreeZeroPotion"},{"floor":2,"key":"Elixir"},{"floor":5,"key":"blueLaboratory:RememoryPotion"},{"floor":7,"key":"blueLaboratory:CorrosionFlask"},{"floor":18,"key":"blueLaboratory:PhilterOfMotion"},{"floor":19,"key":"Doom Potion"},{"floor":19,"key":"blueLaboratory:RememoryPotion"},{"floor":21,"key":"blueLaboratory:CorrosionFlask"}],"is_trial":false,"path_per_floor":["M","M","$","M","M","R","E","M","T","?","?","R","M","M","R","B",null,"M","?","M","M","M","R","E"],"character_chosen":"THE_CONSTRUCT_MOD","items_purchased":["construct:Autoturret","construct:Tumble"],"campfire_rested":4,"item_purchase_floors":[3,3],"current_hp_per_floor":[79,79,79,68,16,41,35,22,22,22,22,48,39,34,60,56,88,78,78,58,30,9,35,0,0],"gold":244,"neow_bonus":"DOUBLE_BOSS_RELIC","is_daily":false,"chose_seed":false,"campfire_upgraded":0,"win_rate":0.0,"timestamp":1609911493,"path_taken":["M","M","$","M","M","R","E","?","T","?","?","R","?","M","R","BOSS","M","?","M","M","?","R","E"],"items_purchased_type":["Card","Card"],"build_version":"2020-12-22","purchased_purges":0,"victory":false,"max_hp_per_floor":[85,85,85,85,85,85,88,88,88,88,88,88,88,88,88,88,88,88,88,88,88,88,88,88,88],"card_choices":[{"not_picked":["construct:MoltenSmash","construct:ShiftStrike","construct:ChargeShot"],"picked":"SKIP","floor":1},{"not_picked":["construct:Overcharge","construct:Versatility"],"picked":"construct:CriticalHit","floor":2},{"not_picked":["construct:ScrapCannon","construct:Impenetrable"],"picked":"construct:SyphonStrike","floor":4},{"not_picked":["construct:Anticipate","construct:FlashFreeze"],"picked":"construct:Accumulate","floor":5},{"not_picked":["construct:Construct_Overclock","construct:SweepLaser"],"picked":"construct:Missile","floor":7},{"not_picked":["construct:Boost","construct:OmegaCannon"],"picked":"construct:CriticalHit","floor":8},{"not_picked":["construct:Boost","construct:ScrapCannon"],"picked":"construct:Meltdown","floor":13},{"not_picked":["construct:FlammableFog","construct:ScrapCannon","construct:Versatility"],"picked":"SKIP","floor":14},{"not_picked":["construct:Supernova","construct:BatteryCore"],"picked":"construct:Multistage","floor":16},{"not_picked":["construct:Backfire","construct:FlashFreeze+1","construct:FocusedBeam"],"picked":"SKIP","floor":18},{"not_picked":["construct:SaveState","construct:ClusterMines+1","construct:Hazardproof"],"picked":"SKIP","floor":20},{"not_picked":["construct:ScopeCore","construct:ScrapCannon"],"picked":"construct:GuardCore","floor":21},{"not_picked":["construct:Versatility","construct:Analyze"],"picked":"construct:Autoturret","floor":22}],"player_experience":322249,"relics_obtained":[{"floor":7,"key":"StuffTheSpire:Rhapsscallions"},{"floor":9,"key":"SpikesRelics:DaevaFist"}],"event_choices":[{"damage_healed":0,"gold_gain":0,"player_choice":"Leave","damage_taken":0,"max_hp_gain":0,"max_hp_loss":0,"event_name":"conspire:Investor","floor":10,"gold_loss":0},{"cards_removed":["construct:Defend_Gold"],"damage_healed":0,"gold_gain":0,"player_choice":"Offered Basic","damage_taken":0,"max_hp_gain":0,"max_hp_loss":0,"event_name":"Bonfire Elementals","floor":11,"gold_loss":0},{"damage_healed":0,"gold_gain":0,"player_choice":"Bought 2 Potions","damage_taken":0,"max_hp_gain":0,"max_hp_loss":0,"event_name":"The Woman in Blue","floor":19,"gold_loss":0}],"is_beta":false,"boss_relics":[{"not_picked":["Coffee Dripper","Busted Crown"],"picked":"Black Star"}],"items_purged_floors":[],"is_endless":false,"potions_floor_spawned":[1,2,5,7,18,21],"killed_by":"Book of Stabbing","ascension_level":1}}