{"host":"kw4o7b3ro2ktmmbe","time":1609899081,"event":{"mods":["BaseMod","Evolution","Fireblade Mod","Minty Spire (QoL Compilation)","StSLib"],"gold_per_floor":[116,116,116,179,190,190,222,232,232,244,254,254,270,40,40,136,136,151,151,73,172,187,217,217,250,250,250,260,291,303,136,136,232,232,244,544,183,196,214,214,30,30,55,80,80,5,19,46,46,46],"floor_reached":51,"playtime":3613,"items_purged":["FireBladeMod:DefendFireBlade"],"score":1084,"play_id":"0f4ce60c-d062-41d0-a174-f7e771bb4e49","local_time":"20210106151121","is_ascension_mode":true,"campfire_choices":[{"data":"FireBladeMod:SmokySwing","floor":6.0,"key":"SMITH"},{"data":"FireBladeMod:Accelerant","floor":12.0,"key":"SMITH"},{"data":"FireBladeMod:FlamingSword","floor":15.0,"key":"SMITH"},{"data":"FireBladeMod:Arson","floor":27.0,"key":"SMITH"},{"data":"FireBladeMod:GetPumped","floor":32.0,"key":"SMITH"},{"data":"FireBladeMod:AfterBurn","floor":40.0,"key":"SMITH"},{"data":"FireBladeMod:FireBarrier","floor":42.0,"key":"SMITH"},{"data":"FireBladeMod:DefendFireBlade","floor":49.0,"key":"SMITH"}],"circlet_count":0,"master_deck":["FireBladeMod:SoulStrike","FireBladeMod:DefendFireBlade+1","FireBladeMod:DefendFireBlade","FireBladeMod:DefendFireBlade","FireBladeMod:FlamingSword+1","FireBladeMod:FireBarrier+1","FireBladeMod:SmokySwing+1","FireBladeMod:Accelerant+1","FireBladeMod:LearnTells","FireBladeMod:RapidHits","FireBladeMod:SoulSword","FireBladeMod:Arson+1","FireBladeMod:HealthyEndurance+1","FireBladeMod:Wildfire+1","FireBladeMod:SteadyEndurance+1","FireBladeMod:HealthyEndurance+1","FireBladeMod:GetPumped+1","FireBladeMod:AfterBurn+1","FireBladeMod:Swipe","FireBladeMod:Swipe","FireBladeMod:Swipe","FireBladeMod:Swipe","FireBladeMod:Swipe","FireBladeMod:Robust+1","Bandage Up+1","FireBladeMod:SmashingEndurance+1","FireBladeMod:HealthyEndurance+1","Madness+1","Madness+1","FireBladeMod:Speed+1","FireBladeMod:AfterBurn"],"relics":["EVO:Axolotl","Coffee Dripper","Matryoshka","Incense Burner","Blood Vial","Bronze Scales","Membership Card","Omamori","Black Star","Necronomicon","Vajra","StrikeDummy","Toxic Egg 2","Centennial Puzzle","InkBottle","FireBladeMod:BronzeKnuckles","Juzu Bracelet","Dream Catcher","Singing Bowl","Bag of Marbles","OrangePellets","FireBladeMod:TigerClaw","MealTicket","ClockworkSouvenir","FireBladeMod:FirePoi","FossilizedHelix","Akabeko","Toy Ornithopter","Ancient Tea Set","Happy Flower","Pear","Strawberry"],"acts_visited":["Exordium","TheCity","TheBeyond"],"potions_floor_usage":[50,50,50,50,50,50],"damage_taken":[{"damage":0.0,"enemies":"2 Louse","floor":1.0,"turns":2.0},{"damage":0.0,"enemies":"Jaw Worm","floor":5.0,"turns":3.0},{"damage":14.0,"enemies":"Lagavulin","floor":7.0,"turns":6.0},{"damage":0.0,"enemies":"Small Slimes","floor":8.0,"turns":2.0},{"damage":0.0,"enemies":"Exordium Wildlife","floor":10.0,"turns":4.0},{"damage":3.0,"enemies":"3 Louse","floor":11.0,"turns":3.0},{"damage":2.0,"enemies":"Looter","floor":13.0,"turns":3.0},{"damage":11.0,"enemies":"The Guardian","floor":16.0,"turns":6.0},{"damage":1.0,"enemies":"Chosen","floor":18.0,"turns":3.0},{"damage":9.0,"enemies":"Shell Parasite","floor":22.0,"turns":2.0},{"damage":30.0,"enemies":"Slavers","floor":23.0,"turns":5.0},{"damage":18.0,"enemies":"Gremlin Leader","floor":25.0,"turns":4.0},{"damage":18.0,"enemies":"Snake Plant","floor":28.0,"turns":2.0},{"damage":3.0,"enemies":"Slavers","floor":29.0,"turns":5.0},{"damage":11.0,"enemies":"Centurion and Healer","floor":30.0,"turns":4.0},{"damage":8.0,"enemies":"Champ","floor":33.0,"turns":8.0},{"damage":5.0,"enemies":"Orb Walker","floor":35.0,"turns":2.0},{"damage":8.0,"enemies":"3 Darklings","floor":38.0,"turns":3.0},{"damage":17.0,"enemies":"Sphere and 2 Shapes","floor":39.0,"turns":5.0},{"damage":14.0,"enemies":"Giant Head","floor":44.0,"turns":6.0},{"damage":0.0,"enemies":"Jaw Worm Horde","floor":47.0,"turns":1.0},{"damage":58.0,"enemies":"Reptomancer","floor":48.0,"turns":4.0},{"damage":13,"enemies":"Awakened One","floor":50,"turns":7}],"seed_played":"6670826247882019619","potions_obtained":[{"floor":5.0,"key":"Block Potion"},{"floor":7.0,"key":"SteroidPotion"},{"floor":8.0,"key":"DuplicationPotion"},{"floor":13.0,"key":"SteroidPotion"},{"floor":16.0,"key":"Energy Potion"},{"floor":18.0,"key":"FireBladeMod:NapalmFlask"},{"floor":25.0,"key":"FearPotion"},{"floor":28.0,"key":"CultistPotion"},{"floor":29.0,"key":"EntropicBrew"},{"floor":33.0,"key":"LiquidMemories"},{"floor":48.0,"key":"LiquidMemories"}],"is_trial":false,"path_per_floor":["M","?","?","?","M","R","E","M","T","M","M","R","M","$","R","B",null,"M","?","$","?","M","E","?","E","T","R","M","E","M","$","R","B",null,"M","?","$","M","M","R","$","R","T","E","?","$","M","E","R","B",null],"character_chosen":"THE_FIREBLADE","items_purchased":["Membership Card","Omamori","Vajra","Bag of Marbles","OrangePellets","FireBladeMod:GetPumped","MealTicket","ClockworkSouvenir","FireBladeMod:FirePoi","Bandage Up+1","FossilizedHelix","FireBladeMod:HealthyEndurance+1","Happy Flower"],"campfire_rested":0,"item_purchase_floors":[14,14,20,31,31,31,37,37,37,37,41,41,46],"current_hp_per_floor":[63,68,61,61,61,61,47,47,47,49,48,48,48,48,48,39,66,67,51,51,51,44,16,41,33,33,33,17,24,33,33,33,35,67,72,72,72,69,78,78,79,79,79,73,63,78,80,48,48,97],"gold":46,"neow_bonus":"BOSS_RELIC","is_daily":false,"chose_seed":false,"campfire_upgraded":8,"win_rate":0.0,"timestamp":1609899081,"path_taken":["M","?","?","?","M","R","E","M","T","M","M","R","M","$","R","BOSS","M","?","$","?","M","E","?","E","T","R","M","E","M","$","R","BOSS","M","?","?","M","M","R","$","R","T","E","?","$","M","E","R","BOSS"],"items_purchased_type":["Relic","Relic","Relic","Relic","Relic","Card","Relic","Relic","Relic","Card","Relic","Card","Relic"],"build_version":"2020-12-22","purchased_purges":1,"victory":true,"max_hp_per_floor":[70,75,75,75,75,75,75,75,75,75,75,75,75,75,75,75,75,75,75,75,75,75,75,75,75,75,75,75,75,77,77,77,77,77,77,77,77,77,79,79,79,79,79,81,81,81,81,98,98,98],"card_choices":[{"not_picked":["FireBladeMod:ComplexDefense","FireBladeMod:BackhandSwing"],"picked":"FireBladeMod:SmokySwing","floor":1.0},{"not_picked":["FireBladeMod:StingingSlash","FireBladeMod:SpinningSmash","FireBladeMod:EruptionSlash"],"picked":"SKIP","floor":5.0},{"not_picked":["FireBladeMod:Tempo","FireBladeMod:Shove","FireBladeMod:DoubleDash"],"picked":"SKIP","floor":7.0},{"not_picked":["FireBladeMod:SpinningSmash","FireBladeMod:BackhandSwing"],"picked":"FireBladeMod:Accelerant","floor":8.0},{"not_picked":["FireBladeMod:FinishingBarrage","FireBladeMod:SmokeInTheEyes","FireBladeMod:ComplexDefense"],"picked":"SKIP","floor":10.0},{"not_picked":["FireBladeMod:Flames","FireBladeMod:StingingSlash"],"picked":"FireBladeMod:LearnTells","floor":11.0},{"not_picked":["FireBladeMod:FerventSlash","FireBladeMod:WellPrepared","FireBladeMod:ComboSlashes"],"picked":"SKIP","floor":13.0},{"not_picked":["FireBladeMod:FinalSmash","FireBladeMod:Improvise"],"picked":"FireBladeMod:RapidHits","floor":16.0},{"not_picked":["FireBladeMod:StingingSlash","FireBladeMod:ComplexAttack"],"picked":"FireBladeMod:SoulSword","floor":18.0},{"not_picked":["FireBladeMod:Tempo","FireBladeMod:Shove+1"],"picked":"FireBladeMod:Arson","floor":22.0},{"not_picked":["FireBladeMod:Blitzkreig","FireBladeMod:Flames+1"],"picked":"FireBladeMod:HealthyEndurance+1","floor":23.0},{"not_picked":["FireBladeMod:SmokySwing+1","FireBladeMod:SpinningSmash"],"picked":"FireBladeMod:Wildfire+1","floor":25.0},{"not_picked":["FireBladeMod:ScorchingStrike","FireBladeMod:StingingSlash+1"],"picked":"FireBladeMod:SteadyEndurance+1","floor":28.0},{"not_picked":["FireBladeMod:Accelerant+1","FireBladeMod:Speed"],"picked":"FireBladeMod:HealthyEndurance+1","floor":29.0},{"not_picked":["FireBladeMod:ComboCleave+1","FireBladeMod:ComplexAttack","FireBladeMod:PyromancerForm"],"picked":"Singing Bowl","floor":30.0},{"not_picked":["FireBladeMod:GlassGreatsword","FireBladeMod:BodyAsFuel+1"],"picked":"FireBladeMod:AfterBurn","floor":33.0},{"not_picked":["FireBladeMod:ComboSlashes+1","FireBladeMod:BackhandSwing+1"],"picked":"FireBladeMod:Robust+1","floor":35.0},{"not_picked":["FireBladeMod:DoubleDash+1","FireBladeMod:SmokySwing+1"],"picked":"FireBladeMod:SmashingEndurance+1","floor":38.0},{"not_picked":["FireBladeMod:SteadyEndurance+1","FireBladeMod:BackhandSwing","FireBladeMod:IronEndurance+1"],"picked":"Singing Bowl","floor":39.0},{"not_picked":["FireBladeMod:SteadyEndurance+1","FireBladeMod:Robust+1","FireBladeMod:Flames+1"],"picked":"Singing Bowl","floor":44.0},{"not_picked":["FireBladeMod:ScorchingStrike+1","FireBladeMod:OverCharge+1"],"picked":"FireBladeMod:Speed+1","floor":47.0},{"not_picked":["FireBladeMod:BasicSmash","FireBladeMod:Shove"],"picked":"FireBladeMod:AfterBurn","floor":48.0}],"player_experience":1863529,"relics_obtained":[{"floor":7.0,"key":"Incense Burner"},{"floor":9.0,"key":"Blood Vial"},{"floor":9.0,"key":"Bronze Scales"},{"floor":19.0,"key":"Necronomicon"},{"floor":23.0,"key":"StrikeDummy"},{"floor":23.0,"key":"Toxic Egg 2"},{"floor":25.0,"key":"Centennial Puzzle"},{"floor":25.0,"key":"InkBottle"},{"floor":26.0,"key":"FireBladeMod:BronzeKnuckles"},{"floor":26.0,"key":"Juzu Bracelet"},{"floor":29.0,"key":"Dream Catcher"},{"floor":29.0,"key":"Singing Bowl"},{"floor":43.0,"key":"Akabeko"},{"floor":44.0,"key":"Toy Ornithopter"},{"floor":44.0,"key":"Ancient Tea Set"},{"floor":48.0,"key":"Pear"},{"floor":48.0,"key":"Strawberry"}],"event_choices":[{"damage_healed":0.0,"max_hp_gain":5.0,"max_hp_loss":0.0,"gold_gain":0.0,"event_name":"Big Fish","player_choice":"Donut","floor":2.0,"gold_loss":0.0,"damage_taken":0.0},{"damage_healed":0.0,"max_hp_gain":0.0,"max_hp_loss":0.0,"gold_gain":0.0,"event_name":"Scrap Ooze","player_choice":"Success","floor":3.0,"gold_loss":0.0,"damage_taken":7.0,"relics_obtained":["Matryoshka"]},{"damage_healed":0.0,"max_hp_gain":0.0,"max_hp_loss":0.0,"gold_gain":63.0,"event_name":"Golden Wing","player_choice":"Gained Gold","floor":4.0,"gold_loss":0.0,"damage_taken":0.0},{"damage_healed":0.0,"max_hp_gain":0.0,"max_hp_loss":0.0,"gold_gain":0.0,"event_name":"Cursed Tome","player_choice":"Obtained Book","floor":19.0,"gold_loss":0.0,"damage_taken":16.0},{"damage_healed":0.0,"max_hp_gain":0.0,"max_hp_loss":0.0,"gold_gain":99.0,"event_name":"Nest","player_choice":"Stole From Cult","floor":21.0,"gold_loss":0.0,"damage_taken":0.0},{"damage_healed":25.0,"max_hp_gain":0.0,"max_hp_loss":0.0,"gold_gain":0.0,"event_name":"The Library","player_choice":"Heal","floor":24.0,"gold_loss":0.0,"damage_taken":0.0},{"damage_healed":0.0,"max_hp_gain":0.0,"max_hp_loss":0.0,"gold_gain":300.0,"event_name":"Wheel of Change","player_choice":"Gold","floor":36.0,"gold_loss":0.0,"damage_taken":0.0},{"damage_healed":0.0,"max_hp_gain":0.0,"max_hp_loss":0.0,"gold_gain":0.0,"event_name":"Winding Halls","player_choice":"Embrace Madness","floor":45.0,"gold_loss":0.0,"damage_taken":10.0,"cards_obtained":["Madness","Madness"]}],"is_beta":false,"boss_relics":[{"not_picked":["Velvet Choker","Fusion Hammer"],"picked":"Black Star"},{"not_picked":["Pandora\u0027s Box","Tiny House"],"picked":"FireBladeMod:TigerClaw"}],"items_purged_floors":[37],"is_endless":false,"potions_floor_spawned":[5,7,8,13,16,18,25,28,29,33,39,44,48],"ascension_level":6}}