{"host":"fuszjwm6fqgjjp4d","time":1609919464,"event":{"mods":["BaseMod","Bestiary","Colored Map","DeckTracker","Minty Spire (QoL Compilation)","Permanent Neow","Relic Sorter","Relic Stats","StSLib"],"gold_per_floor":[110,110,126,146,71,71,97,112,136,95,115,190,190,248,248,322,322,333,350,87,102,152,152,169,169,169],"floor_reached":25,"playtime":793,"items_purged":["Strike_G","Strike_G"],"score":506,"play_id":"19a5bc63-1906-4e29-8766-9f62d70877ea","local_time":"20210106015104","is_ascension_mode":true,"campfire_choices":[{"data":"Deadly Poison","floor":6.0,"key":"SMITH"},{"data":"Footwork","floor":13.0,"key":"SMITH"},{"data":"Footwork","floor":15.0,"key":"SMITH"},{"data":"Crippling Poison","floor":23,"key":"SMITH"}],"circlet_count":0,"master_deck":["AscendersBane","Strike_G","Strike_G","Strike_G","Defend_G+1","Defend_G","Defend_G","Defend_G+1","Defend_G","Survivor","Neutralize","Deadly Poison+1","PiercingWail","Crippling Poison","Footwork+1","Sucker Punch","Crippling Poison+1","Footwork+1","Leg Sweep","Corpse Explosion","Dagger Spray","Crippling Poison+1","Flying Knee"],"relics":["Velvet Choker","MealTicket","War Paint","Oddly Smooth Stone","Sozu","Lantern"],"acts_visited":["Exordium","TheCity"],"potions_floor_usage":[24],"damage_taken":[{"damage":1.0,"enemies":"Cultist","floor":1.0,"turns":4.0},{"damage":3.0,"enemies":"2 Louse","floor":3.0,"turns":3.0},{"damage":6.0,"enemies":"Small Slimes","floor":4.0,"turns":3.0},{"damage":11.0,"enemies":"3 Sentries","floor":7.0,"turns":9.0},{"damage":0.0,"enemies":"2 Fungi Beasts","floor":8.0,"turns":5.0},{"damage":0.0,"enemies":"Red Slaver","floor":11.0,"turns":5.0},{"damage":30.0,"enemies":"Gremlin Nob","floor":14.0,"turns":5.0},{"damage":0.0,"enemies":"The Guardian","floor":16.0,"turns":10.0},{"damage":30.0,"enemies":"2 Thieves","floor":18.0,"turns":4.0},{"damage":0,"enemies":"3 Byrds","floor":19,"turns":3},{"damage":15,"enemies":"Shelled Parasite and Fungi","floor":21,"turns":6},{"damage":3,"enemies":"Centurion and Healer","floor":24,"turns":3},{"damage":21,"enemies":"Snake Plant","floor":25,"turns":3}],"seed_played":"-1570180720029892856","potions_obtained":[{"floor":3.0,"key":"Energy Potion"},{"floor":4.0,"key":"AttackPotion"},{"floor":14.0,"key":"DuplicationPotion"},{"floor":16.0,"key":"DuplicationPotion"}],"is_trial":false,"path_per_floor":["M","?","M","M","$","R","E","M","T","$","M","?","R","?","R","B",null,"M","M","$","M","?","R","M","M"],"character_chosen":"THE_SILENT","items_purchased":["Crippling Poison","Lantern"],"campfire_rested":0,"item_purchase_floors":[10,20],"current_hp_per_floor":[58,58,55,49,49,49,38,38,38,53,53,42,42,12,12,12,53,23,23,38,23,23,23,20,0,0],"gold":169,"neow_bonus":"BOSS_RELIC","is_daily":false,"chose_seed":false,"campfire_upgraded":4,"win_rate":0.0,"timestamp":1609919464,"path_taken":["M","?","M","M","$","R","E","M","T","?","M","?","R","?","R","BOSS","M","M","$","M","?","R","M","?"],"items_purchased_type":["Card","Relic"],"build_version":"2020-12-22","purchased_purges":2,"victory":false,"max_hp_per_floor":[66,66,66,66,66,66,66,66,66,66,66,66,66,66,66,66,66,66,66,66,66,66,66,66,66,66],"relic_stats":{"Sozu":1,"counters":[13,63],"MealTicket":30,"War Paint":["Defend_G","Defend_G"],"obtain_stats":[{"Sozu":17,"Lantern":20,"Velvet Choker":0,"Oddly Smooth Stone":14,"MealTicket":7,"War Paint":9,"Ring of the Snake":0},{"Sozu":8,"Lantern":10,"Velvet Choker":0,"Oddly Smooth Stone":7,"MealTicket":4,"War Paint":5,"Ring of the Snake":0},{"Sozu":44,"Lantern":51,"Velvet Choker":0,"Oddly Smooth Stone":34,"MealTicket":19,"War Paint":24,"Ring of the Snake":0}]},"card_choices":[{"not_picked":["Acrobatics","Leg Sweep"],"picked":"Deadly Poison","floor":1.0},{"not_picked":["Deflect","Accuracy"],"picked":"PiercingWail","floor":3.0},{"not_picked":["Endless Agony","PiercingWail"],"picked":"Crippling Poison","floor":4.0},{"not_picked":["Deadly Poison","Cloak And Dagger"],"picked":"Footwork","floor":7.0},{"not_picked":["Deflect","Prepared"],"picked":"Sucker Punch","floor":8.0},{"not_picked":["Dash","Quick Slash"],"picked":"Footwork","floor":11.0},{"not_picked":["Tactician","Bane"],"picked":"Leg Sweep","floor":14.0},{"not_picked":["A Thousand Cuts","Doppelganger"],"picked":"Corpse Explosion","floor":16.0},{"not_picked":["Calculated Gamble","Dagger Throw"],"picked":"Dagger Spray","floor":18},{"not_picked":["Infinite Blades","Blade Dance","Finisher+1"],"picked":"SKIP","floor":19},{"not_picked":["Backstab","Riddle With Holes"],"picked":"Crippling Poison+1","floor":21},{"not_picked":["Calculated Gamble","Dodge and Roll"],"picked":"Flying Knee","floor":24}],"player_experience":1242959,"relics_obtained":[{"floor":7.0,"key":"MealTicket"},{"floor":9.0,"key":"War Paint"},{"floor":14.0,"key":"Oddly Smooth Stone"}],"event_choices":[{"damage_healed":0.0,"max_hp_gain":0.0,"max_hp_loss":0.0,"gold_gain":0.0,"event_name":"Match and Keep!","player_choice":"0 cards matched","floor":2.0,"gold_loss":0.0,"damage_taken":0.0,"cards_obtained":[]},{"damage_healed":0.0,"max_hp_gain":0.0,"max_hp_loss":0.0,"gold_gain":75.0,"event_name":"World of Goop","player_choice":"Gather Gold","floor":12.0,"gold_loss":0.0,"damage_taken":11.0},{"damage_healed":0.0,"max_hp_gain":0.0,"max_hp_loss":0.0,"gold_gain":0.0,"event_name":"Dead Adventurer","player_choice":"Searched \u00272\u0027 times","floor":14.0,"gold_loss":0.0,"damage_taken":0.0},{"damage_healed":0,"gold_gain":50,"player_choice":"Pray","damage_taken":0,"max_hp_gain":0,"max_hp_loss":0,"event_name":"Golden Shrine","floor":22,"gold_loss":0}],"is_beta":false,"boss_relics":[{"not_picked":["Tiny House","Pandora\u0027s Box"],"picked":"Sozu"}],"items_purged_floors":[5,20],"is_endless":false,"potions_floor_spawned":[3,4,14,16,18],"killed_by":"Snake Plant","ascension_level":20}}