{"host":"s41rn2jhghpwfrvz","time":1609897507,"event":{"mods":["BaseMod","Minty Spire (QoL Compilation)","Quick Restart","Relic Stats","SuperFastMode"],"gold_per_floor":[116,131,150,164,164,198,198,215,268,268,295,295,315,75,75,153,153,172,189,219,144,160,160,192,192,192,225,253,353,366,366,366,439,439,452,471,482,493,493,493,520,349,349,361,373,420,432,472,484,496,508,520,532,15,45,45],"floor_reached":57,"playtime":1597,"items_purged":["Deflect"],"score":3816,"play_id":"68fce4af-a4ef-4665-987c-28b491720c6f","local_time":"20210106034507","daily_mods":["SealedDeck","Diverse","DeadlyEvents"],"is_ascension_mode":true,"campfire_choices":[{"data":"TalkToTheHand","floor":7,"key":"SMITH"},{"data":"Prostrate","floor":10,"key":"SMITH"},{"data":"Barricade","floor":12,"key":"SMITH"},{"data":"Genetic Algorithm","floor":15,"key":"SMITH"},{"data":"Skim","floor":23,"key":"SMITH"},{"data":"Offering","floor":25,"key":"SMITH"},{"data":"Prepared","floor":32,"key":"SMITH"},{"floor":40,"key":"RECALL"},{"data":"Grand Finale","floor":45,"key":"SMITH"},{"data":"Blade Dance","floor":47,"key":"SMITH"},{"data":"Shrug It Off","floor":49,"key":"SMITH"},{"data":"Evolve","floor":53,"key":"SMITH"}],"circlet_count":0,"master_deck":["AscendersBane","Blade Dance+1","Shrug It Off+1","Prostrate+1","Evolve+1","TalkToTheHand+1","Genetic Algorithm+1","Skim+1","Barricade+1","Grand Finale+1","Prepared+1","Offering+1"],"relics":["Burning Blood","Lizard Tail","Blue Candle","OrangePellets","Empty Cage","Red Mask","Bag of Marbles","Regal Pillow","Nunchaku","Tiny Chest","Mango","Kunai","Calling Bell","Centennial Puzzle","StrikeDummy","TungstenRod","Shuriken","Omamori","ClockworkSouvenir","MawBank","Happy Flower","The Courier","Frozen Eye","Letter Opener","HornCleat","Pear"],"acts_visited":["Exordium","TheCity","TheBeyond","TheEnding"],"potions_floor_usage":[6,29,56,56],"damage_taken":[{"damage":0,"enemies":"Cultist","floor":1,"turns":3},{"damage":0,"enemies":"Small Slimes","floor":2,"turns":3},{"damage":0,"enemies":"Jaw Worm","floor":3,"turns":3},{"damage":0,"enemies":"3 Louse","floor":4,"turns":3},{"damage":48,"enemies":"Gremlin Nob","floor":6,"turns":5},{"damage":21,"enemies":"Gremlin Gang","floor":8,"turns":5},{"damage":0,"enemies":"Lagavulin","floor":11,"turns":4},{"damage":12,"enemies":"Red Slaver","floor":13,"turns":4},{"damage":0,"enemies":"Hexaghost","floor":16,"turns":5},{"damage":2,"enemies":"2 Thieves","floor":18,"turns":2},{"damage":4,"enemies":"3 Byrds","floor":19,"turns":3},{"damage":0,"enemies":"Masked Bandits","floor":20,"turns":2},{"damage":0,"enemies":"Shelled Parasite and Fungi","floor":22,"turns":2},{"damage":14,"enemies":"Book of Stabbing","floor":24,"turns":3},{"damage":6,"enemies":"Gremlin Leader","floor":27,"turns":2},{"damage":6,"enemies":"Book of Stabbing","floor":28,"turns":3},{"damage":10,"enemies":"Colosseum Slavers","floor":29,"turns":2},{"damage":6,"enemies":"Colosseum Nobs","floor":29,"turns":1},{"damage":6,"enemies":"Centurion and Healer","floor":30,"turns":3},{"damage":6,"enemies":"Automaton","floor":33,"turns":3},{"damage":5,"enemies":"Orb Walker","floor":35,"turns":1},{"damage":5,"enemies":"3 Darklings","floor":36,"turns":1},{"damage":5,"enemies":"Spire Growth","floor":37,"turns":1},{"damage":5,"enemies":"Transient","floor":38,"turns":3},{"damage":5,"enemies":"Reptomancer","floor":41,"turns":2},{"damage":5,"enemies":"Nemesis","floor":46,"turns":1},{"damage":5,"enemies":"Giant Head","floor":48,"turns":2},{"damage":5,"enemies":"Awakened One","floor":50,"turns":3},{"damage":5,"enemies":"Time Eater","floor":51,"turns":2},{"damage":5,"enemies":"Shield and Spear","floor":55,"turns":2},{"damage":5,"enemies":"The Heart","floor":56,"turns":5}],"seed_played":"8673456293795659642","potions_obtained":[{"floor":1,"key":"Swift Potion"},{"floor":3,"key":"EntropicBrew"},{"floor":5,"key":"Dexterity Potion"},{"floor":18,"key":"Strength Potion"},{"floor":27,"key":"BloodPotion"},{"floor":29,"key":"Strength Potion"},{"floor":36,"key":"Dexterity Potion"}],"is_trial":true,"path_per_floor":["M","M","M","M","?","E","R","M","T","R","E","R","M","$","R","B",null,"M","M","?","?","M","R","E","R","T","E","E","?","M","$","R","B",null,"M","M","M","M","T","R","E","$","T","?","R","E","R","E","R","B","B",null,"R","$","E","B",null],"character_chosen":"IRONCLAD","items_purchased":["OrangePellets","ClockworkSouvenir","Frozen Eye","Letter Opener","HornCleat"],"campfire_rested":0,"item_purchase_floors":[14,42,54,54,54],"current_hp_per_floor":[74,75,75,75,75,33,33,18,18,18,24,24,18,18,18,24,62,66,68,74,74,75,75,67,67,67,67,67,89,89,89,89,89,89,89,89,89,89,89,89,89,89,89,89,89,89,89,89,89,89,89,89,89,89,99,99],"gold":45,"neow_bonus":"","is_daily":false,"chose_seed":false,"campfire_upgraded":11,"win_rate":0.0,"timestamp":1609897507,"path_taken":["M","?","?","M","?","E","R","M","T","R","?","R","M","$","R","BOSS","M","M","?","?","M","R","E","R","T","E","?","?","?","$","R","BOSS","M","M","?","M","?","R","E","$","T","?","R","?","R","E","R","BOSS","BOSS","R","$","E","BOSS"],"items_purchased_type":["Relic","Relic","Relic","Relic","Relic"],"build_version":"2020-12-22","purchased_purges":1,"victory":true,"max_hp_per_floor":[75,75,75,75,75,75,75,75,75,75,75,75,75,75,75,75,75,75,75,75,75,75,75,75,75,75,75,75,89,89,89,89,89,89,89,89,89,89,89,89,89,89,89,89,89,89,89,89,89,89,89,89,89,89,99,99],"relic_stats":{"Regal Pillow":0,"Happy Flower":[4],"counters":[31,84],"Blue Candle":[0],"Letter Opener":[47],"MawBank":132,"Burning Blood":153,"OrangePellets":[0],"Lizard Tail":0,"Nunchaku":[12],"Centennial Puzzle":[33],"Shuriken":[23],"Tiny Chest":1,"Kunai":[31],"obtain_stats":[{"Regal Pillow":26,"Mango":29,"Empty Cage":17,"Burning Blood":0,"ClockworkSouvenir":42,"Frozen Eye":54,"Lizard Tail":6,"Nunchaku":27,"Centennial Puzzle":34,"HornCleat":54,"Tiny Chest":28,"Red Mask":20,"Kunai":29,"Pear":55,"Happy Flower":46,"Blue Candle":11,"The Courier":48,"Omamori":41,"Letter Opener":54,"MawBank":43,"Calling Bell":34,"OrangePellets":14,"Shuriken":39,"Bag of Marbles":24,"StrikeDummy":34,"TungstenRod":34},{"Regal Pillow":14,"Mango":18,"Empty Cage":9,"Burning Blood":0,"ClockworkSouvenir":25,"Frozen Eye":29,"Lizard Tail":5,"Nunchaku":15,"Centennial Puzzle":20,"HornCleat":29,"Tiny Chest":16,"Red Mask":12,"Kunai":18,"Pear":30,"Happy Flower":26,"Blue Candle":7,"The Courier":27,"Omamori":25,"Letter Opener":29,"MawBank":25,"Calling Bell":20,"OrangePellets":8,"Shuriken":24,"Bag of Marbles":14,"StrikeDummy":20,"TungstenRod":20},{"Regal Pillow":47,"Mango":55,"Empty Cage":35,"Burning Blood":0,"ClockworkSouvenir":69,"Frozen Eye":77,"Lizard Tail":17,"Nunchaku":49,"Centennial Puzzle":61,"HornCleat":77,"Tiny Chest":52,"Red Mask":42,"Kunai":55,"Pear":79,"Happy Flower":70,"Blue Candle":26,"The Courier":72,"Omamori":69,"Letter Opener":77,"MawBank":69,"Calling Bell":61,"OrangePellets":30,"Shuriken":67,"Bag of Marbles":47,"StrikeDummy":61,"TungstenRod":61}],"TungstenRod":11},"card_choices":[{"not_picked":["Indignation","Flame Barrier","Cleave"],"picked":"SKIP","floor":1},{"not_picked":["JustLucky","Reflex","Reckless Charge"],"picked":"SKIP","floor":2},{"not_picked":["FlurryOfBlows","Havoc","EmptyBody"],"picked":"SKIP","floor":3},{"not_picked":["All For One","Glacier"],"picked":"Skim","floor":4},{"not_picked":["Prepared","Blade Dance","Limit Break"],"picked":"SKIP","floor":6},{"not_picked":["Prostrate","Ghostly Armor","Consecrate"],"picked":"SKIP","floor":8},{"not_picked":["Wallop","Cleave"],"picked":"Barricade","floor":11},{"not_picked":["True Grit","Deflect","JustLucky"],"picked":"SKIP","floor":13},{"not_picked":["Exhume","Blasphemy"],"picked":"Grand Finale","floor":16},{"not_picked":["Auto Shields","Catalyst","Chill"],"picked":"SKIP","floor":18},{"not_picked":["Rage","Shockwave","Poisoned Stab"],"picked":"SKIP","floor":19},{"not_picked":["Havoc","Evolve"],"picked":"Prepared","floor":22},{"not_picked":["ReachHeaven","Meteor Strike"],"picked":"Offering","floor":24},{"not_picked":["Heavy Blade","Hello World","SashWhip"],"picked":"SKIP","floor":27},{"not_picked":["FearNoEvil","Inflame","Heatsinks"],"picked":"SKIP","floor":28},{"not_picked":["Finisher+1","Bane","Escape Plan"],"picked":"SKIP","floor":30},{"not_picked":["Battle Trance+1","Evaluate+1","Sword Boomerang+1"],"picked":"SKIP","floor":35},{"not_picked":["Inflame","Predator","Pray"],"picked":"SKIP","floor":36},{"not_picked":["Evaluate","Double Energy","Anger"],"picked":"SKIP","floor":37},{"not_picked":["WindmillStrike","Sunder","Steam"],"picked":"SKIP","floor":38},{"not_picked":["Leg Sweep","Melter","Rip and Tear"],"picked":"SKIP","floor":41},{"not_picked":["Outmaneuver","Lockon+1","Reflex"],"picked":"SKIP","floor":46},{"not_picked":["Leap","Conserve Battery+1","Aggregate"],"picked":"SKIP","floor":48},{"not_picked":["WaveOfTheHand","Flechettes","Evaluate+1"],"picked":"SKIP","floor":55}],"player_experience":1654380,"relics_obtained":[{"floor":6,"key":"Lizard Tail"},{"floor":11,"key":"Blue Candle"},{"floor":20,"key":"Red Mask"},{"floor":24,"key":"Bag of Marbles"},{"floor":26,"key":"Regal Pillow"},{"floor":27,"key":"Nunchaku"},{"floor":28,"key":"Tiny Chest"},{"floor":29,"key":"Mango"},{"floor":29,"key":"Kunai"},{"floor":34,"key":"Centennial Puzzle"},{"floor":34,"key":"StrikeDummy"},{"floor":34,"key":"TungstenRod"},{"floor":39,"key":"Shuriken"},{"floor":41,"key":"Omamori"},{"floor":43,"key":"MawBank"},{"floor":46,"key":"Happy Flower"},{"floor":48,"key":"The Courier"},{"floor":55,"key":"Pear"}],"event_choices":[{"damage_healed":0,"gold_gain":0,"player_choice":"Got Potions","damage_taken":0,"max_hp_gain":0,"max_hp_loss":0,"event_name":"Lab","floor":5,"gold_loss":0},{"damage_healed":0,"gold_gain":0,"player_choice":"Fought Bandits","damage_taken":0,"max_hp_gain":0,"max_hp_loss":0,"event_name":"Masked Bandits","floor":20,"gold_loss":0},{"cards_removed":["Inflame"],"damage_healed":0,"gold_gain":0,"player_choice":"Gave Gold","damage_taken":0,"max_hp_gain":0,"max_hp_loss":0,"event_name":"Beggar","floor":21,"gold_loss":75},{"damage_healed":0,"gold_gain":0,"player_choice":"Fight","damage_taken":0,"max_hp_gain":0,"max_hp_loss":0,"event_name":"Colosseum","floor":29,"gold_loss":0},{"damage_healed":0,"gold_gain":0,"player_choice":"Fought Nobs","damage_taken":0,"max_hp_gain":0,"max_hp_loss":0,"event_name":"Colosseum","floor":29,"gold_loss":0},{"damage_healed":0,"gold_gain":0,"player_choice":"Ignored","damage_taken":0,"max_hp_gain":0,"max_hp_loss":0,"event_name":"Tomb of Lord Red Mask","floor":44,"gold_loss":0}],"is_beta":false,"boss_relics":[{"not_picked":["Cursed Key","Tiny House"],"picked":"Empty Cage"},{"not_picked":["Velvet Choker","Runic Cube"],"picked":"Calling Bell"}],"items_purged_floors":[14],"is_endless":false,"potions_floor_spawned":[1,3,4,18,27,29,33,36,38],"ascension_level":20}}