{"host":"bxdue9bkfm2khp2x","time":1609946240,"event":{"mods":["ATMod(阿瑾Mod)","Arknights The Spire","Aspiration","BaseMod","Better Vampires","Challenge The Spire","Colored Powertips","Conspire","Decade(王小明)","Dota2Spire","Highlight Path","Marisa（F雨　魔理沙）","Minty Spire (QoL Compilation)","MostiFishMod","Remilia（蕾米莉亚）","Replay The Spire","RumiaBox-露米娅的神秘盒子","Spicy Shops","StSLib","Td1madao Mod","The Alterego","The Cursed","The Servant 0.9.4","WarShipGirlsR/战舰少女R mod","Youmu（魂魄妖梦）","noobMod","vexMod","【功能Mod】混沌之环修复补丁","【遗物卡牌】REMEMod","篝火指南"],"gold_per_floor":[362,373,136,147,147,174,174,202,228,241,141,141,154,154,154,154,154],"floor_reached":16,"playtime":830,"items_purged":["Strike_RM","Strike_RM"],"score":220,"play_id":"ac98185b-4cbe-4512-aaf1-6cc94969071e","local_time":"20210106231720","is_ascension_mode":true,"campfire_choices":[{"data":"EternalNight","floor":7,"key":"SMITH"},{"data":"LeisurelyOfLord","floor":12,"key":"SMITH"},{"data":"NightDance","floor":15,"key":"SMITH"}],"circlet_count":0,"master_deck":["AscendersBane","Strike_RM","Strike_RM","Defend_RM","Defend_RM","Defend_RM","Defend_RM","RedMoon","ScarletShoot","MostiFishMod:Unraveling","LeisurelyOfLord+1","EternalNight+1","VampireKiss","EquivalentExchange","NightDance+1"],"relics":["ScarletHat","DaveBox","REME_ComplimentaryCards","ice","AT_ATBox","ThornShield","SynthV:TestCard","Dota2Spire:EchoSabre","AT_SunfireAegis","Replay:Towering Pillar of Hats","Art of War"],"acts_visited":["Exordium"],"potions_floor_usage":[6,8],"damage_taken":[{"damage":0.0,"enemies":"Small Slimes","floor":1.0,"turns":3.0},{"damage":3.0,"enemies":"Cultist","floor":2.0,"turns":4.0},{"damage":0.0,"enemies":"Jaw Worm","floor":4.0,"turns":3.0},{"damage":57,"enemies":"Lagavulin","floor":6,"turns":15},{"damage":6,"enemies":"3 Sentries","floor":8,"turns":5},{"damage":1,"enemies":"Blue Slaver","floor":10,"turns":4},{"damage":0,"enemies":"Exordium Thugs","floor":13,"turns":3},{"damage":0,"enemies":"Fading Forest","floor":16,"turns":1}],"seed_played":"-4604750474038647846","potions_obtained":[{"floor":2.0,"key":"Weak Potion"},{"floor":4.0,"key":"Elixir"},{"floor":6,"key":"Fire Potion"}],"is_trial":false,"path_per_floor":["M","M","$","M","?","E","R","E","T","M","$","R","M","?","R","B"],"character_chosen":"REMILIA","items_purchased":["Dota2Spire:EchoSabre"],"campfire_rested":0,"item_purchase_floors":[3],"current_hp_per_floor":[63,60,60,60,60,9,9,7,7,8,8,8,8,13,13,13,13],"gold":154,"neow_bonus":"TWO_FIFTY_GOLD","is_daily":false,"chose_seed":false,"campfire_upgraded":3,"win_rate":0.0,"timestamp":1609946240,"path_taken":["M","M","$","M","?","E","R","E","T","?","$","R","M","?","R","BOSS"],"items_purchased_type":["Relic"],"build_version":"2020-12-22","purchased_purges":2,"victory":false,"max_hp_per_floor":[63,63,63,63,63,63,63,63,63,63,63,63,63,68,68,68,68],"card_choices":[{"not_picked":["CharismaGuard","UltimateOffering"],"picked":"LeisurelyOfLord","floor":1.0},{"not_picked":["StarOfDavid","Ultimatum","BloodyMagicSquare","VampireSweep"],"picked":"EternalNight","floor":2.0},{"not_picked":["BloodyTrap","CharismaGuard","ScarletDevilSign","StarOfDavid"],"picked":"VampireKiss","floor":4.0},{"not_picked":["EternalNight","Septette","DevilSight","RedMagic","MastersStateliness"],"picked":"SKIP","floor":6},{"not_picked":["HunterOfTheNight","UnderTheZenith","MiserableFate","Stigmanizer"],"picked":"NightDance","floor":8},{"not_picked":["StarOfDavid","VampirishNight","EndlessAdversity","BloodAndWine","BombardNight"],"picked":"SKIP","floor":10},{"not_picked":["LeisurelyOfLord","Stigmanizer","VampireKiss","BombardNight","BloodyHallows"],"picked":"SKIP","floor":13}],"player_experience":1463715,"relics_obtained":[{"floor":1.0,"key":"SynthV:TestCard"},{"floor":6,"key":"AT_SunfireAegis"},{"floor":8,"key":"Replay:Towering Pillar of Hats"},{"floor":9,"key":"Art of War"}],"event_choices":[{"damage_healed":0,"gold_gain":0,"player_choice":"1 cards matched","damage_taken":0,"max_hp_gain":0,"max_hp_loss":0,"event_name":"Match and Keep!","floor":5,"gold_loss":0,"cards_obtained":["EquivalentExchange"]},{"damage_healed":0,"gold_gain":0,"player_choice":"Donut","damage_taken":0,"max_hp_gain":5,"max_hp_loss":0,"event_name":"Big Fish","floor":14,"gold_loss":0}],"is_beta":false,"boss_relics":[],"items_purged_floors":[3,11],"is_endless":false,"potions_floor_spawned":[2,4,6],"killed_by":"Fading Forest","ascension_level":20}}