{"host":"poshtwjux72eqzmy","time":1609976529,"event":{"mods":["BaseMod","Bestiary","Block Reminder","Colored Powertips","Highlight Path","Minty Spire (QoL Compilation)","Quick Restart","Relic Stats","ojb\u0027s Info Mod"],"gold_per_floor":[117,117,130,142,142,142,156,188,200,212,224,254,283,326,338,350,350],"floor_reached":16,"playtime":914,"items_purged":[],"score":224,"play_id":"9091c64d-8f8f-4499-86ba-e65db3e6fa14","local_time":"20210107014209","is_ascension_mode":true,"campfire_choices":[{"data":"Ball Lightning","floor":6,"key":"SMITH"},{"floor":10,"key":"REST"},{"data":"Darkness","floor":15,"key":"SMITH"}],"circlet_count":0,"master_deck":["AscendersBane","Strike_B","Strike_B","Strike_B","Strike_B","Defend_B","Defend_B","Defend_B","Zap","Dualcast","Cold Snap","Coolheaded","Ball Lightning+1","Chill","Leap","Defragment","Darkness+1","Streamline+1"],"relics":["Sozu","MawBank","Molten Egg 2","Blue Candle"],"acts_visited":["Exordium"],"potions_floor_usage":[],"damage_taken":[{"damage":2,"enemies":"Cultist","floor":1,"turns":4},{"damage":0,"enemies":"Small Slimes","floor":3,"turns":4},{"damage":0,"enemies":"2 Louse","floor":4,"turns":4},{"damage":36,"enemies":"Gremlin Gang","floor":7,"turns":5},{"damage":30,"enemies":"Gremlin Nob","floor":8,"turns":4},{"damage":11,"enemies":"Lots of Slimes","floor":12,"turns":4},{"damage":28,"enemies":"Exordium Thugs","floor":13,"turns":5},{"damage":1,"enemies":"Lagavulin","floor":14,"turns":8},{"damage":13,"enemies":"The Guardian","floor":16,"turns":2}],"seed_played":"8553622614017971720","potions_obtained":[],"is_trial":false,"path_per_floor":["M","?","M","M","?","R","M","E","T","R","?","M","M","E","R","B"],"character_chosen":"DEFECT","items_purchased":[],"campfire_rested":1,"item_purchase_floors":[],"current_hp_per_floor":[62,67,67,67,67,67,31,1,1,23,23,12,1,1,1,0,0],"gold":350,"neow_bonus":"BOSS_RELIC","is_daily":false,"chose_seed":false,"campfire_upgraded":2,"win_rate":0.0,"timestamp":1609976529,"path_taken":["M","?","M","M","?","R","M","E","T","R","?","M","?","E","R","BOSS"],"items_purchased_type":[],"build_version":"2020-12-22","purchased_purges":0,"victory":false,"max_hp_per_floor":[71,76,76,76,76,76,76,76,76,76,76,76,76,76,76,76,76],"relic_stats":{"Sozu":3,"counters":[9,40],"Blue Candle":[0],"MawBank":96,"obtain_stats":[{"Sozu":0,"Blue Candle":14,"Molten Egg 2":9,"Cracked Core":0,"MawBank":8},{"Sozu":0,"Blue Candle":8,"Molten Egg 2":5,"Cracked Core":0,"MawBank":5},{"Sozu":0,"Blue Candle":38,"Molten Egg 2":21,"Cracked Core":0,"MawBank":21}]},"card_choices":[{"not_picked":["Force Field","Auto Shields"],"picked":"Cold Snap","floor":1},{"not_picked":["Stack","Hologram"],"picked":"Coolheaded","floor":3},{"not_picked":["Multi-Cast","Compile Driver"],"picked":"Ball Lightning","floor":4},{"not_picked":["Redo","BootSequence"],"picked":"Chill","floor":7},{"not_picked":["Chaos","Gash"],"picked":"Leap","floor":8},{"not_picked":["Coolheaded","Scrape+1"],"picked":"Defragment","floor":12},{"not_picked":["Static Discharge","Loop"],"picked":"Darkness","floor":13},{"not_picked":["Compile Driver+1","Seek"],"picked":"Streamline+1","floor":14}],"player_experience":1037946,"relics_obtained":[{"floor":8,"key":"MawBank"},{"floor":9,"key":"Molten Egg 2"},{"floor":14,"key":"Blue Candle"}],"event_choices":[{"damage_healed":0,"gold_gain":0,"player_choice":"Donut","damage_taken":0,"max_hp_gain":5,"max_hp_loss":0,"event_name":"Big Fish","floor":2,"gold_loss":0},{"damage_healed":0,"gold_gain":0,"player_choice":"Ignored","damage_taken":0,"max_hp_gain":0,"max_hp_loss":0,"event_name":"Liars Game","floor":5,"gold_loss":0},{"cards_removed":["Defend_B"],"damage_healed":0,"gold_gain":0,"player_choice":"Purged","damage_taken":0,"max_hp_gain":0,"max_hp_loss":0,"event_name":"Purifier","floor":11,"gold_loss":0}],"is_beta":false,"boss_relics":[],"items_purged_floors":[],"is_endless":false,"potions_floor_spawned":[3,4,12],"killed_by":"The Guardian","ascension_level":20}}