{"host":"5ezk7t18wcb10u1o","time":1609910786,"event":{"mods":["BaseMod","Bestiary","Colored Powertips","Minty Spire (QoL Compilation)","Relic Sorter"],"gold_per_floor":[109,259,259,184,184,184,195,195,195,195,223,188,199,19,19,93,93,106,106,106,122,37,37,51,51,51,51,51],"floor_reached":27,"playtime":820,"items_purged":["Doubt"],"score":435,"play_id":"9f539748-e781-4797-976a-022abbbe0a4f","local_time":"20210106052626","is_ascension_mode":true,"campfire_choices":[{"data":"Defend_B","floor":6.0,"key":"SMITH"},{"floor":10.0,"key":"DIG"},{"floor":15.0,"key":"DIG"},{"floor":23.0,"key":"DIG"}],"circlet_count":0,"master_deck":["AscendersBane","Strike_B+1","Strike_B","Strike_B","Strike_B","Defend_B+1","Defend_B","Defend_B","Defend_B+1","Zap+1","Dualcast","Sweeping Beam","Hologram","Fusion+1","Beam Cell","The Bomb+1","Multi-Cast+1","Coolheaded+1","Steam+1","Steam+1"],"relics":["Cracked Core","Toxic Egg 2","Shovel","Lizard Tail","Centennial Puzzle","Letter Opener","SlaversCollar","MutagenicStrength","Unceasing Top","PreservedInsect","Matryoshka"],"acts_visited":["Exordium","TheCity"],"potions_floor_usage":[],"damage_taken":[{"damage":2.0,"enemies":"Jaw Worm","floor":1.0,"turns":3.0},{"damage":1.0,"enemies":"2 Louse","floor":7.0,"turns":2.0},{"damage":46.0,"enemies":"Lagavulin","floor":11.0,"turns":6.0},{"damage":4.0,"enemies":"Small Slimes","floor":13.0,"turns":2.0},{"damage":5.0,"enemies":"The Guardian","floor":16.0,"turns":9.0},{"damage":2.0,"enemies":"Chosen","floor":18.0,"turns":5.0},{"damage":0.0,"enemies":"Shell Parasite","floor":19.0,"turns":1.0},{"damage":10.0,"enemies":"Snecko","floor":21.0,"turns":4.0},{"damage":22.0,"enemies":"Snake Plant","floor":24.0,"turns":5.0},{"damage":0.0,"enemies":"Slavers","floor":25.0,"turns":1.0},{"damage":0,"enemies":"Colosseum Slavers","floor":27,"turns":1}],"seed_played":"-8258641595794248774","potions_obtained":[{"floor":11.0,"key":"SneckoOil"},{"floor":13.0,"key":"SmokeBomb"},{"floor":16.0,"key":"SmokeBomb"},{"floor":21.0,"key":"Weak Potion"}],"is_trial":false,"path_per_floor":["M","?","?","$","?","R","M","T","T","R","E","?","M","$","R","B",null,"M","M","?","M","?","R","M","E","T","?"],"character_chosen":"DEFECT","items_purchased":["The Bomb+1"],"campfire_rested":0,"item_purchase_floors":[14],"current_hp_per_floor":[69,69,46,46,46,46,45,45,45,45,39,58,54,54,54,49,71,69,69,69,59,59,59,37,37,37,37,37],"gold":51,"neow_bonus":"TEN_PERCENT_HP_BONUS","is_daily":false,"chose_seed":false,"campfire_upgraded":1,"win_rate":0.0,"timestamp":1609910786,"path_taken":["M","?","?","$","?","R","M","?","T","R","E","?","M","?","R","BOSS","M","M","?","M","?","R","M","E","T","?"],"items_purchased_type":["Card"],"build_version":"2020-12-22","purchased_purges":1,"victory":false,"max_hp_per_floor":[78,78,78,78,78,78,78,78,78,78,78,78,78,78,78,78,78,78,78,78,78,78,78,78,78,78,78,78],"card_choices":[{"not_picked":["Streamline","Coolheaded"],"picked":"Sweeping Beam","floor":1.0},{"not_picked":["Glacier","Turbo"],"picked":"Hologram","floor":7.0},{"not_picked":["Reprogram+1","Lockon"],"picked":"Fusion+1","floor":11.0},{"not_picked":["Compile Driver","Rip and Tear"],"picked":"Beam Cell","floor":13.0},{"not_picked":["Thunder Strike","Fission+1"],"picked":"Multi-Cast+1","floor":16.0},{"not_picked":["Streamline","Self Repair"],"picked":"Coolheaded+1","floor":18.0},{"not_picked":["Beam Cell+1","Self Repair"],"picked":"Steam+1","floor":21.0},{"not_picked":["Sweeping Beam","Hologram+1"],"picked":"Steam+1","floor":24.0}],"player_experience":1099566,"relics_obtained":[{"floor":8.0,"key":"Toxic Egg 2"},{"floor":9.0,"key":"Shovel"},{"floor":10.0,"key":"Lizard Tail"},{"floor":11.0,"key":"Centennial Puzzle"},{"floor":15.0,"key":"Letter Opener"},{"floor":23.0,"key":"PreservedInsect"},{"floor":26.0,"key":"Matryoshka"}],"event_choices":[{"damage_healed":0.0,"max_hp_gain":0.0,"max_hp_loss":0.0,"gold_gain":150.0,"event_name":"Liars Game","player_choice":"AGREE","floor":2.0,"gold_loss":0.0,"damage_taken":0.0,"cards_obtained":["Doubt"]},{"damage_healed":0.0,"max_hp_gain":0.0,"max_hp_loss":0.0,"gold_gain":0.0,"event_name":"Shining Light","player_choice":"Entered Light","floor":3.0,"gold_loss":0.0,"damage_taken":23.0,"cards_upgraded":["Strike_B","Zap"]},{"damage_healed":0.0,"max_hp_gain":0.0,"max_hp_loss":0.0,"gold_gain":0.0,"event_name":"Living Wall","player_choice":"Grow","floor":5.0,"gold_loss":0.0,"damage_taken":0.0,"cards_upgraded":["Defend_B"]},{"damage_healed":19.0,"max_hp_gain":0.0,"max_hp_loss":0.0,"gold_gain":0.0,"event_name":"The Cleric","player_choice":"Healed","floor":12.0,"gold_loss":35.0,"damage_taken":0.0},{"damage_healed":0.0,"max_hp_gain":0.0,"max_hp_loss":0.0,"gold_gain":0.0,"event_name":"Drug Dealer","player_choice":"Inject Mutagens","floor":20.0,"gold_loss":0.0,"damage_taken":0.0,"relics_obtained":["MutagenicStrength"]},{"damage_healed":0.0,"max_hp_gain":0.0,"max_hp_loss":0.0,"gold_gain":0.0,"event_name":"Addict","player_choice":"Obtained Relic","floor":22.0,"gold_loss":85.0,"damage_taken":0.0,"relics_obtained":["Unceasing Top"]},{"damage_healed":0,"gold_gain":0,"player_choice":"Fight","damage_taken":0,"max_hp_gain":0,"max_hp_loss":0,"event_name":"Colosseum","floor":27,"gold_loss":0}],"is_beta":false,"boss_relics":[{"not_picked":["Cursed Key","Philosopher\u0027s Stone"],"picked":"SlaversCollar"}],"items_purged_floors":[4],"is_endless":false,"potions_floor_spawned":[11,13,16,19,21],"killed_by":"Colosseum Slavers","ascension_level":18}}