{"host":"m6h67kf6cz80m3yv","time":1609974523,"event":{"mods":["Bartender","BaseMod","Better Third Choice","BetterRewards","CatGirl Mod","Colored Powertips","Downfall","Duelist Mod","Hermit","Marisa????????","Minty Spire (QoL Compilation)","Prisma Mod","Quick Restart","Shade Mod","Shop Mod","StSLib","SuperFastMode","The Dragon Tamer","The Marked","The Servant 0.9.4"],"gold_per_floor":[119,135,310,22,33,65,65,100,100,48,75,75,75,93,93,200,200,226,246,206,227,227,267,267,295,295,336,380,392,404,416,428,542,554,587,599,611,651,663,717,729,788,800,812,838,838],"floor_reached":45,"playtime":2992,"items_purged":[],"score":892,"play_id":"e66be8f8-c2a6-4bfa-a732-92c39a4dadd7","local_time":"20210106210843","is_ascension_mode":true,"campfire_choices":[{"floor":12.0,"key":"REST"},{"data":"hermit:Vantage","floor":15.0,"key":"SMITH"},{"floor":24,"key":"REST"},{"floor":29,"key":"REST"},{"floor":32,"key":"REST"},{"floor":41,"key":"REST"},{"floor":44,"key":"REST"}],"circlet_count":0,"master_deck":["hermit:Strike_Hermit","hermit:Strike_Hermit","hermit:Strike_Hermit","hermit:Strike_Hermit","hermit:Defend_Hermit","hermit:Defend_Hermit+1","hermit:Defend_Hermit","hermit:Defend_Hermit","hermit:Snapshot","hermit:Covet+1","hermit:Brawl","hermit:HighCaliber","hermit:WideOpen+1","Doubt","hermit:PistolWhip","hermit:Scavenge+1","hermit:Quickdraw","hermit:Glare","hermit:Determination","hermit:Vantage+1","Regret","hermit:FinalCanter","hermit:Glare","hermit:Spite","hermit:Scavenge+1","hermit:FromBeyond","hermit:HoleUp","hermit:GhostlyPresence","hermit:GhostlyPresence","hermit:Roughhouse","hermit:LoneWolf","Writhe","hermit:FlashPowder+1","hermit:Deadeye+1","Decay"],"relics":["hermit:Momento","StoneCalendar","Bronze Scales","Boot","Thread and Needle","Lantern","Ancient Tea Set","Anchor","Ornamental Fan","Sundial","Dream Catcher","War Paint","hermit:DentedPlate","Blue Candle","Potion Belt","Singing Bowl","MawBank","Akabeko","Cursed Key","Juzu Bracelet","InkBottle","Dead Branch"],"acts_visited":["Exordium","TheCity","TheBeyond"],"potions_floor_usage":[33,33,40,45,45,45,45],"damage_taken":[{"damage":0.0,"enemies":"Jaw Worm","floor":1.0,"turns":3.0},{"damage":0.0,"enemies":"2 Louse","floor":2.0,"turns":2.0},{"damage":2.0,"enemies":"Cultist","floor":5.0,"turns":2.0},{"damage":6.0,"enemies":"3 Sentries","floor":6.0,"turns":7.0},{"damage":3.0,"enemies":"Gremlin Nob","floor":8.0,"turns":4.0},{"damage":1.0,"enemies":"Lagavulin","floor":11.0,"turns":6.0},{"damage":0.0,"enemies":"Exordium Wildlife","floor":14.0,"turns":3.0},{"damage":10.0,"enemies":"Hexaghost","floor":16.0,"turns":8.0},{"damage":2,"enemies":"Shell Parasite","floor":18,"turns":4},{"damage":7,"enemies":"Spheric Guardian","floor":19,"turns":5},{"damage":13,"enemies":"Centurion and Healer","floor":21,"turns":7},{"damage":5,"enemies":"theDuelist:KaibaA2","floor":23,"turns":5},{"damage":13,"enemies":"Book of Stabbing","floor":25,"turns":5},{"damage":0,"enemies":"theDuelist:KaibaA2","floor":27,"turns":7},{"damage":17,"enemies":"Sentry and Sphere","floor":28,"turns":7},{"damage":24,"enemies":"Collector","floor":33,"turns":11},{"damage":5,"enemies":"3 Shapes","floor":35,"turns":7},{"damage":72,"enemies":"3 Darklings","floor":38,"turns":7},{"damage":56,"enemies":"Giant Head","floor":40,"turns":11},{"damage":90,"enemies":"Reptomancer","floor":42,"turns":10},{"damage":55,"enemies":"Transient","floor":45,"turns":5}],"seed_played":"5425955272319324998","potions_obtained":[{"floor":5.0,"key":"Block Potion"},{"floor":6.0,"key":"BlessingOfTheForge"},{"floor":11.0,"key":"sneckomod:MuddlingPotion"},{"floor":14.0,"key":"Block Potion"},{"floor":28,"key":"FairyPotion"},{"floor":33,"key":"Slimebound:ThreeZeroPotion"},{"floor":40,"key":"EntropicBrew"},{"floor":42,"key":"Swift Potion"}],"is_trial":false,"path_per_floor":["M","M","?","$","M","E","?","E","T","$","E","R","?","M","R","B",null,"M","M","?","M","?","E","R","E","T","E","M","R","$","T","R","B",null,"M","?","?","M","?","E","R","E","T","R","M"],"character_chosen":"HERMIT","items_purchased":["Bronze Scales","Boot","hermit:Brawl","Lantern","Ancient Tea Set","hermit:Glare"],"campfire_rested":6,"item_purchase_floors":[0,0,0,4,4,10],"current_hp_per_floor":[36,36,36,36,34,28,28,25,25,25,24,46,46,46,46,36,68,66,59,59,46,46,41,73,60,60,62,47,82,82,82,113,89,89,84,112,112,40,99,43,74,16,16,48,0,0],"gold":838,"neow_bonus":"","is_daily":false,"chose_seed":false,"campfire_upgraded":1,"win_rate":0.0,"timestamp":1609974523,"path_taken":["M","M","?","$","M","E","?","E","T","$","E","R","?","M","R","BOSS","M","M","?","?","?","E","R","E","T","E","M","R","$","?","R","BOSS","M","?","?","M","?","E","R","E","T","R","M"],"items_purchased_type":["Relic","Relic","Card","Relic","Relic","Card"],"build_version":"2020-12-22","purchased_purges":0,"victory":false,"max_hp_per_floor":[75,75,75,75,75,75,75,75,75,75,75,75,75,75,75,75,107,107,107,107,107,107,107,107,107,107,109,111,113,113,113,113,113,113,113,113,113,113,99,99,101,103,103,105,105,105],"card_choices":[{"not_picked":["hermit:TrackingShot","hermit:SprayPray"],"picked":"hermit:HighCaliber","floor":1.0},{"not_picked":["hermit:Snipe","hermit:TakeCover"],"picked":"hermit:WideOpen","floor":2.0},{"not_picked":["hermit:Midnight","hermit:BodyArmor"],"picked":"hermit:PistolWhip","floor":5.0},{"not_picked":["hermit:Maintenance","hermit:OverwhelmingPower"],"picked":"hermit:Scavenge","floor":6.0},{"not_picked":["hermit:CalledShot","hermit:Misfire"],"picked":"hermit:Quickdraw","floor":8.0},{"not_picked":["hermit:Ricochet","hermit:EyeOfTheStorm"],"picked":"hermit:Determination","floor":11.0},{"not_picked":["hermit:WideOpen","hermit:SprayPray"],"picked":"hermit:Vantage","floor":12.0},{"not_picked":["hermit:Snipe","hermit:Midnight","hermit:HighCaliber"],"picked":"SKIP","floor":14.0},{"not_picked":["hermit:Dissolve","hermit:FatalDesire"],"picked":"hermit:FinalCanter","floor":16.0},{"not_picked":["hermit:Showdown","hermit:PistolWhip"],"picked":"hermit:Glare","floor":18},{"not_picked":["hermit:Desperado","hermit:TrackingShot"],"picked":"hermit:Spite","floor":19},{"not_picked":["hermit:Snipe","hermit:DeadMansHand"],"picked":"hermit:Scavenge+1","floor":21},{"not_picked":["hermit:Dive","hermit:Purgatory"],"picked":"hermit:HoleUp","floor":23},{"not_picked":["hermit:Horror","hermit:ItchyTrigger"],"picked":"hermit:GhostlyPresence","floor":24},{"not_picked":["hermit:NoHoldsBarred","hermit:LowProfile","hermit:Midnight"],"picked":"SKIP","floor":25},{"not_picked":["hermit:Headshot+1","hermit:Reprieve","hermit:BodyArmor"],"picked":"Singing Bowl","floor":27},{"not_picked":["hermit:Spite+1","hermit:Manifest","hermit:SprayPray"],"picked":"Singing Bowl","floor":28},{"not_picked":["hermit:Feint+1","hermit:Ricochet","hermit:HighCaliber"],"picked":"Singing Bowl","floor":29},{"not_picked":["hermit:Roughhouse","hermit:CalledShot"],"picked":"hermit:GhostlyPresence","floor":32},{"not_picked":["hermit:Purgatory","hermit:RoundhouseKick"],"picked":"hermit:Roughhouse","floor":33},{"not_picked":["hermit:Misfire+1","hermit:Coalescence"],"picked":"hermit:LoneWolf","floor":35},{"not_picked":["hermit:Cheat+1","hermit:ItchyTrigger+1"],"picked":"hermit:FlashPowder+1","floor":38},{"not_picked":["hermit:SprayPray+1","hermit:Adapt"],"picked":"hermit:Deadeye+1","floor":40},{"not_picked":["hermit:Headshot+1","hermit:Snipe","hermit:Manifest+1"],"picked":"Singing Bowl","floor":41},{"not_picked":["hermit:WideOpen","hermit:Quickdraw","hermit:FlashPowder+1"],"picked":"Singing Bowl","floor":42},{"not_picked":["hermit:Virtue+1","hermit:CursedWeapon","hermit:TrackingShot+1"],"picked":"Singing Bowl","floor":44}],"player_experience":334190,"relics_obtained":[{"floor":6.0,"key":"Anchor"},{"floor":8.0,"key":"Ornamental Fan"},{"floor":9.0,"key":"Sundial"},{"floor":11.0,"key":"Dream Catcher"},{"floor":23,"key":"Blue Candle"},{"floor":25,"key":"Potion Belt"},{"floor":26,"key":"Singing Bowl"},{"floor":27,"key":"MawBank"},{"floor":31,"key":"Akabeko"},{"floor":40,"key":"Juzu Bracelet"},{"floor":42,"key":"InkBottle"},{"floor":43,"key":"Dead Branch"}],"event_choices":[{"damage_healed":0.0,"max_hp_gain":0.0,"max_hp_loss":0.0,"gold_gain":175.0,"event_name":"betterThird:BetterSerpent","player_choice":"AGREE","floor":3.0,"gold_loss":0.0,"damage_taken":135.0},{"damage_healed":0.0,"max_hp_gain":0.0,"max_hp_loss":0.0,"gold_gain":0.0,"event_name":"Living Wall","player_choice":"Grow","floor":7.0,"gold_loss":0.0,"damage_taken":0.0,"cards_upgraded":["hermit:Scavenge"]},{"damage_healed":0.0,"max_hp_gain":0.0,"max_hp_loss":0.0,"gold_gain":0.0,"event_name":"Big Fish","player_choice":"Box","floor":13.0,"gold_loss":0.0,"damage_taken":0.0,"relics_obtained":["War Paint"],"cards_obtained":["Regret"]},{"damage_healed":0,"gold_gain":0,"player_choice":"Upgrade","damage_taken":0,"max_hp_gain":0,"max_hp_loss":0,"event_name":"Designer","floor":20,"gold_loss":40,"cards_upgraded":["hermit:WideOpen"]},{"damage_healed":0,"gold_gain":0,"player_choice":"1 cards matched","damage_taken":0,"max_hp_gain":0,"max_hp_loss":0,"event_name":"Match and Keep!","floor":22,"gold_loss":0,"cards_obtained":["hermit:FromBeyond"]},{"damage_healed":28,"gold_gain":0,"player_choice":"Writhe","damage_taken":0,"max_hp_gain":0,"max_hp_loss":0,"event_name":"Winding Halls","floor":36,"gold_loss":0,"cards_obtained":["Writhe"]},{"damage_healed":0,"gold_gain":0,"player_choice":"Ignored","damage_taken":0,"max_hp_gain":0,"max_hp_loss":0,"event_name":"Tomb of Lord Red Mask","floor":37,"gold_loss":0},{"damage_healed":99,"gold_gain":0,"player_choice":"Heal","damage_taken":0,"max_hp_gain":0,"max_hp_loss":14,"event_name":"The Moai Head","floor":39,"gold_loss":0}],"is_beta":false,"boss_relics":[{"not_picked":["Astrolabe","Coffee Dripper"],"picked":"hermit:DentedPlate"},{"not_picked":["Sozu","Philosopher\u0027s Stone"],"picked":"Cursed Key"}],"items_purged_floors":[],"is_endless":false,"potions_floor_spawned":[5,6,11,14,16,18,19,21,28,33,40,42],"killed_by":"Transient","ascension_level":2}}