{"host":"wwy36mgtdouptwjr","time":1609953661,"event":{"mods":["AchievementEnabler","Aspiration","BaseMod","BetterRewards","Colored Map","Colored Powertips","Downfall","Hermit","Highlight Path","Hubris","Marisa????????","Minty Spire (QoL Compilation)","Replay The Spire","StSLib","Td1madao Mod","The Cursed","The Necromancer","The Servant 0.9.4"],"gold_per_floor":[99,99,99,116,126,126,19,51,51,36,36,46,46,57,117,132,143,143,143,143],"floor_reached":18,"playtime":1915,"items_purged":[],"score":112,"play_id":"0d720736-1f85-484a-923b-5c9a49aef131","local_time":"20210106202101","is_ascension_mode":false,"campfire_choices":[{"data":"champ:Taunt","floor":3.0,"key":"SMITH"},{"data":"champ:TornadoPunch","floor":13,"key":"SMITH"}],"circlet_count":0,"master_deck":["champ:Strike","champ:Strike","champ:Strike","champ:Strike","champ:Defend","champ:Defend","champ:Defend","champ:Execute","champ:Taunt+1","champ:Haymaker","champ:TornadoPunch+1","champ:IronFortress","champ:PerfectedStrike","champ:FalseCounter","champ:DefensiveStyle","champ:StanceDance","Injury","champ:BerserkersShout+1","champ:GladiatorStyle","champ:Duel","champ:ViciousMockery+1","champ:BringItOn+1"],"relics":["champ:ChampionCrown","Bronze Scales","Mercury Hourglass","Toxic Egg 2","Tiny Chest"],"acts_visited":["Exordium"],"potions_floor_usage":[17,18,18,18],"damage_taken":[{"damage":10.0,"enemies":"2 Louse","floor":4.0,"turns":4.0},{"damage":5,"enemies":"Cultist","floor":5,"turns":3},{"damage":5,"enemies":"downfall:FleeingMerchant","floor":7,"turns":4},{"damage":40,"enemies":"Replay:BlueRogue","floor":8,"turns":7},{"damage":3,"enemies":"downfall:FleeingMerchant","floor":10,"turns":4},{"damage":0,"enemies":"Small Slimes","floor":12,"turns":2},{"damage":7,"enemies":"Blue Slaver","floor":14,"turns":3},{"damage":18,"enemies":"3 Sentries","floor":15,"turns":4},{"damage":5,"enemies":"Lots of Slimes","floor":16,"turns":2},{"damage":13,"enemies":"3 Louse","floor":17,"turns":2},{"damage":48,"enemies":"downfall:Defect","floor":18,"turns":5}],"seed_played":"-3257716248566180893","potions_obtained":[{"floor":8,"key":"Energy Potion"},{"floor":12,"key":"Venom Potion"},{"floor":15,"key":"Swift Potion"},{"floor":16,"key":"LiquidBronze"},{"floor":17,"key":"champ:CounterPotion"}],"is_trial":false,"path_per_floor":["R_BF","PTL","R","M","M","?","$","E","T","$","?","M","R","M","?","M","M","B"],"character_chosen":"THE_CHAMP","items_purchased":["champ:PerfectedStrike","champ:FalseCounter"],"campfire_rested":0,"item_purchase_floors":[7,7],"current_hp_per_floor":[99,99,99,99,99,99,99,64,64,61,61,61,61,54,50,50,43,0,0,0],"gold":143,"neow_bonus":"TEN_PERCENT_HP_BONUS","is_daily":false,"chose_seed":false,"campfire_upgraded":2,"win_rate":0.0,"timestamp":1609953661,"path_taken":["R_BF","PTL","R","M","M","?","$","E","T","?","?","M","R","M","?","?","M","BOSS"],"items_purchased_type":["Card","Card"],"build_version":"2020-12-22","purchased_purges":0,"victory":false,"max_hp_per_floor":[99,99,99,99,99,99,99,99,99,99,99,99,99,99,99,99,99,99,99,99],"card_choices":[{"not_picked":["champ:GladiatorsShout","champ:EnGarde"],"picked":"champ:Haymaker","floor":4},{"not_picked":["champ:EnragedBash","champ:GladiatorsShout"],"picked":"champ:TornadoPunch","floor":5},{"not_picked":["champ:Haymaker","champ:BladeFlurry"],"picked":"champ:IronFortress","floor":7},{"not_picked":["champ:ShieldThrow","champ:GutPunch"],"picked":"champ:DefensiveStyle","floor":8},{"not_picked":["champ:Lariat","champ:BladeFlurry"],"picked":"champ:StanceDance","floor":10},{"not_picked":["champ:CalledShot","champ:FightOn"],"picked":"champ:BerserkersShout+1","floor":12},{"not_picked":["champ:Backstep+1","champ:CalledShot"],"picked":"champ:GladiatorStyle","floor":14},{"not_picked":["champ:Haymaker","champ:TornadoPunch"],"picked":"champ:Duel","floor":15},{"not_picked":["champ:Shatter","champ:FanOfKnives"],"picked":"champ:ViciousMockery+1","floor":16},{"not_picked":["champ:EndlessRage","champ:GladiatorStyle"],"picked":"champ:BringItOn+1","floor":17}],"player_experience":347812,"relics_obtained":[{"floor":8,"key":"Bronze Scales"},{"floor":9,"key":"Mercury Hourglass"}],"event_choices":[{"cards_removed":["champ:Defend"],"damage_healed":0,"gold_gain":0,"player_choice":"Offered Basic","damage_taken":0,"max_hp_gain":0,"max_hp_loss":0,"event_name":"Bonfire Elementals","floor":6,"gold_loss":0}],"is_beta":false,"boss_relics":[],"items_purged_floors":[],"is_endless":false,"potions_floor_spawned":[8,12,15,16,17],"killed_by":"downfall:Defect","ascension_level":0}}