{"host":"ul7yvwhigba0nw36","time":1609947118,"event":{"mods":["AchievementEnabler","Act Like it!","Aspiration","BaseMod","Colored Map","Colored Powertips","Downfall","Gensokyo","Hermit","Highlight Path","Hubris","Infinite Spire","Minty Spire (QoL Compilation)","Random Character Button","Replay The Spire","StSLib","The Construct","The Cursed","The Disciple","The Necromancer"],"gold_per_floor":[113,113,123,123,123,155,170,170,248,248,258,274,274,274,274,378,378,398,398,348,360,373,373,390,390,390,38,53,53,70,84,84,184,184,198,211,211,60,80,80,80,80,105,105,116,132,152,25,25,25],"floor_reached":51,"playtime":2446,"items_purged":["Clumsy"],"score":950,"play_id":"11e780f3-a932-40eb-9544-d15223e7fcc9","local_time":"20210106153158","is_ascension_mode":true,"campfire_choices":[{"data":"Seeing Red","floor":8,"key":"SMITH"},{"data":"Bash","floor":10,"key":"SMITH"},{"data":"Inflame","floor":13,"key":"SMITH"},{"data":"Offering","floor":15,"key":"SMITH"},{"data":"Demon Form","floor":23,"key":"SMITH"},{"floor":25,"key":"REST"},{"data":"Heavy Blade","floor":29,"key":"SMITH"},{"floor":32,"key":"REST"},{"data":"Flex","floor":40,"key":"SMITH"},{"data":"Gensokyo:MissMary","floor":42,"key":"SMITH"},{"data":"Whirlwind","floor":44,"key":"SMITH"},{"floor":49,"key":"REST"}],"circlet_count":0,"master_deck":["Strike_R","Strike_R","Strike_R","Strike_R","Strike_R","Defend_R","Defend_R","Defend_R","Defend_R","Bash+1","Seeing Red+1","Offering+1","Cleave","Thunderclap","Cleave","Inflame+1","Demon Form+1","Pommel Strike","Whirlwind+1","Heavy Blade+1","Gensokyo:MissMary+1","Flex+1","ReplayTheSpireMod:LeadingStrike","Reaper","Shrug It Off+1","Heavy Blade+1","Pommel Strike","Headbutt"],"relics":["Burning Blood","NeowsBlessing","Gensokyo:CelestialsFlawlessClothing","Gensokyo:NagashiBinaDoll","Ginger","ReplayTheSpireMod:Shallot","Bird Faced Urn","Painkiller Herb","Replay:PocketPolymizer","Frozen Eye","hubris:HollowSoul","hubris:Icosahedron","Guardian:BottledAnomaly","hubris:Towel","Bag of Marbles"],"acts_visited":["Exordium","Gensokyo:Gensokyo","Gensokyo:Gensokyoer"],"potions_floor_usage":[16,16,22,24,24,39,50,50],"damage_taken":[{"damage":0,"enemies":"Gensokyo:3_Fairies","floor":1,"turns":1},{"damage":0,"enemies":"Gensokyo:Python","floor":3,"turns":1},{"damage":0,"enemies":"Gensokyo:Aya","floor":6,"turns":1},{"damage":14,"enemies":"Gensokyo:2_Kodama","floor":7,"turns":3},{"damage":6,"enemies":"Gensokyo:Kitsune","floor":11,"turns":2},{"damage":6,"enemies":"Gensokyo:VengefulSpirit","floor":12,"turns":3},{"damage":48,"enemies":"Gensokyo:Kokoro","floor":16,"turns":12},{"damage":8,"enemies":"Gensokyo:CosmicMonolith","floor":18,"turns":4},{"damage":24,"enemies":"Gensokyo:3_Dogs","floor":21,"turns":4},{"damage":30,"enemies":"Gensokyo:Slime_Group","floor":22,"turns":4},{"damage":30,"enemies":"Gensokyo:Wraith","floor":24,"turns":5},{"damage":0,"enemies":"Gensokyo:3_Gloops","floor":28,"turns":2},{"damage":6,"enemies":"Gensokyo:Monolith_and_Dog","floor":30,"turns":3},{"damage":36,"enemies":"Gensokyo:Slime_Group","floor":31,"turns":4},{"damage":55,"enemies":"Gensokyo:Eiki","floor":33,"turns":5},{"damage":13,"enemies":"Gensokyo:3_Bats","floor":35,"turns":3},{"damage":26,"enemies":"Gensokyo:AncientGuardian","floor":36,"turns":4},{"damage":30,"enemies":"Gensokyo:Rafflesia","floor":39,"turns":5},{"damage":43,"enemies":"Gensokyo:AtlasGolem","floor":45,"turns":4},{"damage":23,"enemies":"Gensokyo:SeedOfUnknown","floor":46,"turns":4},{"damage":28,"enemies":"Gensokyo:Rafflesia","floor":47,"turns":5},{"damage":31,"enemies":"Gensokyo:Yuyuko","floor":50,"turns":5}],"seed_played":"-7765889545018866624","potions_obtained":[{"floor":1,"key":"Slimebound:ThreeZeroPotion"},{"floor":7,"key":"Dexterity Potion"},{"floor":11,"key":"LifebloodPotion"},{"floor":18,"key":"Energy Potion"},{"floor":21,"key":"Slimebound:ThreeZeroPotion"},{"floor":31,"key":"Elixir"},{"floor":36,"key":"Languid Potion"},{"floor":39,"key":"BloodPotion"}],"is_trial":false,"path_per_floor":["M","?","M","?","?","E","M","R","T","R","M","M","R","T","R","B",null,"?","?","?","?","?","T","?","T","T","COS","?","T","?","?","T","B",null,"?","?","?","COS","?","T","?","T","T","T","?","?","?","T","T","B",null],"character_chosen":"IRONCLAD","items_purchased":["Weak Potion"],"campfire_rested":3,"item_purchase_floors":[48],"current_hp_per_floor":[78,86,88,66,66,72,64,64,64,64,64,64,64,64,64,24,72,74,74,81,67,47,47,27,55,55,55,63,63,65,39,67,22,77,72,56,56,56,68,68,68,68,68,68,45,32,26,26,54,54],"gold":25,"neow_bonus":"THREE_ENEMY_KILL","is_daily":false,"chose_seed":false,"campfire_upgraded":9,"win_rate":0.0,"timestamp":1609947118,"path_taken":["M","?","M","?","?","E","?","R","T","R","M","M","R","?","R","BOSS","?","?","?","?","?","T","?","T","T","COS","?","T","?","?","T","BOSS","?","?","?","COS","?","T","?","T","T","T","?","?","?","T","T","BOSS"],"items_purchased_type":["Potion"],"build_version":"2020-12-22","purchased_purges":1,"victory":true,"max_hp_per_floor":[80,88,88,88,88,88,88,88,88,88,88,88,88,88,88,88,88,88,88,95,95,95,95,95,95,95,95,95,95,95,95,95,95,95,95,95,95,95,95,95,95,95,95,95,95,95,95,95,95,95],"card_choices":[{"not_picked":["Replay:Undeath\u0027s Touch","Clash"],"picked":"Seeing Red","floor":1},{"not_picked":["Pommel Strike","Armaments"],"picked":"Offering","floor":3},{"not_picked":["Metallicize","Intimidate"],"picked":"Cleave","floor":6},{"not_picked":["Anger","Sentinel"],"picked":"Thunderclap","floor":7},{"not_picked":["Anger","Heavy Blade"],"picked":"Cleave","floor":11},{"not_picked":["Run Through","Disarm"],"picked":"Inflame","floor":12},{"not_picked":["Eclipse","Berserk"],"picked":"Demon Form","floor":16},{"not_picked":["ReplayTheSpireMod:Strike From Hell","ReplayTheSpireMod:Corrosion Curse"],"picked":"Pommel Strike","floor":18},{"not_picked":["Anger","Run Through"],"picked":"Whirlwind","floor":21},{"not_picked":["Iron Wave","Warcry+1","Havoc"],"picked":"SKIP","floor":22},{"not_picked":["Run Through","ReplayTheSpireMod:Limb From Limb"],"picked":"Heavy Blade","floor":24},{"not_picked":["Pommel Strike+1","Heavy Blade"],"picked":"Flex","floor":28},{"not_picked":["Iron Wave+1","Reckless Charge+1","Clothesline+1"],"picked":"SKIP","floor":30},{"not_picked":["Clothesline+1","Uppercut"],"picked":"ReplayTheSpireMod:LeadingStrike","floor":31},{"not_picked":["Demonic Infusion","Hemogenesis"],"picked":"Reaper","floor":33},{"not_picked":["Power Through","Abandon+1"],"picked":"Shrug It Off+1","floor":35},{"not_picked":["Cleave+1","Sword Boomerang"],"picked":"Heavy Blade+1","floor":36},{"not_picked":["Wild Strike+1","ReplayTheSpireMod:LeadingStrike","Feel No Pain+1"],"picked":"SKIP","floor":39},{"not_picked":["Clothesline+1","Warcry+1"],"picked":"Pommel Strike","floor":45},{"not_picked":["Run Through+1","Headbutt","infinitespire:OneForAll+1"],"picked":"SKIP","floor":46},{"not_picked":["Run Through+1","infinitespire:OneForAll+1"],"picked":"Headbutt","floor":46},{"not_picked":["Dark Embrace","Combust+1","Warcry"],"picked":"SKIP","floor":47}],"player_experience":420183,"relics_obtained":[{"floor":6,"key":"Ginger"},{"floor":9,"key":"ReplayTheSpireMod:Shallot"},{"floor":14,"key":"Bird Faced Urn"},{"floor":26,"key":"Replay:PocketPolymizer"},{"floor":43,"key":"Bag of Marbles"}],"event_choices":[],"is_beta":false,"boss_relics":[{"not_picked":["Philosopher\u0027s Stone","Replay:Drink Me"],"picked":"Painkiller Herb"},{"not_picked":["Coffee Dripper","hubris:RunicObelisk"],"picked":"hubris:HollowSoul"}],"items_purged_floors":[48],"is_endless":false,"potions_floor_spawned":[1,7,11,18,21,31,36,39],"ascension_level":7}}