{"host":"fxh4234sf5pb3xr6","time":1609918967,"event":{"mods":["BaseMod","Colored Map","Colored Powertips","Minty Spire (QoL Compilation)","StSLib"],"gold_per_floor":[110,110,75,89,89,89,122,42,42,67,77,92,92,122,122,220,220,234,144,154,7,7,35,35,35,35,49,49,60,60,78,78,177,177,191,191,191,210,17,17,17],"floor_reached":40,"playtime":2709,"items_purged":[],"score":484,"play_id":"745618d2-f457-4406-bde0-744e650cf2e4","local_time":"20210106024247","is_ascension_mode":true,"campfire_choices":[{"data":"Vigilance","floor":6,"key":"SMITH"},{"floor":13,"key":"REST"},{"floor":15,"key":"REST"},{"data":"1","floor":28,"key":"LIFT"},{"data":"2","floor":32,"key":"LIFT"}],"circlet_count":0,"master_deck":["Defend_P+1","Defend_P+1","Defend_P+1","Eruption+1","Vigilance+1","FollowUp","Prostrate+1","Brilliance","FearNoEvil","Evaluate","ReachHeaven+1","CrushJoints+1","DeusExMachina+1","SandsOfTime","LikeWater+1","DevaForm"],"relics":["PureWater","Ornamental Fan","Girya","War Paint","Pear","Astrolabe","HandDrill","Tiny Chest","Orichalcum","MutagenicStrength","Pantograph","Bottled Tornado","Spirit Poop","Sling"],"acts_visited":["Exordium","TheCity","TheBeyond"],"potions_floor_usage":[16,33,35,40,40,40],"damage_taken":[{"damage":24,"enemies":"Jaw Worm","floor":1,"turns":2},{"damage":0,"enemies":"Small Slimes","floor":4,"turns":2},{"damage":18,"enemies":"Gremlin Nob","floor":7,"turns":4},{"damage":7,"enemies":"3 Sentries","floor":10,"turns":6},{"damage":0,"enemies":"2 Louse","floor":11,"turns":2},{"damage":0,"enemies":"Blue Slaver","floor":12,"turns":2},{"damage":20,"enemies":"Lagavulin","floor":14,"turns":5},{"damage":20,"enemies":"Hexaghost","floor":16,"turns":11},{"damage":0,"enemies":"Chosen","floor":18,"turns":3},{"damage":0,"enemies":"Spheric Guardian","floor":20,"turns":3},{"damage":18,"enemies":"Gremlin Leader","floor":23,"turns":5},{"damage":12,"enemies":"Snake Plant","floor":27,"turns":3},{"damage":2,"enemies":"Snecko","floor":29,"turns":4},{"damage":0,"enemies":"Cultist and Chosen","floor":31,"turns":3},{"damage":14,"enemies":"Champ","floor":33,"turns":6},{"damage":53,"enemies":"3 Shapes","floor":35,"turns":3},{"damage":24,"enemies":"3 Darklings","floor":38,"turns":5},{"damage":34,"enemies":"Nemesis","floor":40,"turns":2}],"seed_played":"8550326024410294402","potions_obtained":[{"floor":10,"key":"Swift Potion"},{"floor":14,"key":"ColorlessPotion"},{"floor":29,"key":"BlessingOfTheForge"},{"floor":31,"key":"DistilledChaos"},{"floor":35,"key":"Strength Potion"}],"is_trial":false,"path_per_floor":["M","?","?","M","?","R","E","$","T","E","M","M","R","E","R","B",null,"M","?","M","$","?","E","?","?","T","M","R","M","$","M","R","B",null,"M","T","?","M","$","E"],"character_chosen":"WATCHER","items_purchased":["Brilliance","HandDrill","Sling","ColorlessPotion"],"campfire_rested":2,"item_purchase_floors":[8,21,39,39],"current_hp_per_floor":[48,34,52,52,52,52,34,34,34,27,27,27,48,38,62,42,82,82,82,82,82,82,64,64,64,64,52,52,50,50,50,50,61,82,29,29,29,5,5,0,0],"gold":17,"neow_bonus":"REMOVE_CARD","is_daily":false,"chose_seed":false,"campfire_upgraded":1,"win_rate":0.0,"timestamp":1609918967,"path_taken":["M","?","?","M","?","R","E","?","T","E","M","M","R","E","R","BOSS","M","?","?","$","?","E","?","?","T","M","R","M","?","M","R","BOSS","M","?","?","M","$","E"],"items_purchased_type":["Card","Relic","Relic","Potion"],"build_version":"2020-12-22","purchased_purges":0,"victory":false,"max_hp_per_floor":[72,72,72,72,72,72,72,72,72,72,72,72,72,82,82,82,82,82,82,82,82,82,82,82,82,82,82,82,82,82,82,82,82,82,82,82,82,82,82,82,82],"card_choices":[{"not_picked":["EmptyFist","Protect"],"picked":"FollowUp","floor":1},{"not_picked":["EmptyMind","JustLucky"],"picked":"Prostrate","floor":4},{"not_picked":["JustLucky","CrushJoints","ThirdEye"],"picked":"SKIP","floor":7},{"not_picked":["Weave","CrushJoints"],"picked":"FearNoEvil","floor":10},{"not_picked":["Vault","BowlingBash","CarveReality"],"picked":"SKIP","floor":11},{"not_picked":["EmptyBody","FlyingSleeves","Wireheading"],"picked":"SKIP","floor":12},{"not_picked":["Wallop","BowlingBash"],"picked":"Evaluate","floor":14},{"not_picked":["JustLucky","Conclude"],"picked":"SandsOfTime","floor":18},{"not_picked":["BowlingBash","FollowUp","Evaluate"],"picked":"SKIP","floor":20},{"not_picked":["Tantrum","Conclude","EmptyFist"],"picked":"SKIP","floor":23},{"not_picked":["MentalFortress","Establishment"],"picked":"LikeWater+1","floor":27},{"not_picked":["ThirdEye","DeceiveReality+1","CrushJoints"],"picked":"SKIP","floor":29},{"not_picked":["CarveReality","Meditate","FollowUp"],"picked":"SKIP","floor":31},{"not_picked":["JustLucky","SashWhip+1","Halt"],"picked":"SKIP","floor":35},{"not_picked":["Study+1","Crescendo"],"picked":"DevaForm","floor":38}],"player_experience":309249,"relics_obtained":[{"floor":7,"key":"Ornamental Fan"},{"floor":9,"key":"Girya"},{"floor":10,"key":"War Paint"},{"floor":14,"key":"Pear"},{"floor":23,"key":"Tiny Chest"},{"floor":26,"key":"Pantograph"},{"floor":36,"key":"Bottled Tornado"}],"event_choices":[{"damage_healed":0,"gold_gain":0,"player_choice":"Entered Light","damage_taken":14,"max_hp_gain":0,"max_hp_loss":0,"event_name":"Shining Light","floor":2,"gold_loss":0,"cards_upgraded":["Defend_P","Strike_P"]},{"damage_healed":18,"gold_gain":0,"player_choice":"Healed","damage_taken":0,"max_hp_gain":0,"max_hp_loss":0,"event_name":"The Cleric","floor":3,"gold_loss":35},{"damage_healed":0,"gold_gain":0,"player_choice":"Grow","damage_taken":0,"max_hp_gain":0,"max_hp_loss":0,"event_name":"Living Wall","floor":5,"gold_loss":0,"cards_upgraded":["Eruption"]},{"cards_removed":["Strike_P"],"damage_healed":0,"gold_gain":0,"player_choice":"Upgrade and Remove","damage_taken":0,"max_hp_gain":0,"max_hp_loss":0,"event_name":"Designer","floor":19,"gold_loss":90,"cards_upgraded":["Prostrate"]},{"damage_healed":0,"gold_gain":0,"player_choice":"Ignored","damage_taken":0,"max_hp_gain":0,"max_hp_loss":0,"event_name":"Ghosts","floor":22,"gold_loss":0},{"damage_healed":0,"gold_gain":0,"player_choice":"Opened","damage_taken":0,"relics_obtained":["Orichalcum"],"max_hp_gain":0,"max_hp_loss":0,"event_name":"The Mausoleum","floor":24,"gold_loss":0,"cards_obtained":["Writhe"]},{"damage_healed":0,"gold_gain":0,"player_choice":"Inject Mutagens","damage_taken":0,"relics_obtained":["MutagenicStrength"],"max_hp_gain":0,"max_hp_loss":0,"event_name":"Drug Dealer","floor":25,"gold_loss":0},{"cards_removed":["Writhe"],"damage_healed":0,"gold_gain":0,"player_choice":"Offered Curse","damage_taken":0,"relics_obtained":["Spirit Poop"],"max_hp_gain":0,"max_hp_loss":0,"event_name":"Bonfire Elementals","floor":37,"gold_loss":0}],"is_beta":false,"boss_relics":[{"not_picked":["Tiny House","Pandora\u0027s Box"],"picked":"Astrolabe"},{"not_picked":["Snecko Eye","Cursed Key","Coffee Dripper"]}],"items_purged_floors":[],"is_endless":false,"potions_floor_spawned":[10,14,29,31,35],"killed_by":"Nemesis","ascension_level":3}}