{"host":"rolltorest","time":1609915196,"event":{"mods":["BaseMod","Minty Spire (QoL Compilation)","Relic Stats","Robot Space Explorer","Slay the Relics Exporter","StSLib"],"gold_per_floor":[118,17,17,33,33,60,60,60,60,60,60],"floor_reached":10,"playtime":192,"items_purged":["RobotSpaceExplorer:Strike"],"score":142,"play_id":"32284f27-9ef3-4ce1-9a6f-3b7bf09610f1","local_time":"20210105223956","is_ascension_mode":true,"campfire_choices":[{"data":"RobotSpaceExplorer:FrostMissile","floor":7,"key":"SMITH"}],"circlet_count":0,"master_deck":["AscendersBane","RobotSpaceExplorer:Strike","RobotSpaceExplorer:Strike","RobotSpaceExplorer:Strike","RobotSpaceExplorer:Defend","RobotSpaceExplorer:Defend","RobotSpaceExplorer:Defend","RobotSpaceExplorer:Defend","RobotSpaceExplorer:Scan","RobotSpaceExplorer:MiniLasers","RobotSpaceExplorer:SlimeMissile","RobotSpaceExplorer:SlimeMissile","RobotSpaceExplorer:Wormhole","RobotSpaceExplorer:FrostMissile+1"],"relics":["RobotSpaceExplorer:RoboCore","NeowsBlessing","Blue Candle","Molten Egg 2"],"acts_visited":["Exordium"],"potions_floor_usage":[],"damage_taken":[{"damage":0,"enemies":"Cultist","floor":1,"turns":1},{"damage":0,"enemies":"2 Louse","floor":4,"turns":1},{"damage":0,"enemies":"Gremlin Nob","floor":6,"turns":1},{"damage":37,"enemies":"Lagavulin","floor":10,"turns":8}],"seed_played":"-2085335084615252070","potions_obtained":[{"floor":3,"key":"RobotSpaceExplorer:LiquidFusion"},{"floor":3,"key":"DuplicationPotion"}],"is_trial":false,"path_per_floor":["M","$","?","M","?","E","R","$","T","E"],"character_chosen":"RobotSpaceExplorer","items_purchased":["RobotSpaceExplorer:SlimeMissile"],"campfire_rested":0,"item_purchase_floors":[2],"current_hp_per_floor":[68,68,68,68,68,68,68,68,68,31,31],"gold":60,"neow_bonus":"THREE_ENEMY_KILL","is_daily":false,"chose_seed":false,"campfire_upgraded":1,"win_rate":0.0,"timestamp":1609915196,"path_taken":["M","?","?","?","?","E","R","$","T","E"],"items_purchased_type":["Card"],"build_version":"2020-12-18","purchased_purges":1,"victory":false,"max_hp_per_floor":[75,75,75,75,75,75,75,75,75,75,75],"relic_stats":{"counters":[4,11],"Blue Candle":[0],"obtain_stats":[{"NeowsBlessing":0,"Blue Candle":6,"RobotSpaceExplorer:RoboCore":0,"Molten Egg 2":9},{"NeowsBlessing":0,"Blue Candle":3,"RobotSpaceExplorer:RoboCore":0,"Molten Egg 2":3},{"NeowsBlessing":0,"Blue Candle":3,"RobotSpaceExplorer:RoboCore":0,"Molten Egg 2":3}]},"card_choices":[{"not_picked":["RobotSpaceExplorer:SurgingShield","RobotSpaceExplorer:ShockKick","RobotSpaceExplorer:Ammunition"],"picked":"SKIP","floor":1},{"not_picked":["RobotSpaceExplorer:Discharger","RobotSpaceExplorer:ShovelStrike"],"picked":"RobotSpaceExplorer:SlimeMissile","floor":4},{"not_picked":["RobotSpaceExplorer:MiniDrones","RobotSpaceExplorer:Reload"],"picked":"RobotSpaceExplorer:FrostMissile","floor":6}],"player_experience":1765705,"relics_obtained":[{"floor":6,"key":"Blue Candle"},{"floor":9,"key":"Molten Egg 2"}],"event_choices":[{"damage_healed":0,"gold_gain":0,"player_choice":"Got Potions","damage_taken":0,"max_hp_gain":0,"max_hp_loss":0,"event_name":"Lab","floor":3,"gold_loss":0},{"damage_healed":0,"gold_gain":0,"player_choice":"1 cards matched","damage_taken":0,"max_hp_gain":0,"max_hp_loss":0,"event_name":"Match and Keep!","floor":5,"gold_loss":0,"cards_obtained":["RobotSpaceExplorer:Wormhole"]}],"is_beta":true,"boss_relics":[],"items_purged_floors":[2],"is_endless":false,"potions_floor_spawned":[4],"killed_by":"Lagavulin","ascension_level":12}}