{"host":"9ndbo4kgsfoemf7y","time":1609934351,"event":{"mods":["AchievementEnabler","BaseMod","Colored Map","DeckTracker","Keyboard Shortcuts","Minty Spire (QoL Compilation)","Permanent Neow","Quick Restart","Relic Stats","StSLib","SuperFastMode"],"gold_per_floor":[118,132,132,147,48,48,77,77,77,77,93,13,25,25],"floor_reached":13,"playtime":238,"items_purged":[],"score":104,"play_id":"738ada09-17c5-4696-824a-24ce526dd2e5","local_time":"20210106205911","is_ascension_mode":true,"campfire_choices":[{"data":"Chaos","floor":6,"key":"SMITH"},{"data":"Zap","floor":8,"key":"SMITH"},{"data":"Streamline","floor":10,"key":"SMITH"}],"circlet_count":0,"master_deck":["Strike_B","Defend_B","Defend_B","Defend_B","Defend_B","Zap+1","Dualcast","Streamline+1","Sweeping Beam","Go for the Eyes","Chaos+1","Defragment","Cold Snap","All For One","Double Energy"],"relics":["Cracked Core","Happy Flower","Bottled Lightning","MawBank"],"acts_visited":["Exordium"],"potions_floor_usage":[],"damage_taken":[{"damage":1,"enemies":"Small Slimes","floor":1,"turns":3},{"damage":0,"enemies":"Cultist","floor":2,"turns":3},{"damage":7,"enemies":"Jaw Worm","floor":4,"turns":2},{"damage":18,"enemies":"Gremlin Nob","floor":7,"turns":3},{"damage":5,"enemies":"3 Louse","floor":11,"turns":3},{"damage":25,"enemies":"3 Sentries","floor":13,"turns":2}],"seed_played":"2651717243093335103","potions_obtained":[{"floor":7,"key":"ColorlessPotion"},{"floor":11,"key":"Fruit Juice"}],"is_trial":false,"path_per_floor":["M","M","?","M","$","R","E","R","T","R","M","?","E"],"character_chosen":"DEFECT","items_purchased":["Defragment","Cold Snap"],"campfire_rested":0,"item_purchase_floors":[5,5],"current_hp_per_floor":[53,53,53,46,46,46,28,28,28,28,23,23,0,0],"gold":25,"neow_bonus":"REMOVE_TWO","is_daily":false,"chose_seed":false,"campfire_upgraded":3,"win_rate":0.0,"timestamp":1609934351,"path_taken":["M","M","?","M","$","R","E","R","T","R","M","?","E"],"items_purchased_type":["Card","Card"],"build_version":"2020-12-22","purchased_purges":0,"victory":false,"max_hp_per_floor":[75,75,75,75,75,75,75,75,75,75,75,75,75,75],"relic_stats":{"Happy Flower":[1],"counters":[6,16],"MawBank":12,"obtain_stats":[{"Happy Flower":7,"Bottled Lightning":9,"Cracked Core":0,"MawBank":12},{"Happy Flower":4,"Bottled Lightning":4,"Cracked Core":0,"MawBank":5},{"Happy Flower":11,"Bottled Lightning":11,"Cracked Core":0,"MawBank":14}]},"card_choices":[{"not_picked":["Turbo","Compile Driver"],"picked":"Streamline","floor":1},{"not_picked":["Skim","Stack"],"picked":"Sweeping Beam","floor":2},{"not_picked":["Leap","Steam"],"picked":"Chaos","floor":4},{"not_picked":["Chaos","Turbo"],"picked":"All For One","floor":7},{"not_picked":["Rip and Tear","Compile Driver"],"picked":"Double Energy","floor":11}],"player_experience":781191,"relics_obtained":[{"floor":7,"key":"Happy Flower"},{"floor":9,"key":"Bottled Lightning"}],"event_choices":[{"damage_healed":0,"gold_gain":0,"cards_transformed":["Strike_B"],"player_choice":"Change","damage_taken":0,"max_hp_gain":0,"max_hp_loss":0,"event_name":"Living Wall","floor":3,"gold_loss":0,"cards_obtained":["Go for the Eyes"]},{"damage_healed":0,"gold_gain":0,"player_choice":"Paid Gold","damage_taken":0,"relics_obtained":["MawBank"],"max_hp_gain":0,"max_hp_loss":0,"event_name":"WeMeetAgain","floor":12,"gold_loss":80}],"is_beta":false,"boss_relics":[],"items_purged_floors":[],"is_endless":false,"potions_floor_spawned":[7,11],"killed_by":"3 Sentries","ascension_level":5}}