{"host":"56xwnffi6e9z5l58","time":1609943961,"event":{"mods":["Aspiration","BaseMod","Better Match","Better Note","Better Sensory Stone","BetterRewards","Colored Map","Colored Powertips","Conspire","GifTheSpireLib","Hermit","Highlight Path","Hubris","Infinite Spire","Key Reminder","Minty Spire (QoL Compilation)","Permanent Neow","Quick Restart","Rare Cards Sparkle","Replay The Spire","StSLib","Stuff the Spire","SuperFastMode","Unceasing Turn Reminder"],"gold_per_floor":[111,111,126,126,136,161,86,86,112,124,158,158,158,176,176,247,247,263,281,329,329,329,329],"floor_reached":22,"playtime":684,"items_purged":["Strike_B","Pain"],"score":320,"play_id":"766f25bb-a4e3-4439-8724-41e405c5cce5","local_time":"20210106223921","is_ascension_mode":true,"campfire_choices":[{"floor":8,"key":"REST"},{"floor":13,"key":"REST"},{"floor":15,"key":"REST"}],"circlet_count":0,"master_deck":["AscendersBane","Strike_B","Strike_B","Defend_B","Defend_B","Defend_B","Defend_B","Zap","Dualcast","Hologram+1","Conserve Battery","aspiration:Polymerization","StuffTheSpire:Plugnplay","Static Discharge","Core Surge","Biased Cognition","BootSequence","Rainbow","Barrage+1","StuffTheSpire:Coldhearted","Coolheaded","ReplayTheSpireMod:Chaos Vortex"],"relics":["Cracked Core","StuffTheSpire:MayFlowers","StuffTheSpire:EmeraldSignet","StuffTheSpire:HeavyRock","Smiling Mask","FaceOfCleric","hubris:TerracottaHorce","Molten Egg 2","Strawberry","SlaversCollar"],"acts_visited":["Exordium","TheCity"],"potions_floor_usage":[6,11,11,22,22],"damage_taken":[{"damage":7,"enemies":"Jaw Worm","floor":1,"turns":5},{"damage":6,"enemies":"Cultist","floor":3,"turns":4},{"damage":7,"enemies":"Small Slimes","floor":5,"turns":6},{"damage":31,"enemies":"Gremlin Nob","floor":6,"turns":4},{"damage":7,"enemies":"Red Slaver","floor":10,"turns":4},{"damage":10,"enemies":"Lagavulin","floor":11,"turns":7},{"damage":11,"enemies":"Looter","floor":14,"turns":3},{"damage":43,"enemies":"The Guardian","floor":16,"turns":10},{"damage":14,"enemies":"Shell Parasite","floor":18,"turns":5},{"damage":24,"enemies":"Chosen","floor":19,"turns":4},{"damage":33,"enemies":"3 Cultists","floor":22,"turns":4}],"seed_played":"2252784023789908466","potions_obtained":[{"floor":3,"key":"Explosive Potion"},{"floor":5,"key":"SpeedPotion"},{"floor":10,"key":"Toxic Potion"},{"floor":16,"key":"Flashbang"},{"floor":18,"key":"Weak Potion"}],"is_trial":false,"path_per_floor":["M","?","M","?","M","E","$","R","T","M","E","?","R","M","R","B",null,"M","M","?","AVR","M"],"character_chosen":"DEFECT","items_purchased":[],"campfire_rested":3,"item_purchase_floors":[],"current_hp_per_floor":[43,43,37,37,33,2,2,24,24,17,12,12,34,24,46,10,60,47,26,26,33,0,0],"gold":329,"neow_bonus":"ONE_RARE_RELIC","is_daily":false,"chose_seed":false,"campfire_upgraded":0,"win_rate":0.0,"timestamp":1609943961,"path_taken":["M","?","?","?","?","E","$","R","T","M","E","?","R","M","R","BOSS","M","?","?","AVR","M"],"items_purchased_type":[],"build_version":"2020-12-22","purchased_purges":2,"victory":false,"max_hp_per_floor":[75,75,75,75,75,75,75,75,75,75,75,75,75,76,76,77,77,78,79,79,86,86,86],"card_choices":[{"not_picked":["Barrage","Coolheaded"],"picked":"Hologram","floor":1},{"not_picked":["Reprogram","Turbo"],"picked":"Conserve Battery","floor":3},{"not_picked":["Beam Cell","FIFO Queue"],"picked":"StuffTheSpire:Plugnplay","floor":5},{"not_picked":["Rebound","Beam Cell"],"picked":"Static Discharge","floor":6},{"not_picked":["Rebound","StuffTheSpire:Synthwave"],"picked":"Core Surge","floor":10},{"not_picked":["Conserve Battery","Cold Snap"],"picked":"Biased Cognition","floor":11},{"not_picked":["Barrage","Go for the Eyes"],"picked":"BootSequence","floor":14},{"not_picked":["Seek","Core Surge"],"picked":"Rainbow","floor":16},{"not_picked":["StuffTheSpire:Plugnplay","Undo"],"picked":"Barrage+1","floor":18},{"not_picked":["Panic Button","Time Bomb"],"picked":"StuffTheSpire:Coldhearted","floor":19},{"not_picked":["Consume","Leap"],"picked":"Coolheaded","floor":20}],"player_experience":949559,"relics_obtained":[{"floor":6,"key":"StuffTheSpire:EmeraldSignet"},{"floor":9,"key":"StuffTheSpire:HeavyRock"},{"floor":11,"key":"Smiling Mask"},{"floor":20,"key":"Molten Egg 2"}],"event_choices":[{"damage_healed":0,"gold_gain":0,"player_choice":"Upgraded","damage_taken":0,"max_hp_gain":0,"max_hp_loss":0,"event_name":"Upgrade Shrine","floor":2,"gold_loss":0,"cards_upgraded":["Hologram"]},{"damage_healed":0,"gold_gain":0,"cards_transformed":["Strike_B"],"player_choice":"Transformed","damage_taken":0,"max_hp_gain":0,"max_hp_loss":0,"event_name":"Transmorgrifier","floor":4,"gold_loss":0,"cards_obtained":["aspiration:Polymerization"]},{"damage_healed":0,"gold_gain":0,"player_choice":"Trade","damage_taken":0,"relics_obtained":["FaceOfCleric"],"max_hp_gain":0,"max_hp_loss":0,"event_name":"FaceTrader","floor":12,"gold_loss":0}],"is_beta":false,"boss_relics":[{"not_picked":["conspire:SeveredTorchhead","Empty Cage"],"picked":"hubris:TerracottaHorce"}],"items_purged_floors":[7,21],"is_endless":false,"potions_floor_spawned":[3,5,10,16,18],"killed_by":"3 Cultists","ascension_level":13}}