{"host":"tw7a6rmo9h75ssrt","time":1609896642,"event":{"mods":["AchievementEnabler","Act Like it!","BaseMod","Colored Map","Highlight Path","Minty Spire (QoL Compilation)","Permanent Neow","Quick Restart","Relic Stats","SuperFastMode"],"gold_per_floor":[115,115,40,53,66,66,66,66,66,86,39,65,100,114,114,114,114],"floor_reached":16,"playtime":716,"items_purged":["Strike_R"],"score":140,"play_id":"b2cc84b6-b0ee-41a3-9f48-85ec83e95ee2","local_time":"20210106093042","is_ascension_mode":true,"campfire_choices":[{"data":"Dark Embrace","floor":6.0,"key":"SMITH"},{"data":"Bash","floor":8.0,"key":"SMITH"},{"floor":15,"key":"REST"}],"circlet_count":0,"master_deck":["Strike_R","Strike_R","Strike_R","Strike_R","Defend_R","Defend_R","Defend_R","Defend_R","Bash+1","Cleave","Dark Embrace+1","Warcry","Pummel","Spot Weakness"],"relics":["Sozu","Happy Flower","Odd Mushroom","Bottled Tornado"],"acts_visited":["Exordium"],"potions_floor_usage":[],"damage_taken":[{"damage":0.0,"enemies":"2 Louse","floor":1.0,"turns":2.0},{"damage":0.0,"enemies":"Small Slimes","floor":4.0,"turns":3.0},{"damage":7.0,"enemies":"Jaw Worm","floor":5.0,"turns":3.0},{"damage":6.0,"enemies":"Blue Slaver","floor":10.0,"turns":4.0},{"damage":15.0,"enemies":"The Mushroom Lair","floor":12.0,"turns":3.0},{"damage":25.0,"enemies":"3 Sentries","floor":13.0,"turns":7.0},{"damage":6,"enemies":"Looter","floor":14,"turns":3},{"damage":47,"enemies":"The Guardian","floor":16,"turns":10}],"seed_played":"4774403865816627410","potions_obtained":[],"is_trial":false,"path_per_floor":["M","?","$","M","M","R","?","R","T","M","$","?","E","M","R","B"],"character_chosen":"IRONCLAD","items_purchased":["Warcry"],"campfire_rested":1,"item_purchase_floors":[11],"current_hp_per_floor":[72,72,72,72,65,65,70,70,70,64,64,49,24,18,43,0,0],"gold":114,"neow_bonus":"BOSS_RELIC","is_daily":false,"chose_seed":false,"campfire_upgraded":2,"win_rate":0.0,"timestamp":1609896642,"path_taken":["M","?","$","M","M","R","?","R","T","M","$","?","E","M","R","BOSS"],"items_purchased_type":["Card"],"build_version":"2020-12-22","purchased_purges":1,"victory":false,"max_hp_per_floor":[80,80,80,80,80,80,85,85,85,85,85,85,85,85,85,85,85],"relic_stats":{"Sozu":2,"Happy Flower":[9],"counters":[8,35],"obtain_stats":[{"Sozu":0,"Happy Flower":9,"Odd Mushroom":12,"Bottled Tornado":13,"Burning Blood":0},{"Sozu":0,"Happy Flower":3,"Odd Mushroom":5,"Bottled Tornado":6,"Burning Blood":0},{"Sozu":0,"Happy Flower":8,"Odd Mushroom":15,"Bottled Tornado":22,"Burning Blood":0}]},"card_choices":[{"not_picked":["Shrug It Off","Anger"],"picked":"Cleave","floor":1.0},{"not_picked":["Heavy Blade","Anger","Infernal Blade"],"picked":"SKIP","floor":4.0},{"not_picked":["Anger","Disarm"],"picked":"Dark Embrace","floor":5.0},{"not_picked":["Wild Strike","Power Through","Cleave"],"picked":"SKIP","floor":10.0},{"not_picked":["Thunderclap","Perfected Strike"],"picked":"Pummel","floor":12.0},{"not_picked":["Anger","Dropkick","Body Slam"],"picked":"SKIP","floor":13.0},{"not_picked":["Anger","Dropkick","Body Slam"],"picked":"SKIP","floor":13.0},{"not_picked":["Wild Strike","Evolve"],"picked":"Spot Weakness","floor":14}],"player_experience":45068,"relics_obtained":[{"floor":9.0,"key":"Happy Flower"},{"floor":12.0,"key":"Odd Mushroom"},{"floor":13.0,"key":"Bottled Tornado"}],"event_choices":[{"damage_healed":0.0,"max_hp_gain":0.0,"max_hp_loss":0.0,"gold_gain":0.0,"event_name":"Liars Game","player_choice":"Ignored","floor":2.0,"gold_loss":0.0,"damage_taken":0.0},{"damage_healed":0.0,"max_hp_gain":5.0,"max_hp_loss":0.0,"gold_gain":0.0,"event_name":"Big Fish","player_choice":"Donut","floor":7.0,"gold_loss":0.0,"damage_taken":0.0},{"damage_healed":0.0,"max_hp_gain":0.0,"max_hp_loss":0.0,"gold_gain":0.0,"event_name":"Mushrooms","player_choice":"Fought Mushrooms","floor":12.0,"gold_loss":0.0,"damage_taken":0.0}],"is_beta":false,"boss_relics":[],"items_purged_floors":[3],"is_endless":false,"potions_floor_spawned":[4,10],"killed_by":"The Guardian","ascension_level":8}}