{"host":"bf9sa99gaumonoeu","time":1609902614,"event":{"mods":["AchievementEnabler","Act Like it!","BaseMod","Better Sensory Stone","Colored Map","Colored Powertips","Downfall","Duelist Mod","Friendly Minions","Gensokyo","GifTheSpireLib","Hallownest","Hermit","Hubris","Jorbs\u0027s Wanderer Trilogy","KinomotoSakuraMod(????)","Koishi","Lobotomy","Marisa????????","Minty Spire (QoL Compilation)","Rare Cards Sparkle","Reimu??????","Remilia??????","Replay The Spire","Shop Mod","StSLib","The Administrix","The Animator","The Blue Laboratory","The Bug Knight","The Construct","The Cursed","The Disciple","The Hierophant","The Mystic","The Necromancer","The Poker Player","The Runesmith","The Senshi","The Servant 0.9.4"],"gold_per_floor":[114,126,136,147,162,39,39,65,115,128,128,128,128,141,141,242,242,262,277,277,277,296,296,328,345,345,363,463,463,474,485,485,590,590,608,374,384,402,402,402,431,431,455,455,17,30,30,39,39,29],"floor_reached":51,"playtime":5085,"items_purged":["NB:ReiMu"],"score":778,"play_id":"a3721179-29cc-4a9f-bab9-90adc31fe5cc","local_time":"20210106011014","is_ascension_mode":false,"campfire_choices":[{"data":"Conquer:ReiMu","floor":7,"key":"SMITH"},{"data":"CardOfSanctity:ReiMu","floor":12,"key":"SMITH"},{"data":"TakeOff:ReiMu","floor":15,"key":"SMITH"},{"data":"Mountainwind:ReiMu","floor":23,"key":"SMITH"},{"data":"Enchanting:ReiMu","floor":29,"key":"SMITH"},{"data":"EmergencyTakeOff:ReiMu","floor":32,"key":"SMITH"},{"data":"EmergencyTakeOff:ReiMu","floor":40,"key":"SMITH"},{"floor":42,"key":"REST"},{"floor":44,"key":"REST"},{"floor":49,"key":"REST"}],"circlet_count":0,"master_deck":["Strike_Lin:ReiMu+1","Strike_Lin:ReiMu+1","Strike_Lin:ReiMu+1","Strike_Lin:ReiMu+1","Defend_Lin:ReiMu+1","Defend_Lin:ReiMu+1","Stagnation:ReiMu","Shading:ReiMu","WonderfulDomain:ReiMu","Enchanting:ReiMu+1","RainPray2:ReiMu","WonderfulDomain:ReiMu","Mountainwind:ReiMu+1","CardOfSanctity:ReiMu+1","Conquer:ReiMu+1","Amulet:ReiMu","TakeOff:ReiMu+1","BlastKick2:ReiMu","AirStrike:ReiMu","FantasyMoon:ReiMu+1","Secret Technique","Secret Technique","FoulBorder2:ReiMu+1","UpKicking:ReiMu+1","ManaGlint:ReiMu+1","PayForSelf:ReiMu","EmergencyTakeOff:ReiMu+1","RainPray2:ReiMu+1","FineLineFantasy:ReiMu+1","HakureiPhantom:ReiMu","EmergencyTakeOff:ReiMu+1","BlastKick2:ReiMu","InherentArray:ReiMu","BarrageOfMoneybags:ReiMu+1","SpringWay:ReiMu+1","KamiRite:ReiMu","YinYang:ReiMu","expansioncontent:DashGenerateEvil","RainPray2:ReiMu","UniversalSpiritual:ReiMu+1"],"relics":["FlyPower:ReiMu","PureWhite:ReiMu","Bag of Marbles","Honey Jar","ReplayTheSpireMod:Ninjato","Letter Opener","hubris:MedicalManual","Ornamental Fan","Sozu","Strawberry","Pen Nib","hubris:Icosahedron"],"acts_visited":["Exordium","TheCity","TheBeyond"],"potions_floor_usage":[5,8,24,28,28,41,41,50],"damage_taken":[{"damage":0,"enemies":"2 Louse","floor":1,"turns":6},{"damage":0,"enemies":"Jaw Worm","floor":2,"turns":7},{"damage":1,"enemies":"Small Slimes","floor":3,"turns":3},{"damage":2,"enemies":"Blue Slaver","floor":4,"turns":4},{"damage":0,"enemies":"2 Fungi Beasts","floor":5,"turns":8},{"damage":6,"enemies":"Gremlin Nob","floor":8,"turns":5},{"damage":0,"enemies":"Large Slime","floor":10,"turns":6},{"damage":5,"enemies":"Looter","floor":14,"turns":2},{"damage":2,"enemies":"Slime Boss","floor":16,"turns":6},{"damage":3,"enemies":"Chosen","floor":18,"turns":4},{"damage":0,"enemies":"Shell Parasite","floor":19,"turns":5},{"damage":2,"enemies":"Snake Plant","floor":22,"turns":4},{"damage":6,"enemies":"Book of Stabbing","floor":24,"turns":5},{"damage":0,"enemies":"Centurion and Healer","floor":25,"turns":6},{"damage":0,"enemies":"3 Cultists","floor":27,"turns":3},{"damage":3,"enemies":"Colosseum Slavers","floor":28,"turns":3},{"damage":11,"enemies":"Colosseum Nobs","floor":28,"turns":4},{"damage":0,"enemies":"Sentry and Sphere","floor":30,"turns":4},{"damage":0,"enemies":"Shelled Parasite and Fungi","floor":31,"turns":4},{"damage":1,"enemies":"Pondfish","floor":33,"turns":7},{"damage":3,"enemies":"3 Darklings","floor":35,"turns":4},{"damage":2,"enemies":"3 Shapes","floor":37,"turns":3},{"damage":14,"enemies":"Sphere and 2 Shapes","floor":38,"turns":5},{"damage":25,"enemies":"Reptomancer","floor":41,"turns":6},{"damage":3,"enemies":"Transient","floor":46,"turns":5},{"damage":25,"enemies":"3 Darklings","floor":48,"turns":3},{"damage":18,"enemies":"Replay:Hell Engine","floor":50,"turns":7}],"seed_played":"7715495229115905629","potions_obtained":[{"floor":4,"key":"blueLaboratory:BottleOfVodka"},{"floor":5,"key":"Flashbang"},{"floor":14,"key":"SpeedPotion"},{"floor":16,"key":"SkillPotion"},{"floor":22,"key":"blueLaboratory:BottledHope"},{"floor":24,"key":"blueLaboratory:HorrorPotion"},{"floor":25,"key":"SkillPotion"},{"floor":28,"key":"blueLaboratory:AbyssPotion"},{"floor":30,"key":"SteroidPotion"},{"floor":33,"key":"Energy Potion"}],"is_trial":false,"path_per_floor":["M","M","M","M","M","$","R","E","T","M","?","R","?","M","R","B",null,"M","M","?","?","M","R","E","M","T","M","?","R","M","M","R","B",null,"M","$","M","M","?","R","E","R","T","R","$","M","?","M","R","B",null],"character_chosen":"REIMU","items_purchased":["CardOfSanctity:ReiMu","Conquer:ReiMu","BlastKick2:ReiMu","InherentArray:ReiMu","YinYang:ReiMu","expansioncontent:DashGenerateEvil","RainPray2:ReiMu"],"campfire_rested":3,"item_purchase_floors":[6,6,36,36,45,45,45],"current_hp_per_floor":[65,65,64,62,62,62,62,56,56,56,56,56,49,44,44,42,65,62,62,62,62,60,60,54,54,54,54,40,40,40,40,40,39,65,62,62,60,46,46,46,28,49,49,70,70,67,67,42,63,45],"gold":29,"neow_bonus":"TRANSFORM_CARD","is_daily":false,"chose_seed":false,"campfire_upgraded":7,"win_rate":0.0,"timestamp":1609902614,"path_taken":["M","M","M","M","M","$","R","E","T","M","?","R","?","M","R","BOSS","M","M","?","?","M","R","E","M","T","M","?","R","M","M","R","BOSS","M","$","M","M","?","R","E","R","T","R","$","M","?","M","R","BOSS"],"items_purchased_type":["Card","Card","Card","Card","Card","Card","Card"],"build_version":"2020-12-22","purchased_purges":1,"victory":true,"max_hp_per_floor":[65,65,65,65,65,65,65,65,65,65,65,65,65,65,65,65,65,65,65,65,65,65,65,65,65,65,65,65,65,65,65,65,65,65,65,65,65,65,65,65,72,72,72,72,72,72,72,72,72,72],"card_choices":[{"not_picked":["Amulet:ReiMu","YinYangSange:ReiMu"],"picked":"WonderfulDomain:ReiMu","floor":1},{"not_picked":["Intuition:ReiMu","EmergencyTakeOff:ReiMu"],"picked":"Enchanting:ReiMu","floor":2},{"not_picked":["SubAcupoint:ReiMu","EmergencyTakeOff:ReiMu"],"picked":"RainPray2:ReiMu","floor":3},{"not_picked":["MountainWay:ReiMu","CollectionFlower2:ReiMu"],"picked":"WonderfulDomain:ReiMu","floor":4},{"not_picked":["AirStrike:ReiMu","EmergencyTakeOff:ReiMu"],"picked":"Mountainwind:ReiMu","floor":5},{"not_picked":["YinYangSign:ReiMu","KamiSacrifice:ReiMu"],"picked":"Amulet:ReiMu","floor":8},{"not_picked":["YinYangSange:ReiMu","EmergencyTakeOff:ReiMu","SpringWay:ReiMu"],"picked":"SKIP","floor":10},{"not_picked":["BarrageOfMoneybags:ReiMu","AirStrike:ReiMu"],"picked":"TakeOff:ReiMu","floor":14},{"not_picked":["KyokaiOfKami:ReiMu","KamiRite:ReiMu"],"picked":"BlastKick2:ReiMu","floor":16},{"not_picked":["NineCharacters:ReiMu+1","TightArray:ReiMu","PassingAway:ReiMu"],"picked":"AirStrike:ReiMu","floor":18},{"not_picked":["MountainWay:ReiMu","ManaGlint:ReiMu","FantasyBorder:ReiMu+1"],"picked":"FantasyMoon:ReiMu","floor":19},{"not_picked":["Jack Of All Trades","Metamorphosis","Deep Breath"],"picked":"Secret Technique","floor":20},{"not_picked":["Metamorphosis","expansioncontent:QuickStudy","Mind Blast"],"picked":"Secret Technique","floor":20},{"not_picked":["Enchanting:ReiMu","SpreadBorder2:ReiMu","CareerPray:ReiMu"],"picked":"FoulBorder2:ReiMu+1","floor":22},{"not_picked":["AlertArray:ReiMu","WonderfulDomain:ReiMu+1","SafetyPray:ReiMu"],"picked":"UpKicking:ReiMu+1","floor":24},{"not_picked":["FantasyBorder:ReiMu","PhosphorusFlame:ReiMu","TightArray:ReiMu"],"picked":"ManaGlint:ReiMu+1","floor":25},{"not_picked":["Intuition:ReiMu","TakeOff:ReiMu","SafetyPray:ReiMu"],"picked":"PayForSelf:ReiMu","floor":27},{"not_picked":["CareerPray:ReiMu","WonderfulDomain:ReiMu","AirStrike:ReiMu"],"picked":"EmergencyTakeOff:ReiMu","floor":28},{"not_picked":["Dreaming:ReiMu","Intuition:ReiMu","DoubleButterfly:ReiMu+1"],"picked":"RainPray2:ReiMu+1","floor":30},{"not_picked":["FantasyMoon:ReiMu","SubcavityInstant:ReiMu","YinYangSange:ReiMu"],"picked":"FineLineFantasy:ReiMu+1","floor":31},{"not_picked":["Dreaming:ReiMu","KyokaiOfKami:ReiMu","KamiRite:ReiMu"],"picked":"HakureiPhantom:ReiMu","floor":33},{"not_picked":["SpiritualOutbreak2:ReiMu","AirStrike:ReiMu+1","OrbThrow:ReiMu+1"],"picked":"EmergencyTakeOff:ReiMu","floor":35},{"not_picked":["AlertArray:ReiMu","SubcavityInstant:ReiMu","SubAcupoint:ReiMu+1"],"picked":"BarrageOfMoneybags:ReiMu+1","floor":37},{"not_picked":["Amulet:ReiMu","LovePray:ReiMu","AirStrike:ReiMu+1"],"picked":"SpringWay:ReiMu+1","floor":38},{"not_picked":["SubcavityInstant:ReiMu+1","FoulBorder2:ReiMu+1","FantasyBorder:ReiMu+1"],"picked":"KamiRite:ReiMu","floor":41},{"not_picked":["LovePray:ReiMu","PhosphorusFlame:ReiMu+1","Conquer:ReiMu+1"],"picked":"UniversalSpiritual:ReiMu+1","floor":46},{"not_picked":["SubAcupoint:ReiMu+1","SubcavityInstant:ReiMu","TightArray:ReiMu+1","CareerPray:ReiMu"],"picked":"SKIP","floor":48}],"player_experience":800542,"relics_obtained":[{"floor":8,"key":"PureWhite:ReiMu"},{"floor":9,"key":"Bag of Marbles"},{"floor":24,"key":"ReplayTheSpireMod:Ninjato"},{"floor":26,"key":"Letter Opener"},{"floor":28,"key":"hubris:MedicalManual"},{"floor":28,"key":"Ornamental Fan"},{"floor":41,"key":"Strawberry"},{"floor":43,"key":"Pen Nib"}],"event_choices":[{"damage_healed":0,"gold_gain":0,"player_choice":"Ignored","damage_taken":0,"max_hp_gain":0,"max_hp_loss":0,"event_name":"Liars Game","floor":11,"gold_loss":0},{"cards_removed":["Defend_Lin:ReiMu"],"damage_healed":0,"gold_gain":0,"player_choice":"Card Removal","damage_taken":7,"max_hp_gain":0,"max_hp_loss":0,"event_name":"Golden Wing","floor":13,"gold_loss":0},{"damage_healed":0,"gold_gain":2,"player_choice":"1","damage_taken":0,"max_hp_gain":0,"max_hp_loss":0,"event_name":"betterStone:BetterStone","floor":20,"gold_loss":0},{"damage_healed":0,"gold_gain":0,"player_choice":"Simplicity","damage_taken":0,"max_hp_gain":0,"max_hp_loss":0,"event_name":"Back to Basics","floor":21,"gold_loss":0,"cards_upgraded":["Strike_Lin:ReiMu","Strike_Lin:ReiMu","Strike_Lin:ReiMu","Strike_Lin:ReiMu","Defend_Lin:ReiMu","Defend_Lin:ReiMu"]},{"damage_healed":0,"gold_gain":0,"player_choice":"Fight","damage_taken":0,"max_hp_gain":0,"max_hp_loss":0,"event_name":"Colosseum","floor":28,"gold_loss":0},{"damage_healed":0,"gold_gain":0,"player_choice":"Fought Nobs","damage_taken":0,"max_hp_gain":0,"max_hp_loss":0,"event_name":"Colosseum","floor":28,"gold_loss":0}],"is_beta":false,"boss_relics":[{"not_picked":["hubris:BlackHole","Kintsugi"],"picked":"Honey Jar"},{"not_picked":["hubris:HollowSoul","Replay:Wanted Poster"],"picked":"Sozu"}],"items_purged_floors":[45],"is_endless":false,"potions_floor_spawned":[4,5,14,16,22,24,25,28,30,33,35,41,48],"ascension_level":0}}