{"host":"uv231blk40vjdojr","time":1609952467,"event":{"mods":["BaseMod","Minty Spire (QoL Compilation)","Relic Stats"],"gold_per_floor":[109,384,399,13,32,64,64,64,111,111,145,65,100,120,120,216,216,141,141,141],"floor_reached":19,"playtime":999,"items_purged":["Regret"],"score":329,"play_id":"7b8d3320-889e-404a-8c6c-e103197a6f09","local_time":"20210106180107","is_ascension_mode":true,"campfire_choices":[{"floor":7,"key":"REST"},{"data":"Well Laid Plans","floor":15,"key":"SMITH"}],"circlet_count":0,"master_deck":["AscendersBane","Strike_G","Strike_G","Strike_G","Strike_G","Strike_G","Defend_G","Defend_G","Defend_G","Defend_G","Defend_G","Survivor","Neutralize","Parasite","A Thousand Cuts","Finisher","Sucker Punch","Choke","Cloak And Dagger","Predator","Well Laid Plans+1","Malaise","Infinite Blades","Blade Dance","Tools of the Trade","Dagger Spray"],"relics":["Ring of the Snake","Anchor","Regal Pillow","Golden Idol","Bag of Preparation","Incense Burner","Eternal Feather","HoveringKite"],"acts_visited":["Exordium","TheCity"],"potions_floor_usage":[6,11,16],"damage_taken":[{"damage":3,"enemies":"Jaw Worm","floor":1,"turns":5},{"damage":13,"enemies":"Cultist","floor":3,"turns":5},{"damage":3,"enemies":"Small Slimes","floor":5,"turns":4},{"damage":37,"enemies":"Lagavulin","floor":6,"turns":8},{"damage":14,"enemies":"3 Sentries","floor":11,"turns":6},{"damage":20,"enemies":"Gremlin Nob","floor":13,"turns":4},{"damage":2,"enemies":"2 Fungi Beasts","floor":14,"turns":3},{"damage":30,"enemies":"Hexaghost","floor":16,"turns":11},{"damage":11,"enemies":"2 Thieves","floor":18,"turns":5},{"damage":36,"enemies":"Spheric Guardian","floor":19,"turns":5}],"seed_played":"-7921089935147416185","potions_obtained":[{"floor":1,"key":"PowerPotion"},{"floor":3,"key":"DuplicationPotion"},{"floor":6,"key":"Swift Potion"},{"floor":14,"key":"EssenceOfSteel"}],"is_trial":false,"path_per_floor":["M","?","M","$","M","E","R","?","T","?","E","$","E","M","R","B",null,"M","M"],"character_chosen":"THE_SILENT","items_purchased":["Anchor","Choke","Cloak And Dagger","Infinite Blades"],"campfire_rested":1,"item_purchase_floors":[4,4,4,12],"current_hp_per_floor":[56,56,43,43,40,3,37,37,37,57,43,43,23,21,33,3,46,35,0,0],"gold":141,"neow_bonus":"THREE_RARE_CARDS","is_daily":false,"chose_seed":false,"campfire_upgraded":1,"win_rate":0.0,"timestamp":1609952467,"path_taken":["M","?","M","$","?","E","R","?","T","?","E","$","E","M","R","BOSS","M","M"],"items_purchased_type":["Relic","Card","Card","Card"],"build_version":"2020-12-22","purchased_purges":1,"victory":false,"max_hp_per_floor":[66,66,66,66,66,66,66,60,60,60,60,60,60,60,60,60,60,60,60,60],"relic_stats":{"Regal Pillow":15,"counters":[10,56],"Golden Idol":37,"HoveringKite":[6],"Eternal Feather":12,"Bag of Preparation":[12],"obtain_stats":[{"Anchor":4,"Regal Pillow":6,"Golden Idol":8,"HoveringKite":17,"Eternal Feather":13,"Bag of Preparation":9,"Incense Burner":11,"Ring of the Snake":0},{"Anchor":2,"Regal Pillow":4,"Golden Idol":4,"HoveringKite":8,"Eternal Feather":6,"Bag of Preparation":4,"Incense Burner":5,"Ring of the Snake":0},{"Anchor":10,"Regal Pillow":22,"Golden Idol":22,"HoveringKite":46,"Eternal Feather":32,"Bag of Preparation":22,"Incense Burner":28,"Ring of the Snake":0}],"Ring of the Snake":[20]},"card_choices":[{"not_picked":["Doppelganger","Glass Knife"],"picked":"A Thousand Cuts","floor":0},{"not_picked":["Reflex","Footwork"],"picked":"Finisher","floor":1},{"not_picked":["Cloak And Dagger","Dagger Throw"],"picked":"Sucker Punch","floor":3},{"not_picked":["Dagger Throw","Masterful Stab"],"picked":"Predator","floor":5},{"not_picked":["Sucker Punch","Caltrops"],"picked":"Well Laid Plans","floor":6},{"not_picked":["Concentrate","Cloak And Dagger"],"picked":"Malaise","floor":11},{"not_picked":["Cloak And Dagger","Backflip"],"picked":"Blade Dance","floor":13},{"not_picked":["Flying Knee","PiercingWail","Backflip"],"picked":"SKIP","floor":14},{"not_picked":["Night Terror","Die Die Die"],"picked":"Tools of the Trade","floor":16},{"not_picked":["Choke","Flying Knee"],"picked":"Dagger Spray","floor":18}],"player_experience":586356,"relics_obtained":[{"floor":6,"key":"Regal Pillow"},{"floor":9,"key":"Bag of Preparation"},{"floor":11,"key":"Incense Burner"},{"floor":13,"key":"Eternal Feather"}],"event_choices":[{"damage_healed":0,"gold_gain":275,"player_choice":"Desecrate","damage_taken":0,"max_hp_gain":0,"max_hp_loss":0,"event_name":"Golden Shrine","floor":2,"gold_loss":0,"cards_obtained":["Regret"]},{"damage_healed":0,"gold_gain":0,"player_choice":"Lose Max HP","damage_taken":0,"relics_obtained":["Golden Idol"],"max_hp_gain":0,"max_hp_loss":6,"event_name":"Golden Idol","floor":8,"gold_loss":0},{"damage_healed":20,"gold_gain":0,"player_choice":"Banana","damage_taken":0,"max_hp_gain":0,"max_hp_loss":0,"event_name":"Big Fish","floor":10,"gold_loss":0}],"is_beta":false,"boss_relics":[{"not_picked":["Velvet Choker","SacredBark"],"picked":"HoveringKite"}],"items_purged_floors":[4],"is_endless":false,"potions_floor_spawned":[1,3,6,14],"killed_by":"Spheric Guardian","ascension_level":16}}