{"host":"ecaj4hn004xnnrw9","time":1609902494,"event":{"mods":["AchievementEnabler","BaseMod","Hermit","Minty Spire (QoL Compilation)","Quick Restart","Replay The Spire","Shop Mod","StSLib","The Jungle"],"gold_per_floor":[115,115,134,309,321,333,70,96,123,135,135,135,135,35,35,132,132,145,164,164,177,4,4,4,4,4,34,34,45,45,73,73,73,73],"floor_reached":33,"playtime":941,"items_purged":["Doubt","CommonCold","Strike_B"],"score":433,"play_id":"7a8a2dd1-cdbe-4fc9-b07d-7d428cced97d","local_time":"20210106030814","is_ascension_mode":true,"campfire_choices":[{"floor":11,"key":"REST"},{"data":"Defragment","floor":15,"key":"SMITH"},{"data":"Loop","floor":23,"key":"SMITH"},{"floor":25,"key":"REST"},{"data":"Biased Cognition","floor":28,"key":"SMITH"},{"data":"Storm","floor":32,"key":"SMITH"}],"circlet_count":0,"master_deck":["Strike_B","Strike_B","Defend_B","Defend_B","Defend_B+1","Defend_B","Zap+1","Dualcast","Storm+1","Defragment+1","Coolheaded","Loop+1","Doom and Gloom","Lockon","Reboot","Seek","Leap","Biased Cognition+1","Ball Lightning"],"relics":["Cracked Core","NeowsBlessing","ReplayTheSpireMod:Lightbulb","Bronze Scales","Ring of Peace","Replay:Bronze Core","Enchiridion","Tiny Chest","Omamori","Bag of Preparation","Toxic Egg 2"],"acts_visited":["Exordium","TheCity"],"potions_floor_usage":[8,21,27,27,27],"damage_taken":[{"damage":0,"enemies":"Small Slimes","floor":1,"turns":1},{"damage":0,"enemies":"Cultist","floor":3,"turns":1},{"damage":0,"enemies":"Jaw Worm","floor":5,"turns":1},{"damage":12,"enemies":"Looter","floor":6,"turns":3},{"damage":27,"enemies":"Lagavulin","floor":8,"turns":5},{"damage":2,"enemies":"Large Slime","floor":10,"turns":5},{"damage":0,"enemies":"Slime Boss","floor":16,"turns":6},{"damage":0,"enemies":"Shell Parasite","floor":18,"turns":5},{"damage":0,"enemies":"Spheric Guardian","floor":19,"turns":4},{"damage":21,"enemies":"Cultist and Chosen","floor":21,"turns":7},{"damage":7,"enemies":"Gremlin Leader","floor":27,"turns":5},{"damage":0,"enemies":"Chosen and Byrds","floor":29,"turns":2},{"damage":15,"enemies":"Book of Stabbing","floor":31,"turns":3},{"damage":18,"enemies":"Collector","floor":33,"turns":8}],"seed_played":"-8742017338089622329","potions_obtained":[{"floor":1,"key":"SteroidPotion"},{"floor":3,"key":"Swift Potion"},{"floor":6,"key":"Strength Potion"},{"floor":16,"key":"Reflective Coating"},{"floor":21,"key":"Energy Potion"},{"floor":29,"key":"Block Potion"}],"is_trial":false,"path_per_floor":["M","?","M","?","M","M","$","E","T","M","R","?","?","$","R","B",null,"M","M","?","M","$","R","?","R","T","E","R","M","?","E","R","B"],"character_chosen":"DEFECT","items_purchased":["Loop","Doom and Gloom","Lockon","Adrenaline Potion"],"campfire_rested":2,"item_purchase_floors":[7,7,7,22],"current_hp_per_floor":[68,68,68,68,68,56,56,29,29,27,49,49,49,49,49,49,69,69,69,69,48,48,48,32,54,54,47,47,47,47,32,32,14,14],"gold":73,"neow_bonus":"THREE_ENEMY_KILL","is_daily":false,"chose_seed":false,"campfire_upgraded":4,"win_rate":0.0,"timestamp":1609902494,"path_taken":["M","?","?","?","M","M","$","E","T","M","R","?","?","$","R","BOSS","M","M","?","?","$","R","?","R","T","E","R","M","?","E","R","BOSS"],"items_purchased_type":["Card","Card","Card","Potion"],"build_version":"2020-12-22","purchased_purges":3,"victory":false,"max_hp_per_floor":[75,75,75,75,75,75,75,75,75,75,75,75,75,75,75,75,75,75,75,75,75,75,75,75,75,75,75,75,75,75,75,75,75,75],"card_choices":[{"not_picked":["Steam Power","Steam","ReplayTheSpireMod:GoodbyeWorld"],"picked":"SKIP","floor":1},{"not_picked":["Genetic Algorithm","Barrage"],"picked":"Storm","floor":3},{"not_picked":["Streamline","Compile Driver"],"picked":"Defragment","floor":5},{"not_picked":["Beam Cell","Stack"],"picked":"Coolheaded","floor":6},{"not_picked":["BasicCrystalCard","Gash"],"picked":"Reboot","floor":8},{"not_picked":["ReplaySort","Steam","Crystallizer"],"picked":"SKIP","floor":10},{"not_picked":["Fission","Hyperbeam"],"picked":"Seek","floor":16},{"not_picked":["Rebound+1","Chaos","Barrage+1"],"picked":"SKIP","floor":18},{"not_picked":["Go for the Eyes","Rebound","Ball Lightning"],"picked":"SKIP","floor":19},{"not_picked":["BasicCrystalCard","Compile Driver","Steam"],"picked":"SKIP","floor":21},{"not_picked":["Streamline","Force Field"],"picked":"Biased Cognition","floor":27},{"not_picked":["Beam Cell","Rebound"],"picked":"Ball Lightning","floor":29},{"not_picked":["Leap+1","Coolheaded+1","ReplayTheSpireMod:Repulse+1"],"picked":"SKIP","floor":31}],"player_experience":230183,"relics_obtained":[{"floor":8,"key":"ReplayTheSpireMod:Lightbulb"},{"floor":9,"key":"Bronze Scales"},{"floor":13,"key":"Ring of Peace"},{"floor":24,"key":"Enchiridion"},{"floor":26,"key":"Tiny Chest"},{"floor":27,"key":"Omamori"},{"floor":31,"key":"Toxic Egg 2"}],"event_choices":[{"damage_healed":0,"gold_gain":0,"player_choice":"Upgraded","damage_taken":0,"max_hp_gain":0,"max_hp_loss":0,"event_name":"Upgrade Shrine","floor":2,"gold_loss":0,"cards_upgraded":["Zap"]},{"damage_healed":0,"gold_gain":175,"player_choice":"AGREE","damage_taken":0,"max_hp_gain":0,"max_hp_loss":0,"event_name":"Liars Game","floor":4,"gold_loss":0,"cards_obtained":["Doubt"]},{"damage_healed":0,"gold_gain":0,"cards_transformed":["Strike_B"],"player_choice":"Transformed","damage_taken":0,"max_hp_gain":0,"max_hp_loss":0,"event_name":"Transmorgrifier","floor":20,"gold_loss":0,"cards_obtained":["Leap"]},{"damage_healed":0,"gold_gain":0,"player_choice":"Obtained Book","damage_taken":16,"max_hp_gain":0,"max_hp_loss":0,"event_name":"Cursed Tome","floor":24,"gold_loss":0},{"damage_healed":0,"gold_gain":0,"player_choice":"Gave Potion","damage_taken":0,"relics_obtained":["Bag of Preparation"],"max_hp_gain":0,"max_hp_loss":0,"event_name":"WeMeetAgain","floor":30,"gold_loss":0}],"is_beta":false,"boss_relics":[{"not_picked":["Tiny House","Astrolabe"],"picked":"Replay:Bronze Core"}],"items_purged_floors":[7,14,22],"is_endless":false,"potions_floor_spawned":[1,3,6,16,21,29],"killed_by":"Collector","ascension_level":6}}