{"host":"1q1wpq6df472foxy","time":1609931612,"event":{"mods":["BaseMod","DeckTracker","Highlight Path","Minty Spire (QoL Compilation)","Quick Restart","StSLib","SuperFastMode"],"gold_per_floor":[119,119,119,138,63,63,97,97,97,125,125,138,138,169,169,266,266,284,296,115,40,40,40,59,59,59],"floor_reached":25,"playtime":592,"items_purged":["Strike_R","Strike_R"],"score":375,"play_id":"781ccd70-071c-48a3-81e4-df6f70d2abc0","local_time":"20210106201332","is_ascension_mode":true,"campfire_choices":[{"floor":6,"key":"RECALL"},{"data":"Searing Blow","floor":8,"key":"SMITH"},{"data":"Searing Blow+1","floor":11,"key":"SMITH"},{"floor":13,"key":"REST"},{"floor":15,"key":"REST"},{"floor":23,"key":"REST"}],"circlet_count":0,"master_deck":["AscendersBane","Strike_R","Strike_R","Defend_R","Defend_R","Defend_R","Defend_R","Bash","Madness","Searing Blow+2","Double Tap","Purity"],"relics":["Burning Blood","NeowsBlessing","Happy Flower","Red Skull","InkBottle","Velvet Choker","MutagenicStrength"],"acts_visited":["Exordium","TheCity"],"potions_floor_usage":[10,14,16,18,19],"damage_taken":[{"damage":0,"enemies":"Jaw Worm","floor":1,"turns":1},{"damage":0,"enemies":"Cultist","floor":4,"turns":1},{"damage":0,"enemies":"Lagavulin","floor":7,"turns":1},{"damage":44,"enemies":"Gremlin Nob","floor":10,"turns":5},{"damage":8,"enemies":"Small Slimes","floor":12,"turns":3},{"damage":15,"enemies":"3 Sentries","floor":14,"turns":7},{"damage":70,"enemies":"Slime Boss","floor":16,"turns":13},{"damage":28,"enemies":"2 Thieves","floor":18,"turns":3},{"damage":24,"enemies":"3 Byrds","floor":19,"turns":7},{"damage":31,"enemies":"Snecko","floor":24,"turns":4},{"damage":34,"enemies":"Cultist and Chosen","floor":25,"turns":4}],"seed_played":"-4539270068394151396","potions_obtained":[{"floor":4,"key":"Explosive Potion"},{"floor":7,"key":"Block Potion"},{"floor":12,"key":"SteroidPotion"},{"floor":16,"key":"Fire Potion"},{"floor":18,"key":"Block Potion"}],"is_trial":false,"path_per_floor":["M","$","?","M","$","R","E","R","T","E","R","M","R","E","R","B",null,"M","M","$","?","?","R","M","M"],"character_chosen":"IRONCLAD","items_purchased":["Purity"],"campfire_rested":3,"item_purchase_floors":[20],"current_hp_per_floor":[78,78,78,80,80,80,80,80,80,42,42,40,64,55,79,15,64,42,24,24,24,24,48,23,0,0],"gold":59,"neow_bonus":"THREE_ENEMY_KILL","is_daily":false,"chose_seed":false,"campfire_upgraded":2,"win_rate":0.0,"timestamp":1609931612,"path_taken":["M","$","?","M","$","R","E","R","T","E","R","?","R","E","R","BOSS","M","M","$","?","?","R","M","M"],"items_purchased_type":["Card"],"build_version":"2020-12-22","purchased_purges":2,"victory":false,"max_hp_per_floor":[80,80,80,80,80,80,80,80,80,80,80,80,80,80,80,80,80,80,80,80,80,80,80,80,80,80],"card_choices":[{"not_picked":["Anger","Sever Soul","Twin Strike"],"picked":"SKIP","floor":1},{"not_picked":["Wild Strike","Combust"],"picked":"Searing Blow","floor":4},{"not_picked":["Warcry","Rupture","Seeing Red"],"picked":"SKIP","floor":7},{"not_picked":["Searing Blow","Rupture","Shrug It Off"],"picked":"SKIP","floor":10},{"not_picked":["Pommel Strike","Clash","Flame Barrier"],"picked":"SKIP","floor":12},{"not_picked":["Clash","Entrench","Ghostly Armor"],"picked":"SKIP","floor":14},{"not_picked":["Berserk","Limit Break"],"picked":"Double Tap","floor":16},{"not_picked":["Warcry","Flame Barrier","Rupture+1"],"picked":"SKIP","floor":18},{"not_picked":["Dropkick+1","Perfected Strike","Flex"],"picked":"SKIP","floor":19},{"not_picked":["Thunderclap","Perfected Strike","Rampage"],"picked":"SKIP","floor":24}],"player_experience":379287,"relics_obtained":[{"floor":7,"key":"Happy Flower"},{"floor":10,"key":"Red Skull"},{"floor":14,"key":"InkBottle"}],"event_choices":[{"damage_healed":0,"gold_gain":0,"player_choice":"1 cards matched","damage_taken":0,"max_hp_gain":0,"max_hp_loss":0,"event_name":"Match and Keep!","floor":3,"gold_loss":0,"cards_obtained":["Madness"]},{"cards_removed":["Strike_R"],"damage_healed":0,"gold_gain":0,"player_choice":"Gave Gold","damage_taken":0,"max_hp_gain":0,"max_hp_loss":0,"event_name":"Beggar","floor":21,"gold_loss":75},{"damage_healed":0,"gold_gain":0,"player_choice":"Inject Mutagens","damage_taken":0,"relics_obtained":["MutagenicStrength"],"max_hp_gain":0,"max_hp_loss":0,"event_name":"Drug Dealer","floor":22,"gold_loss":0}],"is_beta":false,"boss_relics":[{"not_picked":["Busted Crown","Black Blood"],"picked":"Velvet Choker"}],"items_purged_floors":[5,20],"is_endless":false,"potions_floor_spawned":[4,7,12,16,18],"killed_by":"Cultist and Chosen","ascension_level":11}}