{"host":"ivg6uxy7auliciht","time":1609909822,"event":{"mods":["BaseMod","Googly Eyes","Hermit","Minty Spire (QoL Compilation)","Replay The Spire","Shop Mod","StSLib","The Cursed"],"gold_per_floor":[114,132,132,143,162,162,162,53,53,86,99,118,118,132,132,262,362,376,400,420,441,441,472,472,522,522,540,563,583,583,598,598,598,598],"floor_reached":33,"playtime":4651,"items_purged":[],"score":325,"play_id":"2dcb55f2-8f33-4fc6-877d-7cf79ee60260","local_time":"20210106001022","is_ascension_mode":false,"campfire_choices":[{"data":"TheCursedMod:TroublousMinions","floor":6,"key":"SMITH"},{"data":"TheCursedMod:ForbiddenAlchemy","floor":15,"key":"SMITH"},{"data":"TheCursedMod:HellfireBreathing","floor":24,"key":"SMITH"},{"data":"TheCursedMod:FleshFromBone","floor":30,"key":"SMITH"},{"floor":32,"key":"REST"}],"circlet_count":0,"master_deck":["TheCursedMod:Strike_TheCursed","TheCursedMod:Strike_TheCursed","TheCursedMod:Strike_TheCursed","TheCursedMod:Strike_TheCursed","TheCursedMod:Defend_TheCursed","TheCursedMod:Defend_TheCursed","TheCursedMod:Defend_TheCursed","TheCursedMod:Defend_TheCursed","TheCursedMod:CursedWand+1","TheCursedMod:CleanUpWorkshop","TheCursedMod:Dregs","TheCursedMod:SpitefulStrike","TheCursedMod:CursedShiv","TheCursedMod:DoubleShield","TheCursedMod:TroublousMinions+1","Parasite","TheCursedMod:HellsGateOpen","TheCursedMod:HellsGateOpen","TheCursedMod:Wield","TheCursedMod:CursedShiv","TheCursedMod:ForbiddenAlchemy+1","TheCursedMod:SmokeScreen","Injury","TheCursedMod:DoubleShield","TheCursedMod:Neurasthenia","TheCursedMod:Wield","TheCursedMod:DoubleShield+1","TheCursedMod:SpitefulStrike","TheCursedMod:WearCloak","TheCursedMod:HellfireBreathing+1","TheCursedMod:SoulCrush+1","TheCursedMod:FleshFromBone+1","TheCursedMod:Evocation","TheCursedMod:CollectTribute"],"relics":["TheCursedMod:BlackMagic101","Onion Ring","Potion Belt","Golden Idol","Replay:Wanted Poster","Enchiridion","Meat on the Bone","TheCursedMod:DemonicMark"],"acts_visited":["Exordium","TheCity"],"potions_floor_usage":[16,16,16,16,16,16,16,16,16,16,18,19,20,21,23,23,23,23,23,27,28,28,28,28,28,28,29,29,29,29,33,33,33,33,33,33],"damage_taken":[{"damage":0,"enemies":"Small Slimes","floor":1,"turns":3},{"damage":0,"enemies":"2 Louse","floor":2,"turns":3},{"damage":7,"enemies":"Jaw Worm","floor":4,"turns":3},{"damage":4,"enemies":"Large Slime","floor":5,"turns":6},{"damage":0,"enemies":"Replay:BlueRogue","floor":10,"turns":4},{"damage":3,"enemies":"Looter","floor":11,"turns":2},{"damage":2,"enemies":"Blue Slaver","floor":12,"turns":2},{"damage":6,"enemies":"Gremlin Gang","floor":14,"turns":5},{"damage":68,"enemies":"Fading Forest","floor":16,"turns":11},{"damage":11,"enemies":"3 Byrds","floor":18,"turns":7},{"damage":13,"enemies":"Chosen","floor":19,"turns":5},{"damage":5,"enemies":"Snake Plant","floor":20,"turns":6},{"damage":0,"enemies":"Cultist and Chosen","floor":21,"turns":6},{"damage":0,"enemies":"Book of Stabbing","floor":23,"turns":5},{"damage":1,"enemies":"Centurion and Healer","floor":27,"turns":6},{"damage":4,"enemies":"Sentry and Sphere","floor":28,"turns":5},{"damage":0,"enemies":"Snecko","floor":29,"turns":4},{"damage":0,"enemies":"Centurion and Healer","floor":31,"turns":7},{"damage":171,"enemies":"Champ","floor":33,"turns":6}],"seed_played":"2270861738291684554","potions_obtained":[{"floor":1,"key":"Venom Potion"},{"floor":4,"key":"DistilledChaos"},{"floor":12,"key":"DuplicationPotion"},{"floor":14,"key":"Languid Potion"},{"floor":18,"key":"LifebloodPotion"},{"floor":21,"key":"DistilledChaos"},{"floor":23,"key":"Elixir"},{"floor":29,"key":"PowerPotion"}],"is_trial":false,"path_per_floor":["M","M","?","M","M","R","?","$","T","E","M","M","?","M","R","B",null,"M","M","M","M","?","E","R","?","T","M","M","M","R","M","R","B"],"character_chosen":"THE_CURSED","items_purchased":["TheCursedMod:HellsGateOpen","TheCursedMod:Wield"],"campfire_rested":1,"item_purchase_floors":[8,8],"current_hp_per_floor":[82,82,82,75,71,71,82,82,82,82,79,77,77,71,71,3,82,71,58,53,53,37,37,37,37,37,48,44,44,44,44,68,0,0],"gold":598,"neow_bonus":"TEN_PERCENT_HP_BONUS","is_daily":false,"chose_seed":false,"campfire_upgraded":4,"win_rate":0.0,"timestamp":1609909822,"path_taken":["M","M","?","M","M","R","?","?","T","E","M","M","?","M","R","BOSS","M","M","M","M","?","E","R","?","T","M","M","M","R","M","R","BOSS"],"items_purchased_type":["Card","Card"],"build_version":"2020-12-22","purchased_purges":0,"victory":false,"max_hp_per_floor":[82,82,82,82,82,82,82,82,82,82,82,82,82,82,82,82,82,82,82,82,82,82,82,82,82,82,82,82,82,82,82,82,82,82],"card_choices":[{"not_picked":["TheCursedMod:BloodBarrier","TheCursedMod:RavingStaff"],"picked":"TheCursedMod:SpitefulStrike","floor":1},{"not_picked":["TheCursedMod:CircleOfFlame","TheCursedMod:Hemoplague"],"picked":"TheCursedMod:CursedShiv","floor":2},{"not_picked":["TheCursedMod:SaltUponWound","TheCursedMod:RavingStaff"],"picked":"TheCursedMod:DoubleShield","floor":4},{"not_picked":["TheCursedMod:TacticalStrike","TheCursedMod:RavingStaff"],"picked":"TheCursedMod:TroublousMinions","floor":5},{"not_picked":["TheCursedMod:SpreadPlague","TheCursedMod:Torture"],"picked":"TheCursedMod:CursedShiv","floor":10},{"not_picked":["TheCursedMod:FleshFromBone","TheCursedMod:SoulReap"],"picked":"TheCursedMod:ForbiddenAlchemy","floor":11},{"not_picked":["TheCursedMod:CursedShiv","TheCursedMod:Obscuration"],"picked":"TheCursedMod:SmokeScreen","floor":12},{"not_picked":["TheCursedMod:CircleOfFocus","TheCursedMod:VitalStrike"],"picked":"TheCursedMod:DoubleShield","floor":14},{"not_picked":["TheCursedMod:AntiAging","TheCursedMod:CursedRelics"],"picked":"TheCursedMod:Neurasthenia","floor":16},{"not_picked":["TheCursedMod:CircleOfFlame","TheCursedMod:CircleOfWindfury"],"picked":"TheCursedMod:Wield","floor":18},{"not_picked":["TheCursedMod:CursedShiv","TheCursedMod:Stigma+1"],"picked":"TheCursedMod:DoubleShield+1","floor":19},{"not_picked":["TheCursedMod:SpreadPlague","TheCursedMod:CursedBlade"],"picked":"TheCursedMod:SpitefulStrike","floor":20},{"not_picked":["TheCursedMod:CursedBlade","TheCursedMod:CursedSpellbook"],"picked":"TheCursedMod:WearCloak","floor":21},{"not_picked":["TheCursedMod:CircleOfWindfury","TheCursedMod:CursedAmulet"],"picked":"TheCursedMod:HellfireBreathing","floor":23},{"not_picked":["TheCursedMod:VitalStrike+1","TheCursedMod:SurpriseAttack"],"picked":"TheCursedMod:SoulCrush+1","floor":27},{"not_picked":["TheCursedMod:CursedBlade","TheCursedMod:WearCloak"],"picked":"TheCursedMod:FleshFromBone","floor":28},{"not_picked":["TheCursedMod:SmokeScreen","TheCursedMod:FleshFromBone"],"picked":"TheCursedMod:Evocation","floor":29},{"not_picked":["TheCursedMod:RapidMovement","TheCursedMod:PrepareRite+1"],"picked":"TheCursedMod:CollectTribute","floor":31}],"player_experience":21050,"relics_obtained":[{"floor":9,"key":"Onion Ring"},{"floor":10,"key":"Potion Belt"},{"floor":22,"key":"Enchiridion"},{"floor":23,"key":"Meat on the Bone"},{"floor":26,"key":"TheCursedMod:DemonicMark"}],"event_choices":[{"damage_healed":0,"gold_gain":0,"player_choice":"Grow","damage_taken":0,"max_hp_gain":0,"max_hp_loss":0,"event_name":"Living Wall","floor":3,"gold_loss":0,"cards_upgraded":["TheCursedMod:CursedWand"]},{"damage_healed":20,"gold_gain":0,"player_choice":"Healed and dodged fight","damage_taken":0,"max_hp_gain":0,"max_hp_loss":0,"event_name":"Mushrooms","floor":7,"gold_loss":0,"cards_obtained":["Parasite"]},{"damage_healed":0,"gold_gain":0,"player_choice":"Take Wound","damage_taken":0,"relics_obtained":["Golden Idol"],"max_hp_gain":0,"max_hp_loss":0,"event_name":"Golden Idol","floor":13,"gold_loss":0,"cards_obtained":["Injury"]},{"damage_healed":0,"gold_gain":0,"player_choice":"Obtained Book","damage_taken":16,"max_hp_gain":0,"max_hp_loss":0,"event_name":"Cursed Tome","floor":22,"gold_loss":0},{"damage_healed":0,"gold_gain":100,"player_choice":"Bet on Murderer","damage_taken":0,"max_hp_gain":0,"max_hp_loss":0,"event_name":"The Joust","floor":25,"gold_loss":50}],"is_beta":false,"boss_relics":[{"not_picked":["Ectoplasm","SlaversCollar"],"picked":"Replay:Wanted Poster"}],"items_purged_floors":[],"is_endless":false,"potions_floor_spawned":[1,4,12,14,18,20,21,23,29,31],"killed_by":"Champ","ascension_level":0}}