{"host":"88q0baq93r2cvn7j","time":1609953868,"event":{"mods":["AchievementEnabler","Act Like it!","Arknights The Spire","BaseMod","Minty Spire (QoL Compilation)","StSLib"],"gold_per_floor":[116,116,130,130,150,180,180,200,200,200,225,256,256,181,181,285,285,297,316,329,329,344,375,375,407,434,72,171,171,171,190,190,290,290,302,352,40,54,54,54,54],"floor_reached":40,"playtime":3666,"items_purged":["ats:Strike V"],"score":432,"play_id":"1ebd863a-1c8e-4e27-9bb4-49a66793d459","local_time":"20210107012428","is_ascension_mode":false,"campfire_choices":[{"data":"ats:Part Time Job","floor":7.0,"key":"SMITH"},{"data":"ats:Thorns","floor":13.0,"key":"SMITH"},{"data":"ats:Mental Burst","floor":15.0,"key":"SMITH"},{"floor":24,"key":"REST"},{"floor":29,"key":"REST"},{"data":"ats:Soul Rend","floor":32,"key":"SMITH"}],"circlet_count":0,"master_deck":["ats:Strike G","ats:Defend","ats:Defend","ats:Defend","ats:Defend","ats:Emotion Absorption","ats:Magnetic Hammer","ats:Mental Burst+1","ats:Part Time Job+1","ats:Support Order","ats:Flexible Camouflage","ats:Song Of Battle","ats:Thorns+1","ats:Disruption Kick+1","ats:Closed Bolt Burst Fire+1","ats:Blood Oath+1","ats:Ignite+1","ats:Soul Rend+1","ats:Healing Strengthening+1","ats:Very Hot Blade+1","ats:Flame Of Heaven","ats:Ambush+1","ats:Encircling Forest+1","ats:Defend Order+1","ats:Sunburst+1","ats:Thermite Blade+1","ats:Thorns+1"],"relics":["ats:Sanity","Potion Belt","ats:Originium","Molten Egg 2","Eternal Feather","Orichalcum","Odd Mushroom","Boot","ats:Omniscience","Nunchaku","Question Card","Frozen Egg 2","Astrolabe","Bird Faced Urn","ats:Military Tradition"],"acts_visited":["Exordium","TheCity","TheBeyond"],"potions_floor_usage":[23,23,33,40,40,40],"damage_taken":[{"damage":2.0,"enemies":"2 Louse","floor":1.0,"turns":3.0},{"damage":0.0,"enemies":"Cultist","floor":3.0,"turns":3.0},{"damage":4.0,"enemies":"Small Slimes","floor":5.0,"turns":2.0},{"damage":11.0,"enemies":"Lagavulin","floor":6.0,"turns":6.0},{"damage":9.0,"enemies":"Blue Slaver","floor":8.0,"turns":3.0},{"damage":14.0,"enemies":"The Mushroom Lair","floor":11.0,"turns":3.0},{"damage":22.0,"enemies":"Gremlin Nob","floor":12.0,"turns":6.0},{"damage":51.0,"enemies":"Hexaghost","floor":16.0,"turns":11.0},{"damage":16.0,"enemies":"Chosen","floor":18.0,"turns":5.0},{"damage":3.0,"enemies":"3 Byrds","floor":19.0,"turns":6.0},{"damage":6.0,"enemies":"3 Cultists","floor":20.0,"turns":5.0},{"damage":12.0,"enemies":"Snecko","floor":22.0,"turns":5.0},{"damage":39,"enemies":"Slavers","floor":23,"turns":4},{"damage":38,"enemies":"Book of Stabbing","floor":25,"turns":5},{"damage":0,"enemies":"Chosen and Byrds","floor":31,"turns":5},{"damage":67,"enemies":"Champ","floor":33,"turns":12},{"damage":61,"enemies":"3 Darklings","floor":35,"turns":6},{"damage":17,"enemies":"Mind Bloom Boss Battle","floor":36,"turns":8},{"damage":17,"enemies":"3 Shapes","floor":38,"turns":5},{"damage":154,"enemies":"Giant Head","floor":40,"turns":11}],"seed_played":"-3231125280046335582","potions_obtained":[{"floor":1.0,"key":"Block Potion"},{"floor":5.0,"key":"LiquidMemories"},{"floor":16.0,"key":"CultistPotion"},{"floor":20.0,"key":"Energy Potion"},{"floor":31,"key":"DistilledChaos"},{"floor":33,"key":"GamblersBrew"},{"floor":35,"key":"Strength Potion"},{"floor":38,"key":"Block Potion"}],"is_trial":false,"path_per_floor":["M","?","M","?","M","E","R","M","T","T","?","E","R","$","R","B",null,"M","M","M","?","M","E","R","E","T","$","?","R","?","M","R","B",null,"M","?","$","M","?","E"],"character_chosen":"DOCTOR_CLASS","items_purchased":["Frozen Egg 2","ats:Healing Strengthening+1","ats:Very Hot Blade+1","ats:Thorns+1","ats:Military Tradition"],"campfire_rested":2,"item_purchase_floors":[27,27,27,37,37],"current_hp_per_floor":[70,70,70,70,66,61,61,54,54,54,44,30,39,39,48,9,72,57,58,57,48,42,14,47,15,15,15,15,48,48,70,72,54,72,24,49,49,72,72,0,0],"gold":54,"neow_bonus":"RANDOM_COMMON_RELIC","is_daily":false,"chose_seed":false,"campfire_upgraded":4,"win_rate":0.0,"timestamp":1609953868,"path_taken":["M","?","?","?","M","E","R","M","T","?","?","E","R","$","R","BOSS","M","M","M","?","M","E","R","E","T","$","?","R","?","M","R","BOSS","M","?","$","M","?","E"],"items_purchased_type":["Relic","Card","Card","Card","Relic"],"build_version":"2020-12-22","purchased_purges":1,"victory":false,"max_hp_per_floor":[72,72,72,72,72,72,72,72,72,72,72,72,72,72,72,72,72,72,72,72,72,72,72,72,72,72,72,72,72,72,72,72,72,72,72,72,72,72,72,72,72],"card_choices":[{"not_picked":["ats:Flame Of Heaven","ats:Very Hot Blade"],"picked":"ats:Magnetic Hammer","floor":1.0},{"not_picked":["ats:Mental Burst","ats:Red Shift"],"picked":"ats:Part Time Job","floor":3.0},{"not_picked":["ats:Automatic Cover","ats:Consecutive Shot Auto","ats:Assault Order"],"picked":"SKIP","floor":5.0},{"not_picked":["ats:Curse Doll","ats:Hammer On+1"],"picked":"ats:Support Order","floor":6.0},{"not_picked":["ats:Consecutive Shot Auto+1","ats:Leaping Hammer+1"],"picked":"ats:Flexible Camouflage","floor":8.0},{"not_picked":["ats:Poison Spread+1","ats:Assault Order"],"picked":"ats:Song Of Battle","floor":11.0},{"not_picked":["ats:Poison Spread+1","ats:Shell Defense"],"picked":"ats:Thorns","floor":12.0},{"not_picked":["ats:Soul Rend","ats:Ambush"],"picked":"ats:Disruption Kick+1","floor":16.0},{"not_picked":["ats:Poison Spread+1","ats:Healing Drone"],"picked":"ats:Closed Bolt Burst Fire+1","floor":18.0},{"not_picked":["ats:Ignite+1","ats:Cat Scratch+1"],"picked":"ats:Blood Oath+1","floor":19.0},{"not_picked":["ats:Poison Spread+1","ats:Cat Scratch+1","ats:Ignite+1"],"picked":"SKIP","floor":20.0},{"not_picked":["ats:Hook Shot","ats:Curse Doll"],"picked":"ats:Ignite+1","floor":22.0},{"not_picked":["ats:Childhood Dance","ats:Revitalization"],"picked":"ats:Soul Rend","floor":23},{"not_picked":["ats:Ignite+1","ats:LN2 Cannon+1","ats:Collapsing Strike+1"],"picked":"SKIP","floor":25},{"not_picked":["ats:Consecutive Shot Auto+1","ats:Support Order","ats:Curse Doll"],"picked":"ats:Flame Of Heaven","floor":31},{"not_picked":["ats:Durian","ats:Roar Of Ursus+1","ats:True Silver Slash+1"],"picked":"ats:Ambush+1","floor":33},{"not_picked":["ats:Leaping Hammer+1","ats:Flexible Camouflage","ats:Poison Spread+1"],"picked":"ats:Sunburst+1","floor":35},{"not_picked":["ats:Shell Defense","ats:Cat Scratch+1","ats:Beaten Up+1"],"picked":"ats:Thermite Blade+1","floor":36},{"not_picked":["ats:Revitalization","ats:Ignite+1","ats:Curse Doll","ats:Leaping Hammer+1"],"picked":"SKIP","floor":38}],"player_experience":329773,"relics_obtained":[{"floor":6.0,"key":"ats:Originium"},{"floor":6.0,"key":"Molten Egg 2"},{"floor":9.0,"key":"Eternal Feather"},{"floor":10.0,"key":"Orichalcum"},{"floor":11.0,"key":"Odd Mushroom"},{"floor":12.0,"key":"ats:Originium"},{"floor":12.0,"key":"Boot"},{"floor":23,"key":"ats:Originium"},{"floor":23,"key":"Nunchaku"},{"floor":25,"key":"Question Card"},{"floor":36,"key":"Bird Faced Urn"}],"event_choices":[{"damage_healed":0.0,"max_hp_gain":0.0,"max_hp_loss":0.0,"gold_gain":0.0,"event_name":"Match and Keep!","player_choice":"1 cards matched","floor":2.0,"gold_loss":0.0,"damage_taken":0.0,"cards_obtained":["ats:Mental Burst"]},{"damage_healed":0.0,"max_hp_gain":0.0,"max_hp_loss":0.0,"gold_gain":0.0,"event_name":"Golden Wing","player_choice":"Ignored","floor":4.0,"gold_loss":0.0,"damage_taken":0.0},{"damage_healed":0.0,"max_hp_gain":0.0,"max_hp_loss":0.0,"gold_gain":0.0,"event_name":"Mushrooms","player_choice":"Fought Mushrooms","floor":11.0,"gold_loss":0.0,"damage_taken":0.0},{"damage_healed":0.0,"max_hp_gain":0.0,"max_hp_loss":0.0,"gold_gain":0.0,"event_name":"Cursed Tome","player_choice":"Stopped","floor":21.0,"gold_loss":0.0,"damage_taken":9.0},{"damage_healed":0,"gold_gain":99,"player_choice":"Stole From Cult","damage_taken":0,"max_hp_gain":0,"max_hp_loss":0,"event_name":"Nest","floor":28,"gold_loss":0},{"damage_healed":0,"gold_gain":0,"player_choice":"Ignored","damage_taken":0,"max_hp_gain":0,"max_hp_loss":0,"event_name":"Ghosts","floor":30,"gold_loss":0},{"damage_healed":0,"gold_gain":0,"player_choice":"Fight","damage_taken":0,"max_hp_gain":0,"max_hp_loss":0,"event_name":"MindBloom","floor":36,"gold_loss":0},{"cards_removed":["ats:Ambush"],"damage_healed":0,"gold_gain":0,"player_choice":"Removed Power","damage_taken":0,"max_hp_gain":0,"max_hp_loss":0,"event_name":"Falling","floor":39,"gold_loss":0}],"is_beta":false,"boss_relics":[{"not_picked":["Sozu","SacredBark"],"picked":"ats:Omniscience"},{"not_picked":["Philosopher\u0027s Stone","SlaversCollar"],"picked":"Astrolabe"}],"items_purged_floors":[14],"is_endless":false,"potions_floor_spawned":[1,5,16,20,31,33,35,38],"killed_by":"Giant Head","ascension_level":0}}