{"host":"fdmexzkyss3ff9bv","time":1609965873,"event":{"mods":["BaseMod","Beaked The Cultist","BetterRewards","Downfall","Glutton Mod","Halation","Hubris","Infinite Spire","Minty Spire (QoL Compilation)","Replay The Spire","StSLib","The Animator","The Blackbeard","The Bug Knight","The Construct","The Mystic","The Servant 0.9.4","The Witch"],"gold_per_floor":[117,132,407,28,44,75,75,106,106,121,135,145,145,147,147,149,149,0,0],"floor_reached":18,"playtime":1280,"items_purged":["Regret"],"score":197,"play_id":"a96d775b-aa58-4a2b-b5d0-dc333ccedbe4","local_time":"20210106214433","is_ascension_mode":false,"campfire_choices":[{"floor":7,"key":"REST"},{"data":"Defragment","floor":7,"key":"SMITH"},{"data":"Genetic Algorithm","floor":7,"key":"SMITH"},{"floor":13,"key":"REST"},{"data":"Self Repair","floor":13,"key":"SMITH"},{"data":"BasicCrystalCard","floor":13,"key":"SMITH"},{"floor":15,"key":"REST"},{"data":"Defend_B","floor":15,"key":"SMITH"},{"data":"Defend_B","floor":15,"key":"SMITH"}],"circlet_count":0,"master_deck":["Strike_B","Strike_B","Strike_B","Strike_B","Defend_B","Defend_B","Defend_B+1","Defend_B+1","Zap","Dualcast","Sweeping Beam","Rebound","Genetic Algorithm+1","BasicCrystalCard+1","Storm","Survey Options","Loop","Defragment+1","Barrage","Self Repair+1","Doom and Gloom","Static Discharge","Steam","Gash","ReplayTheSpireMod:IOU","Melter","Melter","ReplayRNGCard"],"relics":["Cracked Core","Replay:Wax Seal","hubris:FunFungus","BargainBundle","infinitespire:Magic Flask","Replay:Arrowhead","halation:OrihimeAndHikoboshiSamaAndTears","ReplayTheSpireMod:Lightbulb","infinitespire:FocusingShard","ReplayTheSpireMod:Ninjato","halation:Yufonium"],"acts_visited":["Exordium","TheCity"],"potions_floor_usage":[6,11,16],"damage_taken":[{"damage":5,"enemies":"Small Slimes","floor":1,"turns":3},{"damage":6,"enemies":"Cultist","floor":2,"turns":4},{"damage":3,"enemies":"Jaw Worm","floor":5,"turns":4},{"damage":0,"enemies":"Replay:BlueRogue","floor":6,"turns":5},{"damage":40,"enemies":"Lagavulin","floor":8,"turns":7},{"damage":13,"enemies":"Red Slaver","floor":10,"turns":3},{"damage":5,"enemies":"Exordium Thugs","floor":11,"turns":4},{"damage":0,"enemies":"Exordium Wildlife","floor":12,"turns":3},{"damage":32,"enemies":"Hexaghost","floor":16,"turns":7},{"damage":19,"enemies":"2 Thieves","floor":18,"turns":3}],"seed_played":"-4597500746865893155","potions_obtained":[{"floor":5,"key":"ColorlessPotion"},{"floor":10,"key":"DistilledChaos"},{"floor":12,"key":"FearPotion"}],"is_trial":false,"path_per_floor":["M","M","?","$","M","E","R","E","T","M","M","M","R","$","R","B",null,"M"],"character_chosen":"DEFECT","items_purchased":["Replay:Wax Seal","hubris:FunFungus","BargainBundle","Sweeping Beam","Rebound","Genetic Algorithm","BasicCrystalCard","Storm","Survey Options","Replay:Arrowhead","ReplayTheSpireMod:Ninjato","Melter"],"campfire_rested":3,"item_purchase_floors":[0,0,0,0,0,0,0,0,0,4,14,14],"current_hp_per_floor":[35,29,29,29,26,26,48,22,22,9,13,20,42,42,64,42,75,56,56],"gold":0,"neow_bonus":"","is_daily":false,"chose_seed":false,"campfire_upgraded":6,"win_rate":0.0,"timestamp":1609965873,"path_taken":["M","M","?","$","M","E","R","E","T","M","?","M","R","$","R","BOSS","M"],"items_purchased_type":["Relic","Relic","Relic","Card","Card","Card","Card","Card","Card","Relic","Relic","Card"],"build_version":"2020-12-13","purchased_purges":1,"victory":false,"max_hp_per_floor":[75,75,75,75,75,75,75,75,75,75,75,75,75,75,75,75,75,75,75],"card_choices":[{"not_picked":["Force Field","Static Discharge"],"picked":"Loop","floor":1},{"not_picked":["White Noise","Cold Snap"],"picked":"Defragment","floor":2},{"not_picked":["Go for the Eyes","Cold Snap"],"picked":"Barrage","floor":5},{"not_picked":["Cold Snap","Panic Button"],"picked":"Self Repair","floor":6},{"not_picked":["Compile Driver","Machine Learning"],"picked":"Doom and Gloom","floor":8},{"not_picked":["Steam","Doom and Gloom"],"picked":"Static Discharge","floor":10},{"not_picked":["ReplayTheSpireMod:Repulse","Genetic Algorithm"],"picked":"Steam","floor":11},{"not_picked":["Ball Lightning","Rebound"],"picked":"Gash","floor":12},{"not_picked":["Thunder Strike","Multi-Cast"],"picked":"ReplayRNGCard","floor":16}],"player_experience":86604,"relics_obtained":[{"floor":6,"key":"halation:OrihimeAndHikoboshiSamaAndTears"},{"floor":8,"key":"ReplayTheSpireMod:Lightbulb"},{"floor":9,"key":"infinitespire:FocusingShard"}],"event_choices":[{"damage_healed":0,"gold_gain":275,"player_choice":"Desecrate","damage_taken":0,"max_hp_gain":0,"max_hp_loss":0,"event_name":"Golden Shrine","floor":3,"gold_loss":0,"cards_obtained":["Regret"]}],"is_beta":false,"boss_relics":[{"not_picked":["hubris:Stopwatch","Painkiller Herb"],"picked":"halation:Yufonium"}],"items_purged_floors":[4],"is_endless":false,"potions_floor_spawned":[5,10,12],"killed_by":"2 Thieves","ascension_level":0}}