{"host":"9b7hrp48q3pna783","time":1609925973,"event":{"mods":["BaseMod","Colored Map","Colored Powertips","Highlight Path","Minty Spire (QoL Compilation)","Relic Stats"],"gold_per_floor":[119,135,152,227,239,271,282,282,282],"floor_reached":8,"playtime":444,"items_purged":[],"score":63,"play_id":"23678c9f-9645-4f10-93c8-9405532d31ff","local_time":"20210106043933","is_ascension_mode":true,"campfire_choices":[],"circlet_count":0,"master_deck":["Strike_G+1","Strike_G","Strike_G+1","Strike_G","Strike_G","Defend_G","Defend_G","Defend_G","Defend_G","Defend_G","Survivor","Neutralize+1","Prepared","Blade Dance","Eviscerate","Underhanded Strike"],"relics":["Ring of the Snake","Whetstone"],"acts_visited":["Exordium"],"potions_floor_usage":[6],"damage_taken":[{"damage":1,"enemies":"Cultist","floor":1,"turns":5},{"damage":0,"enemies":"Small Slimes","floor":2,"turns":4},{"damage":0,"enemies":"2 Louse","floor":3,"turns":2},{"damage":0,"enemies":"Blue Slaver","floor":5,"turns":4},{"damage":21,"enemies":"Gremlin Nob","floor":6,"turns":5},{"damage":0,"enemies":"Looter","floor":7,"turns":4},{"damage":54,"enemies":"Lagavulin","floor":8,"turns":9}],"seed_played":"-1205395961259115611","potions_obtained":[{"floor":1,"key":"SkillPotion"},{"floor":6,"key":"GamblersBrew"},{"floor":7,"key":"PowerPotion"}],"is_trial":false,"path_per_floor":["M","M","M","?","M","E","M","E"],"character_chosen":"THE_SILENT","items_purchased":[],"campfire_rested":0,"item_purchase_floors":[],"current_hp_per_floor":[69,69,69,58,58,37,37,0,0],"gold":282,"neow_bonus":"UPGRADE_CARD","is_daily":false,"chose_seed":false,"campfire_upgraded":0,"win_rate":0.0,"timestamp":1609925973,"path_taken":["M","M","?","?","M","E","M","E"],"items_purchased_type":[],"build_version":"2020-12-22","purchased_purges":0,"victory":false,"max_hp_per_floor":[70,70,70,70,70,70,70,70,70],"relic_stats":{"counters":[7,33],"Whetstone":["Strike_G","Strike_G"],"obtain_stats":[{"Whetstone":6,"Ring of the Snake":0},{"Whetstone":5,"Ring of the Snake":0},{"Whetstone":20,"Ring of the Snake":0}],"Ring of the Snake":[14]},"card_choices":[{"not_picked":["Accuracy","Dodge and Roll"],"picked":"Prepared","floor":1},{"not_picked":["Accuracy","Backflip"],"picked":"Blade Dance","floor":2},{"not_picked":["Finisher","Flechettes","Dagger Spray"],"picked":"SKIP","floor":3},{"not_picked":["Quick Slash","Dodge and Roll","Underhanded Strike"],"picked":"SKIP","floor":5},{"not_picked":["Sucker Punch","Calculated Gamble"],"picked":"Eviscerate","floor":6},{"not_picked":["Sucker Punch","Outmaneuver"],"picked":"Underhanded Strike","floor":7}],"player_experience":76665,"relics_obtained":[{"floor":6,"key":"Whetstone"}],"event_choices":[{"damage_healed":0,"gold_gain":75,"player_choice":"Gather Gold","damage_taken":11,"max_hp_gain":0,"max_hp_loss":0,"event_name":"World of Goop","floor":4,"gold_loss":0}],"is_beta":false,"boss_relics":[],"items_purged_floors":[],"is_endless":false,"potions_floor_spawned":[1,6,7],"killed_by":"Lagavulin","ascension_level":1}}