{"host":"Qube","time":1609966577,"event":{"mods":["AchievementEnabler","BaseMod","Colored Map","Colored Powertips","Minty Spire (QoL Compilation)","Quick Restart","Random Character Button","StSLib"],"gold_per_floor":[114,132,132,152,172,206,218,245,295,307,307,326,360,360,360,432,432,443,38,38,50,50,78,78,111,111,111,145,145,165,179,179,250,250,269,283,295,60,60,60,60,71,71,83,98,98,125,125,125,125],"floor_reached":51,"playtime":2761,"items_purged":[],"score":1408,"play_id":"791f01b3-ddc2-4909-a03a-47004dbcf7cb","local_time":"20210106125617","is_ascension_mode":true,"campfire_choices":[{"floor":11.0,"key":"REST"},{"floor":15.0,"key":"REST"},{"data":"Armaments","floor":24.0,"key":"SMITH"},{"data":"Corruption","floor":29.0,"key":"SMITH"},{"data":"Barricade","floor":32,"key":"SMITH"},{"data":"Feel No Pain","floor":40,"key":"SMITH"},{"data":"Perfected Strike","floor":46,"key":"SMITH"},{"data":"Fiend Fire","floor":49,"key":"SMITH"}],"circlet_count":0,"master_deck":["AscendersBane","Strike_R","Strike_R","Strike_R","Strike_R","Strike_R+1","Bash+1","Perfected Strike+1","Perfected Strike","Perfected Strike","Corruption+1","Feel No Pain+1","Barricade+1","Shrug It Off","Armaments+1","Fiend Fire+1","Impervious","Reaper","Magnetism","Entrench","Clothesline","Dark Embrace","Sever Soul","Disarm","Reaper","Perfected Strike","Reaper","Perfected Strike+1","True Grit+1","Mayhem","Shrug It Off","Shrug It Off","Fiend Fire"],"relics":["Philosopher\u0027s Stone","Eternal Feather","Red Skull","Tiny Chest","Smiling Mask","The Courier","Snecko Eye","Sling","White Beast Statue","Bird Faced Urn","Darkstone Periapt","Akabeko","Dream Catcher","Empty Cage","Membership Card","Bag of Marbles","Bottled Tornado","Gambling Chip"],"acts_visited":["Exordium","TheCity","TheBeyond"],"potions_floor_usage":[30,31,33,35,36,37,44,50],"damage_taken":[{"damage":0.0,"enemies":"Cultist","floor":1.0,"turns":3.0},{"damage":8.0,"enemies":"Jaw Worm","floor":2.0,"turns":3.0},{"damage":0.0,"enemies":"2 Louse","floor":4.0,"turns":2.0},{"damage":3.0,"enemies":"2 Fungi Beasts","floor":5.0,"turns":3.0},{"damage":35.0,"enemies":"3 Sentries","floor":6.0,"turns":7.0},{"damage":3.0,"enemies":"Exordium Wildlife","floor":7.0,"turns":3.0},{"damage":13.0,"enemies":"Lagavulin","floor":8.0,"turns":6.0},{"damage":1.0,"enemies":"Gremlin Gang","floor":10.0,"turns":3.0},{"damage":0.0,"enemies":"2 Fungi Beasts","floor":12.0,"turns":2.0},{"damage":12.0,"enemies":"3 Sentries","floor":13.0,"turns":5.0},{"damage":17.0,"enemies":"Hexaghost","floor":16.0,"turns":7.0},{"damage":0.0,"enemies":"2 Thieves","floor":18.0,"turns":4.0},{"damage":0.0,"enemies":"Chosen","floor":21.0,"turns":4.0},{"damage":7.0,"enemies":"Slavers","floor":23.0,"turns":5.0},{"damage":42.0,"enemies":"Gremlin Leader","floor":25.0,"turns":4.0},{"damage":21.0,"enemies":"Book of Stabbing","floor":28.0,"turns":5.0},{"damage":21,"enemies":"Centurion and Healer","floor":30,"turns":4},{"damage":0,"enemies":"3 Cultists","floor":31,"turns":4},{"damage":33,"enemies":"Collector","floor":33,"turns":4},{"damage":36,"enemies":"3 Darklings","floor":35,"turns":6},{"damage":12,"enemies":"Orb Walker","floor":36,"turns":2},{"damage":39,"enemies":"Transient","floor":37,"turns":6},{"damage":10,"enemies":"Spire Growth","floor":42,"turns":4},{"damage":0,"enemies":"Maw","floor":44,"turns":6},{"damage":13,"enemies":"Jaw Worm Horde","floor":45,"turns":5},{"damage":0,"enemies":"Reptomancer","floor":47,"turns":5},{"damage":75,"enemies":"Donu and Deca","floor":50,"turns":8}],"seed_played":"8790973620580004928","potions_obtained":[{"floor":5.0,"key":"Swift Potion"},{"floor":8.0,"key":"Explosive Potion"},{"floor":12.0,"key":"ElixirPotion"},{"floor":13.0,"key":"ElixirPotion"},{"floor":16.0,"key":"LiquidBronze"},{"floor":18.0,"key":"Swift Potion"},{"floor":23.0,"key":"FairyPotion"},{"floor":25.0,"key":"AttackPotion"},{"floor":28.0,"key":"AttackPotion"},{"floor":30,"key":"Swift Potion"},{"floor":31,"key":"BloodPotion"},{"floor":33,"key":"DuplicationPotion"},{"floor":35,"key":"Strength Potion"},{"floor":36,"key":"Ancient Potion"},{"floor":37,"key":"ColorlessPotion"},{"floor":42,"key":"BloodPotion"},{"floor":44,"key":"DuplicationPotion"},{"floor":45,"key":"CultistPotion"}],"is_trial":false,"path_per_floor":["M","M","T","M","M","E","M","E","T","M","R","M","E","?","R","B",null,"M","$","?","M","T","E","R","E","T","?","E","R","M","M","R","B",null,"M","M","M","$","T","R","?","M","T","M","M","R","E","?","R","B",null],"character_chosen":"IRONCLAD","items_purchased":["Reaper","Sling","Magnetism","Membership Card","Mayhem","Shrug It Off"],"campfire_rested":2,"item_purchase_floors":[19,19,19,38,38,38],"current_hp_per_floor":[68,60,60,60,57,22,19,6,6,5,36,36,24,1,35,18,61,61,61,61,61,61,66,75,54,54,54,45,60,43,75,75,63,72,47,57,34,34,34,52,52,44,44,75,75,75,75,71,71,42],"gold":125,"neow_bonus":"BOSS_RELIC","is_daily":false,"chose_seed":false,"campfire_upgraded":6,"win_rate":0.0,"timestamp":1609966577,"path_taken":["M","M","?","M","M","E","M","E","T","M","R","?","E","?","R","BOSS","M","$","?","M","?","E","R","E","T","?","E","R","M","?","R","BOSS","M","?","M","$","?","R","?","?","T","M","M","R","E","?","R","BOSS"],"items_purchased_type":["Card","Relic","Card","Relic","Card","Card"],"build_version":"2020-12-18","purchased_purges":0,"victory":true,"max_hp_per_floor":[75,75,75,75,75,75,75,75,75,75,75,75,75,75,75,75,75,75,75,75,75,75,75,75,75,75,75,75,75,75,75,75,75,75,75,75,75,75,75,75,75,75,75,75,75,75,75,71,71,71],"card_choices":[{"not_picked":["True Grit","Hemokinesis"],"picked":"Perfected Strike","floor":1.0},{"not_picked":["Havoc","Reckless Charge"],"picked":"Perfected Strike","floor":2.0},{"not_picked":["Clash","Pommel Strike"],"picked":"Perfected Strike","floor":4.0},{"not_picked":["Cleave","Wild Strike"],"picked":"Corruption","floor":5.0},{"not_picked":["Body Slam","Battle Trance"],"picked":"Feel No Pain","floor":6.0},{"not_picked":["Clash","Wild Strike","Twin Strike"],"picked":"SKIP","floor":7.0},{"not_picked":["Thunderclap","Flame Barrier"],"picked":"Barricade","floor":8.0},{"not_picked":["True Grit","Clothesline"],"picked":"Shrug It Off","floor":10.0},{"not_picked":["Clash","Feel No Pain"],"picked":"Armaments","floor":12.0},{"not_picked":["Armaments","Carnage"],"picked":"Fiend Fire","floor":13.0},{"not_picked":["Exhume","Reaper"],"picked":"Impervious","floor":16.0},{"not_picked":["Warcry","Headbutt","Reckless Charge"],"picked":"SKIP","floor":18.0},{"not_picked":["Heavy Blade","Cleave"],"picked":"Entrench","floor":21.0},{"not_picked":["Anger","Combust+1"],"picked":"Clothesline","floor":23.0},{"not_picked":["Burning Pact","Iron Wave"],"picked":"Dark Embrace","floor":25.0},{"not_picked":["Flex","Twin Strike+1"],"picked":"Reaper","floor":28.0},{"not_picked":["Headbutt","Armaments","Clothesline"],"picked":"SKIP","floor":30},{"not_picked":["Body Slam","Shrug It Off"],"picked":"Perfected Strike","floor":31},{"not_picked":["Limit Break","Brutality"],"picked":"Reaper","floor":33},{"not_picked":["Pommel Strike","Armaments"],"picked":"Perfected Strike+1","floor":35},{"not_picked":["Fire Breathing","Clash"],"picked":"True Grit+1","floor":36},{"not_picked":["Anger","Havoc","Iron Wave"],"picked":"SKIP","floor":37},{"not_picked":["Reckless Charge+1","Flex","Iron Wave"],"picked":"SKIP","floor":42},{"not_picked":["Clothesline","Wild Strike"],"picked":"Shrug It Off","floor":44},{"not_picked":["Twin Strike","Sword Boomerang","Thunderclap"],"picked":"SKIP","floor":45},{"not_picked":["Body Slam","Blood for Blood"],"picked":"Fiend Fire","floor":47}],"player_experience":822773,"relics_obtained":[{"floor":3.0,"key":"Eternal Feather"},{"floor":6.0,"key":"Red Skull"},{"floor":8.0,"key":"Tiny Chest"},{"floor":9.0,"key":"Smiling Mask"},{"floor":13.0,"key":"The Courier"},{"floor":22.0,"key":"White Beast Statue"},{"floor":23.0,"key":"Bird Faced Urn"},{"floor":25.0,"key":"Darkstone Periapt"},{"floor":26.0,"key":"Akabeko"},{"floor":28.0,"key":"Dream Catcher"},{"floor":39,"key":"Bag of Marbles"},{"floor":43,"key":"Bottled Tornado"},{"floor":47,"key":"Gambling Chip"}],"event_choices":[{"damage_healed":0.0,"max_hp_gain":0.0,"max_hp_loss":0.0,"gold_gain":0.0,"event_name":"Shining Light","player_choice":"Entered Light","floor":14.0,"gold_loss":0.0,"damage_taken":23.0,"cards_upgraded":["Bash","Strike_R"]},{"damage_healed":0.0,"max_hp_gain":0.0,"max_hp_loss":0.0,"gold_gain":0.0,"event_name":"Vampires","player_choice":"Ignored","floor":20.0,"gold_loss":0.0,"damage_taken":0.0},{"damage_healed":0.0,"max_hp_gain":0.0,"max_hp_loss":0.0,"gold_gain":0.0,"cards_transformed":["Defend_R","Defend_R"],"event_name":"Drug Dealer","player_choice":"Became Test Subject","floor":27.0,"gold_loss":0.0,"damage_taken":0.0,"cards_obtained":["Sever Soul","Disarm"]},{"damage_healed":0,"gold_gain":0,"player_choice":"Ignored","damage_taken":0,"max_hp_gain":0,"max_hp_loss":0,"event_name":"SecretPortal","floor":41,"gold_loss":0},{"damage_healed":0,"gold_gain":0,"player_choice":"Max HP","damage_taken":0,"max_hp_gain":0,"max_hp_loss":4,"event_name":"Winding Halls","floor":48,"gold_loss":0}],"is_beta":true,"boss_relics":[{"not_picked":["Runic Dome","SacredBark"],"picked":"Snecko Eye"},{"not_picked":["Tiny House","Velvet Choker"],"picked":"Empty Cage"}],"items_purged_floors":[],"is_endless":false,"potions_floor_spawned":[5,8,12,13,16,18,23,25,28,30,31,33,35,36,37,42,44,45,47],"ascension_level":17}}