{"host":"hbwa3kjetxrogfq8","time":1609937242,"event":{"mods":["AchievementEnabler","BaseMod","Block Reminder","Colored Map","Colored Powertips","Highlight Path","Minty Spire (QoL Compilation)","Rare Cards Sparkle","Relic Stats","StSLib"],"gold_per_floor":[116,116,135,154,167,167,167,167,167,183,200,11,11,31,31,135,135,149,9,9,9,22,22,1,1,1,19,19,31,31,31,31,135,135,155,0,0,19,39,39,1,19,19,36,53,67,67,67],"floor_reached":47,"playtime":2572,"items_purged":["Strike_G","Strike_G"],"score":568,"play_id":"6d1f00d4-d7a4-4e8e-aff1-afa0fbe885a3","local_time":"20210106134722","is_ascension_mode":true,"campfire_choices":[{"data":"Blade Dance","floor":6,"key":"SMITH"},{"data":"Riddle With Holes","floor":8,"key":"SMITH"},{"data":"Infinite Blades","floor":13,"key":"SMITH"},{"data":"Blade Dance","floor":15,"key":"SMITH"},{"data":"Neutralize","floor":23,"key":"SMITH"},{"data":"Finisher","floor":25,"key":"SMITH"},{"data":"Survivor","floor":32,"key":"SMITH"},{"floor":40,"key":"REST"}],"circlet_count":0,"master_deck":["Strike_G","Strike_G","Defend_G","Defend_G","Defend_G","Defend_G","Defend_G","Survivor+1","Neutralize+1","Backflip","Riddle With Holes+1","Blade Dance+1","Accuracy","Finisher+1","Dodge and Roll","Accuracy","Infinite Blades+1","PiercingWail","Blade Dance+1","Burst","Poisoned Stab","Well Laid Plans","Dagger Spray","Prepared","Choke","Prepared","Bullet Time","Leg Sweep","Poisoned Stab+1","Acrobatics","Cloak And Dagger+1","Underhanded Strike"],"relics":["Ring of the Snake","NeowsBlessing","Eternal Feather","Unceasing Top","The Courier","Sozu","Gremlin Horn","Kunai","Snecko Eye","Red Mask","Ornamental Fan"],"acts_visited":["Exordium","TheCity","TheBeyond"],"potions_floor_usage":[16,29,33,33],"damage_taken":[{"damage":0,"enemies":"Cultist","floor":1,"turns":1},{"damage":0,"enemies":"Small Slimes","floor":3,"turns":1},{"damage":0,"enemies":"Jaw Worm","floor":4,"turns":1},{"damage":6,"enemies":"Exordium Thugs","floor":5,"turns":5},{"damage":5,"enemies":"2 Fungi Beasts","floor":10,"turns":3},{"damage":15,"enemies":"Gremlin Gang","floor":11,"turns":5},{"damage":1,"enemies":"Exordium Thugs","floor":14,"turns":3},{"damage":4,"enemies":"Hexaghost","floor":16,"turns":5},{"damage":2,"enemies":"Shell Parasite","floor":18,"turns":4},{"damage":13,"enemies":"3 Byrds","floor":22,"turns":4},{"damage":6,"enemies":"Shelled Parasite and Fungi","floor":27,"turns":3},{"damage":13,"enemies":"Sentry and Sphere","floor":29,"turns":4},{"damage":26,"enemies":"Collector","floor":33,"turns":8},{"damage":18,"enemies":"3 Darklings","floor":35,"turns":6},{"damage":0,"enemies":"Orb Walker","floor":38,"turns":2},{"damage":41,"enemies":"Transient","floor":39,"turns":5},{"damage":0,"enemies":"Spire Growth","floor":42,"turns":3},{"damage":11,"enemies":"Maw","floor":44,"turns":5},{"damage":11,"enemies":"3 Darklings","floor":45,"turns":5},{"damage":0,"enemies":"Jaw Worm Horde","floor":46,"turns":4},{"damage":21,"enemies":"Nemesis","floor":47,"turns":5}],"seed_played":"-6760052594881502889","potions_obtained":[{"floor":1,"key":"DistilledChaos"},{"floor":3,"key":"SneckoOil"},{"floor":4,"key":"Block Potion"},{"floor":16,"key":"Ancient Potion"}],"is_trial":false,"path_per_floor":["M","T","M","M","M","R","?","R","T","M","M","$","R","M","R","B",null,"M","$","?","$","M","R","$","R","T","M","T","M","?","$","R","B",null,"M","?","?","M","M","R","$","M","T","M","M","M","E"],"character_chosen":"THE_SILENT","items_purchased":["Accuracy","Infinite Blades","PiercingWail","Well Laid Plans","Prepared","Acrobatics"],"campfire_rested":1,"item_purchase_floors":[12,12,12,19,24,41],"current_hp_per_floor":[63,63,63,63,57,66,59,68,68,63,48,48,60,59,70,66,69,67,67,67,67,54,66,66,70,70,64,64,51,51,51,66,40,63,45,45,45,45,4,40,40,40,40,29,18,18,0,0],"gold":67,"neow_bonus":"THREE_ENEMY_KILL","is_daily":false,"chose_seed":false,"campfire_upgraded":7,"win_rate":0.0,"timestamp":1609937242,"path_taken":["M","?","M","M","M","R","?","R","T","M","M","?","R","?","R","BOSS","M","$","?","$","?","R","$","R","T","M","?","M","?","?","R","BOSS","M","?","?","?","M","R","$","M","T","M","M","M","E"],"items_purchased_type":["Card","Card","Card","Card","Card","Card"],"build_version":"2020-12-22","purchased_purges":2,"victory":false,"max_hp_per_floor":[70,70,70,70,70,70,70,70,70,70,70,70,70,70,70,70,70,70,70,70,70,70,70,70,70,70,70,70,70,70,70,70,70,70,70,70,70,70,70,70,70,70,70,70,70,70,70,70],"relic_stats":{"Sozu":4,"Gremlin Horn":[10,12],"counters":[21,82],"Ornamental Fan":[72],"Snecko Eye":[70,83,66,78],"Eternal Feather":87,"Kunai":[45],"obtain_stats":[{"Sozu":17,"NeowsBlessing":0,"Gremlin Horn":26,"Ornamental Fan":43,"Snecko Eye":34,"Eternal Feather":2,"The Courier":9,"Red Mask":36,"Kunai":28,"Unceasing Top":7,"Ring of the Snake":0},{"Sozu":8,"NeowsBlessing":0,"Gremlin Horn":10,"Ornamental Fan":17,"Snecko Eye":13,"Eternal Feather":1,"The Courier":4,"Red Mask":14,"Kunai":11,"Unceasing Top":4,"Ring of the Snake":0},{"Sozu":24,"NeowsBlessing":0,"Gremlin Horn":32,"Ornamental Fan":63,"Snecko Eye":47,"Eternal Feather":1,"The Courier":8,"Red Mask":53,"Kunai":35,"Unceasing Top":8,"Ring of the Snake":0}],"Unceasing Top":[3],"Ring of the Snake":[42]},"card_choices":[{"not_picked":["Setup","PiercingWail"],"picked":"Backflip","floor":1},{"not_picked":["Tactician","Deflect"],"picked":"Riddle With Holes","floor":3},{"not_picked":["Eviscerate","Setup"],"picked":"Blade Dance","floor":4},{"not_picked":["Setup","Footwork"],"picked":"Accuracy","floor":5},{"not_picked":["Riddle With Holes","Flechettes"],"picked":"Finisher","floor":10},{"not_picked":["Backflip","Underhanded Strike"],"picked":"Dodge and Roll","floor":11},{"not_picked":["Quick Slash","Deadly Poison"],"picked":"Blade Dance","floor":14},{"not_picked":["Die Die Die","Grand Finale"],"picked":"Burst","floor":16},{"not_picked":["All Out Attack","Outmaneuver"],"picked":"Poisoned Stab","floor":18},{"not_picked":["Slice+1","Infinite Blades"],"picked":"Dagger Spray","floor":22},{"not_picked":["PiercingWail","Bane"],"picked":"Choke","floor":27},{"not_picked":["Dagger Spray","Well Laid Plans+1"],"picked":"Prepared","floor":29},{"not_picked":["Envenom","Unload"],"picked":"Bullet Time","floor":33},{"not_picked":["Flying Knee+1","PiercingWail","Sucker Punch"],"picked":"SKIP","floor":35},{"not_picked":["Slice+1","Bouncing Flask"],"picked":"Poisoned Stab+1","floor":38},{"not_picked":["Bane+1","Outmaneuver","Deadly Poison+1"],"picked":"SKIP","floor":39},{"not_picked":["PiercingWail","Blade Dance+1"],"picked":"Cloak And Dagger+1","floor":42},{"not_picked":["Noxious Fumes","Skewer","PiercingWail"],"picked":"SKIP","floor":44},{"not_picked":["Adrenaline","Dodge and Roll","Bane"],"picked":"SKIP","floor":45},{"not_picked":["PiercingWail+1","Catalyst+1"],"picked":"Underhanded Strike","floor":46}],"player_experience":618046,"relics_obtained":[{"floor":2,"key":"Eternal Feather"},{"floor":9,"key":"The Courier"},{"floor":26,"key":"Gremlin Horn"},{"floor":28,"key":"Kunai"},{"floor":43,"key":"Ornamental Fan"}],"event_choices":[{"damage_healed":0,"gold_gain":0,"player_choice":"Success","damage_taken":7,"relics_obtained":["Unceasing Top"],"max_hp_gain":0,"max_hp_loss":0,"event_name":"Scrap Ooze","floor":7,"gold_loss":0},{"damage_healed":0,"gold_gain":0,"player_choice":"0 cards matched","damage_taken":0,"max_hp_gain":0,"max_hp_loss":0,"event_name":"Match and Keep!","floor":20,"gold_loss":0,"cards_obtained":[]},{"damage_healed":0,"gold_gain":0,"player_choice":"Ignored","damage_taken":0,"max_hp_gain":0,"max_hp_loss":0,"event_name":"Vampires","floor":30,"gold_loss":0},{"damage_healed":0,"gold_gain":0,"player_choice":"Paid","damage_taken":0,"relics_obtained":["Red Mask"],"max_hp_gain":0,"max_hp_loss":0,"event_name":"Tomb of Lord Red Mask","floor":36,"gold_loss":155},{"damage_healed":0,"gold_gain":0,"cards_transformed":["Strike_G"],"player_choice":"Transformed","damage_taken":0,"max_hp_gain":0,"max_hp_loss":0,"event_name":"Transmorgrifier","floor":37,"gold_loss":0,"cards_obtained":["Leg Sweep"]}],"is_beta":false,"boss_relics":[{"not_picked":["Runic Pyramid","Coffee Dripper"],"picked":"Sozu"},{"not_picked":["Velvet Choker","Philosopher\u0027s Stone"],"picked":"Snecko Eye"}],"items_purged_floors":[12,19],"is_endless":false,"potions_floor_spawned":[1,3,4,16,33,39,42,46],"killed_by":"Nemesis","ascension_level":7}}