{"host":"vex7walpoxzv48nx","time":1609957024,"event":{"mods":["BaseMod","Highlight Path","Minty Spire (QoL Compilation)","Permanent Neow","Quick Restart","Relic Stats"],"gold_per_floor":[119,119,119,134,80,114,127,156,156,156,156,181,199,218,218,315,315,328,243,259,276,276,276,303,319,319,319,332,359,45,56,56,158,158,171,171,20,20,34,59,73,123,123,138,158,168,201,0,0,0],"floor_reached":51,"playtime":6223,"items_purged":["Streamline"],"score":807,"play_id":"06fb936d-0645-45db-abf4-2c558fa77f1c","local_time":"20210106191704","is_ascension_mode":true,"campfire_choices":[{"data":"Zap","floor":10.0,"key":"SMITH"},{"data":"Biased Cognition","floor":15.0,"key":"SMITH"},{"data":"Coolheaded","floor":23.0,"key":"SMITH"},{"data":"Coolheaded","floor":32.0,"key":"SMITH"},{"data":"Defend_B+1","floor":49,"key":"PURGE"}],"circlet_count":0,"master_deck":["Strike_B+1","Strike_B+1","Strike_B+1","Defend_B+1","Defend_B+1","Defend_B+1","Zap+1","Dualcast","Biased Cognition+1","Coolheaded+1","Melter+1","Conserve Battery","Coolheaded+1","FTL+1","Conserve Battery+1","Chaos+1","Fission+1","Chill+1","Streamline+1","Doom and Gloom","Beam Cell","Self Repair+1","Compile Driver+1","Electrodynamics+1","Creative AI+1","Finesse+1","Barrage+1","Undo+1","White Noise+1","Defragment+1"],"relics":["FrozenCore","HornCleat","Eternal Feather","Toxic Egg 2","Toy Ornithopter","Coffee Dripper","Strawberry","PreservedInsect","Frozen Egg 2","Bottled Lightning","Incense Burner","Pen Nib","Peace Pipe","Question Card","Whetstone","Red Mask"],"acts_visited":["Exordium","TheCity","TheBeyond"],"potions_floor_usage":[50],"damage_taken":[{"damage":0.0,"enemies":"Small Slimes","floor":1.0,"turns":4.0},{"damage":0.0,"enemies":"Cultist","floor":4.0,"turns":3.0},{"damage":2.0,"enemies":"3 Sentries","floor":6.0,"turns":4.0},{"damage":0.0,"enemies":"2 Louse","floor":7.0,"turns":2.0},{"damage":5.0,"enemies":"Lagavulin","floor":8.0,"turns":7.0},{"damage":4.0,"enemies":"3 Sentries","floor":12.0,"turns":6.0},{"damage":0.0,"enemies":"Large Slime","floor":13.0,"turns":4.0},{"damage":5.0,"enemies":"Exordium Wildlife","floor":14.0,"turns":4.0},{"damage":10.0,"enemies":"The Guardian","floor":16.0,"turns":10.0},{"damage":0.0,"enemies":"3 Byrds","floor":18.0,"turns":3.0},{"damage":0.0,"enemies":"Spheric Guardian","floor":20.0,"turns":3.0},{"damage":0.0,"enemies":"Shelled Parasite and Fungi","floor":21.0,"turns":3.0},{"damage":0.0,"enemies":"Book of Stabbing","floor":24.0,"turns":4.0},{"damage":1.0,"enemies":"Centurion and Healer","floor":25.0,"turns":6.0},{"damage":7.0,"enemies":"Snake Plant","floor":28.0,"turns":3.0},{"damage":0.0,"enemies":"Slavers","floor":29.0,"turns":4.0},{"damage":1.0,"enemies":"Shelled Parasite and Fungi","floor":31.0,"turns":3.0},{"damage":23.0,"enemies":"Collector","floor":33.0,"turns":9.0},{"damage":3.0,"enemies":"3 Shapes","floor":35.0,"turns":2.0},{"damage":4.0,"enemies":"3 Darklings","floor":39.0,"turns":4.0},{"damage":11.0,"enemies":"Reptomancer","floor":40.0,"turns":4.0},{"damage":20.0,"enemies":"Transient","floor":41.0,"turns":5.0},{"damage":0.0,"enemies":"Mind Bloom Boss Battle","floor":42.0,"turns":3.0},{"damage":22.0,"enemies":"Maw","floor":44.0,"turns":9.0},{"damage":1.0,"enemies":"4 Shapes","floor":45.0,"turns":4.0},{"damage":0.0,"enemies":"3 Darklings","floor":46.0,"turns":3.0},{"damage":5,"enemies":"Giant Head","floor":47,"turns":6},{"damage":57,"enemies":"Time Eater","floor":50,"turns":10}],"seed_played":"4961395332396329678","potions_obtained":[{"floor":1.0,"key":"Block Potion"},{"floor":4.0,"key":"AttackPotion"},{"floor":13.0,"key":"ColorlessPotion"},{"floor":16.0,"key":"LiquidBronze"},{"floor":25.0,"key":"Explosive Potion"},{"floor":28.0,"key":"SteroidPotion"},{"floor":33.0,"key":"DuplicationPotion"},{"floor":38.0,"key":"Fruit Juice"},{"floor":38.0,"key":"Block Potion"},{"floor":41.0,"key":"FocusPotion"},{"floor":42.0,"key":"ColorlessPotion"},{"floor":45.0,"key":"PotionOfCapacity"},{"floor":46,"key":"Strength Potion"}],"is_trial":false,"path_per_floor":["M","?","?","M","$","E","M","E","T","R","?","E","M","M","R","B",null,"M","?","M","M","?","R","E","M","T","?","M","E","$","M","R","B",null,"M","?","$","?","M","E","M","?","T","M","M","M","E","?","R","B",null],"character_chosen":"DEFECT","items_purchased":["Conserve Battery","Incense Burner","LiquidMemories"],"campfire_rested":0,"item_purchase_floors":[5,30,37],"current_hp_per_floor":[68,54,54,54,54,52,52,47,47,56,61,57,57,57,66,56,73,73,80,80,80,80,80,80,79,79,79,72,80,80,80,80,67,80,77,77,77,85,85,84,66,66,66,59,78,85,80,80,85,30],"gold":0,"neow_bonus":"THREE_RARE_CARDS","is_daily":false,"chose_seed":false,"campfire_upgraded":4,"win_rate":0.0,"timestamp":1609957024,"path_taken":["M","?","?","?","$","E","M","E","T","R","?","E","M","M","R","BOSS","M","?","M","M","?","R","E","M","T","?","M","E","$","M","R","BOSS","M","?","$","?","?","E","M","?","T","M","M","M","E","?","R","BOSS"],"items_purchased_type":["Card","Relic","Potion"],"build_version":"2020-12-22","purchased_purges":1,"victory":true,"max_hp_per_floor":[68,68,68,68,68,68,68,68,68,68,73,73,73,73,73,73,73,73,80,80,80,80,80,80,80,80,80,80,80,80,80,80,80,80,80,80,80,85,85,85,85,85,85,85,85,85,85,85,85,85],"relic_stats":{"Peace Pipe":1,"counters":[28,132],"Eternal Feather":23,"PreservedInsect":221,"Pen Nib":[7],"Whetstone":["FTL","Melter"],"Question Card":5,"obtain_stats":[{"Eternal Feather":8,"PreservedInsect":24,"Pen Nib":40,"Incense Burner":30,"Whetstone":47,"Frozen Egg 2":26,"Question Card":43,"FrozenCore":34,"Peace Pipe":42,"HornCleat":6,"Strawberry":19,"Coffee Dripper":17,"Red Mask":48,"Bottled Lightning":29,"Toxic Egg 2":9,"Cracked Core":0,"Toy Ornithopter":12},{"Eternal Feather":5,"PreservedInsect":13,"Pen Nib":21,"Incense Burner":16,"Whetstone":27,"Frozen Egg 2":14,"Question Card":23,"FrozenCore":18,"Peace Pipe":23,"HornCleat":3,"Strawberry":10,"Coffee Dripper":9,"Red Mask":27,"Bottled Lightning":16,"Toxic Egg 2":5,"Cracked Core":0,"Toy Ornithopter":6},{"Eternal Feather":20,"PreservedInsect":57,"Pen Nib":92,"Incense Burner":70,"Whetstone":122,"Frozen Egg 2":63,"Question Card":100,"FrozenCore":82,"Peace Pipe":100,"HornCleat":11,"Strawberry":47,"Coffee Dripper":44,"Red Mask":122,"Bottled Lightning":70,"Toxic Egg 2":20,"Cracked Core":0,"Toy Ornithopter":26}],"Toy Ornithopter":29,"FrozenCore":[17]},"card_choices":[{"not_picked":["Hyperbeam","Multi-Cast"],"picked":"Biased Cognition","floor":0.0},{"not_picked":["Consume","Recycle"],"picked":"Coolheaded","floor":1.0},{"not_picked":["Coolheaded","Cold Snap"],"picked":"Melter","floor":4.0},{"not_picked":["Beam Cell","Aggregate"],"picked":"Coolheaded","floor":6.0},{"not_picked":["Leap","Steam"],"picked":"Streamline","floor":7.0},{"not_picked":["Blizzard","Fusion","Scrape"],"picked":"SKIP","floor":8.0},{"not_picked":["Cold Snap","Meteor Strike"],"picked":"FTL","floor":12.0},{"not_picked":["Barrage","Loop"],"picked":"Conserve Battery+1","floor":13.0},{"not_picked":["FTL","Tempest+1"],"picked":"Chaos+1","floor":14.0},{"not_picked":["Core Surge","Meteor Strike"],"picked":"Fission+1","floor":16.0},{"not_picked":["Lockon","Hologram+1"],"picked":"Chill+1","floor":18.0},{"not_picked":["Stack+1","Cold Snap+1"],"picked":"Streamline+1","floor":20.0},{"not_picked":["Conserve Battery+1","Coolheaded+1","Streamline"],"picked":"SKIP","floor":21.0},{"not_picked":["Scrape","Electrodynamics"],"picked":"Doom and Gloom","floor":24.0},{"not_picked":["Rebound","Hello World"],"picked":"Beam Cell","floor":25.0},{"not_picked":["Ball Lightning","Darkness+1"],"picked":"Compile Driver+1","floor":28.0},{"not_picked":["Scrape","Hello World+1","Gash"],"picked":"SKIP","floor":29.0},{"not_picked":["Self Repair+1","Barrage"],"picked":"Electrodynamics+1","floor":31.0},{"not_picked":["Seek+1","Rainbow+1"],"picked":"Creative AI+1","floor":33.0},{"not_picked":["Lockon+1","Reprogram+1","Stack+1"],"picked":"SKIP","floor":35.0},{"not_picked":["Forethought+1","Madness+1"],"picked":"Finesse+1","floor":36.0},{"not_picked":["Cold Snap","Sweeping Beam+1","Ball Lightning"],"picked":"SKIP","floor":39.0},{"not_picked":["Gash","Cold Snap+1"],"picked":"Barrage+1","floor":40.0},{"not_picked":["Steam+1","Streamline","Conserve Battery+1"],"picked":"SKIP","floor":41.0},{"not_picked":["Reboot+1","Sweeping Beam+1"],"picked":"Undo+1","floor":42.0},{"not_picked":["Hologram+1","Redo+1","Steam+1"],"picked":"White Noise+1","floor":44.0},{"not_picked":["Self Repair+1","Beam Cell+1","White Noise+1","Leap+1"],"picked":"SKIP","floor":45.0},{"not_picked":["White Noise+1","Gash","Self Repair+1","Conserve Battery+1"],"picked":"SKIP","floor":46},{"not_picked":["Conserve Battery+1","Steam+1","Stack+1"],"picked":"Defragment+1","floor":47}],"player_experience":84834,"relics_obtained":[{"floor":6.0,"key":"HornCleat"},{"floor":8.0,"key":"Eternal Feather"},{"floor":9.0,"key":"Toxic Egg 2"},{"floor":12.0,"key":"Toy Ornithopter"},{"floor":24.0,"key":"PreservedInsect"},{"floor":26.0,"key":"Frozen Egg 2"},{"floor":29.0,"key":"Bottled Lightning"},{"floor":40.0,"key":"Pen Nib"},{"floor":42.0,"key":"Peace Pipe"},{"floor":43.0,"key":"Question Card"},{"floor":47,"key":"Whetstone"}],"event_choices":[{"damage_healed":0.0,"max_hp_gain":0.0,"max_hp_loss":0.0,"gold_gain":0.0,"event_name":"Shining Light","player_choice":"Entered Light","floor":2.0,"gold_loss":0.0,"damage_taken":14.0,"cards_upgraded":["Strike_B","Defend_B"]},{"cards_removed":["Strike_B"],"damage_healed":0.0,"max_hp_gain":0.0,"max_hp_loss":0.0,"gold_gain":0.0,"event_name":"Purifier","player_choice":"Purged","floor":3.0,"gold_loss":0.0,"damage_taken":0.0},{"damage_healed":0.0,"max_hp_gain":5.0,"max_hp_loss":0.0,"gold_gain":0.0,"event_name":"Big Fish","player_choice":"Donut","floor":11.0,"gold_loss":0.0,"damage_taken":0.0},{"damage_healed":0.0,"max_hp_gain":0.0,"max_hp_loss":0.0,"gold_gain":0.0,"event_name":"Addict","player_choice":"Obtained Relic","floor":19.0,"gold_loss":85.0,"damage_taken":0.0,"relics_obtained":["Strawberry"]},{"damage_healed":0.0,"max_hp_gain":0.0,"max_hp_loss":0.0,"gold_gain":0.0,"event_name":"Back to Basics","player_choice":"Simplicity","floor":22.0,"gold_loss":0.0,"damage_taken":0.0,"cards_upgraded":["Strike_B","Strike_B","Defend_B","Defend_B","Defend_B"]},{"damage_healed":0.0,"max_hp_gain":0.0,"max_hp_loss":0.0,"gold_gain":0.0,"event_name":"The Library","player_choice":"Read","floor":27.0,"gold_loss":0.0,"damage_taken":0.0,"cards_obtained":["Self Repair"]},{"damage_healed":0.0,"max_hp_gain":0.0,"max_hp_loss":0.0,"gold_gain":0.0,"event_name":"SensoryStone","player_choice":"Memory 1","floor":36.0,"gold_loss":0.0,"damage_taken":0.0},{"damage_healed":0.0,"max_hp_gain":0.0,"max_hp_loss":0.0,"gold_gain":0.0,"event_name":"Lab","player_choice":"Got Potions","floor":38.0,"gold_loss":0.0,"damage_taken":0.0},{"damage_healed":0.0,"max_hp_gain":0.0,"max_hp_loss":0.0,"gold_gain":0.0,"event_name":"MindBloom","player_choice":"Fight","floor":42.0,"gold_loss":0.0,"damage_taken":0.0},{"damage_healed":0,"gold_gain":0,"player_choice":"Paid","damage_taken":0,"relics_obtained":["Red Mask"],"max_hp_gain":0,"max_hp_loss":0,"event_name":"Tomb of Lord Red Mask","floor":48,"gold_loss":201}],"is_beta":false,"boss_relics":[{"not_picked":["Calling Bell","Empty Cage"],"picked":"Coffee Dripper"},{"not_picked":["Snecko Eye","Sozu"],"picked":"FrozenCore"}],"items_purged_floors":[37],"is_endless":false,"potions_floor_spawned":[1,4,13,16,25,28,33,41,42,45,46],"ascension_level":1}}