{"host":"9l1knhxfturzliqa","time":1609930659,"event":{"mods":["BaseMod","Colored Map","Colored Powertips","DeckTracker","Highlight Path","Keyboard Shortcuts","Minty Spire (QoL Compilation)","Random Character Button"],"gold_per_floor":[17,28,44,44,55,84,9,9,33,33,33,33,46,46,46,147,147,167,179,193,292,292,322,322,342,342,342,371,471,471,483,483,483,483],"floor_reached":33,"playtime":1690,"items_purged":["Strike_G"],"score":442,"play_id":"2b3cec93-3acb-4500-94e7-f868717ea17f","local_time":"20210106195739","is_ascension_mode":true,"campfire_choices":[{"data":"Glass Knife","floor":8.0,"key":"SMITH"},{"data":"Blade Dance","floor":10.0,"key":"SMITH"},{"data":"Neutralize","floor":12.0,"key":"SMITH"},{"data":"Prepared","floor":15.0,"key":"SMITH"},{"floor":24.0,"key":"REST"},{"floor":27.0,"key":"REST"},{"floor":32.0,"key":"REST"}],"circlet_count":0,"master_deck":["Strike_G","Strike_G","Strike_G","Strike_G","Defend_G","Defend_G","Defend_G","Defend_G","Defend_G","Survivor","Neutralize+1","Adrenaline+1","Blade Dance+1","Poisoned Stab","Glass Knife+1","Decay","Prepared+1","Adrenaline","CurseOfTheBell","Escape Plan+1","Caltrops+1","Choke","Burst","Deflect+1"],"relics":["Ring of the Snake","PreservedInsect","Juzu Bracelet","Smiling Mask","Calling Bell","Orichalcum","Frozen Egg 2","Peace Pipe","Regal Pillow","Centennial Puzzle","Potion Belt","Calipers","Pantograph"],"acts_visited":["Exordium","TheCity"],"potions_floor_usage":[],"damage_taken":[{"damage":0.0,"enemies":"2 Louse","floor":1.0,"turns":3.0},{"damage":0.0,"enemies":"Cultist","floor":2.0,"turns":5.0},{"damage":4.0,"enemies":"Jaw Worm","floor":3.0,"turns":4.0},{"damage":5.0,"enemies":"Red Slaver","floor":5.0,"turns":4.0},{"damage":7.0,"enemies":"3 Sentries","floor":6.0,"turns":9.0},{"damage":0.0,"enemies":"Looter","floor":13.0,"turns":2.0},{"damage":21.0,"enemies":"Slime Boss","floor":16.0,"turns":11.0},{"damage":19.0,"enemies":"Chosen","floor":18.0,"turns":7.0},{"damage":10.0,"enemies":"Shell Parasite","floor":19.0,"turns":5.0},{"damage":26.0,"enemies":"Snake Plant","floor":20.0,"turns":5.0},{"damage":21.0,"enemies":"Book of Stabbing","floor":23.0,"turns":4.0},{"damage":34.0,"enemies":"Cultist and Chosen","floor":25.0,"turns":5.0},{"damage":29.0,"enemies":"Slavers","floor":28.0,"turns":4.0},{"damage":5.0,"enemies":"Colosseum Slavers","floor":29.0,"turns":2.0},{"damage":0.0,"enemies":"Colosseum Nobs","floor":29.0,"turns":3.0},{"damage":0.0,"enemies":"Gremlin Leader","floor":30.0,"turns":2.0},{"damage":9.0,"enemies":"3 Cultists","floor":31.0,"turns":5.0},{"damage":71,"enemies":"Collector","floor":33,"turns":7}],"seed_played":"-8816430754411512642","potions_obtained":[{"floor":2.0,"key":"AttackPotion"},{"floor":3.0,"key":"SpeedPotion"},{"floor":13.0,"key":"GhostInAJar"},{"floor":18.0,"key":"DistilledChaos"},{"floor":20.0,"key":"SmokeBomb"},{"floor":25.0,"key":"Regen Potion"},{"floor":28.0,"key":"Strength Potion"}],"is_trial":false,"path_per_floor":["M","M","M","?","M","E","$","R","T","R","?","R","M","T","R","B",null,"M","M","M","?","?","E","R","M","T","R","E","?","E","M","R","B"],"character_chosen":"THE_SILENT","items_purchased":[],"campfire_rested":3,"item_purchase_floors":[],"current_hp_per_floor":[63,63,59,59,54,47,47,47,47,47,47,47,47,47,47,26,59,40,30,4,4,27,6,42,8,8,44,27,22,22,13,49,0,0],"gold":483,"neow_bonus":"THREE_RARE_CARDS","is_daily":false,"chose_seed":false,"campfire_upgraded":4,"win_rate":0.0,"timestamp":1609930659,"path_taken":["M","M","M","?","M","E","?","R","T","R","?","R","M","?","R","BOSS","M","M","M","?","?","E","R","M","T","R","E","?","E","M","R","BOSS"],"items_purchased_type":[],"build_version":"2020-12-22","purchased_purges":1,"victory":false,"max_hp_per_floor":[70,70,70,70,70,70,70,70,70,70,70,70,70,70,70,70,70,70,70,70,70,70,70,70,70,70,70,70,70,70,70,70,70,70],"card_choices":[{"not_picked":["After Image","Phantasmal Killer"],"picked":"Adrenaline","floor":0.0},{"not_picked":["Deflect","Calculated Gamble","Endless Agony"],"picked":"SKIP","floor":1.0},{"not_picked":["Finisher","Flying Knee"],"picked":"Blade Dance","floor":2.0},{"not_picked":["Slice","Deflect","Bane"],"picked":"SKIP","floor":3.0},{"not_picked":["Bane","Caltrops"],"picked":"Poisoned Stab","floor":5.0},{"not_picked":["Dagger Spray","Doppelganger"],"picked":"Glass Knife","floor":6.0},{"not_picked":["Bane","Caltrops"],"picked":"Prepared","floor":13.0},{"not_picked":["Storm of Steel","Glass Knife"],"picked":"Adrenaline","floor":16.0},{"not_picked":["Underhanded Strike","Acrobatics+1"],"picked":"Escape Plan+1","floor":18.0},{"not_picked":["Bane","Endless Agony","Finisher"],"picked":"SKIP","floor":19.0},{"not_picked":["Prepared","Dagger Spray"],"picked":"Caltrops+1","floor":20.0},{"not_picked":["Prepared","Deadly Poison+1"],"picked":"Choke","floor":23.0},{"not_picked":["Eviscerate","Slice","Prepared"],"picked":"SKIP","floor":25.0},{"not_picked":["Quick Slash","Blade Dance+1"],"picked":"Burst","floor":28.0},{"not_picked":["Cloak And Dagger","Catalyst+1"],"picked":"Deflect+1","floor":29.0},{"not_picked":["Dash","Slice","Catalyst"],"picked":"SKIP","floor":31.0}],"player_experience":353911,"relics_obtained":[{"floor":6.0,"key":"PreservedInsect"},{"floor":9.0,"key":"Juzu Bracelet"},{"floor":14.0,"key":"Smiling Mask"},{"floor":17.0,"key":"Orichalcum"},{"floor":17.0,"key":"Frozen Egg 2"},{"floor":17.0,"key":"Peace Pipe"},{"floor":23.0,"key":"Regal Pillow"},{"floor":26.0,"key":"Centennial Puzzle"},{"floor":28.0,"key":"Potion Belt"},{"floor":29.0,"key":"Calipers"},{"floor":29.0,"key":"Pantograph"}],"event_choices":[{"damage_healed":0.0,"max_hp_gain":0.0,"max_hp_loss":0.0,"gold_gain":0.0,"event_name":"Accursed Blacksmith","player_choice":"Forge","floor":4.0,"gold_loss":0.0,"damage_taken":0.0,"cards_upgraded":["Adrenaline"]},{"damage_healed":0.0,"max_hp_gain":0.0,"max_hp_loss":0.0,"gold_gain":0.0,"event_name":"Wheel of Change","player_choice":"Cursed","floor":11.0,"gold_loss":0.0,"damage_taken":0.0,"cards_obtained":["Decay"]},{"damage_healed":0.0,"max_hp_gain":0.0,"max_hp_loss":0.0,"gold_gain":99.0,"event_name":"Nest","player_choice":"Stole From Cult","floor":21.0,"gold_loss":0.0,"damage_taken":0.0},{"damage_healed":23.0,"max_hp_gain":0.0,"max_hp_loss":0.0,"gold_gain":0.0,"event_name":"The Library","player_choice":"Heal","floor":22.0,"gold_loss":0.0,"damage_taken":0.0},{"damage_healed":0.0,"max_hp_gain":0.0,"max_hp_loss":0.0,"gold_gain":0.0,"event_name":"Colosseum","player_choice":"Fight","floor":29.0,"gold_loss":0.0,"damage_taken":0.0},{"damage_healed":0.0,"max_hp_gain":0.0,"max_hp_loss":0.0,"gold_gain":0.0,"event_name":"Colosseum","player_choice":"Fought Nobs","floor":29.0,"gold_loss":0.0,"damage_taken":0.0}],"is_beta":false,"boss_relics":[{"not_picked":["Velvet Choker","Runic Pyramid"],"picked":"Calling Bell"}],"items_purged_floors":[7],"is_endless":false,"potions_floor_spawned":[2,3,13,18,20,25,28],"killed_by":"Collector","ascension_level":9}}