{"host":"5gc11emcm5chfr5t","time":1609952644,"event":{"mods":["2.2 Compatiblity","AchievementEnabler","BaseMod","Bestiary","Better Note","Colored Map","Colored Powertips","Downfall","Googly Eyes","Minty Spire (QoL Compilation)","Rare Cards Sparkle","StSLib"],"gold_per_floor":[113,113,113,113,132,132,132,145,145,172,72,98,98,98,98,174,174,187,212,228,244,244,273,273,287,311,360,369,389,429,429,438,438,438],"floor_reached":33,"playtime":1483,"items_purged":[],"score":576,"play_id":"1097c95e-4fd8-4b74-86d6-28328e8612d0","local_time":"20210106120404","is_ascension_mode":true,"campfire_choices":[{"floor":6,"key":"RECALL"},{"floor":15,"key":"REST"},{"floor":24,"key":"REST"},{"floor":28,"key":"REST"},{"floor":32,"key":"REST"}],"circlet_count":0,"master_deck":["AscendersBane","sneckomod:Strike","sneckomod:Strike","sneckomod:Defend","sneckomod:Defend","sneckomod:TailWhip","sneckomod:SnekBite","sneckomod:Unknown","sneckomod:Unknown","sneckomod:DiceBoulder","sneckomod:ImprovisedGuard+1","sneckomod:UnknownClassTHE_CHAMP_GRAY+1","sneckomod:PureSnecko","sneckomod:CheapStock","sneckomod:DefensiveFlair","expansioncontent:Collect","sneckomod:UnknownBlock","sneckomod:MorePower","sneckomod:Unknown3Cost+1","sneckomod:QuickBite","sneckomod:UnknownRareAttack+1","sneckomod:UnknownRareSkill+1","sneckomod:UnknownRareAttack+1","sneckomod:DiceBlock","sneckomod:UnknownColorless+1","sneckomod:QuickMove"],"relics":["Black Star","Dream Catcher","Tiny Chest","War Paint","Snecko Eye","Happy Flower","Omamori","sneckomod:SuperSneckoEye","CeramicFish","Smiling Mask"],"acts_visited":["Exordium","TheCity"],"potions_floor_usage":[16,23,33,33],"damage_taken":[{"damage":0,"enemies":"Jaw Worm","floor":1,"turns":4},{"damage":12,"enemies":"Small Slimes","floor":5,"turns":3},{"damage":1,"enemies":"Cultist","floor":8,"turns":3},{"damage":39,"enemies":"Lagavulin","floor":10,"turns":6},{"damage":42,"enemies":"Hexaghost","floor":16,"turns":16},{"damage":6,"enemies":"Spheric Guardian","floor":18,"turns":6},{"damage":49,"enemies":"3 Byrds","floor":20,"turns":6},{"damage":2,"enemies":"Centurion and Healer","floor":21,"turns":4},{"damage":0,"enemies":"Gremlin Leader","floor":23,"turns":5},{"damage":22,"enemies":"Sentry and Sphere","floor":25,"turns":5},{"damage":0,"enemies":"3 Cultists","floor":29,"turns":4},{"damage":0,"enemies":"Centurion and Healer","floor":30,"turns":2},{"damage":87,"enemies":"Champ","floor":33,"turns":12}],"seed_played":"-5342768307224325837","potions_obtained":[{"floor":10,"key":"Weak Potion"},{"floor":20,"key":"ColorlessPotion"},{"floor":23,"key":"Fire Potion"},{"floor":25,"key":"Swift Potion"}],"is_trial":false,"path_per_floor":["M","?","?","?","M","R","$","M","T","E","$","T","?","?","R","B",null,"M","T","M","M","?","E","R","M","T","T","R","M","M","?","R","B"],"character_chosen":"THE_SNECKO","items_purchased":["expansioncontent:Collect"],"campfire_rested":4,"item_purchase_floors":[11],"current_hp_per_floor":[75,75,75,75,63,63,63,62,62,23,23,23,23,50,74,32,70,64,64,15,13,7,7,31,9,9,9,33,33,33,33,57,0,0],"gold":438,"neow_bonus":"BOSS_RELIC","is_daily":false,"chose_seed":false,"campfire_upgraded":0,"win_rate":0.0,"timestamp":1609952644,"path_taken":["M","?","?","?","?","R","?","M","T","E","$","?","?","?","R","BOSS","M","?","M","?","?","E","R","?","T","?","R","M","M","?","R","BOSS"],"items_purchased_type":["Card"],"build_version":"2020-12-22","purchased_purges":0,"victory":false,"max_hp_per_floor":[83,83,83,83,83,83,83,83,83,83,83,83,83,83,83,83,83,83,83,83,83,83,83,83,83,83,83,83,83,83,83,83,83,83],"card_choices":[{"not_picked":["sneckomod:Unknown1Cost","sneckomod:Nope"],"picked":"sneckomod:DiceBoulder","floor":1},{"not_picked":["sneckomod:SoulDraw","sneckomod:UnknownExhaust"],"picked":"sneckomod:PureSnecko","floor":5},{"not_picked":["sneckomod:Nope","sneckomod:SoulDraw"],"picked":"sneckomod:CheapStock","floor":8},{"not_picked":["sneckomod:Mudshield","sneckomod:UnknownWeak"],"picked":"sneckomod:DefensiveFlair","floor":10},{"not_picked":["sneckomod:RainOfDice","sneckomod:Unknown1Cost"],"picked":"sneckomod:UnknownBlock","floor":15},{"not_picked":["sneckomod:Mudshield","sneckomod:DangerNoodle"],"picked":"sneckomod:MorePower","floor":16},{"not_picked":["sneckomod:UnknownWeak+1","sneckomod:UnknownClassTHE_CHAMP_GRAY+1"],"picked":"sneckomod:Unknown3Cost+1","floor":18},{"not_picked":["sneckomod:DefensiveFlair","sneckomod:DiceCrush+1"],"picked":"sneckomod:QuickBite","floor":18},{"not_picked":["sneckomod:UnknownUncommonSkill+1","sneckomod:Unknown1Cost+1"],"picked":"sneckomod:UnknownRareAttack+1","floor":20},{"not_picked":["sneckomod:SoulDraw","sneckomod:UnknownCommonAttack","sneckomod:Unknown1Cost"],"picked":"SKIP","floor":20},{"not_picked":["sneckomod:Unknown1Cost+1","sneckomod:UnknownClassHEXA_GHOST_PURPLE+1"],"picked":"sneckomod:UnknownRareSkill+1","floor":21},{"not_picked":["sneckomod:Unknown1Cost","sneckomod:Unknown0Cost","sneckomod:Cheat"],"picked":"SKIP","floor":21},{"not_picked":["sneckomod:UnknownClassBLUE+1","sneckomod:UnknownUncommonPower+1"],"picked":"sneckomod:UnknownRareAttack+1","floor":23},{"not_picked":["sneckomod:UnknownUncommonSkill","sneckomod:DiceCrush","sneckomod:UnknownX"],"picked":"SKIP","floor":23},{"not_picked":["sneckomod:UnknownCommonAttack+1","sneckomod:UnknownClassRED+1","sneckomod:UnknownClassGREEN+1"],"picked":"SKIP","floor":25},{"not_picked":["sneckomod:DiceBoulder","sneckomod:UnknownCommonSkill+1","sneckomod:UnknownClassTHE_CHAMP_GRAY"],"picked":"SKIP","floor":25},{"not_picked":["sneckomod:DefensiveFlair","sneckomod:DiceBoulder"],"picked":"sneckomod:DiceBlock","floor":28},{"not_picked":["sneckomod:UnknownExhaust+1","sneckomod:UnknownClassTHE_CHAMP_GRAY+1"],"picked":"sneckomod:UnknownColorless+1","floor":29},{"not_picked":["sneckomod:QuickBite+1","sneckomod:RainOfDice","sneckomod:UnknownUncommonAttack"],"picked":"SKIP","floor":29},{"not_picked":["sneckomod:UnknownWeak","sneckomod:Unknown0Cost","sneckomod:Unknown1Cost"],"picked":"SKIP","floor":30},{"not_picked":["sneckomod:UnknownVulnerable","sneckomod:UnlimitedRolls"],"picked":"sneckomod:QuickMove","floor":32}],"player_experience":537510,"relics_obtained":[{"floor":10,"key":"Dream Catcher"},{"floor":10,"key":"Tiny Chest"},{"floor":12,"key":"War Paint"},{"floor":19,"key":"Happy Flower"},{"floor":23,"key":"Omamori"},{"floor":23,"key":"sneckomod:SuperSneckoEye"},{"floor":26,"key":"CeramicFish"},{"floor":27,"key":"Smiling Mask"}],"event_choices":[{"damage_healed":0,"gold_gain":0,"player_choice":"Leave","damage_taken":0,"max_hp_gain":0,"max_hp_loss":0,"event_name":"The Cleric","floor":2,"gold_loss":0},{"damage_healed":0,"gold_gain":0,"cards_transformed":["sneckomod:Strike"],"player_choice":"Change","damage_taken":0,"max_hp_gain":0,"max_hp_loss":0,"event_name":"Living Wall","floor":3,"gold_loss":0,"cards_obtained":["sneckomod:ImprovisedGuard"]},{"damage_healed":0,"gold_gain":0,"cards_transformed":["sneckomod:Defend"],"player_choice":"Transformed","damage_taken":0,"max_hp_gain":0,"max_hp_loss":0,"event_name":"Transmorgrifier","floor":4,"gold_loss":0,"cards_obtained":["sneckomod:UnknownClassTHE_CHAMP_GRAY"]},{"damage_healed":0,"gold_gain":0,"player_choice":"Ignored","damage_taken":0,"max_hp_gain":0,"max_hp_loss":0,"event_name":"Shining Light","floor":13,"gold_loss":0},{"damage_healed":27,"gold_gain":0,"player_choice":"Banana","damage_taken":0,"max_hp_gain":0,"max_hp_loss":0,"event_name":"Big Fish","floor":14,"gold_loss":0},{"damage_healed":0,"gold_gain":0,"player_choice":"","damage_taken":6,"max_hp_gain":0,"max_hp_loss":0,"event_name":"Knowing Skull","floor":22,"potions_obtained":[],"gold_loss":0,"cards_obtained":[]},{"damage_healed":0,"gold_gain":0,"player_choice":"Ignored","damage_taken":0,"max_hp_gain":0,"max_hp_loss":0,"event_name":"Beggar","floor":31,"gold_loss":0}],"is_beta":false,"boss_relics":[{"not_picked":["Velvet Choker","Empty Cage"],"picked":"Snecko Eye"}],"items_purged_floors":[],"is_endless":false,"potions_floor_spawned":[10,20,23,25],"killed_by":"Champ","ascension_level":20}}