{"host":"m77rrhbqzv44va4v","time":1609946951,"event":{"mods":["AchievementEnabler","BaseMod","Colored Map","DeckTracker","Keyboard Shortcuts","Minty Spire (QoL Compilation)","StSLib","SuperFastMode","everything is the same but u backflip on backflip"],"gold_per_floor":[109,128,142,24,24,24,50,50,125,25,54,78,90,113,125,212,224,256,55,0,0,16,16,16,16],"floor_reached":24,"playtime":512,"items_purged":["Strike_G","Defend_G","Defend_G"],"score":408,"play_id":"8c0f5081-7bd3-4dbe-b0fc-fd120007ef44","local_time":"20210107002911","is_ascension_mode":true,"campfire_choices":[{"data":"Underhanded Strike","floor":6.0,"key":"SMITH"},{"data":"A Thousand Cuts","floor":8.0,"key":"SMITH"},{"floor":15.0,"key":"REST"},{"floor":23,"key":"REST"}],"circlet_count":0,"master_deck":["AscendersBane","Strike_G","Strike_G","Strike_G","Strike_G","Defend_G","Defend_G","Defend_G","Survivor","Neutralize","Underhanded Strike+1","Dagger Throw","Well Laid Plans+1","A Thousand Cuts+1","Acrobatics","Underhanded Strike","Backflip","Grand Finale","Acrobatics","Footwork"],"relics":["Ring of the Snake","Bronze Scales","Lantern","Blue Candle","MawBank","Letter Opener","Black Star"],"acts_visited":["Exordium","TheCity"],"potions_floor_usage":[22],"damage_taken":[{"damage":0.0,"enemies":"Jaw Worm","floor":1.0,"turns":4.0},{"damage":1.0,"enemies":"Cultist","floor":2.0,"turns":3.0},{"damage":2.0,"enemies":"Small Slimes","floor":3.0,"turns":3.0},{"damage":26.0,"enemies":"Gremlin Nob","floor":7.0,"turns":4.0},{"damage":12.0,"enemies":"Lagavulin","floor":11.0,"turns":4.0},{"damage":0.0,"enemies":"Looter","floor":12.0,"turns":3.0},{"damage":13.0,"enemies":"Blue Slaver","floor":14.0,"turns":3.0},{"damage":14.0,"enemies":"The Guardian","floor":16.0,"turns":9.0},{"damage":20.0,"enemies":"Chosen","floor":18.0,"turns":5.0},{"damage":15,"enemies":"2 Thieves","floor":22,"turns":4},{"damage":37,"enemies":"Slavers","floor":24,"turns":2}],"seed_played":"3482025637177769448","potions_obtained":[{"floor":7.0,"key":"ColorlessPotion"},{"floor":12.0,"key":"EssenceOfSteel"},{"floor":16.0,"key":"ColorlessPotion"},{"floor":18.0,"key":"SpeedPotion"}],"is_trial":false,"path_per_floor":["M","M","M","$","?","R","E","R","T","$","E","M","T","M","R","B",null,"M","$","?","?","M","R","E"],"character_chosen":"THE_SILENT","items_purchased":["Well Laid Plans","Footwork"],"campfire_rested":2,"item_purchase_floors":[4,19],"current_hp_per_floor":[59,58,56,56,56,56,30,30,30,30,18,18,18,5,24,10,52,32,32,32,32,17,36,0,0],"gold":16,"neow_bonus":"RANDOM_COMMON_RELIC","is_daily":false,"chose_seed":false,"campfire_upgraded":2,"win_rate":0.0,"timestamp":1609946951,"path_taken":["M","M","M","$","?","R","E","R","T","?","E","M","?","M","R","BOSS","M","$","?","?","M","R","E"],"items_purchased_type":["Card","Card"],"build_version":"2020-12-22","purchased_purges":3,"victory":false,"max_hp_per_floor":[66,66,66,66,66,66,66,66,66,66,66,66,66,66,66,66,66,66,66,66,66,66,66,66,66],"card_choices":[{"not_picked":["Quick Slash","Prepared"],"picked":"Underhanded Strike","floor":1.0},{"not_picked":["PiercingWail","Escape Plan"],"picked":"Dagger Throw","floor":2.0},{"not_picked":["Crippling Poison","Prepared","Bane"],"picked":"SKIP","floor":3.0},{"not_picked":["Bouncing Flask","Tools of the Trade"],"picked":"A Thousand Cuts","floor":7.0},{"not_picked":["Blade Dance","Deflect"],"picked":"Acrobatics","floor":11.0},{"not_picked":["Dagger Spray","Sucker Punch"],"picked":"Underhanded Strike","floor":12.0},{"not_picked":["Infinite Blades","Poisoned Stab"],"picked":"Backflip","floor":14.0},{"not_picked":["Bullet Time","Glass Knife"],"picked":"Grand Finale","floor":16.0},{"not_picked":["Prepared","Backflip"],"picked":"Acrobatics","floor":18.0},{"not_picked":["Endless Agony","Poisoned Stab","Outmaneuver"],"picked":"SKIP","floor":22}],"player_experience":912429,"relics_obtained":[{"floor":7.0,"key":"Lantern"},{"floor":9.0,"key":"Blue Candle"},{"floor":11.0,"key":"MawBank"},{"floor":13.0,"key":"Letter Opener"}],"event_choices":[{"damage_healed":0.0,"max_hp_gain":0.0,"max_hp_loss":0.0,"gold_gain":0.0,"event_name":"Upgrade Shrine","player_choice":"Upgraded","floor":5.0,"gold_loss":0.0,"damage_taken":0.0,"cards_upgraded":["Well Laid Plans"]},{"damage_healed":0,"gold_gain":0,"player_choice":"Paid Fearfully","damage_taken":0,"max_hp_gain":0,"max_hp_loss":0,"event_name":"Masked Bandits","floor":20,"gold_loss":55},{"damage_healed":0,"gold_gain":0,"player_choice":"Ignored","damage_taken":0,"max_hp_gain":0,"max_hp_loss":0,"event_name":"Ghosts","floor":21,"gold_loss":0}],"is_beta":false,"boss_relics":[{"not_picked":["Coffee Dripper","Runic Dome"],"picked":"Black Star"}],"items_purged_floors":[4,10,19],"is_endless":false,"potions_floor_spawned":[7,12,16,18],"killed_by":"Slavers","ascension_level":20}}