{"host":"vknm03unwrfz4wfe","time":1609941508,"event":{"mods":["Act Like it!","BaseMod","CapriCore","Downfall","Friendly Minions","Lobotomy","Minty Spire (QoL Compilation)","Prisma Mod","Reimu¡]³Õ???¡^","Remilia¡]Á¢¦Ì²ú?¡^","StSLib","SuperFastMode","The Animator","The Cursed","The Hayseed","The Runesmith","The Servant 0.9.4","WarShipGirlsR/??¤Ö¤kR mod","Yakumo Yukari mod","Yuyuko"],"gold_per_floor":[119,43,43,118,118,144,160,173,173,348,348,338,356,376,376,481,481,492,492,492,506,221,255,273,273,323,375,386,433,433,446,446,446,446],"floor_reached":33,"playtime":1671,"items_purged":["Doubt"],"score":267,"play_id":"2eec9ee3-8ea1-40ab-91d8-bfd8c70db484","local_time":"20210106215828","is_ascension_mode":false,"campfire_choices":[{"floor":11,"key":"REST"},{"floor":15,"key":"REST"},{"floor":25,"key":"REST"},{"floor":32,"key":"REST"}],"circlet_count":0,"master_deck":["TheSimpletonMod:Strike_TheSimpleton","TheSimpletonMod:Strike_TheSimpleton","TheSimpletonMod:Strike_TheSimpleton","TheSimpletonMod:Strike_TheSimpleton","TheSimpletonMod:Defend_TheSimpleton","TheSimpletonMod:Defend_TheSimpleton","TheSimpletonMod:Defend_TheSimpleton","TheSimpletonMod:Defend_TheSimpleton","TheSimpletonMod:Haymaker","TheSimpletonMod:ReapAndSow+1","TheSimpletonMod:CullingStrike","TheSimpletonMod:Rake","TheSimpletonMod:Rake","TheSimpletonMod:RootDown","TheSimpletonMod:Potatoes+1","TheSimpletonMod:Innovate","TheSimpletonMod:RootDown","TheSimpletonMod:CloseScrape","TheSimpletonMod:Photosynthesis","TheSimpletonMod:Germinate","TheSimpletonMod:Swelter","TheSimpletonMod:Pruning","HandOfGreed","TheSimpletonMod:SlashAndBurn","TheSimpletonMod:GoToMarket+1","TheSimpletonMod:Sunchoke+1","TheSimpletonMod:Pruning+1","TheSimpletonMod:ToughenUp+1","TheSimpletonMod:Pruning"],"relics":["TheSimpletonMod:SpudOfTheInnocent","TheSimpletonMod:NightSoil","TheSimpletonMod:TheHarvester","Regal Pillow","Runesmith:Nanobots","Paper Crane","WristBlade","PreservedInsect","TheSimpletonMod:Honeycomb","Red Mask"],"acts_visited":["Exordium","TheCity"],"potions_floor_usage":[16,33,33,33],"damage_taken":[{"damage":8,"enemies":"Cultist","floor":1,"turns":5},{"damage":34,"enemies":"3 Sentries","floor":6,"turns":7},{"damage":0,"enemies":"2 Louse","floor":7,"turns":2},{"damage":0,"enemies":"Jaw Worm","floor":8,"turns":3},{"damage":5,"enemies":"3 Louse","floor":13,"turns":2},{"damage":5,"enemies":"Looter","floor":14,"turns":4},{"damage":17,"enemies":"Slime Boss","floor":16,"turns":6},{"damage":12,"enemies":"Shell Parasite","floor":18,"turns":6},{"damage":10,"enemies":"3 Byrds","floor":21,"turns":3},{"damage":22,"enemies":"Centurion and Healer","floor":23,"turns":6},{"damage":17,"enemies":"Snecko","floor":24,"turns":4},{"damage":27,"enemies":"Slavers","floor":27,"turns":5},{"damage":16,"enemies":"Chosen and Byrds","floor":28,"turns":6},{"damage":0,"enemies":"Masked Bandits","floor":29,"turns":2},{"damage":6,"enemies":"3 Cultists","floor":31,"turns":3},{"damage":58,"enemies":"Champ","floor":33,"turns":11}],"seed_played":"2976287355338172478","potions_obtained":[{"floor":7,"key":"EssenceOfSteel"},{"floor":8,"key":"BlessingOfTheForge"},{"floor":14,"key":"ZuzhouPotion:ReiMu"},{"floor":24,"key":"FearPotion"},{"floor":27,"key":"Guardian:BlockOnCardUsePotion"},{"floor":31,"key":"SpeedPotion"}],"is_trial":false,"path_per_floor":["M","$","?","?","?","E","M","M","T","?","R","?","M","M","R","B",null,"M","?","?","M","$","M","M","R","T","E","M","?","?","M","R","B"],"character_chosen":"THE_SIMPLETON","items_purchased":["TheSimpletonMod:Rake","TheSimpletonMod:Pruning","HandOfGreed"],"campfire_rested":4,"item_purchase_floors":[2,22,22],"current_hp_per_floor":[67,67,67,56,31,1,5,5,5,5,42,42,37,36,73,60,75,63,63,63,53,53,31,18,55,55,28,16,16,13,7,44,0,0],"gold":446,"neow_bonus":"RANDOM_COMMON_RELIC","is_daily":false,"chose_seed":false,"campfire_upgraded":0,"win_rate":0.0,"timestamp":1609941508,"path_taken":["M","$","?","?","?","E","M","?","T","?","R","?","M","M","R","BOSS","M","?","?","M","$","?","M","R","T","E","M","?","?","M","R","BOSS"],"items_purchased_type":["Card","Card","Card"],"build_version":"2020-12-22","purchased_purges":1,"victory":false,"max_hp_per_floor":[75,75,75,75,75,75,75,75,75,75,75,75,75,75,75,75,75,75,75,75,75,75,75,75,75,75,75,75,75,75,75,75,75,75],"card_choices":[{"not_picked":["TheSimpletonMod:Ferment","TheSimpletonMod:Sunseed"],"picked":"TheSimpletonMod:CullingStrike","floor":1},{"not_picked":["TheSimpletonMod:Corn","TheSimpletonMod:VineRipen"],"picked":"TheSimpletonMod:Rake","floor":6},{"not_picked":["TheSimpletonMod:BumperCrop","TheSimpletonMod:Aerate"],"picked":"TheSimpletonMod:RootDown","floor":7},{"not_picked":["TheSimpletonMod:PestManagement","TheSimpletonMod:SoilSample"],"picked":"TheSimpletonMod:Potatoes","floor":8},{"not_picked":[],"picked":"TheSimpletonMod:Innovate","floor":12},{"not_picked":["TheSimpletonMod:Mulch","TheSimpletonMod:SpiceUp"],"picked":"TheSimpletonMod:RootDown","floor":13},{"not_picked":["TheSimpletonMod:Rototilling","TheSimpletonMod:ControlledBurn"],"picked":"TheSimpletonMod:CloseScrape","floor":14},{"not_picked":["TheSimpletonMod:VolatileFumes","TheSimpletonMod:CrackOfDawn"],"picked":"TheSimpletonMod:Photosynthesis","floor":16},{"not_picked":["TheSimpletonMod:SaladShooter+1","TheSimpletonMod:Fertilaser"],"picked":"TheSimpletonMod:Germinate","floor":18},{"not_picked":["TheSimpletonMod:DoubleBarrel","TheSimpletonMod:CropRotation"],"picked":"TheSimpletonMod:Swelter","floor":21},{"not_picked":["TheSimpletonMod:Potatoes","TheSimpletonMod:Sunchoke+1"],"picked":"TheSimpletonMod:SlashAndBurn","floor":23},{"not_picked":["TheSimpletonMod:CullingStrike","TheSimpletonMod:Aerate+1"],"picked":"TheSimpletonMod:GoToMarket+1","floor":24},{"not_picked":["TheSimpletonMod:Corn","TheSimpletonMod:DoubleBarrel"],"picked":"TheSimpletonMod:Sunchoke+1","floor":27},{"not_picked":["TheSimpletonMod:Mulch+1","TheSimpletonMod:StockTheCellar"],"picked":"TheSimpletonMod:Pruning+1","floor":28},{"not_picked":["TheSimpletonMod:Aerate","TheSimpletonMod:Rake"],"picked":"TheSimpletonMod:ToughenUp+1","floor":29},{"not_picked":["TheSimpletonMod:StockTheCellar+1","TheSimpletonMod:Germinate"],"picked":"TheSimpletonMod:Pruning","floor":31}],"player_experience":233494,"relics_obtained":[{"floor":6,"key":"Paper Crane"},{"floor":26,"key":"PreservedInsect"},{"floor":27,"key":"TheSimpletonMod:Honeycomb"},{"floor":29,"key":"Red Mask"}],"event_choices":[{"damage_healed":0,"gold_gain":0,"player_choice":"Grow","damage_taken":0,"max_hp_gain":0,"max_hp_loss":0,"event_name":"Living Wall","floor":3,"gold_loss":0,"cards_upgraded":["TheSimpletonMod:ReapAndSow"]},{"damage_healed":0,"gold_gain":75,"player_choice":"Gather Gold","damage_taken":11,"max_hp_gain":0,"max_hp_loss":0,"event_name":"World of Goop","floor":4,"gold_loss":0},{"damage_healed":0,"gold_gain":0,"player_choice":"Success","damage_taken":25,"relics_obtained":["Runesmith:Nanobots"],"max_hp_gain":0,"max_hp_loss":0,"event_name":"Scrap Ooze","floor":5,"gold_loss":0},{"damage_healed":0,"gold_gain":175,"player_choice":"AGREE","damage_taken":0,"max_hp_gain":0,"max_hp_loss":0,"event_name":"Liars Game","floor":10,"gold_loss":0,"cards_obtained":["Doubt"]},{"damage_healed":0,"gold_gain":0,"player_choice":"Ignored","damage_taken":0,"max_hp_gain":0,"max_hp_loss":0,"event_name":"Vampires","floor":19,"gold_loss":0},{"damage_healed":0,"gold_gain":0,"player_choice":"Upgraded","damage_taken":0,"max_hp_gain":0,"max_hp_loss":0,"event_name":"Upgrade Shrine","floor":20,"gold_loss":0,"cards_upgraded":["TheSimpletonMod:Potatoes"]},{"damage_healed":0,"gold_gain":0,"player_choice":"Fought Bandits","damage_taken":0,"max_hp_gain":0,"max_hp_loss":0,"event_name":"Masked Bandits","floor":29,"gold_loss":0},{"damage_healed":0,"gold_gain":0,"player_choice":"Punched","damage_taken":3,"max_hp_gain":0,"max_hp_loss":0,"event_name":"Designer","floor":30,"gold_loss":0}],"is_beta":false,"boss_relics":[{"not_picked":["Runesmith:UraniumAnvil","Runic Dome"],"picked":"WristBlade"}],"items_purged_floors":[22],"is_endless":false,"potions_floor_spawned":[7,8,14,24,27,31],"killed_by":"Champ","ascension_level":0}}