{"host":"j204k34h42bd6fas","time":1609896876,"event":{"mods":["Aspiration","BaseMod","Colored Map","Colored Powertips","Conspire","Energized Spire","Hubris","Infinite Spire","JesterMod","Mimic Mod","Minty Spire (QoL Compilation)","Rare Cards Sparkle","Relic Stats","Replay The Spire","Say the Spire","StSLib","The Cursed","The Marked"],"gold_per_floor":[109,33,46,46,46,96,138,150,187,199,199],"floor_reached":10,"playtime":199,"items_purged":[],"score":116,"play_id":"74c5478a-587c-44a8-be47-2665a9367bea","local_time":"20210105203436","is_ascension_mode":true,"campfire_choices":[{"data":"infinitespire:OneForAll","floor":8,"key":"SMITH"}],"circlet_count":0,"master_deck":["Strike_R","Strike_R","Strike_R","Strike_R","Strike_R","Defend_R","Defend_R","Defend_R","Defend_R","Bash","Reckless Charge","infinitespire:OneForAll+1","hubris:ReadiedAction","Injury","Regret","Replay:Undeath\u0027s Touch","Thunderclap"],"relics":["Burning Blood","NeowsBlessing","Golden Idol","MawBank","Omamori","Odd Mushroom","infinitespire:Lucky Rock"],"acts_visited":["Exordium"],"potions_floor_usage":[7],"damage_taken":[{"damage":0,"enemies":"2 Louse","floor":1,"turns":1},{"damage":0,"enemies":"Small Slimes","floor":3,"turns":1},{"damage":0,"enemies":"Lagavulin","floor":6,"turns":1},{"damage":39,"enemies":"The Mushroom Lair","floor":7,"turns":6},{"damage":42,"enemies":"3 Sentries","floor":10,"turns":7}],"seed_played":"4064063939191794692","potions_obtained":[{"floor":1,"key":"Energy Potion"}],"is_trial":false,"path_per_floor":["M","$","M","?","?","E","?","R","T","E"],"character_chosen":"IRONCLAD","items_purchased":["infinitespire:OneForAll"],"campfire_rested":0,"item_purchase_floors":[2],"current_hp_per_floor":[78,78,80,80,80,80,47,47,47,5,5],"gold":199,"neow_bonus":"THREE_ENEMY_KILL","is_daily":false,"chose_seed":false,"campfire_upgraded":1,"win_rate":0.0,"timestamp":1609896876,"path_taken":["M","$","M","?","?","E","?","R","T","E"],"items_purchased_type":["Card"],"build_version":"2020-12-22","purchased_purges":0,"victory":false,"max_hp_per_floor":[80,80,80,80,80,80,80,80,80,80,80],"relic_stats":{"counters":[5,16],"Golden Idol":14,"MawBank":60,"obtain_stats":[{"NeowsBlessing":0,"Golden Idol":4,"Omamori":6,"infinitespire:Lucky Rock":9,"Odd Mushroom":7,"MawBank":5,"Burning Blood":0},{"NeowsBlessing":0,"Golden Idol":2,"Omamori":3,"infinitespire:Lucky Rock":4,"Odd Mushroom":4,"MawBank":2,"Burning Blood":0},{"NeowsBlessing":0,"Golden Idol":2,"Omamori":3,"infinitespire:Lucky Rock":9,"Odd Mushroom":9,"MawBank":2,"Burning Blood":0}],"Burning Blood":14},"card_choices":[{"not_picked":["Flex","Shrug It Off"],"picked":"Reckless Charge","floor":1},{"not_picked":["Sword Boomerang","Searing Blow"],"picked":"hubris:ReadiedAction","floor":3},{"not_picked":["Life Link","Clash"],"picked":"Replay:Undeath\u0027s Touch","floor":6},{"not_picked":["ReplayTheSpireMod:Strike From Hell","Anger"],"picked":"Thunderclap","floor":7}],"player_experience":332443,"relics_obtained":[{"floor":6,"key":"Omamori"},{"floor":7,"key":"Odd Mushroom"},{"floor":9,"key":"infinitespire:Lucky Rock"}],"event_choices":[{"damage_healed":0,"gold_gain":0,"player_choice":"Take Wound","damage_taken":0,"relics_obtained":["Golden Idol"],"max_hp_gain":0,"max_hp_loss":0,"event_name":"Golden Idol","floor":4,"gold_loss":0,"cards_obtained":["Injury"]},{"damage_healed":0,"gold_gain":0,"player_choice":"Box","damage_taken":0,"relics_obtained":["MawBank"],"max_hp_gain":0,"max_hp_loss":0,"event_name":"Big Fish","floor":5,"gold_loss":0,"cards_obtained":["Regret"]},{"damage_healed":0,"gold_gain":0,"player_choice":"Fought Mushrooms","damage_taken":0,"max_hp_gain":0,"max_hp_loss":0,"event_name":"Mushrooms","floor":7,"gold_loss":0}],"is_beta":false,"boss_relics":[],"items_purged_floors":[],"is_endless":false,"potions_floor_spawned":[1],"killed_by":"3 Sentries","ascension_level":6}}