{"host":"gl7gfqdgzaxu5sie","time":1609942037,"event":{"mods":["AchievementEnabler","BaseMod","Colored Map","DeckTracker","Minty Spire (QoL Compilation)"],"gold_per_floor":[115,134,154,154,164,189,189,206,206,206,218,243,255,275,275,372,372,372,372],"floor_reached":18,"playtime":792,"items_purged":[],"score":264,"play_id":"b8bee256-0caf-4c52-9c8c-63851ccbd10f","local_time":"20210106230717","is_ascension_mode":true,"campfire_choices":[{"data":"Bash","floor":7,"key":"SMITH"},{"data":"Shockwave","floor":15,"key":"SMITH"}],"circlet_count":0,"master_deck":["AscendersBane","Strike_R","Strike_R","Strike_R","Strike_R","Strike_R","Defend_R","Defend_R","Defend_R","Defend_R","Bash+1","Second Wind","Shockwave+1","Dark Embrace+1","Fire Breathing+1","Evolve+1","Double Tap"],"relics":["Black Blood","Blood Vial","Frozen Egg 2","Mummified Hand","Sundial"],"acts_visited":["Exordium","TheCity"],"potions_floor_usage":[1,5,6,12,16],"damage_taken":[{"damage":9,"enemies":"Jaw Worm","floor":1,"turns":5},{"damage":3,"enemies":"Small Slimes","floor":2,"turns":4},{"damage":4,"enemies":"2 Louse","floor":3,"turns":4},{"damage":7,"enemies":"Large Slime","floor":5,"turns":6},{"damage":60,"enemies":"Lagavulin","floor":6,"turns":9},{"damage":16,"enemies":"Looter","floor":8,"turns":4},{"damage":12,"enemies":"3 Louse","floor":11,"turns":6},{"damage":6,"enemies":"3 Sentries","floor":12,"turns":4},{"damage":19,"enemies":"Exordium Wildlife","floor":13,"turns":5},{"damage":11,"enemies":"Looter","floor":14,"turns":3},{"damage":12,"enemies":"Hexaghost","floor":16,"turns":10},{"damage":75,"enemies":"Shell Parasite","floor":18,"turns":9}],"seed_played":"2330392415776821269","potions_obtained":[{"floor":1,"key":"EntropicBrew"},{"floor":5,"key":"LiquidMemories"},{"floor":11,"key":"SkillPotion"},{"floor":13,"key":"Dexterity Potion"}],"is_trial":false,"path_per_floor":["M","M","M","?","M","E","R","M","T","?","M","E","M","M","R","B",null,"M"],"character_chosen":"IRONCLAD","items_purchased":[],"campfire_rested":0,"item_purchase_floors":[],"current_hp_per_floor":[77,80,82,64,65,28,28,20,20,49,45,47,36,33,33,29,73,0,0],"gold":372,"neow_bonus":"TEN_PERCENT_HP_BONUS","is_daily":false,"chose_seed":false,"campfire_upgraded":2,"win_rate":0.0,"timestamp":1609942037,"path_taken":["M","M","M","?","M","E","R","M","T","?","M","E","M","M","R","BOSS","M"],"items_purchased_type":[],"build_version":"2020-12-22","purchased_purges":0,"victory":false,"max_hp_per_floor":[88,88,88,88,88,88,88,88,88,88,88,88,88,88,88,88,88,88,88],"card_choices":[{"not_picked":["Fire Breathing","Anger"],"picked":"Second Wind","floor":1},{"not_picked":["Pommel Strike","Clothesline"],"picked":"Shockwave","floor":2},{"not_picked":["Headbutt","Pommel Strike","Heavy Blade"],"picked":"SKIP","floor":3},{"not_picked":["Armaments","Searing Blow","Brutality"],"picked":"SKIP","floor":5},{"not_picked":["Iron Wave","True Grit"],"picked":"Dark Embrace+1","floor":6},{"not_picked":["Metallicize+1","Twin Strike"],"picked":"Fire Breathing+1","floor":8},{"not_picked":["Flame Barrier","Anger","Shrug It Off"],"picked":"SKIP","floor":11},{"not_picked":["Flex","Inflame+1","Warcry"],"picked":"SKIP","floor":12},{"not_picked":["Armaments","Wild Strike","Hemokinesis"],"picked":"SKIP","floor":13},{"not_picked":["Headbutt","Wild Strike"],"picked":"Evolve+1","floor":14},{"not_picked":["Bludgeon","Limit Break"],"picked":"Double Tap","floor":16}],"player_experience":574608,"relics_obtained":[{"floor":6,"key":"Frozen Egg 2"},{"floor":9,"key":"Mummified Hand"},{"floor":12,"key":"Sundial"}],"event_choices":[{"damage_healed":0,"gold_gain":0,"player_choice":"Success","damage_taken":18,"relics_obtained":["Blood Vial"],"max_hp_gain":0,"max_hp_loss":0,"event_name":"Scrap Ooze","floor":4,"gold_loss":0},{"damage_healed":29,"gold_gain":0,"player_choice":"Banana","damage_taken":0,"max_hp_gain":0,"max_hp_loss":0,"event_name":"Big Fish","floor":10,"gold_loss":0}],"is_beta":false,"boss_relics":[{"not_picked":["Velvet Choker","Calling Bell"],"picked":"Black Blood"}],"items_purged_floors":[],"is_endless":false,"potions_floor_spawned":[1,5,11,13],"killed_by":"Shell Parasite","ascension_level":10}}