{"host":"40f49r155zsx8eqk","time":1609947114,"event":{"mods":["AchievementEnabler","Aspiration","BaseMod","Curses Come First","Dota2Spire","Evolution","Googly Eyes","Gremlin Skip","Minty Spire (QoL Compilation)","Relic Sorter","Replay The Spire","StSLib","The Gatherer"],"gold_per_floor":[115,128,148,56,67,98,98,273,273,283,308,308,327,28,28,124,124,143,143,193,163,38,38,38],"floor_reached":23,"playtime":938,"items_purged":["Hallucinations","CommonCold","Looming Evil"],"score":219,"play_id":"41c92f43-d7e7-49d4-8cbb-fc96b7cf00da","local_time":"20210106183154","is_ascension_mode":true,"campfire_choices":[{"floor":7,"key":"REST"},{"data":"Doubt","floor":12,"key":"PURGE"},{"floor":15,"key":"DIG"}],"circlet_count":0,"master_deck":["Strike_P","Strike_P","Strike_P","Strike_P","Defend_P","Defend_P","Defend_P","Defend_P","Eruption","Vigilance","FollowUp","ClearTheMind","Secret Technique","LikeWater","Wallop","DevaForm","FlyingSleeves","Omniscience","SandsOfTime"],"relics":["PureWater","EVO:Axolotl","Replay:Multitool","ReplayTheSpireMod:CursedCoin","Orichalcum","Replay:Bottled Flurry","Dota2Spire:Dagon","Lee\u0027s Waffle","Girya","Replay:Grab Bag","SlaversCollar","Busted Crown","Runic Pyramid","Ring of Fangs","Ring of Greed","Replay:Wax Seal","Blue Doll"],"acts_visited":["Exordium","TheCity"],"potions_floor_usage":[10,16,16,18,18,23,23,23],"damage_taken":[{"damage":2,"enemies":"Cultist","floor":1,"turns":3},{"damage":7,"enemies":"2 Louse","floor":2,"turns":3},{"damage":0,"enemies":"Jaw Worm","floor":3,"turns":1},{"damage":1,"enemies":"Looter","floor":5,"turns":3},{"damage":15,"enemies":"3 Sentries","floor":6,"turns":12},{"damage":18,"enemies":"Blue Slaver","floor":10,"turns":3},{"damage":25,"enemies":"Gremlin Nob","floor":11,"turns":6},{"damage":4,"enemies":"Red Slaver","floor":13,"turns":5},{"damage":35,"enemies":"The Guardian","floor":16,"turns":11},{"damage":25,"enemies":"2 Thieves","floor":18,"turns":3},{"damage":51,"enemies":"Slavers","floor":23,"turns":3}],"seed_played":"-354541769868792619","potions_obtained":[{"floor":2,"key":"LiquidMemories"},{"floor":5,"key":"Regen Potion"},{"floor":11,"key":"Weak Potion"},{"floor":16,"key":"Dota2Spire:HealingSalve"},{"floor":18,"key":"Dexterity Potion"},{"floor":21,"key":"Explosive Potion"},{"floor":21,"key":"Block Potion"}],"is_trial":false,"path_per_floor":["M","M","M","$","M","E","R","?","T","M","E","R","M","$","R","B",null,"M","?","?","?","$","E"],"character_chosen":"WATCHER","items_purchased":["ReplayTheSpireMod:CursedCoin","Secret Technique","Lee\u0027s Waffle","SkillPotion"],"campfire_rested":1,"item_purchase_floors":[4,4,14,14],"current_hp_per_floor":[70,63,63,63,62,47,68,68,68,58,33,33,29,79,79,44,79,57,42,42,42,42,0,0],"gold":38,"neow_bonus":"ONE_RARE_RELIC","is_daily":false,"chose_seed":false,"campfire_upgraded":0,"win_rate":0.0,"timestamp":1609947114,"path_taken":["M","M","?","$","?","E","R","?","T","M","E","R","M","$","R","BOSS","M","?","?","?","$","E"],"items_purchased_type":["Relic","Card","Relic","Potion"],"build_version":"2020-12-22","purchased_purges":3,"victory":false,"max_hp_per_floor":[72,72,72,72,72,72,72,72,72,72,72,72,72,79,79,79,79,79,84,84,84,84,84,84],"card_choices":[{"not_picked":["Indignation","Swivel"],"picked":"FollowUp","floor":1},{"not_picked":["CutThroughFate","BowlingBash","Replay:AtTheReady"],"picked":"SKIP","floor":2},{"not_picked":["DeceiveReality","Crescendo"],"picked":"ClearTheMind","floor":3},{"not_picked":["Halt","Meditate"],"picked":"LikeWater","floor":5},{"not_picked":["Replay:BluntJabs","InnerPeace","SpiritShield"],"picked":"SKIP","floor":6},{"not_picked":["Perseverance","JustLucky"],"picked":"Wallop","floor":10},{"not_picked":["BowlingBash","Replay:BluntJabs"],"picked":"DevaForm","floor":11},{"not_picked":["Prostrate","Tantrum"],"picked":"FlyingSleeves","floor":13},{"not_picked":["Replay:AllIn","DevaForm"],"picked":"Omniscience","floor":16},{"not_picked":[],"picked":"SandsOfTime","floor":18}],"player_experience":149084,"relics_obtained":[{"floor":6,"key":"Orichalcum"},{"floor":9,"key":"Replay:Bottled Flurry"},{"floor":11,"key":"Dota2Spire:Dagon"},{"floor":15,"key":"Girya"},{"floor":20,"key":"Ring of Fangs"},{"floor":20,"key":"Ring of Greed"},{"floor":20,"key":"Replay:Wax Seal"},{"floor":20,"key":"Blue Doll"}],"event_choices":[{"damage_healed":0,"gold_gain":175,"player_choice":"AGREE","damage_taken":0,"max_hp_gain":0,"max_hp_loss":0,"event_name":"Liars Game","floor":8,"gold_loss":0,"cards_obtained":["Doubt"]},{"damage_healed":0,"gold_gain":0,"player_choice":"Shed Blood","damage_taken":20,"max_hp_gain":5,"max_hp_loss":0,"event_name":"Forgotten Altar","floor":19,"gold_loss":0},{"damage_healed":0,"gold_gain":0,"player_choice":"Bought 2 Potions","damage_taken":0,"max_hp_gain":0,"max_hp_loss":0,"event_name":"The Woman in Blue","floor":21,"gold_loss":0}],"is_beta":false,"boss_relics":[{"not_picked":["Velvet Choker","Kintsugi"],"picked":"Replay:Grab Bag"},{"not_picked":["Ectoplasm","aspiration:FutureDiary"],"picked":"SlaversCollar"},{"not_picked":["Replay:Bronze Core","Cursed Key"],"picked":"Busted Crown"},{"not_picked":["Pandora\u0027s Box","HolyWater"],"picked":"Runic Pyramid"}],"items_purged_floors":[4,14,22],"is_endless":false,"potions_floor_spawned":[2,5,11,16,18],"killed_by":"Slavers","ascension_level":2}}