{"host":"os9owiyb0rak6c8n","time":1609952003,"event":{"mods":["AchievementEnabler","Astrologer","BaseMod","Beaked The Cultist","Better Third Choice","Block Reminder","Colored Map","Colored Powertips","Dio Mod","Minty Spire (QoL Compilation)","Robot Space Explorer","Spicy Shops","StSLib","The Death Knight","The Necromancer"],"gold_per_floor":[17,17,17,40,64,104,125,144,190,190,211,211,211],"floor_reached":12,"playtime":587,"items_purged":[],"score":128,"play_id":"bafa30ea-3d9b-4c53-922f-14f54073f15d","local_time":"20210106175323","is_ascension_mode":true,"campfire_choices":[{"floor":10,"key":"REST"}],"circlet_count":0,"master_deck":["AscendersBane","Strike_G","Strike_G","Strike_G","Strike_G","Strike_G","Defend_G","Defend_G","Defend_G","Defend_G","Defend_G","Survivor","Neutralize","Chrysalis","Quick Slash","Backstab","Deadly Poison","Bouncing Flask"],"relics":["Ring of the Snake","Golden Idol","Potion Belt","Smiling Mask","Art of War"],"acts_visited":["Exordium"],"potions_floor_usage":[8,11,12,12],"damage_taken":[{"damage":0,"enemies":"2 Louse","floor":1,"turns":6},{"damage":6,"enemies":"Jaw Worm","floor":5,"turns":5},{"damage":25,"enemies":"Lagavulin","floor":6,"turns":4},{"damage":0,"enemies":"Cultist","floor":7,"turns":4},{"damage":12,"enemies":"Lots of Slimes","floor":8,"turns":3},{"damage":13,"enemies":"Large Slime","floor":11,"turns":8},{"damage":17,"enemies":"3 Sentries","floor":12,"turns":8}],"seed_played":"-344233185763595478","potions_obtained":[{"floor":5,"key":"Energy Potion"},{"floor":6,"key":"Swift Potion"},{"floor":7,"key":"SteroidPotion"},{"floor":8,"key":"PowerPotion"}],"is_trial":false,"path_per_floor":["M","?","?","T","M","E","M","M","T","R","M","E"],"character_chosen":"THE_SILENT","items_purchased":[],"campfire_rested":1,"item_purchase_floors":[],"current_hp_per_floor":[63,46,46,46,40,15,15,3,3,24,11,0,0],"gold":211,"neow_bonus":"RANDOM_COLORLESS_2","is_daily":false,"chose_seed":false,"campfire_upgraded":0,"win_rate":0.0,"timestamp":1609952003,"path_taken":["M","?","?","?","?","E","M","M","T","R","M","E"],"items_purchased_type":[],"build_version":"2020-12-22","purchased_purges":0,"victory":false,"max_hp_per_floor":[70,70,70,70,70,70,70,70,70,70,70,70,70],"card_choices":[{"not_picked":["Secret Technique","Thinking Ahead"],"picked":"Chrysalis","floor":0},{"not_picked":["Bane","Dagger Throw"],"picked":"Quick Slash","floor":1},{"not_picked":["Terror","Dodge and Roll"],"picked":"Backstab","floor":5},{"not_picked":["Flechettes","Blur"],"picked":"Deadly Poison","floor":6},{"not_picked":["Flying Knee","Underhanded Strike","Blade Dance"],"picked":"SKIP","floor":7},{"not_picked":["Glass Knife","Dagger Throw"],"picked":"Bouncing Flask","floor":8},{"not_picked":["Flying Knee","Riddle With Holes","Dagger Spray"],"picked":"SKIP","floor":11}],"player_experience":595245,"relics_obtained":[{"floor":4,"key":"Potion Belt"},{"floor":6,"key":"Smiling Mask"},{"floor":9,"key":"Art of War"}],"event_choices":[{"damage_healed":0,"gold_gain":0,"player_choice":"Take Damage","damage_taken":17,"relics_obtained":["Golden Idol"],"max_hp_gain":0,"max_hp_loss":0,"event_name":"Golden Idol","floor":2,"gold_loss":0},{"damage_healed":0,"gold_gain":0,"player_choice":"Ignored","damage_taken":0,"max_hp_gain":0,"max_hp_loss":0,"event_name":"Golden Wing","floor":3,"gold_loss":0}],"is_beta":false,"boss_relics":[],"items_purged_floors":[],"is_endless":false,"potions_floor_spawned":[5,6,7,8],"killed_by":"3 Sentries","ascension_level":12}}