{"host":"9gczkbtdkbhjojey","time":1609948894,"event":{"mods":["BaseMod","Colored Map","Hero for Fun","Minty Spire (QoL Compilation)","Quick Restart","StSLib","[功能]功能增强和修复MOD"],"gold_per_floor":[18,18,18,33,3,3,15,15,94,127,127,127,227,227,227,330,330,330,330,330,348,348,348,366,366,366,366,366,366,366,366,366,366,366,379,379,379,379],"floor_reached":37,"playtime":444,"items_purged":["Strike_Y","Strike_Y","Strike_Y","Strike_Y","Defend_Y","Defend_Y"],"score":719,"play_id":"e4f55355-a754-4660-8c33-a46687888cb6","local_time":"20210107000134","is_ascension_mode":true,"campfire_choices":[{"floor":8,"key":"RECALL"},{"data":"Strike_Y","floor":11,"key":"SMITH"},{"data":"Defend_Y","floor":15,"key":"SMITH"},{"floor":25,"key":"REST"},{"floor":28,"key":"REST"},{"floor":32,"key":"REST"}],"circlet_count":0,"master_deck":["Strike_Y+1","Defend_Y+1"],"relics":["Cape"],"acts_visited":["Exordium","TheCity","TheBeyond"],"potions_floor_usage":[],"damage_taken":[{"damage":0,"enemies":"2 Louse","floor":1,"turns":2},{"damage":0,"enemies":"Cultist","floor":3,"turns":1},{"damage":0,"enemies":"Small Slimes","floor":4,"turns":1},{"damage":0,"enemies":"Gremlin Nob","floor":6,"turns":1},{"damage":0,"enemies":"Exordium Wildlife","floor":7,"turns":2},{"damage":0,"enemies":"3 Sentries","floor":10,"turns":3},{"damage":0,"enemies":"Red Slaver","floor":14,"turns":1},{"damage":0,"enemies":"Hexaghost","floor":16,"turns":1},{"damage":0,"enemies":"Shell Parasite","floor":18,"turns":1},{"damage":0,"enemies":"3 Byrds","floor":19,"turns":3},{"damage":0,"enemies":"Cultist and Chosen","floor":21,"turns":2},{"damage":0,"enemies":"Slavers","floor":23,"turns":3},{"damage":0,"enemies":"Centurion and Healer","floor":24,"turns":2},{"damage":0,"enemies":"Gremlin Leader","floor":27,"turns":1},{"damage":0,"enemies":"Book of Stabbing","floor":31,"turns":1},{"damage":0,"enemies":"Champ","floor":33,"turns":1},{"damage":0,"enemies":"3 Shapes","floor":35,"turns":3},{"damage":0,"enemies":"3 Darklings","floor":37,"turns":3}],"seed_played":"-4020740593903124645","potions_obtained":[{"floor":1,"key":"GamblersBrew"},{"floor":6,"key":"DuplicationPotion"},{"floor":6,"key":"BlessingOfTheForge"}],"is_trial":false,"path_per_floor":["M","?","M","M","$","E","M","R","T","E","R","$","?","M","R","B",null,"M","M","$","M","T","E","M","R","T","E","R","$","?","E","R","B",null,"M","$","M"],"character_chosen":"OPM","items_purchased":[],"campfire_rested":3,"item_purchase_floors":[],"current_hp_per_floor":[999,999,999,999,999,999,999,999,999,999,999,999,999,999,999,999,999,999,999,999,999,999,999,999,999,999,999,999,999,999,999,999,999,999,999,999,999,999],"gold":379,"neow_bonus":"REMOVE_CARD","is_daily":false,"chose_seed":false,"campfire_upgraded":2,"win_rate":0.0,"timestamp":1609948894,"path_taken":["M","?","M","M","$","E","M","R","T","E","R","$","?","M","R","BOSS","M","M","$","M","?","E","M","R","T","E","R","?","?","E","R","BOSS","M","$","M"],"items_purchased_type":[],"build_version":"2020-12-22","purchased_purges":6,"victory":false,"max_hp_per_floor":[999,999,999,999,999,999,999,999,999,999,999,999,999,999,999,999,999,999,999,999,999,999,999,999,999,999,999,999,999,999,999,999,999,999,999,999,999,999],"card_choices":[{"not_picked":["Toss_Stone","Yawn","Slap"],"picked":"SKIP","floor":1},{"not_picked":["Toss_Stone","Hop","Side_Hop"],"picked":"SKIP","floor":3},{"not_picked":["Wear_Disguise","Ignore","Consecutive_Normal_Punch"],"picked":"SKIP","floor":4},{"not_picked":["Slap","Wear_Disguise","Hop"],"picked":"SKIP","floor":6},{"not_picked":["Normal_Punch","Yawn","Serious_Punch"],"picked":"SKIP","floor":7},{"not_picked":["Slap","Wear_Disguise","Normal_Punch"],"picked":"SKIP","floor":10},{"not_picked":["Ignore","Toss_Stone","Normal_Punch"],"picked":"SKIP","floor":14},{"not_picked":["Side_Hop+1","Consecutive_Normal_Punch","Slap"],"picked":"SKIP","floor":18},{"not_picked":["Slap+1","Hop+1","Wear_Disguise"],"picked":"SKIP","floor":19},{"not_picked":["Yawn+1","Ignore","Hop+1"],"picked":"SKIP","floor":21},{"not_picked":["Side_Hop","Normal_Punch","Ignore+1"],"picked":"SKIP","floor":23},{"not_picked":["Wear_Disguise","Do_Nothing","Normal_Punch"],"picked":"SKIP","floor":24},{"not_picked":["Hop","Hip_Strike","Serious_Punch"],"picked":"SKIP","floor":27},{"not_picked":["Yawn","Side_Hop","Oh"],"picked":"SKIP","floor":31},{"not_picked":["Normal_Punch","Hop+1","Do_Nothing+1"],"picked":"SKIP","floor":35}],"player_experience":114757,"relics_obtained":[],"event_choices":[{"cards_removed":["Defend_Y"],"damage_healed":0,"gold_gain":0,"player_choice":"Card Removal","damage_taken":7,"max_hp_gain":0,"max_hp_loss":0,"event_name":"Golden Wing","floor":2,"gold_loss":0},{"damage_healed":0,"gold_gain":100,"player_choice":"Pray","damage_taken":0,"max_hp_gain":0,"max_hp_loss":0,"event_name":"Golden Shrine","floor":13,"gold_loss":0},{"damage_healed":0,"gold_gain":0,"player_choice":"Ignored","damage_taken":0,"max_hp_gain":0,"max_hp_loss":0,"event_name":"Beggar","floor":30,"gold_loss":0}],"is_beta":false,"boss_relics":[{"not_picked":["SlaversCollar","Busted Crown","Fusion Hammer"]},{"not_picked":["Sozu","Snecko Eye","Pandora\u0027s Box"]}],"items_purged_floors":[5,5,5,5,5,5],"is_endless":false,"potions_floor_spawned":[1,3,3,6,6,6,7,7,10,16,16,16,18,19,21,23,23,24,27,27,27,31,35,35],"killed_by":"3 Darklings","ascension_level":1}}