{"host":"51fyd6gkml7xavq8","time":1609965602,"event":{"mods":["BaseMod","BetterRewards","Colored Map","Energized Spire","Infinite Spire","Minty Spire (QoL Compilation)","Replay The Spire","Shop Mod","Spicy Shops","StSLib","The Blue Laboratory","[IsaacMod]????"],"gold_per_floor":[115,127,127,127,141,141,154,154,180,180,180,180,198,198,198,298,298,309,309,309,43,61,93,93,107,133,133,169,84,110,174,174,290,390,412,441,39,64,164,214,112,112,138,138,159,159,159,179,179,179],"floor_reached":51,"playtime":3755,"items_purged":["Bash","Bite"],"score":919,"play_id":"57339fc2-9416-4783-96a2-58c702731067","local_time":"20210106174002","is_ascension_mode":true,"campfire_choices":[{"data":"Strike_R","floor":6.0,"key":"SMITH"},{"data":"Strike_R","floor":8.0,"key":"SMITH"},{"data":"Strike_R","floor":10.0,"key":"SMITH"},{"data":"Strike_R","floor":15.0,"key":"SMITH"},{"data":"ReplayTheSpireMod:Muscle Training","floor":27.0,"key":"SMITH"},{"data":"Inflame","floor":32.0,"key":"SMITH"},{"data":"Metallicize","floor":42.0,"key":"SMITH"},{"data":"infinitespire:UltimateForm","floor":46.0,"key":"SMITH"},{"data":"Bite","floor":49,"key":"SMITH"}],"circlet_count":0,"master_deck":["Defend_R","Defend_R","Defend_R","Defend_R","Disarm+1","Bite","Bite","Bite","Bite+1","Inflame+1","ReplayTheSpireMod:Muscle Training+1","Metallicize+1","Disarm","infinitespire:UltimateForm+1"],"relics":["Burning Blood","HushsDoor","PokeGo","MerchantsRug","Bag of Marbles","BelialBook","Pen Nib","MealTicket","energizedSpire:DeadBattery","PreservedInsect","infinitespire:Bottled Soul","Omamori","Replay:Bandana","Blood Vial","TungstenRod","Replay:Wanted Poster","White Beast Statue","Juzu Bracelet","TheBean","ReplayTheSpireMod:TigerMarble","DeadEye","Black Blood"],"acts_visited":["Exordium","TheCity","TheBeyond"],"potions_floor_usage":[],"damage_taken":[{"damage":1.0,"enemies":"Cultist","floor":1.0,"turns":5.0},{"damage":0.0,"enemies":"2 Louse","floor":2.0,"turns":2.0},{"damage":0.0,"enemies":"Small Slimes","floor":5.0,"turns":3.0},{"damage":0.0,"enemies":"Blue Slaver","floor":7.0,"turns":5.0},{"damage":0.0,"enemies":"3 Louse","floor":13.0,"turns":3.0},{"damage":23.0,"enemies":"The Guardian","floor":16.0,"turns":20.0},{"damage":0.0,"enemies":"3 Byrds","floor":18.0,"turns":6.0},{"damage":0.0,"enemies":"Shell Parasite","floor":22.0,"turns":7.0},{"damage":33.0,"enemies":"Gremlin Leader","floor":23.0,"turns":4.0},{"damage":0.0,"enemies":"Chosen and Byrds","floor":25.0,"turns":10.0},{"damage":7.0,"enemies":"Replay:Snechameleon","floor":28.0,"turns":9.0},{"damage":0.0,"enemies":"Snake Plant","floor":30.0,"turns":6.0},{"damage":0.0,"enemies":"Collector","floor":33.0,"turns":9.0},{"damage":56.0,"enemies":"3 Darklings","floor":35.0,"turns":7.0},{"damage":16.0,"enemies":"Orb Walker","floor":36.0,"turns":5.0},{"damage":0.0,"enemies":"Writhing Mass","floor":38.0,"turns":10.0},{"damage":4.0,"enemies":"R_Hoarder","floor":40.0,"turns":7.0},{"damage":35.0,"enemies":"Sphere and 2 Shapes","floor":45.0,"turns":7.0},{"damage":7,"enemies":"4 Shapes","floor":48,"turns":8},{"damage":0,"enemies":"Replay:Hell Engine","floor":50,"turns":1}],"seed_played":"-8302240544511828646","potions_obtained":[{"floor":7.0,"key":"LiquidMemories"},{"floor":13.0,"key":"ColorlessPotion"},{"floor":22.0,"key":"LifebloodPotion"},{"floor":23.0,"key":"CultistPotion"},{"floor":28.0,"key":"SteroidPotion"},{"floor":36.0,"key":"Explosive Potion"},{"floor":38.0,"key":"SpeedPotion"},{"floor":40.0,"key":"blueLaboratory:EnragingPotion"},{"floor":45.0,"key":"blueLaboratory:FrostheartPotion"},{"floor":48,"key":"Dexterity Potion"}],"is_trial":false,"path_per_floor":["M","M","$","?","M","R","M","R","T","R","?","T","M","?","R","B",null,"M","?","?","$","M","E","?","M","T","R","E","?","M","?","R","B",null,"M","M","$","M","?","E","$","R","T","AVR","M","R","?","M","R","B",null],"character_chosen":"IRONCLAD","items_purchased":["MerchantsRug","Bag of Marbles","PreservedInsect","Inflame","Metallicize","Potion Belt","White Beast Statue","TheBean"],"campfire_rested":0,"item_purchase_floors":[0,0,21,21,34,37,37,41],"current_hp_per_floor":[68,74,74,74,80,80,80,80,80,80,77,77,80,73,73,56,80,80,80,56,56,56,37,37,56,56,56,56,56,56,42,42,56,53,33,43,53,53,53,53,53,53,53,53,53,53,53,53,53,53],"gold":179,"neow_bonus":"","is_daily":false,"chose_seed":false,"campfire_upgraded":9,"win_rate":0.0,"timestamp":1609965602,"path_taken":["M","?","$","?","M","R","M","R","T","R","?","?","M","?","R","BOSS","M","?","?","$","?","E","?","M","T","R","E","?","M","?","R","BOSS","M","M","$","?","?","E","$","R","T","AVR","M","R","?","M","R","BOSS"],"items_purchased_type":["Relic","Relic","Relic","Card","Card","Relic","Relic","Relic"],"build_version":"2020-12-22","purchased_purges":2,"victory":true,"max_hp_per_floor":[80,80,80,80,80,80,80,80,80,80,80,80,80,80,80,80,80,80,80,56,56,56,56,56,56,56,56,56,56,56,56,56,56,53,53,53,53,53,53,53,53,53,53,53,53,53,53,53,53,53],"card_choices":[{"not_picked":["Run Through","Defy Death","ReplayTheSpireMod:Strike From Hell"],"picked":"SKIP","floor":1.0},{"not_picked":["Run Through","Defy Death","ReplayTheSpireMod:Strike From Hell"],"picked":"SKIP","floor":1.0},{"not_picked":["Flex","Clothesline"],"picked":"Disarm","floor":2.0},{"not_picked":["Replay:Undeath\u0027s Touch","Dual Wield","Flame Barrier"],"picked":"SKIP","floor":5.0},{"not_picked":["Fire Breathing","Burning Pact","Thunderclap"],"picked":"SKIP","floor":7.0},{"not_picked":["Armaments","Pommel Strike","Entrench"],"picked":"SKIP","floor":13.0},{"not_picked":["Shrug It Off","Armaments","Flex"],"picked":"SKIP","floor":18.0},{"not_picked":["Cleave","Run Through","Flex"],"picked":"SKIP","floor":22.0},{"not_picked":["Heavy Blade","Sever Soul","Blood for Blood"],"picked":"SKIP","floor":23.0},{"not_picked":["Bloodletting","Wild Strike"],"picked":"ReplayTheSpireMod:Muscle Training","floor":25.0},{"not_picked":["Rupture+1","Dropkick+1","Anger"],"picked":"SKIP","floor":28.0},{"not_picked":["Iron Wave","ReplayTheSpireMod:LeadingStrike","Abandon"],"picked":"SKIP","floor":30.0},{"not_picked":["ReplayTheSpireMod:Strike From Hell","Massacre"],"picked":"Disarm","floor":35.0},{"not_picked":["Heavy Blade","Anger","Pommel Strike+1"],"picked":"SKIP","floor":36.0},{"not_picked":["Thunderclap","Reckless Charge+1","Pummel+1"],"picked":"SKIP","floor":38.0},{"not_picked":["Pommel Strike","Combust","Cleave"],"picked":"SKIP","floor":40.0},{"not_picked":["infinitespire:OneForAll+1","Pommel Strike","Heavy Blade+1"],"picked":"SKIP","floor":45.0},{"not_picked":["Armaments","Entrench+1","Dual Wield"],"picked":"SKIP","floor":48}],"player_experience":459004,"relics_obtained":[{"floor":9.0,"key":"BelialBook"},{"floor":12.0,"key":"MealTicket"},{"floor":23.0,"key":"infinitespire:Bottled Soul"},{"floor":26.0,"key":"Replay:Bandana"},{"floor":28.0,"key":"Blood Vial"},{"floor":40.0,"key":"Juzu Bracelet"},{"floor":43.0,"key":"ReplayTheSpireMod:TigerMarble"}],"event_choices":[{"damage_healed":0.0,"max_hp_gain":0.0,"max_hp_loss":0.0,"gold_gain":0.0,"event_name":"Scrap Ooze","player_choice":"Success","floor":11.0,"gold_loss":0.0,"damage_taken":3.0,"relics_obtained":["Pen Nib"]},{"cards_removed":["Strike_R"],"damage_healed":0.0,"max_hp_gain":0.0,"max_hp_loss":0.0,"gold_gain":0.0,"event_name":"Golden Wing","player_choice":"Card Removal","floor":14.0,"gold_loss":0.0,"damage_taken":7.0},{"damage_healed":0.0,"max_hp_gain":0.0,"max_hp_loss":0.0,"gold_gain":0.0,"event_name":"Ghosts","player_choice":"Ignored","floor":19.0,"gold_loss":0.0,"damage_taken":0.0},{"damage_healed":0.0,"max_hp_gain":0.0,"max_hp_loss":24.0,"gold_gain":0.0,"event_name":"Vampires","player_choice":"Became a vampire","floor":20.0,"gold_loss":0.0,"damage_taken":0.0,"cards_obtained":["Bite","Bite","Bite","Bite","Bite"]},{"damage_healed":0.0,"max_hp_gain":0.0,"max_hp_loss":0.0,"gold_gain":0.0,"event_name":"WeMeetAgain","player_choice":"Gave Potion","floor":24.0,"gold_loss":0.0,"damage_taken":0.0,"relics_obtained":["Omamori"]},{"damage_healed":0.0,"max_hp_gain":0.0,"max_hp_loss":0.0,"gold_gain":0.0,"event_name":"Addict","player_choice":"Obtained Relic","floor":29.0,"gold_loss":85.0,"damage_taken":0.0,"relics_obtained":["TungstenRod"]},{"damage_healed":0.0,"max_hp_gain":0.0,"max_hp_loss":0.0,"gold_gain":100.0,"event_name":"Golden Shrine","player_choice":"Pray","floor":39.0,"gold_loss":0.0,"damage_taken":0.0},{"damage_healed":0,"gold_gain":0,"player_choice":"Ignored","damage_taken":0,"max_hp_gain":0,"max_hp_loss":0,"event_name":"Mysterious Sphere","floor":47,"gold_loss":0}],"is_beta":false,"boss_relics":[{"not_picked":["Replay:Ancient Bell","energizedSpire:DecayingSkull"],"picked":"energizedSpire:DeadBattery"},{"not_picked":[]},{"not_picked":["Tiny House","energizedSpire:HugeHouse"],"picked":"Replay:Wanted Poster"},{"not_picked":[]}],"items_purged_floors":[0,44],"is_endless":false,"potions_floor_spawned":[7,13,22,23,28,36,38,40,45,48],"ascension_level":4}}