{"host":"j4g6ia6asvpyu2b0","time":1609956334,"event":{"mods":["BaseMod","Colored Map","Minty Spire (QoL Compilation)","Permanent Neow","Quick Restart","Relic Stats","StSLib","Unceasing Turn Reminder"],"gold_per_floor":[116,133,147,167,167,197,197,197,197],"floor_reached":8,"playtime":223,"items_purged":[],"score":70,"play_id":"cda80128-534d-49df-9795-cc463c78b419","local_time":"20210106110534","is_ascension_mode":true,"campfire_choices":[{"data":"Eruption","floor":7,"key":"SMITH"}],"circlet_count":0,"master_deck":["Strike_P","Strike_P","Strike_P","Strike_P","Defend_P","Defend_P+1","Defend_P+1","Defend_P","Eruption+1","Vigilance","FlurryOfBlows","Consecrate","CutThroughFate","FlurryOfBlows","Tantrum"],"relics":["Sozu","Letter Opener","War Paint"],"acts_visited":["Exordium"],"potions_floor_usage":[],"damage_taken":[{"damage":0,"enemies":"Cultist","floor":1,"turns":4},{"damage":1,"enemies":"2 Louse","floor":2,"turns":2},{"damage":0,"enemies":"Small Slimes","floor":3,"turns":3},{"damage":20,"enemies":"Exordium Thugs","floor":4,"turns":3},{"damage":17,"enemies":"3 Sentries","floor":6,"turns":5},{"damage":27,"enemies":"Lagavulin","floor":8,"turns":4}],"seed_played":"-6599030946702837743","potions_obtained":[],"is_trial":false,"path_per_floor":["M","M","M","M","?","E","R","E"],"character_chosen":"WATCHER","items_purchased":[],"campfire_rested":0,"item_purchase_floors":[],"current_hp_per_floor":[72,71,71,51,39,22,22,0,0],"gold":197,"neow_bonus":"BOSS_RELIC","is_daily":false,"chose_seed":false,"campfire_upgraded":1,"win_rate":0.0,"timestamp":1609956334,"path_taken":["M","M","M","?","?","E","R","E"],"items_purchased_type":[],"build_version":"2020-12-22","purchased_purges":0,"victory":false,"max_hp_per_floor":[72,72,72,72,72,72,72,72,72],"relic_stats":{"Sozu":1,"counters":[6,21],"Letter Opener":[15],"War Paint":["Defend_P","Defend_P"],"obtain_stats":[{"Sozu":0,"Letter Opener":5,"PureWater":0,"War Paint":6},{"Sozu":0,"Letter Opener":4,"PureWater":0,"War Paint":5},{"Sozu":0,"Letter Opener":12,"PureWater":0,"War Paint":17}]},"card_choices":[{"not_picked":["SashWhip","CrushJoints"],"picked":"FlurryOfBlows","floor":1},{"not_picked":["SashWhip","Protect"],"picked":"Consecrate","floor":2},{"not_picked":["InnerPeace","Halt"],"picked":"CutThroughFate","floor":3},{"not_picked":["ThirdEye","InnerPeace"],"picked":"FlurryOfBlows","floor":4},{"not_picked":["Scrawl","Nirvana"],"picked":"Tantrum","floor":6}],"player_experience":736748,"relics_obtained":[{"floor":6,"key":"War Paint"}],"event_choices":[{"damage_healed":0,"gold_gain":0,"player_choice":"Success","damage_taken":12,"relics_obtained":["Letter Opener"],"max_hp_gain":0,"max_hp_loss":0,"event_name":"Scrap Ooze","floor":5,"gold_loss":0}],"is_beta":false,"boss_relics":[],"items_purged_floors":[],"is_endless":false,"potions_floor_spawned":[2],"killed_by":"Lagavulin","ascension_level":4}}