{"host":"y3h3n3f7seyagppx","time":1609950527,"event":{"mods":["BaseMod","Colored Map","Colored Powertips","DeckTracker","Minty Spire (QoL Compilation)","Random Character Button","Rare Cards Sparkle","Relic Sorter","Relic Stats","StSLib"],"gold_per_floor":[11,28,43,63,74,107,107,62,113,145,145,164,191,116,116,116,116],"floor_reached":16,"playtime":3202,"items_purged":["Strike_R"],"score":244,"play_id":"023bab06-14b7-4de9-bc62-b30aeb7b35a8","local_time":"20210106112847","is_ascension_mode":true,"campfire_choices":[{"data":"Armaments","floor":7,"key":"SMITH"},{"data":"Bludgeon","floor":15,"key":"SMITH"}],"circlet_count":0,"master_deck":["AscendersBane","Strike_R","Strike_R","Defend_R","Defend_R","Defend_R","Defend_R","Bash","Armaments+1","Uppercut","Iron Wave","Combust","Bludgeon+1"],"relics":["Burning Blood","PreservedInsect","Anchor","Kunai","Nunchaku"],"acts_visited":["Exordium"],"potions_floor_usage":[6,16],"damage_taken":[{"damage":7,"enemies":"Small Slimes","floor":1,"turns":4},{"damage":17,"enemies":"Jaw Worm","floor":2,"turns":7},{"damage":0,"enemies":"Cultist","floor":3,"turns":4},{"damage":10,"enemies":"3 Louse","floor":4,"turns":7},{"damage":5,"enemies":"Looter","floor":5,"turns":4},{"damage":31,"enemies":"3 Sentries","floor":6,"turns":6},{"damage":13,"enemies":"Lagavulin","floor":10,"turns":6},{"damage":3,"enemies":"Blue Slaver","floor":12,"turns":6},{"damage":8,"enemies":"Gremlin Nob","floor":13,"turns":3},{"damage":79,"enemies":"Hexaghost","floor":16,"turns":8}],"seed_played":"-4832243979186731852","potions_obtained":[{"floor":2,"key":"Weak Potion"},{"floor":3,"key":"SteroidPotion"},{"floor":4,"key":"BlessingOfTheForge"},{"floor":10,"key":"SkillPotion"}],"is_trial":false,"path_per_floor":["M","M","M","M","M","E","R","?","T","E","?","M","E","$","R","B"],"character_chosen":"IRONCLAD","items_purchased":[],"campfire_rested":0,"item_purchase_floors":[],"current_hp_per_floor":[67,56,62,58,59,34,34,34,34,27,75,75,73,73,73,0,0],"gold":116,"neow_bonus":"REMOVE_TWO","is_daily":false,"chose_seed":false,"campfire_upgraded":2,"win_rate":0.0,"timestamp":1609950527,"path_taken":["M","M","M","M","M","E","R","?","T","E","?","M","E","$","R","BOSS"],"items_purchased_type":[],"build_version":"2020-12-22","purchased_purges":1,"victory":false,"max_hp_per_floor":[75,75,75,75,75,75,75,75,75,75,75,75,75,75,75,75,75],"relic_stats":{"Nunchaku":[0],"counters":[10,55],"PreservedInsect":51,"Kunai":[0],"obtain_stats":[{"Anchor":9,"Nunchaku":13,"PreservedInsect":6,"Kunai":10,"Burning Blood":0},{"Anchor":6,"Nunchaku":9,"PreservedInsect":6,"Kunai":7,"Burning Blood":0},{"Anchor":32,"Nunchaku":47,"PreservedInsect":32,"Kunai":38,"Burning Blood":0}],"Burning Blood":51},"card_choices":[{"not_picked":["Sword Boomerang","Disarm"],"picked":"Armaments","floor":1},{"not_picked":["Flex","Entrench"],"picked":"Uppercut","floor":2},{"not_picked":["Sword Boomerang","Reckless Charge"],"picked":"Iron Wave","floor":3},{"not_picked":["Entrench","Sword Boomerang"],"picked":"Combust","floor":4},{"not_picked":["Havoc","Iron Wave","Armaments"],"picked":"SKIP","floor":5},{"not_picked":["Perfected Strike","Carnage"],"picked":"Disarm","floor":6},{"not_picked":["Rampage","Combust","Havoc"],"picked":"SKIP","floor":10},{"not_picked":["Thunderclap","Wild Strike"],"picked":"Bludgeon","floor":12},{"not_picked":["Exhume","Whirlwind","Inflame"],"picked":"SKIP","floor":13}],"player_experience":20376859,"relics_obtained":[{"floor":6,"key":"PreservedInsect"},{"floor":9,"key":"Anchor"},{"floor":10,"key":"Kunai"},{"floor":13,"key":"Nunchaku"}],"event_choices":[{"damage_healed":0,"gold_gain":0,"player_choice":"Left Gold","damage_taken":0,"max_hp_gain":0,"max_hp_loss":0,"event_name":"World of Goop","floor":8,"gold_loss":45},{"cards_removed":["Disarm"],"damage_healed":48,"gold_gain":0,"player_choice":"Offered Uncommon","damage_taken":0,"max_hp_gain":0,"max_hp_loss":0,"event_name":"Bonfire Elementals","floor":11,"gold_loss":0}],"is_beta":false,"boss_relics":[],"items_purged_floors":[14],"is_endless":false,"potions_floor_spawned":[2,3,4,10],"killed_by":"Hexaghost","ascension_level":20}}