{"host":"uy3vg6glkp8m6iit","time":1609930209,"event":{"mods":["AchievementEnabler","BaseMod","Colored Map","DeckTracker","Highlight Path","Keyboard Shortcuts","Minty Spire (QoL Compilation)","Quick Restart","Random Character Button","Rare Cards Sparkle","Relic Stats","StSLib","SuperFastMode","everything is the same but u backflip on backflip"],"gold_per_floor":[113,38,38,50,66,66,86,86,86,102,52,78,78,104,104,204,204,214,189,189,189],"floor_reached":20,"playtime":654,"items_purged":["Writhe"],"score":285,"play_id":"69b18b12-e810-4cf4-92d7-5ab717e4b495","local_time":"20210106195009","is_ascension_mode":true,"campfire_choices":[{"data":"Deadly Poison","floor":6,"key":"SMITH"},{"data":"Neutralize","floor":8,"key":"SMITH"},{"floor":15,"key":"REST"}],"circlet_count":0,"master_deck":["AscendersBane","Strike_G","Strike_G","Strike_G","Defend_G","Defend_G","Defend_G","Defend_G","Survivor","Neutralize+1","Heel Hook","Catalyst","Acrobatics","Cloak And Dagger","Deadly Poison+1","Bane","Bouncing Flask","CurseOfTheBell","Leg Sweep"],"relics":["Ring of the Snake","Prayer Wheel","Du-Vu Doll","Tiny Chest","Regal Pillow","Calling Bell","Boot","Mercury Hourglass","Unceasing Top"],"acts_visited":["Exordium","TheCity"],"potions_floor_usage":[12,14],"damage_taken":[{"damage":2,"enemies":"Cultist","floor":1,"turns":5},{"damage":0,"enemies":"Jaw Worm","floor":4,"turns":5},{"damage":0,"enemies":"2 Louse","floor":5,"turns":3},{"damage":8,"enemies":"Exordium Wildlife","floor":7,"turns":9},{"damage":0,"enemies":"Looter","floor":10,"turns":3},{"damage":26,"enemies":"Gremlin Nob","floor":12,"turns":4},{"damage":19,"enemies":"3 Sentries","floor":14,"turns":7},{"damage":17,"enemies":"Hexaghost","floor":16,"turns":8},{"damage":12,"enemies":"Shell Parasite","floor":18,"turns":5},{"damage":21,"enemies":"2 Thieves","floor":19,"turns":5},{"damage":27,"enemies":"Chosen and Byrds","floor":20,"turns":6}],"seed_played":"-2427626287531931563","potions_obtained":[{"floor":4,"key":"Ancient Potion"},{"floor":10,"key":"SkillPotion"},{"floor":12,"key":"AttackPotion"},{"floor":14,"key":"GamblersBrew"}],"is_trial":false,"path_per_floor":["M","$","$","M","M","R","M","R","T","M","?","E","T","E","R","B",null,"M","M","M"],"character_chosen":"THE_SILENT","items_purchased":[],"campfire_rested":1,"item_purchase_floors":[],"current_hp_per_floor":[61,61,61,61,61,61,53,53,53,53,53,27,27,8,44,27,59,47,26,0,0],"gold":189,"neow_bonus":"TRANSFORM_TWO_CARDS","is_daily":false,"chose_seed":false,"campfire_upgraded":2,"win_rate":0.0,"timestamp":1609930209,"path_taken":["M","?","$","?","M","R","M","R","T","M","?","E","?","E","R","BOSS","M","M","M"],"items_purchased_type":[],"build_version":"2020-12-22","purchased_purges":1,"victory":false,"max_hp_per_floor":[70,70,70,70,70,70,70,70,70,70,70,70,70,70,70,70,70,70,70,70,70],"relic_stats":{"Regal Pillow":15,"counters":[11,60],"Prayer Wheel":3,"Tiny Chest":0,"Boot":[12],"obtain_stats":[{"Du-Vu Doll":12,"Calling Bell":17,"Regal Pillow":14,"Prayer Wheel":9,"Tiny Chest":13,"Boot":17,"Unceasing Top":17,"Ring of the Snake":0,"Mercury Hourglass":17},{"Du-Vu Doll":6,"Calling Bell":8,"Regal Pillow":7,"Prayer Wheel":4,"Tiny Chest":6,"Boot":8,"Unceasing Top":8,"Ring of the Snake":0,"Mercury Hourglass":8},{"Du-Vu Doll":29,"Calling Bell":44,"Regal Pillow":36,"Prayer Wheel":22,"Tiny Chest":29,"Boot":44,"Unceasing Top":44,"Ring of the Snake":0,"Mercury Hourglass":44}],"Unceasing Top":[1],"Ring of the Snake":[22],"Mercury Hourglass":[51]},"card_choices":[{"not_picked":["Bane","Backstab"],"picked":"Acrobatics","floor":1},{"not_picked":["Terror","Finisher"],"picked":"Cloak And Dagger","floor":4},{"not_picked":["Underhanded Strike","Flechettes"],"picked":"Deadly Poison","floor":5},{"not_picked":["Deflect","Acrobatics","Heel Hook"],"picked":"SKIP","floor":7},{"not_picked":["Outmaneuver","Eviscerate"],"picked":"Bane","floor":10},{"not_picked":["Choke","Blur","Slice"],"picked":"SKIP","floor":10},{"not_picked":["Flying Knee","Sucker Punch"],"picked":"Bouncing Flask","floor":12},{"not_picked":["Quick Slash","Choke","Skewer"],"picked":"SKIP","floor":14},{"not_picked":["Masterful Stab","Flying Knee"],"picked":"Leg Sweep","floor":18},{"not_picked":["Flying Knee+1","Poisoned Stab","Finisher"],"picked":"SKIP","floor":18},{"not_picked":["Blur","Noxious Fumes","Poisoned Stab"],"picked":"SKIP","floor":19},{"not_picked":["Deadly Poison","Caltrops","Concentrate+1"],"picked":"SKIP","floor":19}],"player_experience":1462907,"relics_obtained":[{"floor":9,"key":"Prayer Wheel"},{"floor":12,"key":"Du-Vu Doll"},{"floor":13,"key":"Tiny Chest"},{"floor":14,"key":"Regal Pillow"},{"floor":17,"key":"Boot"},{"floor":17,"key":"Mercury Hourglass"},{"floor":17,"key":"Unceasing Top"}],"event_choices":[{"cards_removed":["Strike_G"],"damage_healed":0,"gold_gain":0,"player_choice":"Card Removal","damage_taken":0,"max_hp_gain":0,"max_hp_loss":0,"event_name":"The Cleric","floor":11,"gold_loss":50}],"is_beta":false,"boss_relics":[{"not_picked":["Coffee Dripper","Tiny House"],"picked":"Calling Bell"}],"items_purged_floors":[2],"is_endless":false,"potions_floor_spawned":[4,10,12,14,19],"killed_by":"Chosen and Byrds","ascension_level":11}}