{"host":"rhrkddapnlgqm7yj","time":1609975643,"event":{"mods":["AchievementEnabler","BaseMod","Bestiary","Colored Map","Colored Powertips","Filter the Spire","Minty Spire (QoL Compilation)","Relic Stats","Remove Card Discount Mod","StSLib","SuperFastMode","The IronCluck","Waifu the Spire"],"gold_per_floor":[109,109,109,128,144,144,171,183,183,212,212,244,244,259,259,354,354,367,385,385,385,404,404,290,315,342,342,377,377,393,393,393,495,495,514,533,548,548,562,562,556,590,590,604,615,262,262,297,297,297],"floor_reached":51,"playtime":3376,"items_purged":["Strike_G","Strike_G","Strike_G","Strike_G","Strike_G","Defend_G","Defend_G","Defend_G","Defend_G","Defend_G","Pain"],"score":1109,"play_id":"1b15f5e6-dc2c-4a2e-a819-d088bf2a3a02","local_time":"20210107002723","is_ascension_mode":true,"campfire_choices":[{"data":"Cloak And Dagger","floor":6,"key":"SMITH"},{"data":"Footwork","floor":11,"key":"SMITH"},{"data":"Cloak And Dagger","floor":15,"key":"SMITH"},{"data":"Noxious Fumes","floor":23,"key":"SMITH"},{"data":"Neutralize","floor":27,"key":"SMITH"},{"data":"Adrenaline","floor":29,"key":"SMITH"},{"data":"Storm of Steel","floor":32,"key":"SMITH"},{"data":"Night Terror","floor":40,"key":"SMITH"},{"data":"Cloak And Dagger","floor":47,"key":"SMITH"},{"data":"Infinite Blades","floor":49,"key":"SMITH"}],"circlet_count":0,"master_deck":["Survivor","Neutralize+1","Cloak And Dagger+1","Adrenaline+1","Dodge and Roll","Cloak And Dagger+1","Noxious Fumes+1","Footwork+1","Storm of Steel+1","Backstab","Escape Plan","Infinite Blades+1","Flash of Steel","Footwork+1","Dodge and Roll+1","Night Terror+1","Dodge and Roll+1","Cloak And Dagger+1","Terror+1","Outmaneuver+1","Cloak And Dagger+1","Backflip+1"],"relics":["WristBlade","Vajra","Bag of Preparation","Sundial","PreservedInsect","Ninja Scroll","Coffee Dripper","Pear","Pen Nib","Shuriken","Pantograph","SlaversCollar","WarpedTongs","Lantern","White Beast Statue","Potion Belt","Toy Ornithopter","Ice Cream"],"acts_visited":["Exordium","TheCity","TheBeyond"],"potions_floor_usage":[14],"damage_taken":[{"damage":8,"enemies":"Jaw Worm","floor":1,"turns":6},{"damage":4,"enemies":"Small Slimes","floor":4,"turns":4},{"damage":0,"enemies":"Cultist","floor":5,"turns":3},{"damage":21,"enemies":"Gremlin Nob","floor":7,"turns":5},{"damage":0,"enemies":"Looter","floor":8,"turns":3},{"damage":4,"enemies":"Lagavulin","floor":10,"turns":7},{"damage":0,"enemies":"3 Sentries","floor":12,"turns":10},{"damage":0,"enemies":"3 Louse","floor":14,"turns":1},{"damage":7,"enemies":"The Guardian","floor":16,"turns":10},{"damage":5,"enemies":"2 Thieves","floor":18,"turns":2},{"damage":0,"enemies":"Chosen","floor":19,"turns":2},{"damage":2,"enemies":"Centurion and Healer","floor":22,"turns":4},{"damage":0,"enemies":"Book of Stabbing","floor":25,"turns":3},{"damage":0,"enemies":"Gremlin Leader","floor":28,"turns":3},{"damage":0,"enemies":"Chosen and Byrds","floor":30,"turns":2},{"damage":0,"enemies":"Champ","floor":33,"turns":7},{"damage":4,"enemies":"3 Shapes","floor":35,"turns":2},{"damage":0,"enemies":"Orb Walker","floor":36,"turns":1},{"damage":0,"enemies":"Maw","floor":37,"turns":5},{"damage":0,"enemies":"4 Shapes","floor":39,"turns":2},{"damage":0,"enemies":"Giant Head","floor":42,"turns":3},{"damage":0,"enemies":"Writhing Mass","floor":44,"turns":4},{"damage":14,"enemies":"Sphere and 2 Shapes","floor":45,"turns":3},{"damage":0,"enemies":"Reptomancer","floor":48,"turns":3},{"damage":0,"enemies":"Awakened One","floor":50,"turns":8}],"seed_played":"9061347572038827253","potions_obtained":[{"floor":5,"key":"PowerPotion"},{"floor":7,"key":"Regen Potion"},{"floor":12,"key":"Explosive Potion"},{"floor":14,"key":"Ancient Potion"},{"floor":22,"key":"CunningPotion"},{"floor":28,"key":"ColorlessPotion"},{"floor":44,"key":"CunningPotion"},{"floor":48,"key":"EssenceOfSteel"}],"is_trial":false,"path_per_floor":["M","?","?","M","M","R","E","M","T","E","R","E","?","M","R","B",null,"M","M","?","?","M","R","$","E","T","R","E","R","M","T","R","B",null,"M","M","M","?","M","R","$","E","T","M","M","$","R","E","R","B",null],"character_chosen":"THE_SILENT","items_purchased":["Flash of Steel","Potion Belt","Toy Ornithopter","Cloak And Dagger"],"campfire_rested":0,"item_purchase_floors":[24,46,46,46],"current_hp_per_floor":[62,62,62,58,58,58,37,37,37,33,33,33,15,15,15,8,70,65,65,65,52,50,50,50,60,60,60,60,60,60,60,60,85,85,81,81,81,81,81,81,81,81,81,81,67,67,67,67,67,85],"gold":297,"neow_bonus":"BOSS_RELIC","is_daily":false,"chose_seed":false,"campfire_upgraded":10,"win_rate":0.0,"timestamp":1609975643,"path_taken":["M","?","?","?","M","R","E","M","T","E","R","E","?","M","R","BOSS","M","M","?","?","M","R","?","E","T","R","E","R","M","?","R","BOSS","M","M","M","?","M","R","$","E","T","M","M","$","R","E","R","BOSS"],"items_purchased_type":["Card","Relic","Relic","Card"],"build_version":"2020-12-22","purchased_purges":11,"victory":true,"max_hp_per_floor":[70,70,70,70,70,70,70,70,70,70,70,70,70,70,70,70,70,70,70,70,75,75,75,75,85,85,85,85,85,85,85,85,85,85,85,85,85,85,85,85,85,85,85,85,85,85,85,85,85,85],"relic_stats":{"counters":[25,103],"Sundial":[12],"Shuriken":[52],"Pantograph":43,"PreservedInsect":266,"Pen Nib":[21],"Bag of Preparation":[40],"obtain_stats":[{"Potion Belt":46,"Ice Cream":48,"Lantern":42,"Pear":25,"Vajra":7,"PreservedInsect":12,"Pen Nib":26,"Bag of Preparation":9,"White Beast Statue":43,"WarpedTongs":38,"SlaversCollar":34,"WristBlade":0,"Sundial":10,"Ninja Scroll":13,"Shuriken":28,"Pantograph":31,"Coffee Dripper":17,"Toy Ornithopter":46,"Ring of the Snake":0},{"Potion Belt":23,"Ice Cream":24,"Lantern":21,"Pear":13,"Vajra":4,"PreservedInsect":7,"Pen Nib":13,"Bag of Preparation":5,"White Beast Statue":21,"WarpedTongs":19,"SlaversCollar":16,"WristBlade":0,"Sundial":6,"Ninja Scroll":7,"Shuriken":14,"Pantograph":15,"Coffee Dripper":9,"Toy Ornithopter":23,"Ring of the Snake":0},{"Potion Belt":92,"Ice Cream":95,"Lantern":85,"Pear":60,"Vajra":18,"PreservedInsect":38,"Pen Nib":60,"Bag of Preparation":21,"White Beast Statue":85,"WarpedTongs":80,"SlaversCollar":72,"WristBlade":0,"Sundial":28,"Ninja Scroll":38,"Shuriken":63,"Pantograph":65,"Coffee Dripper":49,"Toy Ornithopter":92,"Ring of the Snake":0}],"Toy Ornithopter":0,"WarpedTongs":[22]},"card_choices":[{"not_picked":["Deadly Poison","Bane"],"picked":"Cloak And Dagger","floor":1},{"not_picked":["Leg Sweep","Distraction"],"picked":"Dodge and Roll","floor":4},{"not_picked":["Deflect","Bane"],"picked":"Cloak And Dagger","floor":5},{"not_picked":["Bouncing Flask","Escape Plan"],"picked":"Noxious Fumes","floor":7},{"not_picked":["PiercingWail","Endless Agony","Choke"],"picked":"SKIP","floor":8},{"not_picked":["Doppelganger","Dodge and Roll"],"picked":"Footwork","floor":10},{"not_picked":["Unload","Dagger Spray","Heel Hook"],"picked":"SKIP","floor":12},{"not_picked":["Acrobatics","Underhanded Strike","Dodge and Roll"],"picked":"SKIP","floor":14},{"not_picked":["Malaise","Unload"],"picked":"Storm of Steel","floor":16},{"not_picked":["Flying Knee","Sucker Punch+1"],"picked":"Backstab","floor":18},{"not_picked":["Well Laid Plans","Expertise+1"],"picked":"Escape Plan","floor":19},{"not_picked":["Sucker Punch","Underhanded Strike"],"picked":"Infinite Blades","floor":22},{"not_picked":["Flying Knee","Wraith Form v2"],"picked":"Footwork+1","floor":25},{"not_picked":["Dagger Throw","Dagger Spray","Dash+1"],"picked":"SKIP","floor":28},{"not_picked":["PiercingWail+1","Calculated Gamble"],"picked":"Dodge and Roll+1","floor":30},{"not_picked":["Storm of Steel","Burst"],"picked":"Night Terror","floor":33},{"not_picked":["Acrobatics+1","Skewer"],"picked":"Dodge and Roll+1","floor":35},{"not_picked":["Prepared","Heel Hook+1"],"picked":"Cloak And Dagger+1","floor":36},{"not_picked":["Slice+1","Flying Knee","PiercingWail"],"picked":"SKIP","floor":37},{"not_picked":["Dagger Throw","Bouncing Flask+1"],"picked":"Terror+1","floor":39},{"not_picked":["Acrobatics","Heel Hook","Night Terror"],"picked":"SKIP","floor":42},{"not_picked":["Dagger Throw+1","Quick Slash"],"picked":"Outmaneuver+1","floor":44},{"not_picked":["Reflex","Sucker Punch","Slice"],"picked":"SKIP","floor":45},{"not_picked":["Noxious Fumes","Deadly Poison+1"],"picked":"Backflip+1","floor":48}],"player_experience":45464,"relics_obtained":[{"floor":7,"key":"Vajra"},{"floor":9,"key":"Bag of Preparation"},{"floor":10,"key":"Sundial"},{"floor":12,"key":"PreservedInsect"},{"floor":25,"key":"Pear"},{"floor":26,"key":"Pen Nib"},{"floor":28,"key":"Shuriken"},{"floor":31,"key":"Pantograph"},{"floor":42,"key":"Lantern"},{"floor":43,"key":"White Beast Statue"},{"floor":48,"key":"Ice Cream"}],"event_choices":[{"damage_healed":0,"gold_gain":0,"player_choice":"Leave","damage_taken":0,"max_hp_gain":0,"max_hp_loss":0,"event_name":"The Cleric","floor":2,"gold_loss":0},{"damage_healed":0,"gold_gain":0,"player_choice":"1 cards matched","damage_taken":0,"max_hp_gain":0,"max_hp_loss":0,"event_name":"Match and Keep!","floor":3,"gold_loss":0,"cards_obtained":["Adrenaline"]},{"damage_healed":0,"gold_gain":0,"player_choice":"Success","damage_taken":18,"relics_obtained":["Ninja Scroll"],"max_hp_gain":0,"max_hp_loss":0,"event_name":"Scrap Ooze","floor":13,"gold_loss":0},{"damage_healed":0,"gold_gain":0,"player_choice":"Ignored","damage_taken":0,"max_hp_gain":0,"max_hp_loss":0,"event_name":"Beggar","floor":20,"gold_loss":0},{"damage_healed":0,"gold_gain":0,"player_choice":"Shed Blood","damage_taken":18,"max_hp_gain":5,"max_hp_loss":0,"event_name":"Forgotten Altar","floor":21,"gold_loss":0},{"damage_healed":0,"gold_gain":0,"player_choice":"Rummage","damage_taken":0,"relics_obtained":["WarpedTongs"],"max_hp_gain":0,"max_hp_loss":0,"event_name":"Accursed Blacksmith","floor":38,"gold_loss":0,"cards_obtained":["Pain"]}],"is_beta":false,"boss_relics":[{"not_picked":["HoveringKite","Empty Cage"],"picked":"Coffee Dripper"},{"not_picked":["Busted Crown","Cursed Key"],"picked":"SlaversCollar"}],"items_purged_floors":[24,24,24,24,24,24,24,24,41,41,41],"is_endless":false,"potions_floor_spawned":[5,7,12,14,22,28,30,33,39,42,44,45,48],"ascension_level":2}}