{"host":"9n6i2vl93jt4o42q","time":1609971829,"event":{"mods":["BaseMod","Downfall","Minty Spire (QoL Compilation)","Relic Stats","StSLib"],"gold_per_floor":[99,124,152,174,193,193,239,264,293,318,357,386,409,568,587,696,768,618,646,746,214,323,323,372,443,443,474,499,499,522,560,581,687,687,687,712,749,276,335,394,394,415,132,241,241,291,291,63,82,82],"floor_reached":51,"playtime":6368,"items_purged":["Slimebound:Icky","Guardian:GemFinder+1"],"score":954,"play_id":"691809b5-eb38-4254-ae30-323c28077bf9","local_time":"20210106232349","is_ascension_mode":true,"campfire_choices":[{"data":"Guardian:TwinSlam","floor":1.0,"key":"SMITH"},{"floor":6.0,"key":"RECALL"},{"data":"Guardian:BronzeArmor","floor":18,"key":"SMITH"},{"data":"Guardian:GemFinder","floor":23,"key":"SMITH"},{"data":"Guardian:CompilePackage","floor":26,"key":"SMITH"},{"data":"Guardian:FastForward","floor":29,"key":"SMITH"},{"data":"Guardian:CurlUp","floor":35,"key":"SMITH"},{"data":"expansioncontent:CaCaw","floor":45,"key":"SMITH"},{"data":"Guardian:Suspension","floor":47,"key":"SMITH"}],"circlet_count":0,"master_deck":["Guardian:CurlUp+1","Guardian:TwinSlam+1","Guardian:PrimingBeam","Guardian:SpikerProtocol","Guardian:PiercingHide","Guardian:PolyBeam","Guardian:ArmoredProtocol","Guardian:ChargeCore","Guardian:BronzeArmor+1","Guardian:Planning","Guardian:ShieldCharger","Guardian:FloatingOrbs","Guardian:StasisField","Guardian:ArmoredProtocol","Guardian:CompilePackage+1","Guardian:RefractedBeam","Guardian:TimeSifter","Guardian:DonusPower+1","Guardian:Reroute","Guardian:Orbwalk","Guardian:SpikerProtocol+1","Guardian:ShieldSpikes","Guardian:FastForward+1","Guardian:BronzeOrb+1","Guardian:DonusPower+1","Guardian:ChargeCore","Guardian:Suspension+1","Guardian:Repulse","Guardian:DonusPower","expansioncontent:CaCaw+1","Guardian:Incinerate","Guardian:ChargeCore+1","Guardian:Emergency","Guardian:Repulse"],"relics":["Guardian:ModeShifter","CeramicFish","Blood Vial","Art of War","Bottled Flame","Pandora\u0027s Box","downfall:HeartBlessingGreen","downfall:HeartBlessingRed","Ornamental Fan","Nunchaku","downfall:CloakOfManyFaces","CultistMask","FaceOfCleric","NlothsMask","GremlinMask","SsserpentHead","Vajra","Cursed Key","Medical Kit","HornCleat","TungstenRod","Toy Ornithopter","Dead Branch"],"acts_visited":["Exordium","TheCity","TheBeyond"],"potions_floor_usage":[11,15,16,25,30,37,42],"damage_taken":[{"damage":0.0,"enemies":"Cultist","floor":2.0,"turns":3.0},{"damage":0.0,"enemies":"2 Louse","floor":3.0,"turns":2.0},{"damage":0.0,"enemies":"Small Slimes","floor":4.0,"turns":3.0},{"damage":3.0,"enemies":"Exordium Thugs","floor":5.0,"turns":4.0},{"damage":10.0,"enemies":"3 Louse","floor":8.0,"turns":2.0},{"damage":27.0,"enemies":"Lagavulin","floor":9.0,"turns":8.0},{"damage":10.0,"enemies":"Lots of Slimes","floor":10.0,"turns":3.0},{"damage":12,"enemies":"Gremlin Nob","floor":11,"turns":5},{"damage":5,"enemies":"Blue Slaver","floor":12,"turns":3},{"damage":0,"enemies":"3 Louse","floor":13,"turns":3},{"damage":5,"enemies":"Large Slime","floor":15,"turns":5},{"damage":15,"enemies":"downfall:Watcher","floor":16,"turns":8},{"damage":21,"enemies":"Shell Parasite","floor":19,"turns":4},{"damage":0,"enemies":"downfall:FleeingMerchant","floor":21,"turns":4},{"damage":7,"enemies":"downfall:FaceTrader","floor":22,"turns":5},{"damage":17,"enemies":"Snake Plant","floor":25,"turns":4},{"damage":5,"enemies":"Shelled Parasite and Fungi","floor":27,"turns":6},{"damage":14,"enemies":"Centurion and Healer","floor":28,"turns":6},{"damage":8,"enemies":"Snake Plant","floor":30,"turns":3},{"damage":15,"enemies":"Slavers","floor":31,"turns":4},{"damage":5,"enemies":"Sentry and Sphere","floor":32,"turns":5},{"damage":0,"enemies":"downfall:Defect","floor":33,"turns":6},{"damage":0,"enemies":"3 Shapes","floor":36,"turns":5},{"damage":3,"enemies":"Orb Walker","floor":37,"turns":3},{"damage":0,"enemies":"downfall:FleeingMerchant","floor":38,"turns":4},{"damage":61,"enemies":"Transient","floor":42,"turns":5},{"damage":0,"enemies":"Mind Bloom Boss Battle","floor":44,"turns":6},{"damage":0,"enemies":"downfall:FleeingMerchant","floor":48,"turns":2},{"damage":6,"enemies":"4 Shapes","floor":49,"turns":4},{"damage":27,"enemies":"downfall:Ironclad","floor":50,"turns":10}],"seed_played":"-285095816276204754","potions_obtained":[{"floor":3.0,"key":"SteroidPotion"},{"floor":5.0,"key":"Weak Potion"},{"floor":9.0,"key":"LiquidMemories"},{"floor":12,"key":"Strength Potion"},{"floor":16,"key":"Regen Potion"},{"floor":22,"key":"Fruit Juice"},{"floor":27,"key":"Regen Potion"},{"floor":31,"key":"Dexterity Potion"},{"floor":37,"key":"sneckomod:MuddlingPotion"},{"floor":42,"key":"ColorlessPotion"}],"is_trial":false,"path_per_floor":["R","M","M","M","M","R","T","M","E","M","E","M","M","?","M","B",null,"R","M","?","$","?","R","T","M","R","M","M","R","M","E","M","B",null,"R","M","M","$","?","?","T","M","?","?","R","?","R","$","M","B",null],"character_chosen":"GUARDIAN","items_purchased":["Ornamental Fan","Nunchaku","Guardian:Reroute","Guardian:Orbwalk","Medical Kit","HornCleat","Guardian:DonusPower","Toy Ornithopter","Guardian:Emergency","Dead Branch"],"campfire_rested":0,"item_purchase_floors":[21,21,21,21,38,38,38,48,48,48],"current_hp_per_floor":[80,80,80,80,77,77,77,69,44,36,26,23,25,25,22,9,62,62,43,43,45,40,40,40,40,40,38,27,27,31,19,17,20,70,70,73,78,81,81,76,76,18,108,109,109,109,109,110,105,81],"gold":82,"neow_bonus":"RANDOM_COMMON_RELIC","is_daily":false,"chose_seed":false,"campfire_upgraded":8,"win_rate":0.0,"timestamp":1609971829,"path_taken":["R","M","M","M","?","R","T","M","E","M","E","?","M","?","M","BOSS","R","M","?","?","?","R","T","?","R","M","M","R","M","E","M","BOSS","R","M","M","$","?","?","T","M","?","?","R","?","R","?","M","BOSS"],"items_purchased_type":["Relic","Relic","Card","Card","Relic","Relic","Card","Relic","Card","Relic"],"build_version":"2020-12-22","purchased_purges":2,"victory":true,"max_hp_per_floor":[80,80,80,80,80,80,80,80,80,80,80,80,80,80,80,80,80,80,80,80,80,80,80,80,81,81,82,83,83,84,85,86,87,87,87,88,94,95,95,95,95,96,108,109,109,109,109,110,111,112],"relic_stats":{"counters":[30,135],"CeramicFish":387,"Dead Branch":[26],"Cursed Key":0,"Medical Kit":[0],"Blood Vial":46,"SsserpentHead":350,"Nunchaku":[16],"FaceOfCleric":15,"Ornamental Fan":[96],"Pandora\u0027s Box":["Guardian:ShieldCharger","Guardian:FloatingOrbs","Guardian:StasisField","Guardian:ArmoredProtocol","Guardian:CompilePackage","Guardian:RefractedBeam","Guardian:Gem_Lightblue","Guardian:TimeSifter"],"Art of War":[12],"obtain_stats":[{"downfall:HeartBlessingRed":18,"CeramicFish":0,"Dead Branch":48,"Guardian:ModeShifter":0,"Vajra":31,"downfall:HeartBlessingGreen":18,"GremlinMask":22,"Cursed Key":34,"Medical Kit":38,"Blood Vial":7,"SsserpentHead":22,"Bottled Flame":11,"Nunchaku":21,"HornCleat":38,"FaceOfCleric":22,"Ornamental Fan":21,"Pandora\u0027s Box":17,"CultistMask":22,"Art of War":9,"downfall:CloakOfManyFaces":22,"TungstenRod":44,"Toy Ornithopter":48,"NlothsMask":22},{"downfall:HeartBlessingRed":12,"CeramicFish":0,"Dead Branch":28,"Guardian:ModeShifter":0,"Vajra":20,"downfall:HeartBlessingGreen":12,"GremlinMask":15,"Cursed Key":22,"Medical Kit":25,"Blood Vial":4,"SsserpentHead":15,"Bottled Flame":8,"Nunchaku":14,"HornCleat":25,"FaceOfCleric":15,"Ornamental Fan":14,"Pandora\u0027s Box":12,"CultistMask":15,"Art of War":6,"downfall:CloakOfManyFaces":15,"TungstenRod":27,"Toy Ornithopter":28,"NlothsMask":15},{"downfall:HeartBlessingRed":49,"CeramicFish":0,"Dead Branch":121,"Guardian:ModeShifter":0,"Vajra":85,"downfall:HeartBlessingGreen":49,"GremlinMask":62,"Cursed Key":96,"Medical Kit":108,"Blood Vial":12,"SsserpentHead":62,"Bottled Flame":30,"Nunchaku":57,"HornCleat":108,"FaceOfCleric":62,"Ornamental Fan":57,"Pandora\u0027s Box":49,"CultistMask":62,"Art of War":22,"downfall:CloakOfManyFaces":62,"TungstenRod":119,"Toy Ornithopter":121,"NlothsMask":62}],"TungstenRod":6,"Toy Ornithopter":0},"card_choices":[{"not_picked":["Guardian:Incinerate","Guardian:Emergency"],"picked":"Guardian:PrimingBeam","floor":2.0},{"not_picked":["Guardian:Gem_Red","Guardian:GuardianWhirl"],"picked":"Guardian:SpikerProtocol","floor":3.0},{"not_picked":["Guardian:TemporalShield","Guardian:VentSteam"],"picked":"Guardian:PiercingHide","floor":4.0},{"not_picked":["Guardian:PrimingBeam","Guardian:ExploitGems"],"picked":"Guardian:PolyBeam","floor":5.0},{"not_picked":["Guardian:PiercingHide","Guardian:Reroute"],"picked":"Guardian:ArmoredProtocol","floor":8.0},{"not_picked":["Guardian:Gem_Lightblue","Guardian:CrystalBeam","Guardian:SphericShield"],"picked":"SKIP","floor":9.0},{"not_picked":["Guardian:Incinerate","Guardian:WalkerClaw"],"picked":"Guardian:Gem_Red","floor":10.0},{"not_picked":["Guardian:Reroute","Guardian:Gem_Cyan"],"picked":"Guardian:ChargeCore","floor":11},{"not_picked":["Guardian:CrystalBeam","Guardian:Planning"],"picked":"Guardian:BronzeArmor","floor":12},{"not_picked":["Guardian:RollAttack","Guardian:Orbwalk"],"picked":"Guardian:Planning","floor":13},{"not_picked":["Guardian:RefractedBeam","Guardian:Gem_Lightblue","Guardian:WalkerClaw"],"picked":"SKIP","floor":15},{"not_picked":["Guardian:BaubleBeam","Guardian:StasisField"],"picked":"Guardian:GemFinder","floor":16},{"not_picked":["Guardian:Gem_Lightblue","Guardian:Gem_Yellow"],"picked":"Guardian:DonusPower+1","floor":19},{"not_picked":["Guardian:Planning+1","Guardian:BaubleBeam"],"picked":"Guardian:Gem_Green","floor":21},{"not_picked":["Guardian:Emergency","Guardian:Gem_Green"],"picked":"Guardian:Gem_Purple","floor":22},{"not_picked":["Guardian:VentSteam","Guardian:Orbwalk"],"picked":"Guardian:SpikerProtocol+1","floor":25},{"not_picked":["Guardian:Gem_Green","Guardian:Gem_Cyan"],"picked":"Guardian:Gem_Red","floor":27},{"not_picked":["Guardian:Gem_Red","Guardian:Recover"],"picked":"Guardian:ShieldSpikes","floor":27},{"not_picked":["Guardian:ChargeCore","Guardian:PolyBeam"],"picked":"Guardian:FastForward","floor":28},{"not_picked":["Guardian:Planning","Guardian:Gem_Yellow"],"picked":"Guardian:BronzeOrb+1","floor":30},{"not_picked":["Guardian:Gem_Green","Guardian:PrismaticBarrier"],"picked":"Guardian:Gem_Yellow","floor":31},{"not_picked":["Guardian:Incinerate+1","Guardian:ChargeCore"],"picked":"Guardian:DonusPower+1","floor":32},{"not_picked":["Guardian:HyperBeam_Guardian","Guardian:RevengeProtocol"],"picked":"Guardian:Gem_Orange","floor":33},{"not_picked":["Guardian:Emergency","Guardian:Gem_Lightblue"],"picked":"Guardian:ChargeCore","floor":36},{"not_picked":["Guardian:Incinerate+1","Guardian:Recover+1"],"picked":"Guardian:Suspension","floor":37},{"not_picked":["Guardian:Gem_Red","Guardian:Gem_Lightblue"],"picked":"Guardian:Gem_Green","floor":37},{"not_picked":["Guardian:Emergency","Guardian:TemporalStrike+1"],"picked":"Guardian:Repulse","floor":38},{"not_picked":["expansioncontent:Torchfire","expansioncontent:Collect"],"picked":"expansioncontent:CaCaw","floor":40},{"not_picked":["Guardian:Gem_Purple","Guardian:Gem_Green"],"picked":"Guardian:Incinerate","floor":42},{"not_picked":["Guardian:Planning","Guardian:Incinerate"],"picked":"Guardian:ChargeCore+1","floor":44},{"not_picked":["Guardian:Reroute+1","Guardian:RollAttack+1","Guardian:WalkerClaw+1"],"picked":"SKIP","floor":48},{"not_picked":["Guardian:ShieldCharger","Guardian:CrystalBeam"],"picked":"Guardian:Repulse","floor":49}],"player_experience":2179323,"relics_obtained":[{"floor":7.0,"key":"Blood Vial"},{"floor":9.0,"key":"Art of War"},{"floor":11,"key":"Bottled Flame"},{"floor":22,"key":"downfall:CloakOfManyFaces"},{"floor":31,"key":"Vajra"},{"floor":44,"key":"TungstenRod"}],"event_choices":[],"is_beta":false,"boss_relics":[{"not_picked":["Fusion Hammer","SacredBark"],"picked":"Pandora\u0027s Box"},{"not_picked":["Runic Pyramid","Velvet Choker"],"picked":"Cursed Key"}],"items_purged_floors":[21,48],"is_endless":false,"potions_floor_spawned":[3,5,9,12,16,22,27,31,37,42,49],"ascension_level":5}}