{"host":"s6mlqkqtr3ey2mm2","time":1609903116,"event":{"mods":["2.2 Compatiblity","AchievementEnabler","Aspiration","Bard","BaseMod","Beaked The Cultist","Better Note","Better Vampires","BetterRewards","Challenge The Spire","Colored Map","Colored Powertips","Conspire","Curses Come First","Downfall","Emptier Cage","Energized Spire","GifTheSpireLib","GungeonMod","Halation","Hermit","Hubris","Infinite Spire","Ironclad Rager","Marked Mod","Minty Spire (QoL Compilation)","Quick Restart","RatMod","Replay The Spire","Retaliation","Robot Space Explorer","Shade Mod","Somnambulant","Spicy Shops","StSLib","Stuff the Spire","The Blue Laboratory","The Construct","The Druid","The IronCluck","The Mystic","The Necromancer","The Poker Player","The Runesmith","The Sage","The Valiant","vexMod"],"gold_per_floor":[99,111,211,211,230,259,259,27,59,59,90,106,12,42,62,62,62,62],"floor_reached":16,"playtime":1993,"items_purged":[],"score":128,"play_id":"eb102948-b8e3-43da-8a6d-b2590d9cfadd","local_time":"20210105221836","is_ascension_mode":false,"campfire_choices":[{"floor":1,"key":"RECALL"},{"data":"Guardian:DonusPower","floor":10,"key":"SMITH"}],"circlet_count":0,"master_deck":["Guardian:Strike_Guardian","Guardian:Strike_Guardian","Guardian:Strike_Guardian","Guardian:Strike_Guardian","Guardian:Defend_Guardian","Guardian:Defend_Guardian","Guardian:Defend_Guardian","Guardian:Defend_Guardian","Guardian:CurlUp","Guardian:TwinSlam","Guardian:ChargeCore+1","Guardian:DecasProtection+1","Guardian:ShieldCharger","Guardian:Repulse+1","Guardian:PrismaticBeam","Guardian:DonusPower+1","Guardian:VentSteam","Guardian:Planning","Guardian:Gem_Cyan","Guardian:ArmoredProtocol","Guardian:ArmoredProtocol","Guardian:ChargeUp"],"relics":["Guardian:ModeShifter","hubris:SphereOfDissonance","vexMod:PaidLearning","Blood Vial","StuffTheSpire:HeavyRock","Question Card"],"acts_visited":["Exordium"],"potions_floor_usage":[6,13,16],"damage_taken":[{"damage":0,"enemies":"Small Slimes","floor":2,"turns":4},{"damage":1,"enemies":"Cultist","floor":5,"turns":3},{"damage":13,"enemies":"3 Sentries","floor":6,"turns":11},{"damage":0,"enemies":"downfall:FleeingMerchant","floor":8,"turns":4},{"damage":27,"enemies":"Lagavulin","floor":9,"turns":11},{"damage":19,"enemies":"3 Sentries","floor":11,"turns":9},{"damage":2,"enemies":"2 Louse","floor":12,"turns":3},{"damage":6,"enemies":"downfall:FleeingMerchant","floor":13,"turns":4},{"damage":13,"enemies":"Gremlin Nob","floor":14,"turns":4},{"damage":5,"enemies":"Exordium Thugs","floor":15,"turns":5},{"damage":21,"enemies":"downfall:Ironclad","floor":16,"turns":6}],"seed_played":"-8919384978170494380","potions_obtained":[{"floor":5,"key":"DemoMod:LeadSkinPotion"},{"floor":11,"key":"hexamod:EctoCoolerPotion"},{"floor":14,"key":"blueLaboratory:Moonshine"},{"floor":15,"key":"Explosive Potion"}],"is_trial":false,"path_per_floor":["R","M","?","?","M","E","T","$","E","R","E","M","$","E","M","B"],"character_chosen":"GUARDIAN","items_purchased":["vexMod:PaidLearning","Guardian:PrismaticBeam","Guardian:ArmoredProtocol"],"campfire_rested":0,"item_purchase_floors":[8,8,13],"current_hp_per_floor":[88,88,88,88,87,74,74,74,47,47,30,30,26,15,12,0,0,0],"gold":62,"neow_bonus":"TEN_PERCENT_HP_BONUS","is_daily":false,"chose_seed":false,"campfire_upgraded":1,"win_rate":0.0,"timestamp":1609903116,"path_taken":["R","M","?","?","M","E","T","$","E","R","E","?","?","E","M","BOSS"],"items_purchased_type":["Relic","Card","Card"],"build_version":"2020-12-22","purchased_purges":0,"victory":false,"max_hp_per_floor":[88,88,88,88,88,88,88,88,88,88,88,88,88,88,88,88,88,88],"card_choices":[{"not_picked":["Guardian:VentSteam","Guardian:Gem_Red"],"picked":"Guardian:ChargeCore","floor":2},{"not_picked":["Guardian:RollAttack","Guardian:Reroute"],"picked":"Guardian:DecasProtection","floor":5},{"not_picked":["Guardian:VentSteam","Guardian:Incinerate"],"picked":"Guardian:ShieldCharger","floor":6},{"not_picked":["Guardian:PiercingHide","Guardian:ArmoredProtocol"],"picked":"Guardian:Repulse","floor":8},{"not_picked":["Guardian:Harden","Guardian:AncientConstruct"],"picked":"Guardian:DonusPower","floor":9},{"not_picked":["Guardian:Reroute","Guardian:WalkerClaw"],"picked":"Guardian:VentSteam","floor":11},{"not_picked":["Guardian:TemporalShield","Guardian:PrismaticBarrier"],"picked":"Guardian:Planning","floor":12},{"not_picked":["Guardian:ChargeCore","Guardian:Recover"],"picked":"Guardian:Gem_Cyan","floor":13},{"not_picked":["Guardian:ShieldSpikes","Guardian:Clone"],"picked":"Guardian:ArmoredProtocol","floor":14},{"not_picked":["Guardian:Recover","Guardian:SpikerProtocol","Guardian:HyperBeam_Guardian"],"picked":"Guardian:ChargeUp","floor":15}],"player_experience":62474,"relics_obtained":[{"floor":6,"key":"hubris:SphereOfDissonance"},{"floor":9,"key":"Blood Vial"},{"floor":11,"key":"StuffTheSpire:HeavyRock"},{"floor":14,"key":"Question Card"}],"event_choices":[],"is_beta":false,"boss_relics":[],"items_purged_floors":[],"is_endless":false,"potions_floor_spawned":[5,11,14,15],"killed_by":"downfall:Ironclad","ascension_level":0}}