{"host":"2n2g1vowfllvjtvi","time":1609958742,"event":{"mods":["AchievementEnabler","BaseMod","Custom Start","GifTheSpireLib","Keyboard Shortcuts","Minty Spire (QoL Compilation)","Quick Restart","Rare Cards Sparkle","StSLib","SuperFastMode"],"gold_per_floor":[179,113,38,38,113,126,160,172,219,284,306,338,369,410,440,452,536,548,577,607,246,246,246,246,279,279,279,308,321,321,355,368,368,441,441,455,232,232,232,232,243,268,268,268,278,303,303,315,363,363,363,363,363,62,96,96,96],"floor_reached":55,"playtime":1320,"items_purged":["Thunder Strike"],"score":1712,"play_id":"d1f79587-b64b-488f-8b51-f6bed00430f5","local_time":"20210107034542","is_ascension_mode":true,"campfire_choices":[{"floor":7.0,"key":"REST"},{"data":"Genetic Algorithm","floor":15.0,"key":"SMITH"},{"data":"Loop","floor":23.0,"key":"SMITH"},{"data":"Defragment","floor":25.0,"key":"SMITH"},{"data":"Biased Cognition","floor":29.0,"key":"SMITH"},{"data":"Recycle","floor":32.0,"key":"SMITH"},{"floor":42.0,"key":"RECALL"},{"data":"Seek","floor":46.0,"key":"SMITH"},{"floor":49.0,"key":"REST"},{"floor":52.0,"key":"REST"}],"circlet_count":0,"master_deck":["AscendersBane","Dualcast+1","Go for the Eyes+1","Cold Snap+1","Redo+1","Turbo+1","Electrodynamics+1","Biased Cognition+1","Conserve Battery+1","Skim+1","Coolheaded+1","Ball Lightning+1","Genetic Algorithm+1","Recycle+1","Loop+1","Defragment+1","Double Energy+1","Echo Form+1","Seek+1"],"relics":["Pandora\u0027s Box","HornCleat","MawBank","Pantograph","Bag of Preparation","MealTicket","Sozu","ClockworkSouvenir","Omamori","Tiny Chest","Nunchaku","Mercury Hourglass","Blood Vial","StoneCalendar","Philosopher\u0027s Stone","Runic Capacitor","Mark of the Bloom","Lantern","Gremlin Horn","Calipers","DataDisk","Strawberry","Akabeko"],"acts_visited":["Exordium","TheCity","TheBeyond","TheEnding"],"potions_floor_usage":[],"damage_taken":[{"damage":0.0,"enemies":"2 Louse","floor":1.0,"turns":1.0},{"damage":0.0,"enemies":"Jaw Worm","floor":5.0,"turns":2.0},{"damage":19.0,"enemies":"3 Sentries","floor":6.0,"turns":4.0},{"damage":7.0,"enemies":"Lagavulin","floor":8.0,"turns":5.0},{"damage":4.0,"enemies":"Small Slimes","floor":10.0,"turns":2.0},{"damage":0.0,"enemies":"Exordium Wildlife","floor":11.0,"turns":2.0},{"damage":0.0,"enemies":"Large Slime","floor":12.0,"turns":5.0},{"damage":0.0,"enemies":"Gremlin Nob","floor":13.0,"turns":3.0},{"damage":3.0,"enemies":"Exordium Thugs","floor":14.0,"turns":3.0},{"damage":26.0,"enemies":"The Guardian","floor":16.0,"turns":11.0},{"damage":5.0,"enemies":"3 Byrds","floor":18.0,"turns":2.0},{"damage":0.0,"enemies":"Spheric Guardian","floor":19.0,"turns":3.0},{"damage":1.0,"enemies":"Slavers","floor":24.0,"turns":3.0},{"damage":4.0,"enemies":"Book of Stabbing","floor":27.0,"turns":5.0},{"damage":3.0,"enemies":"Snake Plant","floor":28.0,"turns":4.0},{"damage":0.0,"enemies":"Slavers","floor":30.0,"turns":2.0},{"damage":11.0,"enemies":"Chosen and Byrds","floor":31.0,"turns":3.0},{"damage":0.0,"enemies":"Champ","floor":33.0,"turns":9.0},{"damage":0.0,"enemies":"Orb Walker","floor":35.0,"turns":4.0},{"damage":15.0,"enemies":"3 Darklings","floor":40.0,"turns":2.0},{"damage":0.0,"enemies":"Nemesis","floor":41.0,"turns":7.0},{"damage":0.0,"enemies":"Spire Growth","floor":44.0,"turns":3.0},{"damage":0.0,"enemies":"Reptomancer","floor":45.0,"turns":3.0},{"damage":0.0,"enemies":"Transient","floor":47.0,"turns":5.0},{"damage":16.0,"enemies":"2 Orb Walkers","floor":48.0,"turns":3.0},{"damage":0.0,"enemies":"Time Eater","floor":50.0,"turns":8.0},{"damage":0.0,"enemies":"Shield and Spear","floor":54.0,"turns":3.0},{"damage":40,"enemies":"The Heart","floor":55,"turns":3}],"seed_played":"-6758621538687956609","potions_obtained":[{"floor":6.0,"key":"Explosive Potion"},{"floor":8.0,"key":"Swift Potion"},{"floor":13.0,"key":"ColorlessPotion"},{"floor":16.0,"key":"SteroidPotion"}],"is_trial":false,"path_per_floor":["M","?","T","?","M","E","R","E","T","M","M","M","E","M","R","B",null,"M","M","$","?","?","R","E","R","T","E","M","R","E","M","R","B",null,"M","$","?","?","$","M","E","R","T","M","E","R","M","?","R","B",null,"R","$","E","B"],"character_chosen":"DEFECT","items_purchased":["ClockworkSouvenir","Omamori","Loop","Runic Capacitor","DataDisk","Strawberry"],"campfire_rested":3,"item_purchase_floors":[20,20,20,36,53,53],"current_hp_per_floor":[4,64,64,64,53,53,34,55,48,48,44,44,44,44,41,41,40,63,58,58,71,71,71,71,70,70,70,66,65,65,67,58,58,71,71,71,71,71,71,71,56,56,56,56,56,56,56,56,40,40,40,40,40,40,40,0,0],"gold":96,"neow_bonus":"BOSS_RELIC","is_daily":false,"chose_seed":false,"campfire_upgraded":6,"win_rate":0.0,"timestamp":1609958742,"path_taken":["M","?","?","?","M","E","R","E","T","M","M","M","E","?","R","BOSS","M","M","$","?","?","R","E","R","T","E","M","R","E","M","R","BOSS","M","$","?","?","$","M","E","R","T","M","E","R","M","?","R","BOSS","R","$","E","BOSS"],"items_purchased_type":["Relic","Relic","Card","Relic","Relic","Relic"],"build_version":"2020-12-22","purchased_purges":1,"victory":false,"max_hp_per_floor":[71,71,71,71,71,71,71,71,71,71,71,71,71,71,71,71,71,71,71,71,71,71,71,71,71,71,71,71,71,71,71,71,71,71,71,71,71,71,71,71,71,71,71,71,71,71,71,71,71,71,71,71,71,78,78,78,78],"card_choices":[{"not_picked":["Sweeping Beam","Steam"],"picked":"Conserve Battery","floor":1.0},{"not_picked":["Scrape","Barrage","Sweeping Beam"],"picked":"SKIP","floor":5.0},{"not_picked":["Redo","Leap"],"picked":"Skim","floor":6.0},{"not_picked":["Aggregate","Conserve Battery"],"picked":"Coolheaded","floor":8.0},{"not_picked":["Tempest","Hologram"],"picked":"Ball Lightning","floor":10.0},{"not_picked":["Steam","Turbo"],"picked":"Genetic Algorithm","floor":11.0},{"not_picked":["Machine Learning","Turbo"],"picked":"Recycle","floor":12.0},{"not_picked":["Machine Learning","Darkness","Rip and Tear"],"picked":"SKIP","floor":13.0},{"not_picked":["Chill","Rebound","Leap"],"picked":"SKIP","floor":14.0},{"not_picked":["Stack+1","Go for the Eyes+1","Heatsinks"],"picked":"SKIP","floor":18.0},{"not_picked":["Stack","Steam Power","Blizzard"],"picked":"SKIP","floor":19.0},{"not_picked":["Consume+1","Barrage"],"picked":"Defragment","floor":24.0},{"not_picked":["Blizzard","Ball Lightning"],"picked":"Double Energy+1","floor":27.0},{"not_picked":["Double Energy","Coolheaded","Blizzard"],"picked":"SKIP","floor":28.0},{"not_picked":["Sweeping Beam","Force Field","Scrape"],"picked":"SKIP","floor":30.0},{"not_picked":["Loop","Rebound","Redo"],"picked":"SKIP","floor":31.0},{"not_picked":["Electrodynamics","Rainbow"],"picked":"Echo Form","floor":33.0},{"not_picked":["Redo","Coolheaded","Hello World+1"],"picked":"SKIP","floor":35.0},{"not_picked":["Stack","Leap","Gash+1"],"picked":"SKIP","floor":40.0},{"not_picked":["Compile Driver","Streamline+1","Steam Power"],"picked":"SKIP","floor":41.0},{"not_picked":["Coolheaded+1","Gash"],"picked":"Seek","floor":44.0},{"not_picked":["FTL","Coolheaded","Steam"],"picked":"SKIP","floor":45.0},{"not_picked":["Aggregate","Redo+1","FTL"],"picked":"SKIP","floor":47.0},{"not_picked":["Steam+1","Force Field","Redo+1"],"picked":"SKIP","floor":54.0}],"player_experience":424359,"relics_obtained":[{"floor":3.0,"key":"HornCleat"},{"floor":6.0,"key":"MawBank"},{"floor":8.0,"key":"Pantograph"},{"floor":9.0,"key":"Bag of Preparation"},{"floor":13.0,"key":"MealTicket"},{"floor":24.0,"key":"Nunchaku"},{"floor":26.0,"key":"Mercury Hourglass"},{"floor":27.0,"key":"Blood Vial"},{"floor":30.0,"key":"StoneCalendar"},{"floor":41.0,"key":"Lantern"},{"floor":45.0,"key":"Gremlin Horn"},{"floor":48.0,"key":"Calipers"},{"floor":54.0,"key":"Akabeko"}],"event_choices":[{"cards_removed":["Fission"],"damage_healed":0.0,"max_hp_gain":0.0,"max_hp_loss":0.0,"gold_gain":0.0,"event_name":"The Cleric","player_choice":"Card Removal","floor":2.0,"gold_loss":75.0,"damage_taken":0.0},{"damage_healed":0.0,"max_hp_gain":0.0,"max_hp_loss":0.0,"gold_gain":75.0,"event_name":"World of Goop","player_choice":"Gather Gold","floor":4.0,"gold_loss":0.0,"damage_taken":11.0},{"cards_removed":["Zap"],"damage_healed":0.0,"max_hp_gain":0.0,"max_hp_loss":0.0,"gold_gain":0.0,"event_name":"Back to Basics","player_choice":"Elegance","floor":21.0,"gold_loss":0.0,"damage_taken":0.0},{"damage_healed":0.0,"max_hp_gain":0.0,"max_hp_loss":0.0,"gold_gain":0.0,"event_name":"WeMeetAgain","player_choice":"Gave Potion","floor":22.0,"gold_loss":0.0,"damage_taken":0.0,"relics_obtained":["Tiny Chest"]},{"damage_healed":0.0,"max_hp_gain":0.0,"max_hp_loss":0.0,"gold_gain":0.0,"event_name":"Tomb of Lord Red Mask","player_choice":"Ignored","floor":37.0,"gold_loss":0.0,"damage_taken":0.0},{"damage_healed":0.0,"max_hp_gain":0.0,"max_hp_loss":0.0,"gold_gain":0.0,"event_name":"MindBloom","player_choice":"Upgrade","floor":38.0,"gold_loss":0.0,"damage_taken":0.0,"cards_upgraded":["Dualcast","Go for the Eyes","Cold Snap","Redo","Turbo","Electrodynamics","Conserve Battery","Skim","Coolheaded","Ball Lightning","Echo Form"],"relics_obtained":["Mark of the Bloom"]},{"damage_healed":0.0,"max_hp_gain":0.0,"max_hp_loss":0.0,"gold_gain":0.0,"event_name":"Mysterious Sphere","player_choice":"Fight","floor":48.0,"gold_loss":0.0,"damage_taken":0.0}],"is_beta":false,"boss_relics":[{"not_picked":["Velvet Choker","Empty Cage"],"picked":"Sozu"},{"not_picked":["Busted Crown","SacredBark"],"picked":"Philosopher\u0027s Stone"}],"items_purged_floors":[36],"is_endless":false,"potions_floor_spawned":[6,8,10,13,16,18,19,30,31,35,40],"killed_by":"The Heart","ascension_level":15}}