{"host":"m9b9nkcj1hzhp9h6","time":1609965350,"event":{"mods":["100% Spire Juice","AchievementEnabler","Act Like it!","AlwaysNeverKeys","Aspiration","BaseMod","Better Altar","Better Match","Better Note","Better Sensory Stone","Better Silent Start","Better Skull","Better Third Choice","Better Vampires","BetterRewards","Booster Modes","Colored Map","Colored Powertips","Colorless Booster Pack","Conspire","Custom Start","Defective Defect","Dio Mod","Displayed Cursed Tome","Dota2Spire","Downfall","Elementarium","Emptier Cage","Energized Spire","Friendly Minions","Gensokyo","GifTheSpireLib","Halation","HexUI Lib","Hubris","Infinite Spire","Ironclad Rager","Jedi Mod","Mari Mod (Legacy)","Mari\u0027s V1 Patch","Marked Mod","Menagerie","Mimic Mod","Minty Spire (QoL Compilation)","Pale of the Ancients","Permanent Neow","Prisma Mod","RRrroohrrRGHHhhh!!","Random Character Button","Random Character Mod","Relic Sorter","Relic Stats","Remilia??????","Replay The Spire","Reworked Bosses","Robot Space Explorer","RumiaBox-????????","SCP261 Mod","SacredBarkPlus","Small Relic Pack","Spikes Relics","StSLib","Stuff the Spire","The Animator","The Blue Laboratory","The Factory","The IronCluck","The Jungle","Trackpad","Transform Curses","Useless Jewels Mod","Virulent Crown","Waifu the Spire","Wandering Minibosses","Yohane!","Yuri Mod","egg","slay the spire mod where everything is the same but ironclad has a cowboy hat","thorton","vexMod"],"gold_per_floor":[118,130,141,19,33,64,64,281,333,349,362,362,441,457,457,606,606,676,738,805,482,543,621,621,581,581,581,581,581,667,727,727,881,881,949,454,515,515,515,515,690,690,690,760,835,904,971,1040,1040,1090,1090,1090,615,690,770,844,844,170,295,425,425,7,152,225,434,83,198,198,198],"floor_reached":70,"playtime":4904,"items_purged":["PrismaMod:MiyuCommonAttack","PrismaMod:MiyuCheapChannelWeak+1","Decay","PrismaMod:MiyuCommonDefend","PrismaMod:MiyuCommonAttack","PrismaMod:MiyuDefenseExplosion+1","PrismaMod:MiyuEvokeBuffStr+1"],"score":1379,"play_id":"6a067da7-009d-448a-813e-8364423c1179","local_time":"20210106223550","is_ascension_mode":false,"campfire_choices":[{"data":"PrismaMod:MiyuCheapPlate","floor":7,"key":"SMITH"},{"data":"PrismaMod:MiyuUncommonDexBuff","floor":24,"key":"SMITH"},{"data":"PrismaMod:MiyuUncommonDexBuff","floor":28,"key":"SMITH"},{"data":"PrismaMod:MiyuCheapPlate","floor":32,"key":"SMITH"},{"data":"PrismaMod:MiyuCheapChannelAttack","floor":40,"key":"SMITH"},{"data":"PrismaMod:MiyuCheapPlate","floor":42,"key":"SMITH"},{"floor":49,"key":"RECALL"},{"data":"PrismaMod:MiyuUncommonStrBuff","floor":52,"key":"SMITH"},{"floor":68,"key":"REST"}],"circlet_count":0,"master_deck":["PrismaMod:MiyuCommonDefend+1","PrismaMod:MiyuCommonDefend+1","PrismaMod:MiyuCommonDefend+1","PrismaMod:MiyuCheapChannelAttack+1","PrismaMod:MiyuCheapChannelDefend+1","PrismaMod:MiyuDevil+1","PrismaMod:MiyuCheapPlate+1","PrismaMod:MiyuUncommonDexBuff+1","PrismaMod:MiyuUncommonAttack+1","PrismaMod:MiyuUncommonDexBuff+1","PrismaMod:MiyuUncommonDexBuff+1","PrismaMod:MiyuCheapPlate+1","PrismaMod:MiyuCheapPlate+1","PrismaMod:MiyuCheapDefend2+1","PrismaMod:MiyuUncommonStrBuff+1","PrismaMod:MiyuEvokeAllDefend+1","PrismaMod:MiyuUncommonDefend+1","PrismaMod:MiyuCheapChannelAttack+1","PrismaMod:MiyuUncommonDexBuff+1","PrismaMod:MiyuCheapStrBuff+1","PrismaMod:MiyuUncommonDexBuff+1","PrismaMod:MiyuUncommonAttack+1","PrismaMod:MiyuUncommonStrBuff+1","PrismaMod:MiyuUberAOEAttack+1","PrismaMod:MiyuUberAttack+1","PrismaMod:MiyuCheapDefend2+1"],"relics":["animator:TheEgnaroPiece","animator:AncientMedallion"],"acts_visited":["Menagerie:Menagerie","Gensokyo:Gensokyoer","TheBeyond","TheEnding","EYB:TheUnnamedReign"],"potions_floor_usage":[20,20,23,43,60,60,60,69,69,69],"damage_taken":[{"damage":0,"enemies":"Menagerie:MonstrousExperiment","floor":1,"turns":7},{"damage":0,"enemies":"Menagerie:WhisperingWraith","floor":2,"turns":4},{"damage":0,"enemies":"Menagerie:StygianBoar","floor":3,"turns":4},{"damage":6,"enemies":"Menagerie:KEEPER_AND_YOUNG_SUNEATER","floor":5,"turns":5},{"damage":6,"enemies":"Menagerie:VoidReaper","floor":6,"turns":7},{"damage":0,"enemies":"Menagerie:STYGIAN_BOAR_AND_WHISPERING_WRAITH","floor":10,"turns":6},{"damage":0,"enemies":"Menagerie:BEAST_MAGE_AND_PROWLING_AMALGAM","floor":11,"turns":6},{"damage":0,"enemies":"Menagerie:MaskedSummoner","floor":13,"turns":12},{"damage":3,"enemies":"Menagerie:EntropyWarlock","floor":14,"turns":6},{"damage":9,"enemies":"Menagerie:AVATARS","floor":16,"turns":9},{"damage":0,"enemies":"Gensokyo:2_Gloops","floor":18,"turns":6},{"damage":0,"enemies":"Gensokyo:CosmicMonolith","floor":19,"turns":8},{"damage":4,"enemies":"Gensokyo:Slime_Group","floor":20,"turns":6},{"damage":0,"enemies":"Gensokyo:Chomper_and_Gloop","floor":22,"turns":6},{"damage":15,"enemies":"Gensokyo:Tenshi","floor":23,"turns":4},{"damage":0,"enemies":"Gensokyo:Monolith_and_Dog","floor":30,"turns":2},{"damage":0,"enemies":"Gensokyo:Monolith_and_Dog","floor":31,"turns":3},{"damage":0,"enemies":"Gensokyo:Eiki","floor":33,"turns":6},{"damage":0,"enemies":"3 Darklings","floor":35,"turns":4},{"damage":0,"enemies":"Orb Walker","floor":37,"turns":2},{"damage":0,"enemies":"Nemesis","floor":41,"turns":2},{"damage":0,"enemies":"Sphere and 2 Shapes","floor":44,"turns":2},{"damage":0,"enemies":"Giant Head","floor":45,"turns":3},{"damage":0,"enemies":"Writhing Mass","floor":46,"turns":2},{"damage":0,"enemies":"3 Darklings","floor":47,"turns":2},{"damage":0,"enemies":"Sphere and 2 Shapes","floor":48,"turns":2},{"damage":0,"enemies":"bossMod:newShapes","floor":50,"turns":3},{"damage":29,"enemies":"animator:UNNAMED_HAT","floor":54,"turns":23},{"damage":9,"enemies":"animator:UNNAMED_CULTIST_1","floor":55,"turns":13},{"damage":0,"enemies":"animator:TRIPLE_LAGAVULIN","floor":59,"turns":8},{"damage":6,"enemies":"animator:UNNAMED_CULTIST_2","floor":60,"turns":16},{"damage":13,"enemies":"animator:ULTIMATE_WISP","floor":63,"turns":9},{"damage":8,"enemies":"animator:ULTIMATE_CRYSTAL","floor":67,"turns":18}],"seed_played":"-4652207614253159214","potions_obtained":[{"floor":3,"key":"blueLaboratory:StoneskinPotion"},{"floor":10,"key":"jedi:mysterypotion"},{"floor":11,"key":"Block Potion"},{"floor":20,"key":"Explosive Potion"},{"floor":31,"key":"SCP261:DietGhostPotion"},{"floor":37,"key":"AttackPotion"},{"floor":41,"key":"SCP261:AppleJuicePotion"},{"floor":48,"key":"SCP261:BarrettColaPotion"},{"floor":54,"key":"animator:FalseLifePotion"},{"floor":55,"key":"animator:FalseLifePotion"},{"floor":59,"key":"animator:FalseLifePotion"},{"floor":60,"key":"animator:FalseLifePotion"},{"floor":63,"key":"animator:FalseLifePotion"},{"floor":67,"key":"animator:FalseLifePotion"}],"is_trial":false,"path_per_floor":["M","M","M","$","M","E","R","?","T","M","M","?","E","M","R_BF","B",null,"M","M","M","$","M","E","R","?","T","?","R","?","MIM","M","R","B",null,"M","$","M","AVR","?","R","E","R","T","M","E","M","M","M","R_BF","B",null,"R","??","M","M","T","?","$","M","M","?","$","E","T","?","$","E","R","B",null],"character_chosen":"MIYU","items_purchased":["PrismaMod:MiyuUncommonDexBuff","PrismaMod:MiyuCheapPlate","vexMod:BarristanHead","PrismaMod:MiyuUncommonStrBuff","ReplayTheSpireMod:Ninjato","PrismaMod:MiyuUncommonDexBuff","animator:AncientMedallion","animator:AncientMedallion","animator:AncientMedallion","PrismaMod:MiyuUncommonStrBuff","PrismaMod:MiyuUberAOEAttack","PrismaMod:MiyuUberAttack"],"campfire_rested":1,"item_purchase_floors":[4,21,21,36,36,58,58,58,62,66,66,66],"current_hp_per_floor":[68,68,68,68,62,56,56,30,30,30,30,30,30,27,47,38,33,33,33,29,29,29,14,14,14,14,17,17,17,17,17,17,20,39,39,39,39,39,39,39,39,39,23,23,23,47,47,47,47,47,47,47,100,71,62,62,62,62,74,85,95,95,87,87,87,87,96,100,69],"gold":198,"neow_bonus":"TRANSFORM_TWO_CARDS","is_daily":false,"chose_seed":false,"campfire_upgraded":7,"win_rate":0.0,"timestamp":1609965350,"path_taken":["M","M","M","$","M","E","R","?","T","?","M","?","E","M","R_BF","BOSS","M","M","M","$","M","E","R","?","T","?","R","?","?","M","R","BOSS","M","$","M","AVR","?","R","E","R","T","M","E","M","M","M","R_BF","BOSS","R","??","M","M","T","?","$","M","M","?","$","E","T","?","$","E","R","BOSS"],"items_purchased_type":["Card","Card","Relic","Card","Relic","Card","Relic","Relic","Relic","Card","Card","Card"],"build_version":"2020-12-22","purchased_purges":7,"victory":true,"max_hp_per_floor":[68,68,68,68,68,68,68,68,68,68,68,68,68,68,68,68,33,33,33,33,33,33,33,33,33,33,36,36,36,36,36,36,39,39,39,39,39,39,39,39,39,39,47,47,47,47,47,47,47,47,47,47,100,100,100,100,100,100,100,100,100,100,100,100,100,100,100,100,100],"relic_stats":{"counters":[34,237],"obtain_stats":[{"Lantern":8,"aspiration:StickyExplosives":26,"ScarletDevilRocket":13,"ReplayTheSpireMod:Ninjato":36,"PrismaMod:PrismaSapphire":0,"ReplayTheSpireMod:Ring of Sloth":29,"RoseTintedShades":41,"Dota2Spire:DrumOfEndurance":45,"halation:Prosthetics":17,"Replay:Mystery Machine":43,"hubris:Towel":57,"trackpad:DisasterInABottle":38,"Replay:Rubber Ducky":6,"animator:TheEgnaroPiece":53,"vexMod:BarristanHead":21,"Busted Crown":34,"hubris:Icosahedron":39,"StuffTheSpire:Mouthbags":23,"animator:AncientMedallion":56,"Ring of Peace":29,"halation:EternalFortune":27,"halation:LettersToHer":9,"wanderingMiniBosses:Inkheart":22},{"Lantern":5,"aspiration:StickyExplosives":15,"ScarletDevilRocket":8,"ReplayTheSpireMod:Ninjato":19,"PrismaMod:PrismaSapphire":0,"ReplayTheSpireMod:Ring of Sloth":15,"RoseTintedShades":21,"Dota2Spire:DrumOfEndurance":23,"halation:Prosthetics":10,"Replay:Mystery Machine":21,"hubris:Towel":29,"trackpad:DisasterInABottle":20,"Replay:Rubber Ducky":5,"animator:TheEgnaroPiece":27,"vexMod:BarristanHead":13,"Busted Crown":18,"hubris:Icosahedron":20,"StuffTheSpire:Mouthbags":15,"animator:AncientMedallion":29,"Ring of Peace":15,"halation:EternalFortune":15,"halation:LettersToHer":5,"wanderingMiniBosses:Inkheart":14},{"Lantern":27,"aspiration:StickyExplosives":96,"ScarletDevilRocket":51,"ReplayTheSpireMod:Ninjato":111,"PrismaMod:PrismaSapphire":0,"ReplayTheSpireMod:Ring of Sloth":96,"RoseTintedShades":115,"Dota2Spire:DrumOfEndurance":120,"halation:Prosthetics":66,"Replay:Mystery Machine":115,"hubris:Towel":165,"trackpad:DisasterInABottle":113,"Replay:Rubber Ducky":27,"animator:TheEgnaroPiece":129,"vexMod:BarristanHead":86,"Busted Crown":107,"hubris:Icosahedron":113,"StuffTheSpire:Mouthbags":96,"animator:AncientMedallion":165,"Ring of Peace":96,"halation:EternalFortune":96,"halation:LettersToHer":27,"wanderingMiniBosses:Inkheart":92}]},"card_choices":[{"not_picked":["PrismaMod:MiyuEvokeCheapDefend","PrismaMod:MiyuCheapStrBuff"],"picked":"PrismaMod:MiyuCheapPlate","floor":1},{"not_picked":["PrismaMod:MiyuMaid","PrismaMod:MiyuAttackChannelVul","PrismaMod:MiyuEvokeAll"],"picked":"SKIP","floor":2},{"not_picked":["PrismaMod:MiyuMaid","PrismaMod:MiyuUberAttack","PrismaMod:MiyuCheapChannelHeal"],"picked":"SKIP","floor":3},{"not_picked":["PrismaMod:MiyuCarnivalAttack","PrismaMod:MiyuDefenseExplosion","PrismaMod:MiyuUberAOEAttack"],"picked":"SKIP","floor":5},{"not_picked":["PrismaMod:MiyuUberAOEAttack","PrismaMod:MiyuEvokeAll","PrismaMod:MiyuCheapChannelWeak"],"picked":"SKIP","floor":6},{"not_picked":["PrismaMod:MiyuCheapAttack1","PrismaMod:MiyuCheapStrBuff","PrismaMod:MiyuCheapChannelWeak"],"picked":"SKIP","floor":10},{"not_picked":["PrismaMod:MiyuOrbIncreasePerm","PrismaMod:MiyuEvokeAllDefend"],"picked":"PrismaMod:MiyuUncommonAttack","floor":11},{"not_picked":["PrismaMod:MiyuDefenseExplosion+1","PrismaMod:MiyuCheapStrBuff+1"],"picked":"PrismaMod:MiyuEvokeBuffStr+1","floor":12},{"not_picked":["PrismaMod:MiyuCommonAOEAttack","PrismaMod:MiyuCheapChannelVul","PrismaMod:MiyuCheapChannelHeal"],"picked":"SKIP","floor":13},{"not_picked":["PrismaMod:MiyuEvokeCheapDefend","PrismaMod:MiyuAttackChannelWeak"],"picked":"PrismaMod:MiyuUncommonDexBuff","floor":14},{"not_picked":["PrismaMod:MiyuChannelAttackEvoke","PrismaMod:MiyuDefendChannelDefend"],"picked":"PrismaMod:MiyuCheapDefend2","floor":16},{"not_picked":["PrismaMod:MiyuCheapStrBuff","PrismaMod:MiyuUncommonStrBuff"],"picked":"PrismaMod:MiyuUncommonDexBuff","floor":18},{"not_picked":["PrismaMod:MiyuUncommonPlate+1","PrismaMod:MiyuCarnivalAttack"],"picked":"PrismaMod:MiyuCheapPlate","floor":19},{"not_picked":["PrismaMod:MiyuEvokeBuffDex","PrismaMod:MiyuBride","PrismaMod:MiyuAttackChannelWeak"],"picked":"SKIP","floor":20},{"not_picked":["PrismaMod:MiyuAttackChannelVul+1","PrismaMod:MiyuCheapStrBuff","PrismaMod:MiyuUberAttack"],"picked":"SKIP","floor":22},{"not_picked":["PrismaMod:MiyuAttackChannelVul","PrismaMod:MiyuDefenseExplosion","PrismaMod:MiyuEvokeBuffDex"],"picked":"SKIP","floor":23},{"not_picked":["PrismaMod:MiyuUncommonAttack+1","PrismaMod:MiyuDefenseAbsorbMinor","PrismaMod:MiyuDefenseRemoval"],"picked":"SKIP","floor":31},{"not_picked":["PrismaMod:MiyuChristmas+1"],"picked":"SKIP","floor":35},{"not_picked":["PrismaMod:MiyuCarnivalAttack"],"picked":"SKIP","floor":37},{"not_picked":["PrismaMod:MiyuEvokeAll"],"picked":"SKIP","floor":41},{"not_picked":["PrismaMod:MiyuCheapAttack2+1"],"picked":"SKIP","floor":44},{"not_picked":["PrismaMod:MiyuEvokeCheapAttack"],"picked":"SKIP","floor":45},{"not_picked":["PrismaMod:MiyuCarnivalAttack"],"picked":"SKIP","floor":46},{"not_picked":["PrismaMod:MiyuCommonAOEAttack+1"],"picked":"SKIP","floor":47},{"not_picked":["PrismaMod:MiyuUncommonAOEAttack+1"],"picked":"SKIP","floor":48},{"not_picked":["PrismaMod:MiyuCheapAttack2","PrismaMod:MiyuEvokeAll"],"picked":"PrismaMod:MiyuCheapChannelAttack","floor":54},{"not_picked":["PrismaMod:MiyuEvokeBuffStr+1","PrismaMod:MiyuAttackChannelVul"],"picked":"PrismaMod:MiyuDefenseExplosion","floor":55},{"not_picked":["PrismaMod:MiyuCheapChannelVul","PrismaMod:MiyuUberAOEAttack"],"picked":"PrismaMod:MiyuCheapStrBuff+1","floor":59},{"not_picked":["PrismaMod:MiyuCheapEvoke","PrismaMod:MiyuCheapChannelHeal"],"picked":"PrismaMod:MiyuUncommonDexBuff","floor":60},{"not_picked":["PrismaMod:MiyuAttackChannelWeak","PrismaMod:MiyuAttackChannelVul+1","PrismaMod:MiyuDevil+1"],"picked":"SKIP","floor":63},{"not_picked":["PrismaMod:MiyuDevil","PrismaMod:MiyuCheapAttack2+1"],"picked":"PrismaMod:MiyuUncommonAttack","floor":65},{"not_picked":["PrismaMod:MiyuUncommonAttack+1","PrismaMod:MiyuEvokeCheapAttack"],"picked":"PrismaMod:MiyuCheapDefend2","floor":67}],"player_experience":1395529,"relics_obtained":[{"floor":6,"key":"Replay:Rubber Ducky"},{"floor":9,"key":"halation:LettersToHer"},{"floor":13,"key":"ScarletDevilRocket"},{"floor":22,"key":"wanderingMiniBosses:Inkheart"},{"floor":23,"key":"StuffTheSpire:Mouthbags"},{"floor":26,"key":"halation:LettersToHer"},{"floor":26,"key":"aspiration:StickyExplosives"},{"floor":29,"key":"Ring of Peace"},{"floor":29,"key":"ReplayTheSpireMod:Ring of Sloth"},{"floor":30,"key":"halation:LettersToHer"},{"floor":33,"key":"halation:EternalFortune"},{"floor":41,"key":"RoseTintedShades"},{"floor":43,"key":"halation:LettersToHer"},{"floor":43,"key":"Replay:Mystery Machine"},{"floor":45,"key":"Dota2Spire:DrumOfEndurance"},{"floor":53,"key":"animator:TheEgnaroPiece"},{"floor":56,"key":"animator:AncientMedallion"},{"floor":63,"key":"animator:AncientMedallion"},{"floor":64,"key":"animator:AncientMedallion"},{"floor":67,"key":"animator:AncientMedallion"}],"event_choices":[{"damage_healed":0,"gold_gain":217,"player_choice":"GO GO RE ","damage_taken":30,"relics_obtained":["Lantern"],"max_hp_gain":0,"max_hp_loss":0,"event_name":"betterSkull:BetterSkull","floor":8,"gold_loss":0,"cards_upgraded":[]},{"damage_healed":0,"gold_gain":0,"player_choice":"2","damage_taken":0,"max_hp_gain":0,"max_hp_loss":0,"event_name":"betterMatch:BetterMatch","floor":12,"gold_loss":0,"cards_obtained":["betterMatch:CommonCard"]}],"is_beta":false,"boss_relics":[{"not_picked":["vexMod:EndlessSickness","ChewingGum"],"picked":"halation:Prosthetics"},{"not_picked":["Sozu","relicPack:ShieldShield"],"picked":"Busted Crown"}],"items_purged_floors":[4,21,36,38,58,62,66],"is_endless":false,"potions_floor_spawned":[2,3,10,11,14,18,20,31,37,41,48,55,60,63],"ascension_level":0}}