{"host":"qg654vxoo1kzp6cj","time":1609955494,"event":{"mods":["100% Spire Juice","2.2 Compatiblity","Act Like it!","Aspiration","BaseMod","Better Altar","Better Skull","Better Third Choice","Better Vampires","Conspire","Dio Mod","Displayed Cursed Tome","Dota2Spire","Downfall","Elementarium","Gensokyo","GifTheSpireLib","Hallownest","Hermit","Hubris","Ironclad Rager","Jedi Mod","KinomotoSakuraMod(????)","Melee Mod","Menagerie","Minty Spire (QoL Compilation)","MostiFishMod","Pale of the Ancients","Permanent Neow","Poem Panic","Replay The Spire","Retaliation","Robot Space Explorer","Shade Mod","Spicy Shops","Spikes Relics","StSLib","Strawberry Spire","Stuff the Spire","The Alterego","The Animator","The Blackbeard","The Bug Knight","The Death Knight","The Druid","The Forsaken","The Kombatant","The Marked","The Runesmith","The Senshi","The Wild Card","TheHero","TheVelvet","Trackpad","Waifu the Spire","Wandering Minibosses","WarShipGirlsR/????R mod","vexMod"],"gold_per_floor":[115,5,17,17,17,47,90,26,53,53,67,128,171,71,71,78,78,93,139,139,139,139],"floor_reached":21,"playtime":1878,"items_purged":[],"score":203,"play_id":"40f21d6e-4b4b-4f06-ba78-4b886a6ba35d","local_time":"20210106125134","is_ascension_mode":false,"campfire_choices":[{"floor":10,"key":"REST"},{"floor":15,"key":"REST"}],"circlet_count":0,"master_deck":["Moonworks:Strike+1","Moonworks:Strike+1","Moonworks:Strike+1","Moonworks:Strike+1","Moonworks:Defend+1","Moonworks:Defend+1","Moonworks:Defend","Moonworks:Defend","Moonworks:Ambush","Moonworks:LongDistanceShot","Moonworks:JonathanRush+1","Moonworks:JonathanRush","Moonworks:x16BigRocket+2","Moonworks:DeployBits","Moonworks:CloudOfSeagulls","Moonworks:AwakeningOfTalent+1","Moonworks:EvilSpyWorkPreparation+1","Moonworks:CrystalBarrier","Moonworks:CloudOfSeagulls+1","Moonworks:AnotherUltimateWeapon","Moonworks:SakisCookie+1","Moonworks:Wanted","Moonworks:JonathanRush"],"relics":["Moonworks:BrokenBomb","Moonworks:Homemark","DaveBox","DSteel32","NeowsBlessing","SynthV:TestCard","Dota2Spire:HandOfMidas","Regal Pillow","Dota2Spire:MaskOfMadness","aspiration:FutureDiary"],"acts_visited":["Exordium","Gensokyo:Gensokyo"],"potions_floor_usage":[11,12,12,16,16],"damage_taken":[{"damage":0,"enemies":"Gensokyo:Gryphon","floor":1,"turns":1},{"damage":0,"enemies":"Gensokyo:Python","floor":2,"turns":1},{"damage":0,"enemies":"Gensokyo:2_Kodama","floor":3,"turns":1},{"damage":27,"enemies":"Gensokyo:Cirno","floor":6,"turns":7},{"damage":0,"enemies":"Gensokyo:LivingMonolith","floor":7,"turns":3},{"damage":12,"enemies":"Gensokyo:Mamizou","floor":8,"turns":8},{"damage":11,"enemies":"Gensokyo:VengefulSpirit","floor":11,"turns":4},{"damage":1,"enemies":"Gensokyo:Cirno","floor":12,"turns":5},{"damage":19,"enemies":"Gensokyo:Kitsune","floor":13,"turns":3},{"damage":5,"enemies":"Gensokyo:5_Fairies","floor":14,"turns":3},{"damage":46,"enemies":"Gensokyo:Reimu","floor":16,"turns":10},{"damage":14,"enemies":"Gensokyo:CosmicMonolith","floor":18,"turns":4},{"damage":14,"enemies":"Gensokyo:3_Dogs","floor":19,"turns":4},{"damage":49,"enemies":"Gensokyo:Swordslinger","floor":21,"turns":4}],"seed_played":"-3768812665113951510","potions_obtained":[{"floor":2,"key":"Elixir"},{"floor":6,"key":"Strength Potion"},{"floor":7,"key":"Block Potion"},{"floor":12,"key":"DeathKnight:RimePotion"},{"floor":14,"key":"Fire Potion"},{"floor":19,"key":"Ancient Potion"}],"is_trial":false,"path_per_floor":["M","M","M","?","COS","E","M","E","T","R","M","E","M","M","R","B",null,"M","M","?","M"],"character_chosen":"THE_STARBREAKER","items_purchased":[],"campfire_rested":2,"item_purchase_floors":[],"current_hp_per_floor":[60,60,60,60,60,33,33,21,21,54,43,42,31,26,59,17,60,46,36,36,0,0],"gold":139,"neow_bonus":"THREE_ENEMY_KILL","is_daily":false,"chose_seed":false,"campfire_upgraded":0,"win_rate":0.0,"timestamp":1609955494,"path_taken":["M","M","M","?","COS","E","M","E","T","R","M","E","M","M","R","BOSS","M","M","?","M"],"items_purchased_type":[],"build_version":"2020-12-22","purchased_purges":0,"victory":false,"max_hp_per_floor":[60,60,60,60,60,60,60,60,60,60,60,60,60,60,60,60,60,60,60,60,60,60],"card_choices":[{"not_picked":["Moonworks:ImOnFire","Moonworks:TacticalRetreat"],"picked":"Moonworks:JonathanRush","floor":1},{"not_picked":["Moonworks:AngelHand","Moonworks:LulusLuckyEgg","Moonworks:StiffCrystal","Moonworks:BackdoorTrade"],"picked":"Moonworks:JonathanRush","floor":2},{"not_picked":["Moonworks:NicePresent","Moonworks:SakisCookie","Moonworks:LuckyCharm","Moonworks:IntelligenceOfficer"],"picked":"Moonworks:x16BigRocket","floor":3},{"not_picked":["Moonworks:ImOnFire","Moonworks:SakisCookie","Moonworks:Bloodlust","Moonworks:Flamethrower"],"picked":"Moonworks:DeployBits","floor":4},{"not_picked":["Moonworks:ReproductionOfRecords","Moonworks:LulusLuckyEgg","Moonworks:JonathanRush","Moonworks:ImOnFire"],"picked":"Moonworks:CloudOfSeagulls","floor":4},{"not_picked":["Moonworks:LuckyCharm","Moonworks:Blazing","Moonworks:FinalSurgery","Moonworks:BackdoorTrade"],"picked":"Moonworks:AwakeningOfTalent","floor":6},{"not_picked":["Moonworks:IndiscriminateFireSupport","Moonworks:LulusLuckyEgg","Moonworks:ExtendedPhotonRifle","Moonworks:UnluckyCharm"],"picked":"Moonworks:EvilSpyWorkPreparation","floor":7},{"not_picked":["Moonworks:ImOnFire","Moonworks:Accelerator","Moonworks:BigMagnum","Moonworks:IndiscriminateFireSupport"],"picked":"Moonworks:CrystalBarrier","floor":8},{"not_picked":["Moonworks:WindyEnchantment","Moonworks:ImOnFire","Moonworks:EvilSpyWorkPreparation","Moonworks:IntelligenceOfficer"],"picked":"Moonworks:CloudOfSeagulls","floor":11},{"not_picked":["Moonworks:ImOnFire","Moonworks:Heat300Percent","Moonworks:DeployBits","Moonworks:RedAndBlue"],"picked":"Moonworks:AnotherUltimateWeapon","floor":12},{"not_picked":["Moonworks:LulusLuckyEgg","Moonworks:WindyEnchantment","Moonworks:IndiscriminateFireSupport","Moonworks:NicePresent","Moonworks:ImOnFire"],"picked":"SKIP","floor":13},{"not_picked":["Moonworks:LulusLuckyEgg","Moonworks:NicePresent","Moonworks:Assault","Moonworks:IndiscriminateFireSupport"],"picked":"Moonworks:SakisCookie","floor":14},{"not_picked":["Moonworks:Accelerator","Moonworks:SinkOrSwim","Moonworks:Blazing","Moonworks:FinalBattle"],"picked":"Moonworks:Wanted","floor":16},{"not_picked":["Moonworks:NicePresent","Moonworks:EvilSpyWorkPreparation+1","Moonworks:BigMagnum","Moonworks:WindyEnchantment"],"picked":"Moonworks:JonathanRush","floor":18},{"not_picked":["Moonworks:ReflectiveShell","Moonworks:Assault","Moonworks:JonathanRush","Moonworks:Heat300Percent","Moonworks:ImOnFire"],"picked":"SKIP","floor":19}],"player_experience":943601,"relics_obtained":[{"floor":1,"key":"SynthV:TestCard"},{"floor":6,"key":"Dota2Spire:HandOfMidas"},{"floor":8,"key":"Regal Pillow"},{"floor":12,"key":"Dota2Spire:MaskOfMadness"}],"event_choices":[],"is_beta":false,"boss_relics":[{"not_picked":["hubris:VirtuousBlindfold","strawberrySpire:JuiceKeg"],"picked":"aspiration:FutureDiary"}],"items_purged_floors":[],"is_endless":false,"potions_floor_spawned":[2,6,7,12,14,19],"killed_by":"Gensokyo:Swordslinger","ascension_level":0}}