{"host":"pvf7uj918he10jir","time":1609908468,"event":{"mods":["AchievementEnabler","BaseMod","Colored Map","Colored Powertips","Highlight Path","Minty Spire (QoL Compilation)","Relic Stats","Slay the Relics Exporter","everything is the same but u backflip on backflip"],"gold_per_floor":[114,128,128,147,164,193,193,218,218,244,257,269,269,7,7,7,7],"floor_reached":16,"playtime":1459,"items_purged":[],"score":152,"play_id":"a9246700-49ef-4119-ab84-0ff4ce517132","local_time":"20210105234748","is_ascension_mode":true,"campfire_choices":[{"floor":7,"key":"REST"},{"data":"Eruption","floor":15,"key":"SMITH"}],"circlet_count":0,"master_deck":["Strike_P","Strike_P","Strike_P","Defend_P","Defend_P","Defend_P","Defend_P","Eruption+1","Vigilance","CurseOfTheBell","FlurryOfBlows","FlurryOfBlows","Wallop","Evaluate","Evaluate","WheelKick"],"relics":["Calling Bell","Blood Vial","Darkstone Periapt","StoneCalendar","Gremlin Horn","Omamori","Meat on the Bone","Peace Pipe","Pear"],"acts_visited":["Exordium"],"potions_floor_usage":[6,6,13],"damage_taken":[{"damage":3,"enemies":"Jaw Worm","floor":1,"turns":5},{"damage":6,"enemies":"Cultist","floor":2,"turns":5},{"damage":2,"enemies":"2 Louse","floor":4,"turns":2},{"damage":42,"enemies":"Exordium Wildlife","floor":5,"turns":6},{"damage":13,"enemies":"Gremlin Nob","floor":6,"turns":4},{"damage":9,"enemies":"3 Sentries","floor":8,"turns":7},{"damage":16,"enemies":"Gremlin Nob","floor":10,"turns":4},{"damage":0,"enemies":"3 Louse","floor":11,"turns":4},{"damage":0,"enemies":"Blue Slaver","floor":12,"turns":5},{"damage":28,"enemies":"Lagavulin","floor":13,"turns":5},{"damage":45,"enemies":"The Guardian","floor":16,"turns":5}],"seed_played":"-7948320677346301043","potions_obtained":[{"floor":1,"key":"EssenceOfSteel"},{"floor":5,"key":"Block Potion"},{"floor":12,"key":"SmokeBomb"}],"is_trial":false,"path_per_floor":["M","M","?","M","M","E","R","E","T","E","M","M","E","$","R","B"],"character_chosen":"WATCHER","items_purchased":["Pear"],"campfire_rested":1,"item_purchase_floors":[14],"current_hp_per_floor":[69,65,65,65,25,14,35,28,28,26,40,42,28,38,38,0,0],"gold":7,"neow_bonus":"BOSS_RELIC","is_daily":false,"chose_seed":false,"campfire_upgraded":1,"win_rate":0.0,"timestamp":1609908468,"path_taken":["M","M","?","?","M","E","R","E","T","E","M","M","E","$","R","BOSS"],"items_purchased_type":["Relic"],"build_version":"2020-12-22","purchased_purges":0,"victory":false,"max_hp_per_floor":[72,72,72,72,72,72,72,72,72,72,72,72,72,82,82,82,82],"relic_stats":{"Blood Vial":20,"Darkstone Periapt":0,"Peace Pipe":0,"Gremlin Horn":[3,3],"counters":[11,52],"StoneCalendar":[51],"obtain_stats":[{"Calling Bell":0,"Blood Vial":0,"Darkstone Periapt":0,"Peace Pipe":10,"Pear":14,"Gremlin Horn":6,"StoneCalendar":0,"Omamori":8,"PureWater":0,"Meat on the Bone":9},{"Calling Bell":0,"Blood Vial":0,"Darkstone Periapt":0,"Peace Pipe":7,"Pear":10,"Gremlin Horn":5,"StoneCalendar":0,"Omamori":6,"PureWater":0,"Meat on the Bone":6},{"Calling Bell":0,"Blood Vial":0,"Darkstone Periapt":0,"Peace Pipe":33,"Pear":47,"Gremlin Horn":22,"StoneCalendar":0,"Omamori":29,"PureWater":0,"Meat on the Bone":29}],"Meat on the Bone":36},"card_choices":[{"not_picked":["ThirdEye","WindmillStrike","Tantrum"],"picked":"SKIP","floor":1},{"not_picked":["Halt","FlyingSleeves"],"picked":"FlurryOfBlows","floor":2},{"not_picked":["Crescendo","EmptyFist"],"picked":"FlurryOfBlows","floor":4},{"not_picked":["WaveOfTheHand","FlurryOfBlows"],"picked":"Wallop","floor":5},{"not_picked":["FollowUp","ClearTheMind"],"picked":"Evaluate","floor":6},{"not_picked":["Prostrate","Vengeance"],"picked":"Evaluate","floor":8},{"not_picked":["Blasphemy","SashWhip","PathToVictory"],"picked":"SKIP","floor":10},{"not_picked":["Collect","Evaluate","TalkToTheHand"],"picked":"SKIP","floor":11},{"not_picked":["BowlingBash","ClearTheMind"],"picked":"WheelKick","floor":12}],"player_experience":116293,"relics_obtained":[{"floor":0,"key":"Blood Vial"},{"floor":0,"key":"Darkstone Periapt"},{"floor":0,"key":"StoneCalendar"},{"floor":6,"key":"Gremlin Horn"},{"floor":8,"key":"Omamori"},{"floor":9,"key":"Meat on the Bone"},{"floor":10,"key":"Peace Pipe"}],"event_choices":[{"cards_removed":["Strike_P"],"damage_healed":0,"gold_gain":0,"player_choice":"Offered Basic","damage_taken":0,"max_hp_gain":0,"max_hp_loss":0,"event_name":"Bonfire Elementals","floor":3,"gold_loss":0}],"is_beta":false,"boss_relics":[],"items_purged_floors":[],"is_endless":false,"potions_floor_spawned":[1,5,12,13],"killed_by":"The Guardian","ascension_level":3}}