{"host":"kn32u0f2pym5bozc","time":1609935347,"event":{"mods":["2.2 Compatiblity","BaseMod","Better Third Choice","Minty Spire (QoL Compilation)","Permanent Neow","Relic Stats","StSLib","The Animator"],"gold_per_floor":[28,41,67,13,27,44,44,77,129,146,146,146,177,194,194,271,271,271,271,271,271,271,271],"floor_reached":22,"playtime":1761,"items_purged":[],"score":342,"play_id":"34adf4ca-3f00-4492-898e-2076bfc45b42","local_time":"20210106071547","is_ascension_mode":true,"campfire_choices":[{"data":"animator:Kuroyukihime","floor":7,"key":"SMITH"},{"floor":12,"key":"REST"},{"floor":15,"key":"REST"}],"circlet_count":0,"master_deck":["AscendersBane","animator:Strike_AccelWorld","animator:Defend_AccelWorld","animator:Strike","animator:Strike","animator:Strike","animator:Defend","animator:Defend","animator:Defend","animator:Kuroyukihime+1","animator:LimeBell","animator:ChaikaTrabant","animator:DwarfShaman","animator:LizardPriest","animator:Yuuichirou","animator:Gillette","animator:FeridBathory","animator:Viivi","animator:Emonzaemon","animator:MumenRider","animator:Mikaela","animator:TukaLunaMarceau","animator:Saber","animator:DolaCouronne","animator:Yoichi"],"relics":["animator:LivingPicture","animator:TheMissingPiece","animator:PurgingStone","Paper Frog","Ancient Tea Set","Ectoplasm","MutagenicStrength","White Beast Statue"],"acts_visited":["Exordium","TheCity"],"potions_floor_usage":[8,13,16],"damage_taken":[{"damage":4,"enemies":"Jaw Worm","floor":1,"turns":4},{"damage":1,"enemies":"Cultist","floor":2,"turns":3},{"damage":4,"enemies":"2 Louse","floor":3,"turns":3},{"damage":5,"enemies":"2 Fungi Beasts","floor":5,"turns":5},{"damage":6,"enemies":"Looter","floor":6,"turns":5},{"damage":20,"enemies":"Lagavulin","floor":8,"turns":6},{"damage":4,"enemies":"Large Slime","floor":10,"turns":5},{"damage":0,"enemies":"Blue Slaver","floor":13,"turns":4},{"damage":9,"enemies":"Red Slaver","floor":14,"turns":3},{"damage":37,"enemies":"Hexaghost","floor":16,"turns":11},{"damage":29,"enemies":"Shell Parasite","floor":18,"turns":7},{"damage":1,"enemies":"Chosen","floor":21,"turns":3},{"damage":19,"enemies":"Snake Plant","floor":22,"turns":4}],"seed_played":"2891530242013052871","potions_obtained":[{"floor":2,"key":"Swift Potion"},{"floor":10,"key":"Block Potion"},{"floor":14,"key":"SkillPotion"},{"floor":16,"key":"EssenceOfSteel"},{"floor":21,"key":"Explosive Potion"}],"is_trial":false,"path_per_floor":["M","M","M","$","M","M","R","E","T","M","?","R","M","M","R","B",null,"M","?","?","M","M"],"character_chosen":"THE_ANIMATOR","items_purchased":["animator:Gillette"],"campfire_rested":2,"item_purchase_floors":[4],"current_hp_per_floor":[50,49,45,45,41,36,36,16,16,12,12,30,30,21,39,2,47,18,18,18,18,0,0],"gold":271,"neow_bonus":"THREE_RARE_CARDS","is_daily":false,"chose_seed":false,"campfire_upgraded":1,"win_rate":0.0,"timestamp":1609935347,"path_taken":["M","M","M","$","M","M","R","E","T","M","?","R","M","M","R","BOSS","M","?","?","M","?"],"items_purchased_type":["Card"],"build_version":"2020-12-22","purchased_purges":0,"victory":false,"max_hp_per_floor":[60,60,60,60,61,62,62,62,62,62,62,62,62,62,62,62,62,62,62,62,63,63,63],"relic_stats":{"counters":[13,62],"Ectoplasm":28,"obtain_stats":[{"animator:PurgingStone":0,"animator:TheMissingPiece":0,"MutagenicStrength":19,"animator:LivingPicture":0,"Ectoplasm":17,"Ancient Tea Set":9,"White Beast Statue":20,"Paper Frog":8},{"animator:PurgingStone":0,"animator:TheMissingPiece":0,"MutagenicStrength":11,"animator:LivingPicture":0,"Ectoplasm":10,"Ancient Tea Set":6,"White Beast Statue":11,"Paper Frog":6},{"animator:PurgingStone":0,"animator:TheMissingPiece":0,"MutagenicStrength":55,"animator:LivingPicture":0,"Ectoplasm":48,"Ancient Tea Set":26,"White Beast Statue":55,"Paper Frog":26}]},"card_choices":[{"not_picked":["animator:Sora","animator:ItamiYouji"],"picked":"animator:ChaikaTrabant","floor":0},{"not_picked":["animator:Shinoa","animator:Hakurou"],"picked":"animator:DwarfShaman","floor":1},{"not_picked":["animator:Shinoa","animator:Lancer"],"picked":"animator:LizardPriest","floor":2},{"not_picked":["animator:Melzalgald","animator:DolaCouronne"],"picked":"animator:Yuuichirou","floor":3},{"not_picked":["animator:Shinoa","animator:Mitsuba"],"picked":"animator:FeridBathory","floor":5},{"not_picked":["animator:GazelDwargon","animator:YaoHaDucy"],"picked":"animator:Viivi","floor":6},{"not_picked":["animator:Benimaru","animator:KrulTepes"],"picked":"animator:Emonzaemon","floor":8},{"not_picked":["animator:Millim","animator:Kuribayashi"],"picked":"animator:MumenRider","floor":10},{"not_picked":["animator:Shigure","animator:Yuuichirou"],"picked":"animator:Mikaela","floor":13},{"not_picked":["animator:Mitsuba","animator:MumenRider"],"picked":"animator:TukaLunaMarceau","floor":14},{"not_picked":["animator:Biyorigo","animator:FeridBathory"],"picked":"animator:Saber","floor":16},{"not_picked":["animator:Shichika","animator:RoryMercury"],"picked":"animator:DolaCouronne","floor":18},{"not_picked":["animator:DolaStephanie+1","animator:Shinoa"],"picked":"animator:Yoichi","floor":21}],"player_experience":799766,"relics_obtained":[{"floor":8,"key":"Paper Frog"},{"floor":9,"key":"Ancient Tea Set"}],"event_choices":[{"damage_healed":0,"gold_gain":0,"player_choice":"LEAVE","damage_taken":0,"max_hp_gain":0,"max_hp_loss":0,"event_name":"betterThird:BetterScrap","floor":11,"gold_loss":0,"cards_obtained":["Undo"]},{"damage_healed":0,"gold_gain":0,"player_choice":"Inject Mutagens","damage_taken":0,"relics_obtained":["MutagenicStrength"],"max_hp_gain":0,"max_hp_loss":0,"event_name":"Drug Dealer","floor":19,"gold_loss":0},{"damage_healed":0,"gold_gain":0,"player_choice":"Gave Potion","damage_taken":0,"relics_obtained":["White Beast Statue"],"max_hp_gain":0,"max_hp_loss":0,"event_name":"WeMeetAgain","floor":20,"gold_loss":0}],"is_beta":false,"boss_relics":[{"not_picked":["Calling Bell","Pandora\u0027s Box"],"picked":"Ectoplasm"}],"items_purged_floors":[],"is_endless":false,"potions_floor_spawned":[2,10,14,16,21],"killed_by":"Snake Plant","ascension_level":16}}