{"host":"8by3m8mve9y2rhh4","time":1609900066,"event":{"mods":["BaseMod","Minty Spire (QoL Compilation)","Quick Restart"],"gold_per_floor":[109,8,8,24,36,64,64,98,98,157,170,170,197,197,197,294,294,294,294,294,294,294,294,294,8,8,8,8,8,8,8,8,8,8,8,8,8,8,8,8,8,8,8,8,8,8,8,8,8,8,8,8,8,8,8,8],"floor_reached":55,"playtime":3459,"items_purged":["Strike_G","Strike_G"],"score":878,"play_id":"6b7b9bfb-3396-4bcb-9080-33192a5c1f0e","local_time":"20210106022746","is_ascension_mode":true,"campfire_choices":[{"floor":7,"key":"REST"},{"floor":12,"key":"REST"},{"floor":15,"key":"REST"},{"floor":27,"key":"REST"},{"floor":32,"key":"REST"},{"floor":42,"key":"RECALL"},{"floor":46,"key":"REST"},{"data":"Footwork","floor":49,"key":"SMITH"},{"data":"Footwork","floor":52,"key":"SMITH"}],"circlet_count":0,"master_deck":["Strike_G+1","Strike_G","Strike_G","Defend_G","Defend_G+1","Defend_G+1","Defend_G","Defend_G","Survivor","Neutralize","Poisoned Stab","Deflect","Dagger Spray","Deadly Poison+1","Deadly Poison+1","Prepared+1","Dodge and Roll+1","Venomology+1","Dagger Spray+1","PiercingWail+1","Crippling Poison+1","Leg Sweep+1","Bouncing Flask+1","Footwork+1","Footwork+1","Deflect+1","Malaise+1","Adrenaline+1","Leg Sweep+1","Burst+1","Blur+1","Adrenaline+1","Blur+1"],"relics":["Ring of the Snake","Toxic Egg 2","Mummified Hand","Girya","Pantograph","Juzu Bracelet","Boot","Ectoplasm","Blood Vial","DollysMirror","War Paint","Potion Belt","Tiny House","Du-Vu Doll","Pocketwatch","Pear","CaptainsWheel","Eternal Feather"],"acts_visited":["Exordium","TheCity","TheBeyond","TheEnding"],"potions_floor_usage":[6,8,19,19,19,20,23,23,24,31,33,36,36,37,37,38,38,38,40,40,41,44,44,44,47,54,55,55,55,55,55],"damage_taken":[{"damage":3,"enemies":"Small Slimes","floor":1,"turns":5},{"damage":3,"enemies":"Jaw Worm","floor":4,"turns":6},{"damage":2,"enemies":"2 Louse","floor":5,"turns":2},{"damage":38,"enemies":"Gremlin Nob","floor":6,"turns":6},{"damage":14,"enemies":"Lagavulin","floor":8,"turns":6},{"damage":13,"enemies":"Gremlin Nob","floor":10,"turns":4},{"damage":9,"enemies":"Exordium Thugs","floor":11,"turns":5},{"damage":31,"enemies":"3 Sentries","floor":13,"turns":11},{"damage":17,"enemies":"Slime Boss","floor":16,"turns":12},{"damage":0,"enemies":"3 Byrds","floor":18,"turns":4},{"damage":15,"enemies":"Spheric Guardian","floor":19,"turns":6},{"damage":4,"enemies":"Shelled Parasite and Fungi","floor":20,"turns":4},{"damage":2,"enemies":"Centurion and Healer","floor":21,"turns":7},{"damage":24,"enemies":"Slavers","floor":23,"turns":7},{"damage":6,"enemies":"Chosen and Byrds","floor":24,"turns":3},{"damage":0,"enemies":"Snake Plant","floor":30,"turns":4},{"damage":0,"enemies":"Book of Stabbing","floor":31,"turns":5},{"damage":34,"enemies":"Automaton","floor":33,"turns":14},{"damage":0,"enemies":"Orb Walker","floor":35,"turns":6},{"damage":16,"enemies":"2 Orb Walkers","floor":36,"turns":6},{"damage":10,"enemies":"3 Darklings","floor":37,"turns":11},{"damage":0,"enemies":"Mind Bloom Boss Battle","floor":38,"turns":8},{"damage":9,"enemies":"Writhing Mass","floor":39,"turns":7},{"damage":26,"enemies":"Reptomancer","floor":40,"turns":11},{"damage":2,"enemies":"Jaw Worm Horde","floor":41,"turns":4},{"damage":6,"enemies":"Spire Growth","floor":44,"turns":7},{"damage":0,"enemies":"Nemesis","floor":47,"turns":9},{"damage":0,"enemies":"Maw","floor":48,"turns":9},{"damage":16,"enemies":"Awakened One","floor":50,"turns":22},{"damage":0,"enemies":"Shield and Spear","floor":54,"turns":10},{"damage":121,"enemies":"The Heart","floor":55,"turns":15}],"seed_played":"-231056203608560470","potions_obtained":[{"floor":1,"key":"Block Potion"},{"floor":6,"key":"SkillPotion"},{"floor":13,"key":"SpeedPotion"},{"floor":16,"key":"BlessingOfTheForge"},{"floor":19,"key":"Dexterity Potion"},{"floor":23,"key":"PowerPotion"},{"floor":30,"key":"Poison Potion"},{"floor":34,"key":"SkillPotion"},{"floor":35,"key":"CultistPotion"},{"floor":37,"key":"Block Potion"},{"floor":39,"key":"SpeedPotion"},{"floor":44,"key":"Ancient Potion"}],"is_trial":false,"path_per_floor":["M","$","?","M","M","E","R","E","T","?","M","R","E","?","R","B",null,"M","M","M","M","?","E","M","$","T","R","$","?","M","E","R","B",null,"M","?","M","?","M","E","M","R","T","M","$","R","E","M","R","B",null,"R","$","E","B"],"character_chosen":"THE_SILENT","items_purchased":["Deflect","Footwork","DollysMirror"],"campfire_rested":6,"item_purchase_floors":[2,25,25],"current_hp_per_floor":[74,74,74,71,69,31,54,40,40,27,18,41,10,10,33,41,77,77,62,58,56,44,20,16,16,16,39,39,39,41,43,66,43,82,82,66,73,82,73,59,59,59,59,55,55,82,84,86,86,76,92,92,92,92,0,0],"gold":8,"neow_bonus":"TEN_PERCENT_HP_BONUS","is_daily":false,"chose_seed":false,"campfire_upgraded":2,"win_rate":0.0,"timestamp":1609900066,"path_taken":["M","$","?","M","M","E","R","E","T","?","M","R","E","?","R","BOSS","M","M","M","M","?","E","M","?","T","R","$","?","M","E","R","BOSS","M","?","M","?","M","E","M","R","T","M","?","R","E","M","R","BOSS","R","$","E","BOSS"],"items_purchased_type":["Card","Card","Relic"],"build_version":"2020-12-22","purchased_purges":2,"victory":false,"max_hp_per_floor":[77,77,77,77,77,77,77,77,77,77,77,77,77,77,77,77,77,77,77,77,77,77,77,77,77,77,77,77,77,77,77,77,77,82,82,82,82,82,82,92,92,92,92,92,92,92,92,92,92,92,92,92,92,92,92,92],"card_choices":[{"not_picked":["Heel Hook","Deflect"],"picked":"Poisoned Stab","floor":1},{"not_picked":["Sucker Punch","Outmaneuver+1"],"picked":"Dagger Spray","floor":4},{"not_picked":["Flying Knee","Underhanded Strike","Quick Slash"],"picked":"SKIP","floor":5},{"not_picked":["Dodge and Roll+1","Bane"],"picked":"Deadly Poison+1","floor":6},{"not_picked":["Crippling Poison+1","Tools of the Trade"],"picked":"Deadly Poison+1","floor":8},{"not_picked":["Backflip+1","Deadly Poison+1"],"picked":"Prepared+1","floor":11},{"not_picked":["Cloak And Dagger+1","Heel Hook"],"picked":"Dodge and Roll+1","floor":13},{"not_picked":["Night Terror+1","Doppelganger+1"],"picked":"Venomology+1","floor":16},{"not_picked":["Flechettes+1","Slice+1"],"picked":"Dagger Spray+1","floor":18},{"not_picked":["Choke","Finisher"],"picked":"PiercingWail+1","floor":19},{"not_picked":["Prepared+1","Infinite Blades"],"picked":"Crippling Poison+1","floor":20},{"not_picked":["Backflip+1","Slice"],"picked":"Leg Sweep+1","floor":21},{"not_picked":["Bane+1","All Out Attack"],"picked":"Bouncing Flask+1","floor":23},{"not_picked":["All Out Attack","Finisher","Flying Knee"],"picked":"SKIP","floor":24},{"not_picked":["Underhanded Strike","Blade Dance+1"],"picked":"Deflect+1","floor":30},{"not_picked":["Flechettes","Masterful Stab"],"picked":"Malaise+1","floor":31},{"not_picked":["Burst+1","Tools of the Trade"],"picked":"Adrenaline+1","floor":33},{"not_picked":["Slice","Blade Dance+1"],"picked":"Leg Sweep+1","floor":34},{"not_picked":["Bane+1","Concentrate+1"],"picked":"Burst+1","floor":35},{"not_picked":["Acrobatics+1","Dagger Spray+1"],"picked":"Blur+1","floor":37},{"not_picked":["Dagger Throw+1","Skewer+1","Distraction+1"],"picked":"SKIP","floor":39},{"not_picked":["Choke+1","Cloak And Dagger+1","Skewer"],"picked":"SKIP","floor":40},{"not_picked":["Endless Agony+1","Skewer+1"],"picked":"Adrenaline+1","floor":41},{"not_picked":["Flying Knee+1","Acrobatics+1","Cloak And Dagger+1"],"picked":"SKIP","floor":44},{"not_picked":["Cloak And Dagger+1","PiercingWail+1","Backflip+1"],"picked":"SKIP","floor":47},{"not_picked":["Dagger Throw+1","Deadly Poison+1","Poisoned Stab+1"],"picked":"SKIP","floor":48},{"not_picked":["Blade Dance+1","Heel Hook+1"],"picked":"Blur+1","floor":54}],"player_experience":661308,"relics_obtained":[{"floor":6,"key":"Mummified Hand"},{"floor":8,"key":"Girya"},{"floor":9,"key":"Pantograph"},{"floor":10,"key":"Juzu Bracelet"},{"floor":13,"key":"Boot"},{"floor":23,"key":"Blood Vial"},{"floor":26,"key":"War Paint"},{"floor":31,"key":"Potion Belt"},{"floor":36,"key":"Du-Vu Doll"},{"floor":38,"key":"Pocketwatch"},{"floor":40,"key":"Pear"},{"floor":47,"key":"CaptainsWheel"},{"floor":54,"key":"Eternal Feather"}],"event_choices":[{"damage_healed":0,"gold_gain":0,"player_choice":"Box","damage_taken":0,"relics_obtained":["Toxic Egg 2"],"max_hp_gain":0,"max_hp_loss":0,"event_name":"Big Fish","floor":3,"gold_loss":0,"cards_obtained":["Regret"]},{"damage_healed":0,"gold_gain":0,"player_choice":"Searched \u00271\u0027 times","damage_taken":0,"max_hp_gain":0,"max_hp_loss":0,"event_name":"Dead Adventurer","floor":10,"gold_loss":0},{"cards_removed":["Regret"],"damage_healed":0,"gold_gain":0,"player_choice":"Purged","damage_taken":0,"max_hp_gain":0,"max_hp_loss":0,"event_name":"Purifier","floor":14,"gold_loss":0},{"damage_healed":0,"gold_gain":90,"player_choice":"GOLD ","damage_taken":12,"max_hp_gain":0,"max_hp_loss":0,"event_name":"Knowing Skull","floor":22,"potions_obtained":[],"gold_loss":0,"cards_obtained":[]},{"damage_healed":0,"gold_gain":99,"player_choice":"Stole From Cult","damage_taken":0,"max_hp_gain":0,"max_hp_loss":0,"event_name":"Nest","floor":29,"gold_loss":0},{"damage_healed":0,"gold_gain":0,"player_choice":"Fight","damage_taken":0,"max_hp_gain":0,"max_hp_loss":0,"event_name":"Mysterious Sphere","floor":36,"gold_loss":0},{"damage_healed":0,"gold_gain":0,"player_choice":"Fight","damage_taken":0,"max_hp_gain":0,"max_hp_loss":0,"event_name":"MindBloom","floor":38,"gold_loss":0}],"is_beta":false,"boss_relics":[{"not_picked":["HoveringKite","Cursed Key"],"picked":"Ectoplasm"},{"not_picked":["Sozu","Snecko Eye"],"picked":"Tiny House"}],"items_purged_floors":[2,25],"is_endless":false,"potions_floor_spawned":[1,6,13,16,19,23,30,35,37,39,44],"killed_by":"The Heart","ascension_level":1}}