{"host":"en3i0mvpfa3c1sbz","time":1609940793,"event":{"mods":["BaseMod","BetterRewards","Dota2Spire","Downfall","GifTheSpireLib","Hubris","Infinite Spire","Marisa£®ÏF”Í°°ƒß¿Ì…≥£©","Minty Spire (QoL Compilation)","READ ME - Guardian Mod","Replay The Spire","Shop Mod","StSLib","Stuff the Spire","The Administrix","The Factory","The Jungle"],"gold_per_floor":[117,117,117,114,125,125,125,153,153,153,218,253,67,67,67,209,209,223,235,335,400,415,415],"floor_reached":22,"playtime":1889,"items_purged":["infinitespire:Pacifist"],"score":445,"play_id":"6439b8eb-8e6a-400e-873a-be37e5e213fa","local_time":"20210106214633","is_ascension_mode":true,"campfire_choices":[{"floor":6.0,"key":"RECALL"},{"data":"Footwork","floor":10.0,"key":"SMITH"},{"data":"Venomology","floor":15.0,"key":"SMITH"}],"circlet_count":0,"master_deck":["Strike_G","Strike_G","Strike_G","Strike_G","Defend_G","Defend_G","Defend_G","Defend_G","Defend_G","Survivor","Neutralize","Accuracy","Backflip","Footwork","All Out Attack","Quick Slash","Footwork+1","Noxious Fumes","Blur","Deflect","Venomology+1","Poisoned Stab","Poisoned Stab","infinitespire:Neurotoxin","Blur","Catalyst","Draining Mist+1"],"relics":["Ring of the Snake","FossilizedHelix","Dota2Spire:OctarineCore","Counterbalance","hubris:Towel","ReplayTheSpireMod:CursedCoin","ReplayTheSpireMod:Ring of Challenge","Ring of Fangs","ReplayTheSpireMod:Ninjato","Turnip","Replay:Wax Seal","hubris:EmptyBottle","Black Star"],"acts_visited":["Exordium","Exordium"],"potions_floor_usage":[22],"damage_taken":[{"damage":0.0,"enemies":"Cultist","floor":1.0,"turns":3.0},{"damage":0.0,"enemies":"Jaw Worm","floor":5.0,"turns":3.0},{"damage":1.0,"enemies":"Lagavulin","floor":8.0,"turns":10.0},{"damage":0.0,"enemies":"2 Louse","floor":11.0,"turns":6.0},{"damage":11.0,"enemies":"Gremlin Nob","floor":12.0,"turns":6.0},{"damage":0.0,"enemies":"Hexaghost","floor":16.0,"turns":9.0},{"damage":0.0,"enemies":"theJungle:5_Spyders","floor":18.0,"turns":7.0},{"damage":0.0,"enemies":"theJungle:MUSHROOMGANG","floor":19.0,"turns":5.0},{"damage":29.0,"enemies":"theJungle:Snecko_Cultist_And_Trap","floor":21.0,"turns":9.0},{"damage":26,"enemies":"theJungle:JungleHuntersEncounter","floor":22,"turns":3}],"seed_played":"2503017321954708915","potions_obtained":[{"floor":8.0,"key":"Fire Potion"},{"floor":11.0,"key":"Strength Potion"},{"floor":12.0,"key":"SpeedPotion"},{"floor":16.0,"key":"Explosive Potion"},{"floor":19.0,"key":"Energy Potion"}],"is_trial":false,"path_per_floor":["M","?","T","$","M","R","?","E","T","R","M","E","$","?","R","B",null,"M","M","?","M","M"],"character_chosen":"THE_SILENT","items_purchased":["FossilizedHelix","Accuracy","Counterbalance","Footwork","All Out Attack","ReplayTheSpireMod:CursedCoin","Footwork","hubris:EmptyBottle","Poisoned Stab"],"campfire_rested":0,"item_purchase_floors":[0,0,0,0,0,4,4,13,13],"current_hp_per_floor":[35,35,35,35,35,35,35,34,34,34,34,23,23,23,23,23,58,58,58,54,25,0,0],"gold":415,"neow_bonus":"","is_daily":false,"chose_seed":false,"campfire_upgraded":2,"win_rate":0.0,"timestamp":1609940793,"path_taken":["M","?","?","?","?","R","?","E","T","R","M","E","$","?","R","BOSS","M","M","?","?","M"],"items_purchased_type":["Relic","Card","Relic","Card","Card","Relic","Card","Relic","Card"],"build_version":"2020-12-22","purchased_purges":1,"victory":false,"max_hp_per_floor":[70,70,70,70,70,70,70,70,70,70,70,70,70,70,70,70,70,70,70,70,70,70,70],"card_choices":[{"not_picked":["Eviscerate","Tactician"],"picked":"Quick Slash","floor":1.0},{"not_picked":["Dagger Spray","Prepared"],"picked":"Noxious Fumes","floor":5.0},{"not_picked":["Toxin Wave","Backflip"],"picked":"Blur","floor":8.0},{"not_picked":["Toxin Wave","Flying Knee"],"picked":"Deflect","floor":11.0},{"not_picked":["Prepared","Underhanded Strike"],"picked":"Venomology","floor":12.0},{"not_picked":["Unload","Adrenaline"],"picked":"infinitespire:Neurotoxin","floor":16.0},{"not_picked":["Tactician","StuffTheSpire:ClusterCrunch"],"picked":"Blur","floor":18.0},{"not_picked":["StuffTheSpire:Sprint","Finisher"],"picked":"Catalyst","floor":19.0},{"not_picked":["Concentrate","hubris:Counter"],"picked":"Draining Mist+1","floor":21.0}],"player_experience":323357,"relics_obtained":[{"floor":7.0,"key":"ReplayTheSpireMod:Ring of Challenge"},{"floor":7.0,"key":"Ring of Fangs"},{"floor":8.0,"key":"ReplayTheSpireMod:Ninjato"},{"floor":9.0,"key":"Turnip"},{"floor":12.0,"key":"Replay:Wax Seal"}],"event_choices":[],"is_beta":false,"boss_relics":[{"not_picked":["Snecko Eye","Replay:Wanted Poster"],"picked":"Black Star"}],"items_purged_floors":[4],"is_endless":false,"potions_floor_spawned":[8,11,12,16,19],"killed_by":"theJungle:JungleHuntersEncounter","ascension_level":6}}