{"host":"951sez6ulsv0fw1i","time":1609973705,"event":{"mods":["2.2 Compatiblity","Act Like it!","Aspiration","BaseMod","Better Third Choice","BetterRewards","CCEM","CapriCore","Conspire","Downfall","Gensokyo","Googly Eyes","Hermit","Infinite Spire","JesterMod","Luminous","Marisa????????","Minty Spire (QoL Compilation)","Potionbrewer","Reimu??????","Spicy Shops","StSLib","The Cursed","The Immortal","The Marked","The Runesmith","The Servant 0.9.4","TheVacant"],"gold_per_floor":[118,131,131,131,131,131,88,108,108,108,135,149,166,194,194,299,299,316,326,326,342,167,182,182,51,51,80,92,310,344,355,355,457,457,469,1468,507,507,524,553,585,585,585,612,612,642,667,701,701,808,808,808],"floor_reached":51,"playtime":2950,"items_purged":["jesterMod:Strike","jesterMod:Strike","jesterMod:Defend","Normality","Normality"],"score":960,"play_id":"2fe13d58-ce50-498e-9b5d-223329e85070","local_time":"20210106235505","is_ascension_mode":false,"campfire_choices":[{"floor":6,"key":"RECALL"},{"data":"jesterMod:Haste","floor":10,"key":"SMITH"},{"data":"jesterMod:Disposophobia","floor":15,"key":"SMITH"},{"data":"ManaRampage","floor":24,"key":"SMITH"},{"floor":32,"key":"REST"},{"data":"jesterMod:Anticipation","floor":42,"key":"SMITH"},{"data":"jesterMod:ButterflyDance","floor":49,"key":"SMITH"}],"circlet_count":0,"master_deck":["jesterMod:Strike","jesterMod:Strike+1","jesterMod:Sickle","jesterMod:Defend","jesterMod:Defend","jesterMod:Defend","jesterMod:Dodge","jesterMod:RecklessStrike","jesterMod:TrickyDodge","jesterMod:Anticipation+1","Clumsy","jesterMod:DesperateStrike","jesterMod:Haste+1","jesterMod:BoilDown","jesterMod:Disposophobia+1","jesterMod:TrickyDodge","jesterMod:Anticipation+1","jesterMod:Encore","Orbital+1","jesterMod:RecklessStrike+1","jesterMod:Swiftness","ManaRampage+1","MagicChant+1","jesterMod:Schizophrenia+1","jesterMod:HitAndRun+1","jesterMod:Juggle","PowerUp","PowerUp","EarthLightRay+1","PowerUp+1","jesterMod:Discretion+1","jesterMod:ButterflyDance+1","jesterMod:ButterflyDance"],"relics":["jesterMod:JesterCap","NeowsBlessing","Gensokyo:CelestialsFlawlessClothing","Gensokyo:NagashiBinaDoll","FossilizedHelix","Bag of Preparation","aspiration:MarisaSkillbook","potionbrewer:BhaskarasWheel","infinitespire:CursedDice","Pear","Centennial Puzzle","Tiny Chest","InkBottle","aspiration:MobileForge","infinitespire:Midas Blood","CCEMRelics:GrapeVine","aspiration:Lifesprig","Whetstone","potionbrewer:RamsHorn","aspiration:FrozenJewel","Vajra","Incense Burner","Tough Bandages","Question Card","Lantern","Black Star"],"acts_visited":["Exordium","Gensokyo:Gensokyo","TheBeyond","Exordium"],"potions_floor_usage":[13,14,14,19,23,27,27,29,31,40,50,50],"damage_taken":[{"damage":0,"enemies":"Gensokyo:2_Kodama","floor":1,"turns":1},{"damage":0,"enemies":"Gensokyo:Gryphon","floor":2,"turns":1},{"damage":0,"enemies":"Gensokyo:Python","floor":8,"turns":1},{"damage":8,"enemies":"Gensokyo:Mamizou","floor":11,"turns":8},{"damage":8,"enemies":"Gensokyo:5_Fairies","floor":12,"turns":6},{"damage":0,"enemies":"Gensokyo:2_Rabbits","floor":13,"turns":4},{"damage":7,"enemies":"Gensokyo:Aya","floor":14,"turns":7},{"damage":0,"enemies":"Gensokyo:Yukari","floor":16,"turns":9},{"damage":14,"enemies":"Gensokyo:Chomper","floor":18,"turns":3},{"damage":0,"enemies":"Gensokyo:CosmicMonolith","floor":19,"turns":2},{"damage":0,"enemies":"Gensokyo:Wraith","floor":21,"turns":4},{"damage":0,"enemies":"Gensokyo:Slime_Group","floor":23,"turns":5},{"damage":11,"enemies":"Gensokyo:Tenshi","floor":27,"turns":3},{"damage":0,"enemies":"Gensokyo:Mirror_and_Dog","floor":28,"turns":3},{"damage":1,"enemies":"Gensokyo:Monolith_and_Dog","floor":29,"turns":3},{"damage":33,"enemies":"Nightmare","floor":30,"turns":8},{"damage":0,"enemies":"Gensokyo:3_Gloops","floor":31,"turns":3},{"damage":37,"enemies":"Gensokyo:Kaguya","floor":33,"turns":8},{"damage":8,"enemies":"Orb Walker","floor":35,"turns":3},{"damage":0,"enemies":"3 Shapes","floor":39,"turns":2},{"damage":37,"enemies":"Reptomancer","floor":40,"turns":5},{"damage":57,"enemies":"3 Darklings","floor":41,"turns":7},{"damage":0,"enemies":"Giant Head","floor":46,"turns":5},{"damage":0,"enemies":"conspire:MimicChest","floor":47,"turns":2},{"damage":0,"enemies":"Nemesis","floor":48,"turns":5},{"damage":3,"enemies":"infinitespire:MassOfShapes","floor":50,"turns":7}],"seed_played":"7311014659490686596","potions_obtained":[{"floor":1,"key":"potionbrewer:BoundlessPotion"},{"floor":2,"key":"EssenceOfSteel"},{"floor":8,"key":"DistilledChaos"},{"floor":13,"key":"Weak Potion"},{"floor":21,"key":"BlessingOfTheForge"},{"floor":23,"key":"ZuzhouPotion:ReiMu"},{"floor":30,"key":"SteroidPotion"},{"floor":31,"key":"Strength Potion"},{"floor":39,"key":"ColorlessPotion"},{"floor":40,"key":"Strength Potion"},{"floor":46,"key":"Regen Potion"}],"is_trial":false,"path_per_floor":["M","M","?","?","?","R","$","M","T","R","E","M","M","E","R","B",null,"M","M","AVR","M","$","M","R","COS","T","E","M","M","NM","M","R","B",null,"M","?","$","?","M","E","M","R","T","T","AVR","E","?","E","R","B",null],"character_chosen":"THE_JESTER","items_purchased":["jesterMod:DesperateStrike","infinitespire:Midas Blood","CCEMRelics:GrapeVine","aspiration:Lifesprig","Whetstone","PowerUp"],"campfire_rested":1,"item_purchase_floors":[7,37,37,37,37,37],"current_hp_per_floor":[70,70,53,53,53,53,53,53,53,53,45,37,37,30,30,30,70,56,56,56,56,56,56,56,56,66,55,55,54,21,21,45,8,80,72,72,72,72,72,35,58,58,58,58,58,64,70,76,76,80,80,80],"gold":808,"neow_bonus":"THREE_ENEMY_KILL","is_daily":false,"chose_seed":false,"campfire_upgraded":5,"win_rate":0.0,"timestamp":1609973705,"path_taken":["M","M","?","?","?","R","$","?","T","R","E","M","M","E","R","BOSS","M","M","AVR","M","$","?","R","COS","T","E","M","M","NM","M","R","BOSS","M","?","$","?","?","E","M","R","T","?","AVR","E","?","E","R","BOSS"],"items_purchased_type":["Card","Relic","Relic","Relic","Relic","Card"],"build_version":"2020-12-22","purchased_purges":5,"victory":false,"max_hp_per_floor":[70,70,70,70,70,70,70,70,70,70,70,70,70,70,70,70,70,70,70,70,70,70,70,70,70,80,80,80,80,80,80,80,80,80,80,80,80,80,80,80,80,80,80,80,80,80,80,80,80,80,80,80],"card_choices":[{"not_picked":["jesterMod:SelfMockery","jesterMod:Patience"],"picked":"jesterMod:RecklessStrike","floor":1},{"not_picked":["jesterMod:PerfectDodge","jesterMod:QuickStrike"],"picked":"jesterMod:TrickyDodge","floor":2},{"not_picked":["jesterMod:Anticipation","jesterMod:Patience"],"picked":"jesterMod:Haste","floor":8},{"not_picked":["jesterMod:JackInTheBox","jesterMod:Precipitation"],"picked":"jesterMod:BoilDown","floor":11},{"not_picked":["jesterMod:Patience","jesterMod:Feint"],"picked":"jesterMod:Disposophobia","floor":12},{"not_picked":["jesterMod:Frenzy","jesterMod:Taunt"],"picked":"jesterMod:TrickyDodge","floor":13},{"not_picked":["jesterMod:Hide","jesterMod:Disposophobia"],"picked":"jesterMod:Anticipation","floor":14},{"not_picked":["jesterMod:BoilDown","jesterMod:HedgehogForm"],"picked":"jesterMod:Encore","floor":16},{"not_picked":["PowerUp","LuminesStrike","DoubleSpark"],"picked":"Orbital+1","floor":18},{"not_picked":["jesterMod:Twirl","jesterMod:Rebuff","EventHorizon+1"],"picked":"jesterMod:RecklessStrike","floor":19},{"not_picked":["jesterMod:Precipitation","jesterMod:JackInTheBox+1","MagicAbsorber"],"picked":"jesterMod:Swiftness","floor":21},{"not_picked":["jesterMod:Feint","jesterMod:QuickStrike","GalacticHalo+1"],"picked":"ManaRampage","floor":23},{"not_picked":["SuperNova+1","jesterMod:Arrythmia+1","jesterMod:Precipitation+1"],"picked":"MagicChant+1","floor":27},{"not_picked":["jesterMod:Precipitation","LuminesStrike","jesterMod:Prankster"],"picked":"jesterMod:Schizophrenia+1","floor":27},{"not_picked":["jesterMod:Anticipation","jesterMod:FlameDance","jesterMod:Rebuff","IllusionStar"],"picked":"SKIP","floor":28},{"not_picked":["LuminesStrike","ShootTheMoon","GrandCross","SporeBomb+1"],"picked":"SKIP","floor":29},{"not_picked":["IllusionStar","jesterMod:Prankster+1","jesterMod:OblivionStrike","ManaRampage"],"picked":"SKIP","floor":30},{"not_picked":["IllusionStar","jesterMod:Prankster+1","jesterMod:OblivionStrike","ManaRampage"],"picked":"SKIP","floor":30},{"not_picked":["jesterMod:Talion","AsteroidBelt","MysteriousBeam"],"picked":"jesterMod:HitAndRun+1","floor":31},{"not_picked":["jesterMod:LaughingGas","jesterMod:Pillage","jesterMod:Placebo"],"picked":"jesterMod:Juggle","floor":33},{"not_picked":["jesterMod:Tinker","jesterMod:RecklessStrike+1","DragonMeteor","AsteroidBelt"],"picked":"SKIP","floor":35},{"not_picked":["DC+1","RefractionSpark","SprinkleStarSeal","jesterMod:SelfMockery+1"],"picked":"SKIP","floor":39},{"not_picked":["Occultation","StarBarrage+1","IllusionStar+1"],"picked":"EarthLightRay+1","floor":40},{"not_picked":["jesterMod:Feint+1","DC+1","jesterMod:Dilapidation"],"picked":"PowerUp+1","floor":41},{"not_picked":["jesterMod:SelfMockery","MagicAbsorber+1","jesterMod:LightTheWick"],"picked":"jesterMod:Discretion+1","floor":46},{"not_picked":["jesterMod:DaggerRain+1","Robbery+1","GalacticHalo+1","jesterMod:Disposophobia"],"picked":"jesterMod:ButterflyDance","floor":48},{"not_picked":["jesterMod:Finale","ManaRampage","jesterMod:Frustration","jesterMod:Placebo"],"picked":"jesterMod:ButterflyDance","floor":50}],"player_experience":561388,"relics_obtained":[{"floor":11,"key":"FossilizedHelix"},{"floor":14,"key":"Bag of Preparation"},{"floor":26,"key":"Pear"},{"floor":27,"key":"Centennial Puzzle"},{"floor":30,"key":"InkBottle"},{"floor":40,"key":"potionbrewer:RamsHorn"},{"floor":43,"key":"aspiration:FrozenJewel"},{"floor":44,"key":"Vajra"},{"floor":46,"key":"Tough Bandages"},{"floor":47,"key":"Question Card"},{"floor":48,"key":"Lantern"}],"event_choices":[{"damage_healed":0,"gold_gain":999,"player_choice":"Gold","damage_taken":0,"max_hp_gain":0,"max_hp_loss":0,"event_name":"MindBloom","floor":36,"gold_loss":0,"cards_obtained":["Normality","Normality"]},{"damage_healed":0,"gold_gain":0,"player_choice":"1 cards matched","damage_taken":0,"max_hp_gain":0,"max_hp_loss":0,"event_name":"Match and Keep!","floor":38,"gold_loss":0,"cards_obtained":["PowerUp"]}],"is_beta":false,"boss_relics":[{"not_picked":["Ectoplasm","Astrolabe"],"picked":"aspiration:MarisaSkillbook"},{"not_picked":["conspire:RoyalGoblet","Velvet Choker"],"picked":"aspiration:MobileForge"},{"not_picked":["Philosopher\u0027s Stone","aspiration:RunicSpoon"],"picked":"Black Star"}],"items_purged_floors":[20,22,22,37,45],"is_endless":true,"potions_floor_spawned":[1,2,8,13,19,21,23,30,31,39,40,46,47],"ascension_level":0}}