{"host":"08sn1703g14rasc1","time":1609929677,"event":{"mods":["AchievementEnabler","BaseMod","Colored Map","Colored Powertips","Hermit","Minty Spire (QoL Compilation)","StSLib"],"gold_per_floor":[20,20,20,36,51,66,66,104,104,104,134,155,155,168,168,296,296,236,151,164,164,164,164],"floor_reached":22,"playtime":1199,"items_purged":[],"score":283,"play_id":"2d780f2f-9d5a-4b83-852d-dca1814d478b","local_time":"20210106024117","is_ascension_mode":true,"campfire_choices":[{"floor":7,"key":"REST"},{"floor":10,"key":"DIG"},{"floor":13,"key":"DIG"},{"floor":15,"key":"REST"}],"circlet_count":0,"master_deck":["Strike_R","Strike_R","Defend_R","Defend_R","Defend_R","Defend_R","Bash","Sword Boomerang","Twin Strike","Barricade","Flame Barrier","Feed","Sword Boomerang","Twin Strike","Clothesline","Limit Break","Sword Boomerang+1","Rage+1","Dark Embrace+1","Rage","Rage"],"relics":["Burning Blood","Golden Idol","Shovel","Ice Cream","Incense Burner","Odd Mushroom","Bottled Tornado","Astrolabe","Du-Vu Doll","StrikeDummy"],"acts_visited":["Exordium","TheCity"],"potions_floor_usage":[11,16],"damage_taken":[{"damage":2,"enemies":"2 Louse","floor":1,"turns":4},{"damage":3,"enemies":"Small Slimes","floor":4,"turns":4},{"damage":2,"enemies":"Jaw Worm","floor":5,"turns":3},{"damage":11,"enemies":"3 Louse","floor":6,"turns":4},{"damage":28,"enemies":"3 Sentries","floor":8,"turns":12},{"damage":21,"enemies":"The Mushroom Lair","floor":11,"turns":6},{"damage":9,"enemies":"Exordium Thugs","floor":12,"turns":5},{"damage":13,"enemies":"Blue Slaver","floor":14,"turns":3},{"damage":30,"enemies":"The Guardian","floor":16,"turns":18},{"damage":21,"enemies":"2 Thieves","floor":18,"turns":4},{"damage":23,"enemies":"Shell Parasite","floor":20,"turns":10},{"damage":67,"enemies":"3 Cultists","floor":22,"turns":5}],"seed_played":"-900037150368112007","potions_obtained":[{"floor":1,"key":"DuplicationPotion"},{"floor":11,"key":"HeartOfIron"},{"floor":16,"key":"Strength Potion"}],"is_trial":false,"path_per_floor":["M","?","?","M","M","M","R","E","T","R","?","M","R","M","R","B",null,"M","?","M","T","M"],"character_chosen":"IRONCLAD","items_purchased":[],"campfire_rested":2,"item_purchase_floors":[],"current_hp_per_floor":[92,68,68,71,75,70,96,74,74,74,62,62,62,55,85,64,95,80,80,63,63,0,0],"gold":164,"neow_bonus":"TWENTY_PERCENT_HP_BONUS","is_daily":false,"chose_seed":false,"campfire_upgraded":0,"win_rate":0.0,"timestamp":1609929677,"path_taken":["M","?","?","M","M","M","R","E","T","R","?","?","R","M","R","BOSS","M","?","M","?","M"],"items_purchased_type":[],"build_version":"2020-12-22","purchased_purges":0,"victory":false,"max_hp_per_floor":[96,96,96,96,96,96,96,96,96,96,99,102,102,102,102,105,105,105,105,105,105,105,105],"card_choices":[{"not_picked":["Entrench","Twin Strike"],"picked":"Sword Boomerang","floor":1},{"not_picked":["Warcry","Perfected Strike"],"picked":"Twin Strike","floor":4},{"not_picked":["Seeing Red","Perfected Strike"],"picked":"Barricade","floor":5},{"not_picked":["Pommel Strike","Clothesline"],"picked":"Flame Barrier","floor":6},{"not_picked":["Havoc","Burning Pact"],"picked":"Feed","floor":8},{"not_picked":["Clash","Pommel Strike"],"picked":"Sword Boomerang","floor":11},{"not_picked":["Clash","Dark Embrace"],"picked":"Twin Strike","floor":12},{"not_picked":["Cleave","Iron Wave"],"picked":"Clothesline","floor":14},{"not_picked":["Barricade","Immolate"],"picked":"Limit Break","floor":16},{"not_picked":["Armaments+1","Dropkick"],"picked":"Rage","floor":18},{"not_picked":["Wild Strike","Pommel Strike"],"picked":"Rage","floor":20}],"player_experience":463800,"relics_obtained":[{"floor":8,"key":"Shovel"},{"floor":9,"key":"Ice Cream"},{"floor":10,"key":"Incense Burner"},{"floor":11,"key":"Odd Mushroom"},{"floor":13,"key":"Bottled Tornado"},{"floor":21,"key":"StrikeDummy"}],"event_choices":[{"damage_healed":0,"gold_gain":0,"player_choice":"Take Damage","damage_taken":24,"relics_obtained":["Golden Idol"],"max_hp_gain":0,"max_hp_loss":0,"event_name":"Golden Idol","floor":2,"gold_loss":0},{"damage_healed":0,"gold_gain":0,"player_choice":"Ignored","damage_taken":0,"max_hp_gain":0,"max_hp_loss":0,"event_name":"Liars Game","floor":3,"gold_loss":0},{"damage_healed":0,"gold_gain":0,"player_choice":"Fought Mushrooms","damage_taken":0,"max_hp_gain":0,"max_hp_loss":0,"event_name":"Mushrooms","floor":11,"gold_loss":0},{"damage_healed":0,"gold_gain":0,"player_choice":"Obtained Relic","damage_taken":0,"relics_obtained":["Du-Vu Doll"],"max_hp_gain":0,"max_hp_loss":0,"event_name":"Addict","floor":19,"gold_loss":85}],"is_beta":false,"boss_relics":[{"not_picked":["Calling Bell","Pandora\u0027s Box"],"picked":"Astrolabe"}],"items_purged_floors":[],"is_endless":false,"potions_floor_spawned":[1,11,16],"killed_by":"3 Cultists","ascension_level":8}}