{"host":"exhp4inpfmbngj23","time":1609942057,"event":{"mods":["Abigail Mod","BaseMod","Friendly Minions","Kiyohime????","Minty Spire (QoL Compilation)","StSLib","The Alterego"],"gold_per_floor":[119,294,294,294,66,66,87,123,174,174,197,52,93,113,113,222,222,235,244,244,244,80,101,141,141,141,160,8,39,39,58,58,162,171,191,191,209,237,237,237,237,70,97,97,97,122,161,200,200,200,200],"floor_reached":50,"playtime":3700,"items_purged":["Doubt"],"score":610,"play_id":"8b291381-556e-466a-bede-91d2bc287304","local_time":"20210106060737","is_ascension_mode":false,"campfire_choices":[{"data":"alterego_mod:BigMeatyClaws","floor":6,"key":"SMITH"},{"floor":10,"key":"REST"},{"data":"alterego_mod:Nekomimi","floor":15,"key":"SMITH"},{"floor":25,"key":"REST"},{"floor":32,"key":"REST"},{"floor":40,"key":"REST"},{"floor":44,"key":"RECALL"},{"floor":49,"key":"REST"}],"circlet_count":0,"master_deck":["alterego_mod:Strike","alterego_mod:Strike+1","alterego_mod:Strike","alterego_mod:Strike","alterego_mod:Defend","alterego_mod:Defend","alterego_mod:Defend","alterego_mod:Impale+1","alterego_mod:BigMeatyClaws+1","alterego_mod:BrynhildrsRune","alterego_mod:Nekomimi+1","alterego_mod:Undulate","alterego_mod:SuperDuperMasochism","alterego_mod:GoddessCore","alterego_mod:Clap","alterego_mod:Complex","alterego_mod:Nekomimi+1","alterego_mod:MaintainEyeContact","alterego_mod:Undulate","alterego_mod:Weigh+1","alterego_mod:Cooking","alterego_mod:Rake","J.A.X.","Panache","alterego_mod:DiscoLights+1","alterego_mod:SakuraPetals+1","alterego_mod:Cooking","CurseOfTheBell","Madness","Madness","alterego_mod:SakuraFive+1","Transmutation","alterego_mod:Cooking+1"],"relics":["alterego_mod:MasochisticConstitution","Chemical X","Odd Mushroom","CeramicFish","Lee\u0027s Waffle","Lizard Tail","Busted Crown","Kunai","MealTicket","Whetstone","Singing Bowl","alterego_mod:SomeoneToFightFor","Calling Bell","Bag of Preparation","Blue Candle","WingedGreaves","Nunchaku","PreservedInsect","Eternal Feather"],"acts_visited":["Exordium","TheCity","TheBeyond"],"potions_floor_usage":[12,16,27,31,31,38,48,48,50],"damage_taken":[{"damage":2,"enemies":"Small Slimes","floor":1,"turns":4},{"damage":39,"enemies":"The Mushroom Lair","floor":7,"turns":5},{"damage":26,"enemies":"3 Sentries","floor":8,"turns":6},{"damage":2,"enemies":"2 Louse","floor":11,"turns":3},{"damage":0,"enemies":"Lagavulin","floor":13,"turns":10},{"damage":4,"enemies":"Jaw Worm","floor":14,"turns":3},{"damage":30,"enemies":"The Guardian","floor":16,"turns":9},{"damage":17,"enemies":"Chosen","floor":18,"turns":4},{"damage":23,"enemies":"Spheric Guardian","floor":23,"turns":4},{"damage":56,"enemies":"Book of Stabbing","floor":24,"turns":8},{"damage":24,"enemies":"3 Cultists","floor":27,"turns":4},{"damage":29,"enemies":"Gremlin Leader","floor":29,"turns":6},{"damage":37,"enemies":"Centurion and Healer","floor":31,"turns":4},{"damage":14,"enemies":"Collector","floor":33,"turns":8},{"damage":15,"enemies":"Orb Walker","floor":35,"turns":4},{"damage":55,"enemies":"3 Darklings","floor":38,"turns":5},{"damage":10,"enemies":"4 Shapes","floor":47,"turns":4},{"damage":95,"enemies":"Reptomancer","floor":48,"turns":5},{"damage":82,"enemies":"Time Eater","floor":50,"turns":14}],"seed_played":"-3213600256277978602","potions_obtained":[{"floor":1,"key":"Strength Potion"},{"floor":11,"key":"Fruit Juice"},{"floor":13,"key":"GamblersBrew"},{"floor":16,"key":"DuplicationPotion"},{"floor":24,"key":"Explosive Potion"},{"floor":27,"key":"Regen Potion"},{"floor":33,"key":"Block Potion"},{"floor":35,"key":"EssenceOfSteel"},{"floor":38,"key":"Swift Potion"},{"floor":47,"key":"SkillPotion"},{"floor":48,"key":"LiquidBronze"}],"is_trial":false,"path_per_floor":["M","?","?","?","$","R","?","E","T","R","M","$","E","M","R","B",null,"M","?","?","?","$","M","E","R","T","M","$","E","?","M","R","B",null,"M","?","?","M","?","R","?","$","T","R","$","T","M","E","R","B"],"character_chosen":"The_Alterego","items_purchased":["Chemical X","Lee\u0027s Waffle","Panache","Whetstone","Transmutation"],"campfire_rested":5,"item_purchase_floors":[5,12,22,28,42],"current_hp_per_floor":[76,76,76,76,76,76,38,13,13,37,36,93,93,90,90,64,95,82,82,82,82,82,63,11,40,40,20,35,22,22,55,86,81,108,99,99,85,37,37,70,70,85,85,85,100,100,96,8,60,0,0],"gold":200,"neow_bonus":"TEN_PERCENT_HP_BONUS","is_daily":false,"chose_seed":false,"campfire_upgraded":2,"win_rate":0.0,"timestamp":1609942057,"path_taken":["M","?","?","?","?","R","?","E","T","R","M","$","E","M","R","BOSS","M","?","?","?","$","M","E","R","T","?","?","E","?","M","R","BOSS","M","?","?","M","?","R","?","$","T","R","?","?","M","E","R","BOSS"],"items_purchased_type":["Relic","Relic","Card","Relic","Card"],"build_version":"2020-12-22","purchased_purges":1,"victory":false,"max_hp_per_floor":[78,78,78,78,78,78,79,80,80,80,81,93,93,94,94,95,95,96,96,96,96,96,97,98,98,98,99,99,102,102,105,105,108,108,111,111,111,112,112,112,112,112,112,112,112,112,115,116,116,116,116],"card_choices":[{"not_picked":["alterego_mod:PerceptionDisorder","alterego_mod:HighServant"],"picked":"alterego_mod:Nekomimi","floor":1},{"not_picked":["alterego_mod:Undulate","alterego_mod:Mirror"],"picked":"alterego_mod:Nekomimi","floor":7},{"not_picked":["alterego_mod:Pet","alterego_mod:Punishment"],"picked":"alterego_mod:MaintainEyeContact","floor":8},{"not_picked":["alterego_mod:Clones","alterego_mod:Cooking"],"picked":"alterego_mod:Undulate","floor":11},{"not_picked":["alterego_mod:MagicResistance","alterego_mod:Undulate"],"picked":"alterego_mod:Weigh","floor":13},{"not_picked":["alterego_mod:BusterCard","alterego_mod:Punishment"],"picked":"alterego_mod:Cooking","floor":14},{"not_picked":["alterego_mod:RingBreak","alterego_mod:Antipathy"],"picked":"alterego_mod:Rake","floor":16},{"not_picked":["alterego_mod:SuperDuperMasochism"],"picked":"SKIP","floor":18},{"not_picked":[],"picked":"alterego_mod:DiscoLights+1","floor":23},{"not_picked":[],"picked":"alterego_mod:SakuraPetals+1","floor":24},{"not_picked":[],"picked":"alterego_mod:Cooking","floor":27},{"not_picked":["alterego_mod:Clap"],"picked":"Singing Bowl","floor":29},{"not_picked":["alterego_mod:GoddessCore"],"picked":"Singing Bowl","floor":31},{"not_picked":["alterego_mod:InsideBaseball"],"picked":"Singing Bowl","floor":33},{"not_picked":["alterego_mod:BoobPocket+1"],"picked":"Singing Bowl","floor":35},{"not_picked":[],"picked":"alterego_mod:SakuraFive+1","floor":38},{"not_picked":["alterego_mod:Clap"],"picked":"Singing Bowl","floor":47},{"not_picked":[],"picked":"alterego_mod:Cooking+1","floor":48}],"player_experience":1795660,"relics_obtained":[{"floor":7,"key":"Odd Mushroom"},{"floor":8,"key":"CeramicFish"},{"floor":13,"key":"Lizard Tail"},{"floor":24,"key":"Kunai"},{"floor":26,"key":"MealTicket"},{"floor":29,"key":"Singing Bowl"},{"floor":34,"key":"Bag of Preparation"},{"floor":34,"key":"Blue Candle"},{"floor":34,"key":"WingedGreaves"},{"floor":43,"key":"Nunchaku"},{"floor":46,"key":"PreservedInsect"},{"floor":48,"key":"Eternal Feather"}],"event_choices":[{"damage_healed":0,"gold_gain":175,"player_choice":"AGREE","damage_taken":0,"max_hp_gain":0,"max_hp_loss":0,"event_name":"Liars Game","floor":2,"gold_loss":0,"cards_obtained":["Doubt"]},{"damage_healed":0,"gold_gain":0,"player_choice":"Grow","damage_taken":0,"max_hp_gain":0,"max_hp_loss":0,"event_name":"Living Wall","floor":3,"gold_loss":0,"cards_upgraded":["alterego_mod:Impale"]},{"damage_healed":0,"gold_gain":0,"player_choice":"Fought Mushrooms","damage_taken":0,"max_hp_gain":0,"max_hp_loss":0,"event_name":"Mushrooms","floor":7,"gold_loss":0},{"damage_healed":0,"gold_gain":0,"player_choice":"Obtain J.A.X.","damage_taken":0,"max_hp_gain":0,"max_hp_loss":0,"event_name":"Drug Dealer","floor":19,"gold_loss":0,"cards_obtained":["J.A.X."]},{"damage_healed":0,"gold_gain":0,"player_choice":"Ignored","damage_taken":0,"max_hp_gain":0,"max_hp_loss":0,"event_name":"Vampires","floor":20,"gold_loss":0},{"damage_healed":0,"gold_gain":0,"player_choice":"Forge","damage_taken":0,"max_hp_gain":0,"max_hp_loss":0,"event_name":"Accursed Blacksmith","floor":21,"gold_loss":0,"cards_upgraded":["alterego_mod:Nekomimi"]},{"damage_healed":0,"gold_gain":0,"player_choice":"Choice 2","damage_taken":0,"relics_obtained":["alterego_mod:SomeoneToFightFor"],"max_hp_gain":0,"max_hp_loss":0,"event_name":"Secret Garden","floor":30,"gold_loss":0},{"damage_healed":0,"gold_gain":0,"player_choice":"Ignored","damage_taken":0,"max_hp_gain":0,"max_hp_loss":0,"event_name":"Mysterious Sphere","floor":36,"gold_loss":0},{"damage_healed":0,"gold_gain":0,"player_choice":"Embrace Madness","damage_taken":14,"max_hp_gain":0,"max_hp_loss":0,"event_name":"Winding Halls","floor":37,"gold_loss":0,"cards_obtained":["Madness","Madness"]},{"cards_removed":["alterego_mod:Defend"],"damage_healed":0,"gold_gain":0,"player_choice":"Removed Skill","damage_taken":0,"max_hp_gain":0,"max_hp_loss":0,"event_name":"Falling","floor":39,"gold_loss":0},{"damage_healed":0,"gold_gain":0,"player_choice":"Ignored","damage_taken":0,"max_hp_gain":0,"max_hp_loss":0,"event_name":"Tomb of Lord Red Mask","floor":41,"gold_loss":0}],"is_beta":false,"boss_relics":[{"not_picked":["Sozu","Pandora\u0027s Box"],"picked":"Busted Crown"},{"not_picked":["SacredBark","Snecko Eye"],"picked":"Calling Bell"}],"items_purged_floors":[5],"is_endless":false,"potions_floor_spawned":[1,11,13,16,24,27,33,35,38,47,48],"killed_by":"Time Eater","ascension_level":0}}