{"host":"79xc9gyszz0y96gi","time":1609947527,"event":{"mods":["BaseMod","Better Altar","Better Match","Better Sensory Stone","Better Skull","Better Third Choice","Better Vampires","BetterRewards","Block Reminder","Colored Powertips","Displayed Cursed Tome","Dota2Spire","Downfall","Energized Spire","GifTheSpireLib","Googly Eyes","Infinite Spire","Minty Spire (QoL Compilation)","Quick Restart","Rare Cards Sparkle","Replay The Spire","Retaliation","Shop Mod","StSLib","Stuff the Spire"],"gold_per_floor":[115,132,142,142,154,180,199,199,199],"floor_reached":8,"playtime":277,"items_purged":[],"score":60,"play_id":"149287ea-b2b7-4b4e-b424-f7fbc4cec901","local_time":"20210106103847","is_ascension_mode":false,"campfire_choices":[],"circlet_count":0,"master_deck":["Strike_R","Strike_R","Strike_R","Strike_R","Strike_R","Defend_R","Defend_R","Defend_R","Defend_R","Bash","expansioncontent:Corrupt","expansioncontent:Chronoboost","ReplayTheSpireMod:Strike From Hell","Thunderclap","Shrug It Off","ReplayTheSpireMod:Stacked"],"relics":["Burning Blood","infinitespire:EmpoweringShard","WingedGreaves","Membership Card","Dota2Spire:ArmletOfMordiggian"],"acts_visited":["Exordium"],"potions_floor_usage":[6],"damage_taken":[{"damage":11.0,"enemies":"Jaw Worm","floor":1.0,"turns":3.0},{"damage":6,"enemies":"Cultist","floor":2,"turns":3},{"damage":0,"enemies":"Small Slimes","floor":3,"turns":3},{"damage":19,"enemies":"Gremlin Gang","floor":5,"turns":5},{"damage":20,"enemies":"Gremlin Nob","floor":6,"turns":4},{"damage":8,"enemies":"2 Fungi Beasts","floor":7,"turns":3},{"damage":16,"enemies":"3 Sentries","floor":8,"turns":2}],"seed_played":"-2780742325657127564","potions_obtained":[{"floor":1.0,"key":"SneckoOil"},{"floor":5,"key":"Dexterity Potion"},{"floor":6,"key":"DDmod:CleansePotion"}],"is_trial":false,"path_per_floor":["M","M","M","?","M","E","M","E"],"character_chosen":"IRONCLAD","items_purchased":["infinitespire:EmpoweringShard","Membership Card","expansioncontent:Corrupt","expansioncontent:Chronoboost"],"campfire_rested":0,"item_purchase_floors":[0,0,0,0],"current_hp_per_floor":[39,39,45,45,32,18,16,0,0],"gold":199,"neow_bonus":"","is_daily":false,"chose_seed":false,"campfire_upgraded":0,"win_rate":0.0,"timestamp":1609947527,"path_taken":["M","M","M","?","?","E","M","E"],"items_purchased_type":["Relic","Relic","Card","Card"],"build_version":"2020-12-22","purchased_purges":0,"victory":false,"max_hp_per_floor":[80,80,80,80,80,80,80,80,80],"card_choices":[{"not_picked":["Replay:Undeath\u0027s Touch","DDmod:CallousedSkill","Havoc"],"picked":"SKIP","floor":1.0},{"not_picked":["Abandon","Clash"],"picked":"ReplayTheSpireMod:Strike From Hell","floor":2},{"not_picked":["DDmod:ScaleUpSkill","Anger"],"picked":"Thunderclap","floor":3},{"not_picked":["True Grit","StuffTheSpire:RockThrow"],"picked":"Shrug It Off","floor":5},{"not_picked":["Battle Trance","StuffTheSpire:TitanForm"],"picked":"ReplayTheSpireMod:Stacked","floor":6},{"not_picked":["True Grit","StuffTheSpire:RockThrow","Abandon"],"picked":"SKIP","floor":7}],"player_experience":526580,"relics_obtained":[{"floor":6,"key":"Dota2Spire:ArmletOfMordiggian"}],"event_choices":[{"damage_healed":0,"gold_gain":0,"player_choice":"Ignored","damage_taken":0,"max_hp_gain":0,"max_hp_loss":0,"event_name":"Purifier","floor":4,"gold_loss":0}],"is_beta":false,"boss_relics":[],"items_purged_floors":[],"is_endless":false,"potions_floor_spawned":[1,5,6],"killed_by":"3 Sentries","ascension_level":0}}