{"host":"31s8hzukbhz1k6i6","time":1609969138,"event":{"mods":["AchievementEnabler","BaseMod","Bestiary","Colored Map","Filter the Spire","Minty Spire (QoL Compilation)","Relic Stats","ojb\u0027s Info Mod"],"gold_per_floor":[114,125,200,125,34,61,61,75,75,102,102,136,136,171,171,247,247,266,283,283,300,300,300,333,46,72,105,5,22,22,56,56,129,129,143,143,158,177,52,52,85,85,85,102,170,196,196,212,212,212,212],"floor_reached":50,"playtime":2208,"items_purged":["Strike_P","Clumsy","Strike_P"],"score":1268,"play_id":"2aacd4e5-0b6b-4339-8b89-d4db3af5902f","local_time":"20210106133858","is_ascension_mode":true,"campfire_choices":[{"data":"Trip","floor":7.0,"key":"SMITH"},{"data":"Tantrum","floor":11.0,"key":"SMITH"},{"data":"Prostrate","floor":13.0,"key":"SMITH"},{"data":"Vigilance","floor":15.0,"key":"SMITH"},{"data":"Omniscience","floor":23.0,"key":"SMITH"},{"data":"Scrawl","floor":30.0,"key":"SMITH"},{"data":"Prostrate","floor":32.0,"key":"SMITH"},{"data":"InnerPeace","floor":40.0,"key":"SMITH"},{"data":"Prostrate","floor":42.0,"key":"SMITH"},{"floor":49,"key":"RECALL"}],"circlet_count":0,"master_deck":["AscendersBane","Defend_P","Defend_P","Eruption","Vigilance+1","ConjureBlade+1","Judgement+1","Study+1","EmptyFist","FearNoEvil","Trip+1","Prostrate+1","Tantrum+1","Brilliance+1","CutThroughFate+1","Omniscience+1","Prostrate+1","Prostrate+1","Scrawl+1","InnerPeace+1","JustLucky+1","Pray+1","Weave+1","CurseOfTheBell","FlurryOfBlows","Regret","Clumsy","FlurryOfBlows"],"relics":["Astrolabe","Kunai","Singing Bowl","Meat on the Bone","Whetstone","CaptainsWheel","Cursed Key","Potion Belt","Sling","Lantern","Bottled Tornado","Mummified Hand","Calling Bell","Anchor","Matryoshka","Calipers","Centennial Puzzle","Boot","Dream Catcher","Letter Opener","Bronze Scales"],"acts_visited":["Exordium","TheCity","TheBeyond"],"potions_floor_usage":[50,50,50],"damage_taken":[{"damage":0.0,"enemies":"Small Slimes","floor":1.0,"turns":3.0},{"damage":0.0,"enemies":"Jaw Worm","floor":2.0,"turns":1.0},{"damage":15.0,"enemies":"Lagavulin","floor":6.0,"turns":5.0},{"damage":2.0,"enemies":"Cultist","floor":8.0,"turns":3.0},{"damage":3.0,"enemies":"Gremlin Nob","floor":10.0,"turns":3.0},{"damage":24.0,"enemies":"3 Sentries","floor":12.0,"turns":6.0},{"damage":0.0,"enemies":"Lagavulin","floor":14.0,"turns":4.0},{"damage":31.0,"enemies":"The Guardian","floor":16.0,"turns":7.0},{"damage":0.0,"enemies":"Spheric Guardian","floor":18.0,"turns":1.0},{"damage":22.0,"enemies":"Shell Parasite","floor":19.0,"turns":4.0},{"damage":14.0,"enemies":"Centurion and Healer","floor":21.0,"turns":3.0},{"damage":7.0,"enemies":"Slavers","floor":24.0,"turns":4.0},{"damage":15.0,"enemies":"Gremlin Leader","floor":27.0,"turns":4.0},{"damage":19.0,"enemies":"Snake Plant","floor":29.0,"turns":4.0},{"damage":4.0,"enemies":"Book of Stabbing","floor":31.0,"turns":3.0},{"damage":8.0,"enemies":"Collector","floor":33.0,"turns":6.0},{"damage":0.0,"enemies":"Orb Walker","floor":35.0,"turns":2.0},{"damage":1.0,"enemies":"3 Shapes","floor":37.0,"turns":2.0},{"damage":16.0,"enemies":"Jaw Worm Horde","floor":38.0,"turns":4.0},{"damage":6.0,"enemies":"Giant Head","floor":41.0,"turns":4.0},{"damage":7.0,"enemies":"Writhing Mass","floor":44.0,"turns":3.0},{"damage":4.0,"enemies":"Nemesis","floor":46.0,"turns":3.0},{"damage":13.0,"enemies":"Maw","floor":48.0,"turns":4.0},{"damage":89,"enemies":"Time Eater","floor":50,"turns":6}],"seed_played":"-2890900405487472334","potions_obtained":[{"floor":6.0,"key":"Fire Potion"},{"floor":8.0,"key":"Energy Potion"},{"floor":10.0,"key":"BlessingOfTheForge"},{"floor":18.0,"key":"Ambrosia"},{"floor":29.0,"key":"FairyPotion"},{"floor":37.0,"key":"SkillPotion"},{"floor":41.0,"key":"EntropicBrew"}],"is_trial":false,"path_per_floor":["M","M","?","?","$","E","R","M","T","E","R","E","R","E","R","B",null,"M","M","?","M","?","R","E","$","T","E","$","M","R","E","R","B",null,"M","$","M","M","$","R","E","R","T","M","T","E","?","M","R","B"],"character_chosen":"WATCHER","items_purchased":["Trip","SteroidPotion","Sling"],"campfire_rested":0,"item_purchase_floors":[5,25,25],"current_hp_per_floor":[61,61,50,50,50,35,35,33,33,30,30,18,18,32,32,13,56,56,46,46,44,70,70,63,63,63,48,48,43,43,39,39,45,67,69,69,70,54,54,54,50,50,50,45,45,53,53,54,54,0,0],"gold":212,"neow_bonus":"BOSS_RELIC","is_daily":false,"chose_seed":false,"campfire_upgraded":9,"win_rate":0.0,"timestamp":1609969138,"path_taken":["M","M","?","?","?","E","R","M","T","E","R","E","R","E","R","BOSS","M","M","?","M","?","R","E","$","T","E","$","?","R","E","R","BOSS","M","?","?","M","$","R","E","R","T","M","?","E","?","M","R","BOSS"],"items_purchased_type":["Card","Potion","Relic"],"build_version":"2020-12-22","purchased_purges":3,"victory":false,"max_hp_per_floor":[68,68,68,68,68,68,68,68,68,68,68,68,68,70,70,70,70,70,70,70,70,70,70,70,70,70,70,70,72,72,72,72,74,74,76,76,78,78,78,78,80,80,80,82,82,82,82,84,84,84,84],"relic_stats":{"Singing Bowl":16,"counters":[24,89],"Astrolabe":["ConjureBlade","Judgement","Study"],"Whetstone":["CutThroughFate","Brilliance"],"Letter Opener":[36],"Cursed Key":3,"Boot":[26],"Centennial Puzzle":[12],"Dream Catcher":0,"Mummified Hand":[7],"Bronze Scales":[36],"Kunai":[32],"obtain_stats":[{"Potion Belt":24,"Lantern":26,"Calipers":34,"Singing Bowl":9,"Astrolabe":0,"Whetstone":12,"Letter Opener":45,"Bottled Tornado":27,"Cursed Key":17,"Sling":25,"Boot":43,"Calling Bell":34,"CaptainsWheel":14,"Anchor":34,"Centennial Puzzle":41,"Dream Catcher":45,"Matryoshka":34,"Mummified Hand":31,"Bronze Scales":46,"Kunai":6,"PureWater":0,"Meat on the Bone":10},{"Potion Belt":12,"Lantern":12,"Calipers":16,"Singing Bowl":4,"Astrolabe":0,"Whetstone":6,"Letter Opener":21,"Bottled Tornado":13,"Cursed Key":8,"Sling":12,"Boot":20,"Calling Bell":16,"CaptainsWheel":7,"Anchor":16,"Centennial Puzzle":20,"Dream Catcher":21,"Matryoshka":16,"Mummified Hand":15,"Bronze Scales":22,"Kunai":3,"PureWater":0,"Meat on the Bone":5},{"Potion Belt":44,"Lantern":44,"Calipers":61,"Singing Bowl":12,"Astrolabe":0,"Whetstone":21,"Letter Opener":76,"Bottled Tornado":48,"Cursed Key":32,"Sling":44,"Boot":73,"Calling Bell":61,"CaptainsWheel":25,"Anchor":61,"Centennial Puzzle":73,"Dream Catcher":76,"Matryoshka":61,"Mummified Hand":55,"Bronze Scales":79,"Kunai":9,"PureWater":0,"Meat on the Bone":15}],"Meat on the Bone":108},"card_choices":[{"not_picked":["FlurryOfBlows","EmptyMind"],"picked":"EmptyFist","floor":1.0},{"not_picked":["ForeignInfluence","EmptyFist"],"picked":"FearNoEvil","floor":2.0},{"not_picked":["EmptyBody","CutThroughFate"],"picked":"Prostrate","floor":6.0},{"not_picked":["Evaluate","JustLucky"],"picked":"Tantrum","floor":8.0},{"not_picked":["EmptyFist","PathToVictory"],"picked":"Brilliance","floor":10.0},{"not_picked":["Halt","FollowUp"],"picked":"CutThroughFate","floor":12.0},{"not_picked":["EmptyFist","CarveReality","Crescendo"],"picked":"Singing Bowl","floor":14.0},{"not_picked":["Establishment","Judgement"],"picked":"Omniscience","floor":16.0},{"not_picked":["CrushJoints","JustLucky"],"picked":"Prostrate","floor":18.0},{"not_picked":["Consecrate","CrushJoints"],"picked":"Prostrate","floor":19.0},{"not_picked":["Collect","Halt"],"picked":"InnerPeace","floor":21.0},{"not_picked":["Adaptation","CrushJoints"],"picked":"JustLucky+1","floor":24.0},{"not_picked":["Brilliance","JustLucky"],"picked":"Pray+1","floor":27.0},{"not_picked":["FollowUp","FlyingSleeves","PathToVictory"],"picked":"Singing Bowl","floor":29.0},{"not_picked":["InnerPeace+1","Consecrate"],"picked":"Weave+1","floor":31.0},{"not_picked":["Establishment","ConjureBlade","Judgement"],"picked":"Singing Bowl","floor":33.0},{"not_picked":["Tantrum","PathToVictory","ClearTheMind"],"picked":"Singing Bowl","floor":35.0},{"not_picked":["Crescendo+1","BowlingBash","Prostrate"],"picked":"Singing Bowl","floor":37.0},{"not_picked":["Study","CutThroughFate"],"picked":"FlurryOfBlows","floor":38.0},{"not_picked":["SignatureMove","MentalFortress","Judgement"],"picked":"Singing Bowl","floor":41.0},{"not_picked":["Nirvana","Tantrum","FlyingSleeves"],"picked":"Singing Bowl","floor":44.0},{"not_picked":["Conclude","Crescendo"],"picked":"FlurryOfBlows","floor":46.0},{"not_picked":["DeceiveReality","MentalFortress","Indignation"],"picked":"Singing Bowl","floor":48}],"player_experience":156860,"relics_obtained":[{"floor":6.0,"key":"Kunai"},{"floor":9.0,"key":"Singing Bowl"},{"floor":10.0,"key":"Meat on the Bone"},{"floor":12.0,"key":"Whetstone"},{"floor":14.0,"key":"CaptainsWheel"},{"floor":24.0,"key":"Potion Belt"},{"floor":26.0,"key":"Lantern"},{"floor":27.0,"key":"Bottled Tornado"},{"floor":31.0,"key":"Mummified Hand"},{"floor":34.0,"key":"Anchor"},{"floor":34.0,"key":"Matryoshka"},{"floor":34.0,"key":"Calipers"},{"floor":41.0,"key":"Centennial Puzzle"},{"floor":43.0,"key":"Boot"},{"floor":45.0,"key":"Dream Catcher"},{"floor":45.0,"key":"Letter Opener"},{"floor":46.0,"key":"Bronze Scales"}],"event_choices":[{"damage_healed":0.0,"max_hp_gain":0.0,"max_hp_loss":0.0,"gold_gain":75.0,"event_name":"World of Goop","player_choice":"Gather Gold","floor":3.0,"gold_loss":0.0,"damage_taken":11.0},{"cards_removed":["Strike_P"],"damage_healed":0.0,"max_hp_gain":0.0,"max_hp_loss":0.0,"gold_gain":0.0,"event_name":"The Cleric","player_choice":"Card Removal","floor":4.0,"gold_loss":75.0,"damage_taken":0.0},{"damage_healed":0.0,"max_hp_gain":0.0,"max_hp_loss":0.0,"gold_gain":0.0,"event_name":"The Library","player_choice":"Read","floor":20.0,"gold_loss":0.0,"damage_taken":0.0,"cards_obtained":["Scrawl"]},{"damage_healed":26.0,"max_hp_gain":0.0,"max_hp_loss":0.0,"gold_gain":0.0,"event_name":"Wheel of Change","player_choice":"Full Heal","floor":22.0,"gold_loss":0.0,"damage_taken":0.0},{"damage_healed":0.0,"max_hp_gain":0.0,"max_hp_loss":0.0,"gold_gain":0.0,"event_name":"Tomb of Lord Red Mask","player_choice":"Ignored","floor":47.0,"gold_loss":0.0,"damage_taken":0.0}],"is_beta":false,"boss_relics":[{"not_picked":["SlaversCollar","Empty Cage"],"picked":"Cursed Key"},{"not_picked":["Pandora\u0027s Box","Velvet Choker"],"picked":"Calling Bell"}],"items_purged_floors":[25,28,39],"is_endless":false,"potions_floor_spawned":[6,8,10,12,18,19,29,37,38,41],"killed_by":"Time Eater","ascension_level":20}}