{"host":"raaimkojny05jekw","time":1609924137,"event":{"mods":["AchievementEnabler","BaseMod","Colored Map","Colored Powertips","DeckTracker","Minty Spire (QoL Compilation)","Quick Restart","Rare Cards Sparkle","everything is the same but u backflip on backflip"],"gold_per_floor":[365,381,6,6,6,6,33,33,33,81,81,91,91,105,105,178,178,198,178,196,28,45,45,45,45,45],"floor_reached":25,"playtime":714,"items_purged":[],"score":398,"play_id":"51ea76c1-79dc-4566-b914-edb9d1259053","local_time":"20210106180857","is_ascension_mode":true,"campfire_choices":[{"data":"Neutralize","floor":6,"key":"SMITH"},{"floor":8,"key":"REST"},{"data":"Blade Dance","floor":13,"key":"SMITH"},{"data":"Accuracy","floor":15,"key":"SMITH"}],"circlet_count":0,"master_deck":["AscendersBane","Strike_G","Strike_G","Strike_G","Strike_G","Strike_G","Defend_G","Defend_G","Defend_G","Defend_G","Defend_G","Survivor","Neutralize+1","Dagger Spray","Blade Dance+1","Accuracy+1","Flying Knee+1","Masterful Stab+1","Leg Sweep","Deflect","Adrenaline","Cloak And Dagger","PiercingWail+1","Blade Dance"],"relics":["Ring of the Snake","Molten Egg 2","Paper Crane","Ornamental Fan","Tiny Chest","Strawberry","Philosopher\u0027s Stone","Toolbox","Sundial"],"acts_visited":["Exordium","TheCity"],"potions_floor_usage":[7,18,22],"damage_taken":[{"damage":1,"enemies":"2 Louse","floor":1,"turns":4},{"damage":7,"enemies":"Jaw Worm","floor":2,"turns":4},{"damage":47,"enemies":"Gremlin Nob","floor":7,"turns":5},{"damage":2,"enemies":"Small Slimes","floor":12,"turns":3},{"damage":1,"enemies":"Blue Slaver","floor":14,"turns":3},{"damage":2,"enemies":"The Guardian","floor":16,"turns":11},{"damage":20,"enemies":"3 Byrds","floor":18,"turns":7},{"damage":11,"enemies":"Chosen","floor":20,"turns":4},{"damage":18,"enemies":"Snecko","floor":22,"turns":9},{"damage":12,"enemies":"Sentry and Sphere","floor":25,"turns":3}],"seed_played":"7293645346584165744","potions_obtained":[{"floor":2,"key":"Regen Potion"},{"floor":16,"key":"Weak Potion"},{"floor":19,"key":"Explosive Potion"},{"floor":22,"key":"Energy Potion"}],"is_trial":false,"path_per_floor":["M","M","$","?","$","R","E","R","T","T","?","M","R","M","R","B",null,"M","?","M","$","M","T","?","M"],"character_chosen":"THE_SILENT","items_purchased":["Molten Egg 2","Accuracy","Flying Knee+1","Toolbox"],"campfire_rested":1,"item_purchase_floors":[3,3,3,21],"current_hp_per_floor":[43,36,36,36,36,36,3,22,22,22,29,27,27,26,26,24,61,41,41,30,30,12,12,12,0,0],"gold":45,"neow_bonus":"TWO_FIFTY_GOLD","is_daily":false,"chose_seed":false,"campfire_upgraded":3,"win_rate":0.0,"timestamp":1609924137,"path_taken":["M","M","$","?","$","R","E","R","T","?","?","M","R","M","R","BOSS","M","?","M","$","?","?","?","?"],"items_purchased_type":["Relic","Card","Card","Relic"],"build_version":"2020-12-22","purchased_purges":0,"victory":false,"max_hp_per_floor":[66,66,66,66,66,66,66,66,66,66,73,73,73,73,73,73,73,73,73,73,73,73,73,73,73,73],"card_choices":[{"not_picked":["Slice","Flying Knee"],"picked":"Dagger Spray","floor":1},{"not_picked":["Deadly Poison","Poisoned Stab"],"picked":"Blade Dance","floor":2},{"not_picked":["Riddle With Holes+1","Dodge and Roll"],"picked":"Masterful Stab+1","floor":7},{"not_picked":["Deadly Poison","Calculated Gamble"],"picked":"Leg Sweep","floor":12},{"not_picked":["Sucker Punch+1","Bouncing Flask"],"picked":"Deflect","floor":14},{"not_picked":["Corpse Explosion","Doppelganger"],"picked":"Adrenaline","floor":16},{"not_picked":["Caltrops","Underhanded Strike+1"],"picked":"Cloak And Dagger","floor":18},{"not_picked":["Setup","Flying Knee+1"],"picked":"PiercingWail+1","floor":20},{"not_picked":["Sucker Punch+1","PiercingWail"],"picked":"Blade Dance","floor":22}],"player_experience":722272,"relics_obtained":[{"floor":7,"key":"Paper Crane"},{"floor":9,"key":"Ornamental Fan"},{"floor":10,"key":"Tiny Chest"},{"floor":23,"key":"Sundial"}],"event_choices":[{"damage_healed":0,"gold_gain":0,"player_choice":"Ignored","damage_taken":0,"max_hp_gain":0,"max_hp_loss":0,"event_name":"Shining Light","floor":4,"gold_loss":0},{"damage_healed":0,"gold_gain":0,"player_choice":"Searched \u00271\u0027 times","damage_taken":0,"relics_obtained":["Strawberry"],"max_hp_gain":0,"max_hp_loss":0,"event_name":"Dead Adventurer","floor":11,"gold_loss":0},{"damage_healed":0,"gold_gain":0,"player_choice":"Bought 1 Potion","damage_taken":0,"max_hp_gain":0,"max_hp_loss":0,"event_name":"The Woman in Blue","floor":19,"gold_loss":0}],"is_beta":false,"boss_relics":[{"not_picked":["Coffee Dripper","Fusion Hammer"],"picked":"Philosopher\u0027s Stone"}],"items_purged_floors":[],"is_endless":false,"potions_floor_spawned":[2,16,22],"killed_by":"Sentry and Sphere","ascension_level":20}}