{"host":"mfnyjbfkyfsz33u9","time":1609933777,"event":{"mods":["2.2 Compatiblity","BaseMod","Colored Powertips","Downfall","Marisa£¨Ùöéë¡¡Øª×âÞÞ£©","Minty Spire (QoL Compilation)","Rare Cards Sparkle","Replay The Spire","StSLib","SuperFastMode","The Cursed"],"gold_per_floor":[111,111,111,121,134,162,175,175,175,194,194,159,177,205,205,205,205],"floor_reached":16,"playtime":384,"items_purged":[],"score":118,"play_id":"fa92f093-c01c-4b5d-8f4b-9230fd7dfad7","local_time":"20210106204937","is_ascension_mode":true,"campfire_choices":[{"data":"Venomology","floor":8,"key":"SMITH"},{"floor":11,"key":"RECALL"},{"floor":15,"key":"DIG"}],"circlet_count":0,"master_deck":["Strike_G","Strike_G","Strike_G","Strike_G","Defend_G","Defend_G","Defend_G","Defend_G","Defend_G","Survivor","Neutralize","Dagger Spray","Doubt","ReplayTheSpireMod:Tripwire","Underhanded Strike","Flechettes","Venomology+1","Deflect","Escape Plan","Distraction"],"relics":["Philosopher\u0027s Stone","Ring of Misfortune","Ring of Fury","Regal Pillow","Shovel","Juzu Bracelet"],"acts_visited":["Exordium"],"potions_floor_usage":[10,10,14,14,14],"damage_taken":[{"damage":6,"enemies":"Jaw Worm","floor":1,"turns":4},{"damage":2,"enemies":"2 Louse","floor":4,"turns":2},{"damage":0,"enemies":"Small Slimes","floor":5,"turns":3},{"damage":24,"enemies":"3 Sentries","floor":6,"turns":9},{"damage":1,"enemies":"3 Louse","floor":7,"turns":2},{"damage":0,"enemies":"Large Slime","floor":10,"turns":2},{"damage":21,"enemies":"Lots of Slimes","floor":13,"turns":4},{"damage":10,"enemies":"Lagavulin","floor":14,"turns":8},{"damage":22,"enemies":"The Guardian","floor":16,"turns":2}],"seed_played":"-4691084637839387899","potions_obtained":[{"floor":4,"key":"Languid Potion"},{"floor":5,"key":"SmokeBomb"},{"floor":7,"key":"Reflective Coating"}],"is_trial":false,"path_per_floor":["M","?","?","M","M","E","M","R","T","M","R","?","M","E","R","B"],"character_chosen":"THE_SILENT","items_purchased":[],"campfire_rested":0,"item_purchase_floors":[],"current_hp_per_floor":[64,64,57,55,55,31,30,30,30,30,30,47,26,16,16,0,0],"gold":205,"neow_bonus":"BOSS_RELIC","is_daily":false,"chose_seed":false,"campfire_upgraded":1,"win_rate":0.0,"timestamp":1609933777,"path_taken":["M","?","?","M","M","E","?","R","T","M","R","?","M","E","R","BOSS"],"items_purchased_type":[],"build_version":"2020-12-22","purchased_purges":0,"victory":false,"max_hp_per_floor":[70,70,70,70,70,70,70,70,70,70,70,70,70,70,70,70,70],"card_choices":[{"not_picked":["Bane","Underhanded Strike"],"picked":"Dagger Spray","floor":1},{"not_picked":["Flying Knee","Predator"],"picked":"ReplayTheSpireMod:Tripwire","floor":4},{"not_picked":["Footwork","Terror"],"picked":"Underhanded Strike","floor":5},{"not_picked":["Dagger Spray","Deflect"],"picked":"Flechettes","floor":6},{"not_picked":["ReplayTheSpireMod:The Works","Dagger Spray"],"picked":"Venomology","floor":7},{"not_picked":["Dagger Spray","ReplayTheSpireMod:Shiv Toss"],"picked":"Deflect","floor":10},{"not_picked":["Dash","Riddle With Holes"],"picked":"Escape Plan","floor":13},{"not_picked":["Acrobatics","Outmaneuver"],"picked":"Distraction","floor":14}],"player_experience":20277,"relics_obtained":[{"floor":2,"key":"Ring of Misfortune"},{"floor":2,"key":"Ring of Fury"},{"floor":6,"key":"Regal Pillow"},{"floor":14,"key":"Shovel"},{"floor":15,"key":"Juzu Bracelet"}],"event_choices":[{"cards_removed":["Strike_G"],"damage_healed":0,"gold_gain":0,"player_choice":"Card Removal","damage_taken":7,"max_hp_gain":0,"max_hp_loss":0,"event_name":"Golden Wing","floor":3,"gold_loss":0},{"damage_healed":17,"gold_gain":0,"player_choice":"Healed","damage_taken":0,"max_hp_gain":0,"max_hp_loss":0,"event_name":"The Cleric","floor":12,"gold_loss":35}],"is_beta":false,"boss_relics":[],"items_purged_floors":[],"is_endless":false,"potions_floor_spawned":[4,5,7],"killed_by":"The Guardian","ascension_level":1}}