{"host":"ikjt6v4q6zrcj3if","time":1609892237,"event":{"mods":["BaseMod","CapriCore","Colored Map","Downfall","Luminous","Minty Spire (QoL Compilation)","Permanent Neow","Quick Restart","Replay The Spire","Robot Space Explorer","Somnambulant","Spicy Shops","StSLib","SuperFastMode","The Exalted","The Marked","The Runesmith","TheSwordswoman","WarShipGirlsR/??è≠èóR mod"],"gold_per_floor":[110,110,120,137,147,172,187,187,187],"floor_reached":8,"playtime":759,"items_purged":[],"score":63,"play_id":"fc8e20ad-d1e0-4729-9a3e-f80c28e6a5b7","local_time":"20210106091717","daily_mods":["Draft"],"is_ascension_mode":true,"campfire_choices":[],"circlet_count":0,"master_deck":["somnambulantmod: ViralIdea","somnambulantmod: Cower","somnambulantmod: DarkeningMind","somnambulantmod: HeavyLids","somnambulantmod: LightSleeper","somnambulantmod: HeavyLids","somnambulantmod: Cower","somnambulantmod: Remember","somnambulantmod: Wake","somnambulantmod: Relive","somnambulantmod: SickeningSwathe","somnambulantmod: Unknow","somnambulantmod: HorrificThought","somnambulantmod: DarkeningMind","somnambulantmod: Repression","somnambulantmod: Unburden"],"relics":["somnambulantmod: DreamJournal","Toy Ornithopter"],"acts_visited":["Exordium"],"potions_floor_usage":[6],"damage_taken":[{"damage":0,"enemies":"2 Louse","floor":1,"turns":2},{"damage":0,"enemies":"Cultist","floor":3,"turns":4},{"damage":0,"enemies":"Small Slimes","floor":4,"turns":4},{"damage":8,"enemies":"2 Fungi Beasts","floor":5,"turns":4},{"damage":21,"enemies":"3 Sentries","floor":6,"turns":5},{"damage":6,"enemies":"Large Slime","floor":7,"turns":6},{"damage":13,"enemies":"Gremlin Nob","floor":8,"turns":4}],"seed_played":"8070491627424521700","potions_obtained":[{"floor":1,"key":"ColorlessPotion"},{"floor":2,"key":"Dexterity Potion"},{"floor":2,"key":"DistilledChaos"},{"floor":6,"key":"EssenceOfSteel"}],"is_trial":true,"path_per_floor":["M","?","M","M","M","E","M","E"],"character_chosen":"THE_SOMNAMBULANT","items_purchased":[],"campfire_rested":0,"item_purchase_floors":[],"current_hp_per_floor":[70,70,70,70,62,41,35,22,22],"gold":187,"neow_bonus":"","is_daily":false,"chose_seed":false,"campfire_upgraded":0,"win_rate":0.0,"timestamp":1609892237,"path_taken":["M","?","?","M","?","E","M","E"],"items_purchased_type":[],"build_version":"2020-12-22","purchased_purges":0,"victory":false,"max_hp_per_floor":[70,70,70,70,70,70,70,70,70],"card_choices":[{"not_picked":["somnambulantmod: Repression","somnambulantmod: Cower"],"picked":"somnambulantmod: ViralIdea","floor":0},{"not_picked":["somnambulantmod: DreamBig","somnambulantmod: OpeningUp"],"picked":"somnambulantmod: Cower","floor":0},{"not_picked":["somnambulantmod: BadIdea","somnambulantmod: LightSleeper"],"picked":"somnambulantmod: DarkeningMind","floor":0},{"not_picked":["somnambulantmod: RecurringDream","somnambulantmod: Blink"],"picked":"somnambulantmod: HeavyLids","floor":0},{"not_picked":["somnambulantmod: Nosebleed","somnambulantmod: Trauma"],"picked":"somnambulantmod: LightSleeper","floor":0},{"not_picked":["somnambulantmod: LeechFears","somnambulantmod: Trauma"],"picked":"somnambulantmod: HeavyLids","floor":0},{"not_picked":["somnambulantmod: Pinch","somnambulantmod: Unknow"],"picked":"somnambulantmod: Cower","floor":0},{"not_picked":["somnambulantmod: HorrificThought","somnambulantmod: LeechFears"],"picked":"somnambulantmod: Remember","floor":0},{"not_picked":["somnambulantmod: Blink","somnambulantmod: BadIdea"],"picked":"somnambulantmod: Wake","floor":0},{"not_picked":["somnambulantmod: RecurringDream","somnambulantmod: Stimulus"],"picked":"somnambulantmod: Relive","floor":0},{"not_picked":["somnambulantmod: AllForNothing","somnambulantmod: NightmareFuel"],"picked":"somnambulantmod: SickeningSwathe","floor":0},{"not_picked":["somnambulantmod: Overshare","somnambulantmod: OpeningUp"],"picked":"somnambulantmod: Unknow","floor":0},{"not_picked":["somnambulantmod: Harden","somnambulantmod: RacingThoughts"],"picked":"somnambulantmod: HorrificThought","floor":0},{"not_picked":["somnambulantmod: DreamBig","somnambulantmod: HeavyLids"],"picked":"somnambulantmod: DarkeningMind","floor":0},{"not_picked":["somnambulantmod: Bloom","somnambulantmod: InLimbo"],"picked":"somnambulantmod: Repression","floor":0},{"not_picked":["somnambulantmod: HeavyLids","somnambulantmod: BadIdea","somnambulantmod: Relive"],"picked":"SKIP","floor":1},{"not_picked":["somnambulantmod: DreamBig","somnambulantmod: MindWave","somnambulantmod: RacingThoughts"],"picked":"SKIP","floor":3},{"not_picked":["somnambulantmod: MindWave","somnambulantmod: Blink","somnambulantmod: Repression"],"picked":"SKIP","floor":4},{"not_picked":["somnambulantmod: Nosebleed","somnambulantmod: HeadSmack","somnambulantmod: SnuggleUp"],"picked":"SKIP","floor":5},{"not_picked":["somnambulantmod: Bloom","somnambulantmod: Blink"],"picked":"somnambulantmod: Unburden","floor":6},{"not_picked":["somnambulantmod: MindWave","somnambulantmod: Pinch","somnambulantmod: RecurringDream"],"picked":"SKIP","floor":7}],"player_experience":366994,"relics_obtained":[{"floor":6,"key":"Toy Ornithopter"}],"event_choices":[{"damage_healed":0,"gold_gain":0,"player_choice":"Got Potions","damage_taken":0,"max_hp_gain":0,"max_hp_loss":0,"event_name":"Lab","floor":2,"gold_loss":0}],"is_beta":false,"boss_relics":[],"items_purged_floors":[],"is_endless":false,"potions_floor_spawned":[1,3,6],"killed_by":"Gremlin Nob","ascension_level":1}}