{"host":"8rwquwrlbfkmmuup","time":1609908439,"event":{"mods":["BaseMod","Downfall","Halation","Infinite Spire","Marisa????????","Minty Spire (QoL Compilation)","Replay The Spire","Shop Mod","StSLib","The Animator","The Senshi","The Servant 0.9.4"],"gold_per_floor":[113,113,113,129,139,139,314,325,325,353,353,353,353,365,365,461,461,476,476,487,487,505,537,537,547,572,47,83,358,415,445,445,581,681,705,397,397,479,517,517,585,329,355,355,355,416,416,486,486,538],"floor_reached":51,"playtime":2812,"items_purged":["Defend_MRS+1","Defend_MRS+1"],"score":715,"play_id":"141ace05-fff6-48c8-acdf-24db5d6d02ce","local_time":"20210105204719","is_ascension_mode":false,"campfire_choices":[{"data":"GalacticHalo","floor":6,"key":"SMITH"},{"floor":12,"key":"REST"},{"data":"ManaRampage","floor":15,"key":"SMITH"},{"floor":24,"key":"REST"},{"data":"MillisecondPulsars","floor":32,"key":"SMITH"},{"data":"TreasureHunter","floor":40,"key":"SMITH"},{"data":"infinitespire:FutureSight","floor":44,"key":"SMITH"},{"data":"Acceleration","floor":49,"key":"SMITH"}],"circlet_count":0,"master_deck":["Strike_MRS+1","Strike_MRS+1","Strike_MRS+1","Strike_MRS+1","MasterSpark","UpSweep+1","6A","Regret","OortCloud","GalacticHalo+1","Doubt","AsteroidBelt","ManaRampage+1","ReplayTheSpireMod:Restless Dread","Voices","infinitespire:FutureSight+1","SuperPerseids","MillisecondPulsars+1","EarthLightRay","AlicesGift","DragonMeteor","ShootTheMoon","GravityBeat+1","Acceleration+1","Acceleration","Pot Of Greed","Pot Of Greed","SporeBomb+1","Regret","EarthLightRay","WitchOfGreed","TreasureHunter+1","MilkyWay","ShootTheMoon+1","Acceleration+1","WitchOfGreed","Pot Of Greed+1","PowerUp+1","SporeBomb+1"],"relics":["MiniHakkero","Replay:Bronze Core","Philosopher\u0027s Stone","infinitespire:Broken Mirror","Darkstone Periapt","infinitespire:Satchel","halation:PinkSoulGem","SlaversCollar","Meat on the Bone","Grinning Jar","Lee\u0027s Waffle","Blood Vial","Replay:Bandana","FossilizedHelix","Replay:Wanted Poster","Du-Vu Doll","Durian","Toxic Egg 2","halation:QuantumPhysicsTextbook","Mirror","ReplayTheSpireMod:Lightbulb","halation:WeightlessCrab","halation:Trompette","infinitespire:Cupcake"],"acts_visited":["Exordium","TheCity","TheBeyond"],"potions_floor_usage":[10,22,23,30],"damage_taken":[{"damage":0,"enemies":"Cultist","floor":1,"turns":3},{"damage":0,"enemies":"Jaw Worm","floor":4,"turns":2},{"damage":1,"enemies":"2 Louse","floor":5,"turns":2},{"damage":5,"enemies":"Large Slime","floor":8,"turns":6},{"damage":32,"enemies":"Lagavulin","floor":10,"turns":10},{"damage":9,"enemies":"Exordium Thugs","floor":14,"turns":2},{"damage":30,"enemies":"Slime Boss","floor":16,"turns":18},{"damage":20,"enemies":"Chosen","floor":18,"turns":6},{"damage":51,"enemies":"Shell Parasite","floor":20,"turns":6},{"damage":8,"enemies":"Snake Plant","floor":22,"turns":3},{"damage":0,"enemies":"Book of Stabbing","floor":23,"turns":3},{"damage":15,"enemies":"3 Cultists","floor":25,"turns":5},{"damage":5,"enemies":"Centurion and Healer","floor":28,"turns":5},{"damage":30,"enemies":"Gremlin Leader","floor":30,"turns":3},{"damage":24,"enemies":"Snake Plant","floor":31,"turns":2},{"damage":51,"enemies":"Champ","floor":33,"turns":8},{"damage":0,"enemies":"Orb Walker","floor":35,"turns":2},{"damage":7,"enemies":"2 Orb Walkers","floor":38,"turns":3},{"damage":8,"enemies":"3 Shapes","floor":39,"turns":2},{"damage":9,"enemies":"R_Hoarder","floor":41,"turns":3},{"damage":6,"enemies":"Maw","floor":46,"turns":3},{"damage":8,"enemies":"Writhing Mass","floor":48,"turns":3},{"damage":10,"enemies":"Donu and Deca","floor":50,"turns":4}],"seed_played":"3454622467024253013","potions_obtained":[{"floor":1,"key":"Swift Potion"},{"floor":18,"key":"FearPotion"},{"floor":22,"key":"ColorlessPotion"},{"floor":25,"key":"Regen Potion"},{"floor":30,"key":"StarNLove"},{"floor":33,"key":"GamblersBrew"},{"floor":33,"key":"Ancient Potion"},{"floor":48,"key":"LifebloodPotion"}],"is_trial":false,"path_per_floor":["M","?","?","M","M","R","?","M","T","E","?","R","?","M","R","B",null,"M","?","M","?","M","E","R","M","T","$","M","?","E","M","R","B",null,"M","$","?","?","M","R","E","$","T","R","T","M","AVR","M","R","B",null],"character_chosen":"MARISA","items_purchased":["Lee\u0027s Waffle","Blood Vial","Replay:Bandana","Du-Vu Doll","Mirror"],"campfire_rested":2,"item_purchase_floors":[27,27,27,36,42],"current_hp_per_floor":[75,75,75,75,74,74,74,69,69,37,37,59,71,62,62,32,87,67,67,20,20,16,16,42,43,43,94,89,95,72,62,62,33,100,100,100,100,102,96,96,96,96,96,96,96,100,100,102,102,95],"gold":538,"neow_bonus":"DOUBLE_BOSS_RELIC","is_daily":false,"chose_seed":false,"campfire_upgraded":6,"win_rate":0.0,"timestamp":1609908439,"path_taken":["M","?","?","?","M","R","?","M","T","E","?","R","?","M","R","BOSS","M","?","M","?","M","E","R","M","T","$","M","?","E","?","R","BOSS","M","?","?","?","M","R","E","?","T","R","?","?","AVR","M","R","BOSS"],"items_purchased_type":["Relic","Relic","Relic","Relic","Relic"],"build_version":"2020-12-22","purchased_purges":2,"victory":true,"max_hp_per_floor":[75,75,75,75,75,75,75,75,75,75,75,75,87,87,87,87,87,87,87,87,87,87,87,87,87,87,94,94,100,100,100,100,100,100,100,100,100,105,105,105,105,105,105,105,105,105,105,105,105,105],"card_choices":[{"not_picked":["GravityBeat","DoubleSpark"],"picked":"6A","floor":1},{"not_picked":["UnstableBomb","NonDirectionalLaser"],"picked":"OortCloud","floor":4},{"not_picked":["StarlightTyphoon","ShootingEcho"],"picked":"GalacticHalo","floor":5},{"not_picked":["ShootingEcho","PropBag"],"picked":"AsteroidBelt","floor":8},{"not_picked":["GasGiant","CasketOfStar"],"picked":"ManaRampage","floor":10},{"not_picked":["ReplayTheSpireMod:Haul","Replay:Fractal Strike"],"picked":"infinitespire:FutureSight","floor":13},{"not_picked":["NonDirectionalLaser","Occultation"],"picked":"SuperPerseids","floor":14},{"not_picked":["CasketOfStar","MaximisePower"],"picked":"MillisecondPulsars","floor":16},{"not_picked":["GasGiant+1","GravityBeat"],"picked":"EarthLightRay","floor":18},{"not_picked":["DoubleSpark","DarkMatter"],"picked":"ShootTheMoon","floor":20},{"not_picked":["DoubleSpark","StarlightTyphoon"],"picked":"GravityBeat+1","floor":22},{"not_picked":["DC+1","PulseMagic"],"picked":"Acceleration+1","floor":23},{"not_picked":["UnstableBomb+1","PowerUp"],"picked":"Acceleration","floor":25},{"not_picked":["ManaConvection","UnstableBomb"],"picked":"SporeBomb+1","floor":28},{"not_picked":["DeepEcoloBomb","AbsoluteMagnitude"],"picked":"EarthLightRay","floor":30},{"not_picked":["DoubleSpark","GravityBeat+1"],"picked":"WitchOfGreed","floor":31},{"not_picked":["StarDustReverie","BigCrunch"],"picked":"TreasureHunter","floor":33},{"not_picked":["SporeBomb","IllusionStar"],"picked":"MilkyWay","floor":35},{"not_picked":["StarlightTyphoon+1","OortCloud+1"],"picked":"ShootTheMoon+1","floor":38},{"not_picked":["GalacticHalo+1","DoubleSpark"],"picked":"Acceleration","floor":39},{"not_picked":["AsteroidBelt+1","6A"],"picked":"WitchOfGreed","floor":41},{"not_picked":["DC+1","GrandCross+1"],"picked":"PowerUp+1","floor":46},{"not_picked":["MysteriousBeam","ShootingEcho+1"],"picked":"SporeBomb+1","floor":48}],"player_experience":75712,"relics_obtained":[{"floor":9,"key":"Darkstone Periapt"},{"floor":10,"key":"infinitespire:Satchel"},{"floor":23,"key":"Meat on the Bone"},{"floor":26,"key":"Grinning Jar"},{"floor":30,"key":"FossilizedHelix"},{"floor":38,"key":"Durian"},{"floor":41,"key":"Toxic Egg 2"},{"floor":41,"key":"halation:QuantumPhysicsTextbook"},{"floor":43,"key":"ReplayTheSpireMod:Lightbulb"},{"floor":45,"key":"halation:WeightlessCrab"}],"event_choices":[{"damage_healed":0,"gold_gain":0,"player_choice":"Box","damage_taken":0,"relics_obtained":["infinitespire:Broken Mirror"],"max_hp_gain":0,"max_hp_loss":0,"event_name":"Big Fish","floor":2,"gold_loss":0,"cards_obtained":["Regret"]},{"damage_healed":0,"gold_gain":0,"player_choice":"Upgraded","damage_taken":0,"max_hp_gain":0,"max_hp_loss":0,"event_name":"Upgrade Shrine","floor":3,"gold_loss":0,"cards_upgraded":["UpSweep"]},{"damage_healed":0,"gold_gain":175,"player_choice":"AGREE","damage_taken":0,"max_hp_gain":0,"max_hp_loss":0,"event_name":"Liars Game","floor":7,"gold_loss":0,"cards_obtained":["Doubt"]},{"damage_healed":0,"gold_gain":0,"cards_transformed":["Defend_MRS","Defend_MRS"],"player_choice":"Became Test Subject","damage_taken":0,"max_hp_gain":0,"max_hp_loss":0,"event_name":"Drug Dealer","floor":19,"gold_loss":0,"cards_obtained":["AlicesGift","DragonMeteor"]},{"damage_healed":0,"gold_gain":0,"player_choice":"Simplicity","damage_taken":0,"max_hp_gain":0,"max_hp_loss":0,"event_name":"Back to Basics","floor":21,"gold_loss":0,"cards_upgraded":["Strike_MRS","Strike_MRS","Strike_MRS","Strike_MRS","Defend_MRS","Defend_MRS"]},{"damage_healed":0,"gold_gain":275,"player_choice":"Desecrate","damage_taken":0,"max_hp_gain":0,"max_hp_loss":0,"event_name":"Golden Shrine","floor":29,"gold_loss":0,"cards_obtained":["Regret"]},{"cards_removed":["Pot Of Greed"],"damage_healed":0,"gold_gain":0,"player_choice":"Removed Skill","damage_taken":0,"max_hp_gain":0,"max_hp_loss":0,"event_name":"Falling","floor":37,"gold_loss":0},{"damage_healed":0,"gold_gain":0,"player_choice":"Fight","damage_taken":0,"max_hp_gain":0,"max_hp_loss":0,"event_name":"Mysterious Sphere","floor":38,"gold_loss":0}],"is_beta":false,"boss_relics":[{"not_picked":["Velvet Choker","halation:MonkeysPaw"],"picked":"SlaversCollar"},{"not_picked":["halation:Risk","Busted Crown"],"picked":"Replay:Wanted Poster"}],"items_purged_floors":[27,47],"is_endless":false,"potions_floor_spawned":[1,18,22,25,30,33,41],"ascension_level":0}}