{"host":"hy86brpkenigfxlv","time":1609945800,"event":{"mods":["BaseMod","Bestiary","BetterRewards","Colored Map","Downfall","GifTheSpireLib","Hero for Fun","Jorbs\u0027s Wanderer Trilogy","Lobotomy","Minty Spire (QoL Compilation)","Rare Cards Sparkle","Replay The Spire","StSLib","SuperFastMode","The Animator","The Bug Knight","The Cursed","The Disciple","The Necromancer","The Saiyan","The Servant 0.9.4"],"gold_per_floor":[21,38,16,16,30,64,64,89,89,14,69,96,114,130,130,227,227,247,247,261,279,279,304,304,338,365,365,396,495,228,246,246,347,347,367,385,439,459,459,488,488,520,520,520,553,128,157,170,170,170,170,170,20,50,50],"floor_reached":56,"playtime":1335,"items_purged":["Defend_Y","Defend_Y","Defend_Y","Bloodbath"],"score":2168,"play_id":"c3c87e3d-b64a-403e-8768-ce246809aa0f","local_time":"20210106231000","is_ascension_mode":true,"campfire_choices":[{"floor":7,"key":"RECALL"},{"data":"Consecutive_Normal_Punch","floor":24,"key":"SMITH"},{"data":"WhitesApple","floor":32,"key":"PURGE"},{"data":"Master of Strategy","floor":41,"key":"SMITH"},{"data":"expansioncontent:Flail","floor":44,"key":"SMITH"},{"data":"Master of Strategy","floor":49,"key":"SMITH"},{"data":"Normal_Punch","floor":52,"key":"SMITH"}],"circlet_count":0,"master_deck":["Strike_Y","Strike_Y","Strike_Y","Strike_Y","Strike_Y","Slap","LittleHelper","BeautyBeast","Normal_Punch+1","Slap","CrumblingArmor","Toss_Stone","Scorched","Toss_Stone","Pot Of Greed+1","Pot Of Greed+1","UniverseFragment","SingingMachine","Toss_Stone","Murderer","Pot Of Greed+1","Slap","ShyLook","Slap","NakedNest","Serious_Punch","Woodsman","Slap+1","QueenOfHatred","FairyFestival","LaLuna","Consecutive_Normal_Punch+1","RedShoes","Pot Of Greed+1","LongBird","Master of Strategy+1","QueenBee","Serious_Punch","OldLady","BlueStar","Normal_Punch+1","NothingThere","Consecutive_Normal_Punch","BlackSwan","Hip_Strike","Pot Of Greed+1","expansioncontent:Flail+1","BigBird","GalaxyChild","Toss_Stone","Laetitia","Toss_Stone+1","Master of Strategy+1","Slap","Toss_Stone","Mercenary","Consecutive_Normal_Punch","BlackArmy","Pot Of Greed+1","Slap+1","HappyTeddy","Slap+1"],"relics":["Cape","CogitoBucket","Matryoshka","Sundial","Grinning Jar","Juzu Bracelet","Replay:Mystery Machine","Ornamental Fan","BackwardClock","Painkiller Herb","HellTrain","Replay:Bottled Eggs","Toy Ornithopter","ReplayFunnel","Boot","Quantum Egg","Coffee Dripper","AtMidnight","AspirationHeart","Counterbalance","Bag of Preparation","Unceasing Top","Gremlin Horn","Oddly Smooth Stone","Gambling Chip","ReplayTheSpireMod:Lightbulb"],"acts_visited":["Exordium","TheCity","TheBeyond","TheEnding"],"potions_floor_usage":[45],"damage_taken":[{"damage":0,"enemies":"Cultist","floor":1,"turns":1},{"damage":0,"enemies":"Jaw Worm","floor":2,"turns":1},{"damage":0,"enemies":"2 Louse","floor":5,"turns":1},{"damage":0,"enemies":"3 Sentries","floor":6,"turns":1},{"damage":0,"enemies":"Gremlin Nob","floor":8,"turns":1},{"damage":0,"enemies":"Lagavulin Event","floor":11,"turns":1},{"damage":0,"enemies":"3 Sentries","floor":12,"turns":1},{"damage":0,"enemies":"Looter","floor":13,"turns":2},{"damage":0,"enemies":"Gremlin Gang","floor":14,"turns":2},{"damage":0,"enemies":"Slime Boss","floor":16,"turns":1},{"damage":0,"enemies":"Spheric Guardian","floor":18,"turns":1},{"damage":0,"enemies":"2 Thieves","floor":20,"turns":1},{"damage":0,"enemies":"Chosen and Byrds","floor":21,"turns":2},{"damage":0,"enemies":"HollowMod:Nosk","floor":23,"turns":1},{"damage":0,"enemies":"Gremlin Leader","floor":25,"turns":1},{"damage":0,"enemies":"Replay:Snechameleon","floor":28,"turns":1},{"damage":0,"enemies":"Snake Plant","floor":31,"turns":1},{"damage":0,"enemies":"Collector","floor":33,"turns":1},{"damage":0,"enemies":"3 Darklings","floor":35,"turns":1},{"damage":0,"enemies":"Orb Walker","floor":36,"turns":1},{"damage":0,"enemies":"2 Orb Walkers","floor":37,"turns":1},{"damage":0,"enemies":"Maw","floor":38,"turns":1},{"damage":0,"enemies":"HollowMod:StalkingDevout","floor":40,"turns":1},{"damage":0,"enemies":"Nemesis","floor":42,"turns":1},{"damage":0,"enemies":"HollowMod:StalkingDevout","floor":45,"turns":1},{"damage":0,"enemies":"Reptomancer","floor":47,"turns":1},{"damage":0,"enemies":"3 Darklings","floor":48,"turns":1},{"damage":0,"enemies":"Awakened One","floor":50,"turns":1},{"damage":0,"enemies":"Shield and Spear","floor":54,"turns":1},{"damage":0,"enemies":"The Heart","floor":55,"turns":1}],"seed_played":"-7418710883036784929","potions_obtained":[{"floor":1,"key":"Block Potion"},{"floor":5,"key":"Swift Potion"},{"floor":13,"key":"AttackPotion"},{"floor":45,"key":"Fruit Juice"},{"floor":54,"key":"Elixir"}],"is_trial":false,"path_per_floor":["M","M","$","?","M","E","R","E","T","$","?","E","M","M","R_BF","B",null,"?","?","?","?","?","E","T","E","T","?","E","?","T","?","T","B",null,"?","?","?","?","?","E","T","E","T","T","E","T","E","?","T","B",null,"T","T","E","B",null],"character_chosen":"OPM","items_purchased":["Slap","Master of Strategy","Master of Strategy","Slap","Toss_Stone"],"campfire_rested":0,"item_purchase_floors":[3,30,46,46,46],"current_hp_per_floor":[999,999,999,999,999,999,999,999,999,999,999,999,999,999,999,999,999,999,999,999,999,999,999,999,999,999,999,999,999,999,999,999,999,999,1009,1009,1009,1009,1009,1009,1009,1009,1009,1009,1014,1014,1014,1014,1014,1014,1014,1014,1014,1014,1014],"gold":50,"neow_bonus":"","is_daily":false,"chose_seed":false,"campfire_upgraded":5,"win_rate":0.0,"timestamp":1609945800,"path_taken":["M","?","$","?","M","E","R","E","T","?","?","E","M","M","R_BF","BOSS","?","?","?","?","?","E","T","E","T","?","E","?","T","?","T","BOSS","?","?","?","?","?","E","T","E","T","T","E","T","E","?","T","BOSS","T","T","E","BOSS"],"items_purchased_type":["Card","Card","Card","Card","Card"],"build_version":"2020-12-22","purchased_purges":4,"victory":true,"max_hp_per_floor":[999,999,999,999,999,999,999,999,999,999,999,999,999,999,999,999,999,999,999,999,999,999,999,999,999,999,999,999,999,999,999,999,999,999,1009,1009,1009,1009,1009,1009,1009,1009,1009,1009,1014,1014,1014,1014,1014,1014,1014,1014,1014,1014,1014],"card_choices":[{"not_picked":["Ignore","Side_Hop"],"picked":"Slap","floor":1},{"not_picked":["GalaxyChild","FairyFestival"],"picked":"LittleHelper","floor":1},{"not_picked":["CrumblingArmor","FairyFestival"],"picked":"BeautyBeast","floor":2},{"not_picked":["Hop","Get_Hopes_Up"],"picked":"Normal_Punch","floor":2},{"not_picked":["VoidDream","MHz"],"picked":"CrumblingArmor","floor":5},{"not_picked":["Slap","Ignore"],"picked":"Toss_Stone","floor":5},{"not_picked":["Wellcheers","Yin"],"picked":"Scorched","floor":6},{"not_picked":["Ignore","Wear_Disguise"],"picked":"Toss_Stone","floor":6},{"not_picked":["PunishingBird","Murderer"],"picked":"UniverseFragment","floor":8},{"not_picked":["Yawn","Side_Hop","Hop"],"picked":"SKIP","floor":8},{"not_picked":["Yawn","Side_Hop","Hop"],"picked":"SKIP","floor":8},{"not_picked":["LittlePrince","WallGazer"],"picked":"SingingMachine","floor":11},{"not_picked":["Hop","Ignore"],"picked":"Toss_Stone","floor":11},{"not_picked":["Variant","WallGazer"],"picked":"Murderer","floor":12},{"not_picked":["Side_Hop","Do_Nothing","Serious_Side_Hops"],"picked":"SKIP","floor":12},{"not_picked":["MHz","MeatLantern"],"picked":"Bloodbath","floor":13},{"not_picked":["Normal_Punch","Side_Hop"],"picked":"Slap","floor":13},{"not_picked":["Wellcheers","OldLady"],"picked":"ShyLook","floor":14},{"not_picked":["Wear_Disguise","Hip_Strike"],"picked":"Slap","floor":14},{"not_picked":["MeatLantern","DreamingCurrent"],"picked":"NakedNest","floor":16},{"not_picked":["Get_Hopes_Up","Serious_Side_Hops"],"picked":"Serious_Punch","floor":16},{"not_picked":["LittlePrince","WallGazer"],"picked":"Woodsman","floor":18},{"not_picked":["Normal_Punch","Side_Hop"],"picked":"Slap+1","floor":18},{"not_picked":["BigBadWolf","BlackSwan"],"picked":"QueenOfHatred","floor":20},{"not_picked":["Wear_Disguise","Toss_Stone+1","Yawn"],"picked":"SKIP","floor":20},{"not_picked":["Wear_Disguise","Toss_Stone+1","Yawn"],"picked":"SKIP","floor":20},{"not_picked":["Scarecrow","OSAHOGD"],"picked":"FairyFestival","floor":21},{"not_picked":["Side_Hop","Slap","Ignore"],"picked":"SKIP","floor":21},{"not_picked":["Side_Hop","Slap","Ignore"],"picked":"SKIP","floor":21},{"not_picked":["MeatLantern","Porccubus"],"picked":"LaLuna","floor":23},{"not_picked":["Do_Nothing+1","Toss_Stone"],"picked":"Consecutive_Normal_Punch","floor":23},{"not_picked":["Rudolta","BigBadWolf"],"picked":"RedShoes","floor":25},{"not_picked":["Yawn","Do_Nothing","Ignore"],"picked":"SKIP","floor":25},{"not_picked":["Yawn","Do_Nothing","Ignore"],"picked":"SKIP","floor":25},{"not_picked":["Wellcheers","PunishingBird"],"picked":"LongBird","floor":28},{"not_picked":["Yawn","Wear_Disguise+1","Terrifying_Presence"],"picked":"SKIP","floor":28},{"not_picked":["Yawn","Wear_Disguise+1","Terrifying_Presence"],"picked":"SKIP","floor":28},{"not_picked":["OSAHOGD","PunishingBird"],"picked":"WhitesApple","floor":31},{"not_picked":["Hop","Ignore","Side_Hop"],"picked":"SKIP","floor":31},{"not_picked":["Hop","Ignore","Side_Hop"],"picked":"SKIP","floor":31},{"not_picked":["NothingThere","MeatLantern"],"picked":"QueenBee","floor":33},{"not_picked":["Serious_Side_Hops","Oh"],"picked":"Serious_Punch","floor":33},{"not_picked":["BigBird","Rudolta"],"picked":"OldLady","floor":35},{"not_picked":["Ignore","Do_Nothing+1","Side_Hop+1"],"picked":"SKIP","floor":35},{"not_picked":["Variant","Freischutz"],"picked":"BlueStar","floor":36},{"not_picked":["Hop","Yawn+1"],"picked":"Normal_Punch+1","floor":36},{"not_picked":["Laetitia","Wellcheers"],"picked":"NothingThere","floor":37},{"not_picked":["Ignore","Side_Hop+1"],"picked":"Consecutive_Normal_Punch","floor":37},{"not_picked":["OSAHOGD","Alriune"],"picked":"BlackSwan","floor":38},{"not_picked":["Wear_Disguise","Side_Hop","Do_Nothing"],"picked":"SKIP","floor":38},{"not_picked":["Wear_Disguise","Side_Hop","Do_Nothing"],"picked":"SKIP","floor":38},{"not_picked":["MHz","Rudolta"],"picked":"BigBird","floor":40},{"not_picked":["Hop","Oh","Wear_Disguise+1"],"picked":"SKIP","floor":40},{"not_picked":["Variant","Freischutz"],"picked":"GalaxyChild","floor":42},{"not_picked":["Side_Hop","Normal_Punch+1"],"picked":"Toss_Stone","floor":42},{"not_picked":["Funeral","PlagueDoctor"],"picked":"Laetitia","floor":45},{"not_picked":["Wear_Disguise","Do_Nothing+1"],"picked":"Toss_Stone+1","floor":45},{"not_picked":["BigBadWolf","Rudolta"],"picked":"Mercenary","floor":47},{"not_picked":["Yawn","Do_Nothing+1"],"picked":"Consecutive_Normal_Punch","floor":47},{"not_picked":["PunishingBird","MeatLantern"],"picked":"BlackArmy","floor":48},{"not_picked":["Yawn+1","Side_Hop+1"],"picked":"Slap+1","floor":48},{"not_picked":["Porccubus","PlagueDoctor"],"picked":"HappyTeddy","floor":54},{"not_picked":["Yawn","Wear_Disguise+1"],"picked":"Slap+1","floor":54}],"player_experience":42474,"relics_obtained":[{"floor":6,"key":"Sundial"},{"floor":8,"key":"Grinning Jar"},{"floor":9,"key":"Juzu Bracelet"},{"floor":12,"key":"Ornamental Fan"},{"floor":23,"key":"Replay:Bottled Eggs"},{"floor":25,"key":"Toy Ornithopter"},{"floor":26,"key":"ReplayFunnel"},{"floor":26,"key":"Boot"},{"floor":28,"key":"Quantum Egg"},{"floor":35,"key":"AtMidnight"},{"floor":37,"key":"Counterbalance"},{"floor":40,"key":"Bag of Preparation"},{"floor":42,"key":"Unceasing Top"},{"floor":43,"key":"Gremlin Horn"},{"floor":45,"key":"Oddly Smooth Stone"},{"floor":47,"key":"Gambling Chip"},{"floor":54,"key":"ReplayTheSpireMod:Lightbulb"}],"event_choices":[{"damage_healed":0,"gold_gain":0,"player_choice":"Success","damage_taken":33,"relics_obtained":["Matryoshka"],"max_hp_gain":0,"max_hp_loss":0,"event_name":"Scrap Ooze","floor":4,"gold_loss":0},{"damage_healed":0,"gold_gain":0,"player_choice":"Searched \u00272\u0027 times","damage_taken":0,"relics_obtained":["Replay:Mystery Machine"],"max_hp_gain":0,"max_hp_loss":0,"event_name":"Dead Adventurer","floor":11,"gold_loss":0},{"cards_removed":["Defend_Y"],"damage_healed":0,"gold_gain":0,"player_choice":"Card Removal","damage_taken":7,"max_hp_gain":0,"max_hp_loss":0,"event_name":"Golden Wing","floor":15,"gold_loss":0},{"damage_healed":0,"gold_gain":0,"player_choice":"Bought 0 Potions","damage_taken":0,"max_hp_gain":0,"max_hp_loss":0,"event_name":"The Woman in Blue","floor":19,"gold_loss":0},{"damage_healed":0,"gold_gain":0,"player_choice":"Ignored","damage_taken":0,"max_hp_gain":0,"max_hp_loss":0,"event_name":"Vampires","floor":22,"gold_loss":0},{"cards_removed":["Defend_Y"],"damage_healed":0,"gold_gain":0,"player_choice":"Elegance","damage_taken":0,"max_hp_gain":0,"max_hp_loss":0,"event_name":"Back to Basics","floor":27,"gold_loss":0},{"damage_healed":0,"gold_gain":99,"player_choice":"Stole From Cult","damage_taken":0,"max_hp_gain":0,"max_hp_loss":0,"event_name":"Nest","floor":29,"gold_loss":0},{"damage_healed":0,"gold_gain":0,"player_choice":"Fight","damage_taken":0,"max_hp_gain":0,"max_hp_loss":0,"event_name":"Mysterious Sphere","floor":37,"gold_loss":0},{"damage_healed":0,"gold_gain":0,"player_choice":"2 cards matched","damage_taken":0,"max_hp_gain":0,"max_hp_loss":0,"event_name":"Match and Keep!","floor":39,"gold_loss":0,"cards_obtained":["Hip_Strike","expansioncontent:Flail"]}],"is_beta":false,"boss_relics":[{"not_picked":["Honey Jar","Calling Bell"],"picked":"Painkiller Herb"},{"not_picked":["Fusion Hammer","Snecko Eye"],"picked":"Coffee Dripper"}],"items_purged_floors":[10,30,46,53],"is_endless":false,"potions_floor_spawned":[1,5,13,16,21,23,35,40,45,54],"ascension_level":2}}