{"host":"sxnl403xm2xmiyj1","time":1609942646,"event":{"mods":["BaseMod","Colored Map","Keyboard Shortcuts","Lobotomy","Minty Spire (QoL Compilation)","Quick Restart","StSLib","SuperFastMode"],"gold_per_floor":[120,120,134,145,163,163,194,214,214,7,7,7,30,43,43,141,141,161,48,48,64,64,89,89,14,83,83,83,96,96,110,110,208,208,221,48,60,160,171,197,197,227,227,239,251,102,102,115,115,115],"floor_reached":51,"playtime":2651,"items_purged":["Christmas+1","CrumblingArmor"],"score":827,"play_id":"a0b1da3f-b35a-4e3f-900e-61e9de3e6c00","local_time":"20210106231726","is_ascension_mode":false,"campfire_choices":[],"circlet_count":0,"master_deck":["SpecialBullet","SpecialBullet","SpecialBullet","DisciplinaryCode","SecurityCode","InformationCode","Regret_ego","Variant","RecordCode","VoidDream","FourthMatchFlame","CherryBlossom","ShedSkin","FieryBird","TrainingCode","WallGazer","Mimicry","TheSmile+1","Soda+1","Soda","WristCuter","OSAHOGD","Logging","SpiderBud","Adoration","WelfareCode","PunishingBird","CherryBlossom+1","DreamingCurrent","CENSORED_ego","FourthMatchFlame","Ecstasy","GreedKing","BlackSwan","CherryBlossom","FourthMatchFlame","Flash of Steel","LongBird"],"relics":["CogitoBucket","StrikeDummy","Theresia","Membership Card","Odd Mushroom","Astrolabe","SkinProphecy","Bottled Tornado","ClockworkSouvenir","Kunai","Busted Crown","AtMidnight","Shuriken","Ginger","Bird Faced Urn","Pantograph"],"acts_visited":["Exordium","TheCity","TheBeyond"],"potions_floor_usage":[7,7,16,18,23,29,33,33,35,51],"damage_taken":[{"damage":10,"enemies":"Small Slimes","floor":1,"turns":3},{"damage":5,"enemies":"Cultist","floor":3,"turns":3},{"damage":11,"enemies":"Jaw Worm","floor":4,"turns":2},{"damage":5,"enemies":"Lots of Slimes","floor":5,"turns":2},{"damage":27,"enemies":"3 Sentries","floor":7,"turns":5},{"damage":27,"enemies":"3 Louse","floor":8,"turns":4},{"damage":2,"enemies":"The Mushroom Lair","floor":13,"turns":1},{"damage":17,"enemies":"Blue Slaver","floor":14,"turns":3},{"damage":58,"enemies":"The Guardian","floor":16,"turns":12},{"damage":46,"enemies":"2 Thieves","floor":18,"turns":3},{"damage":11,"enemies":"3 Byrds","floor":21,"turns":4},{"damage":37,"enemies":"Gremlin Leader","floor":23,"turns":6},{"damage":24,"enemies":"Centurion and Healer","floor":29,"turns":8},{"damage":28,"enemies":"Cultist and Chosen","floor":31,"turns":7},{"damage":36,"enemies":"Collector","floor":33,"turns":9},{"damage":138,"enemies":"Orb Walker","floor":35,"turns":14},{"damage":0,"enemies":"3 Shapes","floor":37,"turns":1},{"damage":18,"enemies":"Writhing Mass","floor":39,"turns":6},{"damage":34,"enemies":"Nemesis","floor":40,"turns":7},{"damage":112,"enemies":"Giant Head","floor":42,"turns":9},{"damage":2,"enemies":"Sphere and 2 Shapes","floor":44,"turns":1},{"damage":8,"enemies":"Maw","floor":45,"turns":8},{"damage":35,"enemies":"Jaw Worm Horde","floor":48,"turns":4},{"damage":106,"enemies":"Awakened One","floor":50,"turns":16},{"damage":95,"enemies":"Malkuth","floor":51,"turns":14},{"damage":6,"enemies":"Netzach","floor":51,"turns":12},{"damage":181,"enemies":"Tiphereth","floor":51,"turns":13},{"damage":195,"enemies":"Binah","floor":51,"turns":21},{"damage":302,"enemies":"Angela","floor":51,"turns":16}],"seed_played":"-1058173205490309805","potions_obtained":[{"floor":0,"key":"Energy Potion"},{"floor":0,"key":"BlessingOfTheForge"},{"floor":0,"key":"Block Potion"},{"floor":8,"key":"FairyPotion"},{"floor":13,"key":"Strength Potion"},{"floor":16,"key":"ColorlessPotion"},{"floor":18,"key":"FearPotion"},{"floor":23,"key":"DistilledChaos"},{"floor":31,"key":"CultistPotion"},{"floor":33,"key":"DuplicationPotion"},{"floor":37,"key":"DistilledChaos"},{"floor":39,"key":"Explosive Potion"},{"floor":45,"key":"FairyPotion"}],"is_trial":false,"path_per_floor":["M","?","M","M","M","R","E","M","T","$","$","R","?","M","R","B",null,"M","$","?","M","?","E","R","$","T","?","R","M","R","M","R","B",null,"M","$","M","?","M","E","R","E","T","M","M","$","?","M","R","B",null],"character_chosen":"Angela","items_purchased":["Membership Card","CherryBlossom","ShedSkin","WristCuter","FairyPotion","ClockworkSouvenir","Shuriken","FourthMatchFlame","Ecstasy","CherryBlossom","FourthMatchFlame","Flash of Steel"],"campfire_rested":0,"item_purchase_floors":[10,10,10,19,19,25,36,36,36,46,46,46],"current_hp_per_floor":[68,68,70,67,70,70,43,24,24,24,24,24,34,25,25,46,78,44,44,44,50,50,31,31,31,31,31,31,20,20,31,31,102,102,100,100,108,108,114,116,116,103,103,123,126,126,126,132,132,124],"gold":115,"neow_bonus":"THREE_SMALL_POTIONS","is_daily":false,"chose_seed":false,"campfire_upgraded":0,"win_rate":0.0,"timestamp":1609942646,"path_taken":["M","?","M","M","?","R","E","M","T","?","$","R","?","M","R","BOSS","M","$","?","M","?","E","R","?","T","?","R","M","R","M","R","BOSS","M","$","M","?","M","E","R","E","T","?","M","$","?","M","R","BOSS"],"items_purchased_type":["Relic","Card","Card","Card","Potion","Relic","Relic","Card","Card","Card","Card","Card"],"build_version":"2020-12-22","purchased_purges":2,"victory":true,"max_hp_per_floor":[70,70,70,70,70,70,70,70,70,70,70,70,74,74,74,78,78,78,78,78,82,82,88,88,88,88,88,88,94,94,96,96,102,102,106,106,108,108,114,116,116,118,118,124,126,126,126,132,132,134],"card_choices":[{"not_picked":["OldLady","PunishingBird"],"picked":"NakedNest","floor":1},{"not_picked":["MagicBullet","Lantern"],"picked":"SKIP","floor":1},{"not_picked":["Lantern","Galaxy"],"picked":"SKIP","floor":3},{"not_picked":["PunishingBird","MeatLantern"],"picked":"CrumblingArmor","floor":4},{"not_picked":["DaCapo"],"picked":"Regret_ego","floor":4},{"not_picked":["OldLady","BeautyBeast"],"picked":"Variant","floor":5},{"not_picked":["Horn","Pleasure"],"picked":"SKIP","floor":5},{"not_picked":["Gaze","RedEyes"],"picked":"SKIP","floor":7},{"not_picked":["HappyTeddy","SnowQueen"],"picked":"VoidDream","floor":8},{"not_picked":["Noise"],"picked":"FourthMatchFlame","floor":8},{"not_picked":["Woodsman","WhitesApple"],"picked":"FieryBird","floor":13},{"not_picked":["TodaysExpression","Noise"],"picked":"SKIP","floor":14},{"not_picked":["Bloodbath","Porccubus"],"picked":"WallGazer","floor":16},{"not_picked":["GoldRush"],"picked":"Mimicry","floor":16},{"not_picked":["Gaze"],"picked":"Soda","floor":18},{"not_picked":["Scorched","Murderer"],"picked":"OSAHOGD","floor":21},{"not_picked":["SomewhereSpear"],"picked":"Logging","floor":21},{"not_picked":["Rudolta","BigBird"],"picked":"SpiderBud","floor":23},{"not_picked":["CUTE+1"],"picked":"Adoration","floor":23},{"not_picked":["Alriune","Scorched"],"picked":"PunishingBird","floor":29},{"not_picked":["BloodyDesire"],"picked":"CherryBlossom+1","floor":29},{"not_picked":["RapturousDream+1","Pleasure"],"picked":"SKIP","floor":31},{"not_picked":["CherryBlossoms","QueenBee"],"picked":"DreamingCurrent","floor":33},{"not_picked":["TheSmile"],"picked":"CENSORED_ego","floor":33},{"not_picked":["Mercenary","Funeral"],"picked":"GreedKing","floor":39},{"not_picked":["Bloodbath","QueenOfHatred"],"picked":"BlackSwan","floor":44},{"not_picked":["Freischutz","BlackArmy"],"picked":"LongBird","floor":48}],"player_experience":199340,"relics_obtained":[{"floor":7,"key":"StrikeDummy"},{"floor":13,"key":"Odd Mushroom"},{"floor":23,"key":"Bottled Tornado"},{"floor":26,"key":"Kunai"},{"floor":35,"key":"AtMidnight"},{"floor":40,"key":"Ginger"},{"floor":42,"key":"Bird Faced Urn"},{"floor":43,"key":"Pantograph"}],"event_choices":[{"damage_healed":0,"gold_gain":0,"player_choice":"Ignored","damage_taken":0,"max_hp_gain":0,"max_hp_loss":0,"event_name":"Transmorgrifier","floor":2,"gold_loss":0},{"damage_healed":0,"gold_gain":0,"player_choice":"Fought Mushrooms","damage_taken":0,"max_hp_gain":0,"max_hp_loss":0,"event_name":"Mushrooms","floor":13,"gold_loss":0},{"cards_removed":["NakedNest"],"damage_healed":0,"gold_gain":0,"player_choice":"Card Removal","damage_taken":0,"max_hp_gain":0,"max_hp_loss":0,"event_name":"Wheel of Change","floor":20,"gold_loss":0},{"damage_healed":0,"gold_gain":0,"player_choice":"Ignored","damage_taken":0,"max_hp_gain":0,"max_hp_loss":0,"event_name":"Vampires","floor":22,"gold_loss":0},{"cards_removed":["SpecialBullet"],"damage_healed":0,"gold_gain":0,"player_choice":"Elegance","damage_taken":0,"max_hp_gain":0,"max_hp_loss":0,"event_name":"Back to Basics","floor":27,"gold_loss":0},{"damage_healed":0,"gold_gain":100,"player_choice":"Pray","damage_taken":0,"max_hp_gain":0,"max_hp_loss":0,"event_name":"Golden Shrine","floor":38,"gold_loss":0},{"cards_removed":["SpecialBullet"],"damage_healed":0,"gold_gain":0,"player_choice":"Offered Basic","damage_taken":0,"max_hp_gain":0,"max_hp_loss":0,"event_name":"Bonfire Elementals","floor":47,"gold_loss":0}],"is_beta":false,"boss_relics":[{"not_picked":["Velvet Choker","Snecko Eye"],"picked":"Astrolabe"},{"not_picked":["Empty Cage","Black Star"],"picked":"Busted Crown"}],"items_purged_floors":[19,46],"is_endless":false,"potions_floor_spawned":[3,8,13,16,18,23,31,33,37,39,45],"ascension_level":0}}