{"host":"91blwi3hgehj6ch9","time":1609900350,"event":{"mods":["2.2 Compatiblity","AchievementEnabler","BaseMod","Colored Map","DeckTracker","Keyboard Shortcuts","Minty Spire (QoL Compilation)","Permanent Neow","Quick Restart","StSLib","SuperFastMode"],"gold_per_floor":[112,132,144,144,157,157,177,177,228,228,247,247,266,191,191,191,191,206,206,206,206,206,206],"floor_reached":22,"playtime":661,"items_purged":["Strike_P"],"score":273,"play_id":"811ebfb4-6ea9-4ed8-81a0-18bb4e0a2c3d","local_time":"20210106113230","is_ascension_mode":true,"campfire_choices":[{"data":"Eruption","floor":6.0,"key":"SMITH"},{"data":"WheelKick","floor":8.0,"key":"SMITH"},{"data":"Consecrate","floor":10.0,"key":"SMITH"},{"data":"EmptyBody","floor":12.0,"key":"SMITH"},{"floor":15.0,"key":"REST"}],"circlet_count":0,"master_deck":["AscendersBane","Strike_P","Strike_P","Defend_P","Defend_P","Eruption+1","Vigilance","Consecrate+1","Evaluate","EmptyBody+1","WheelKick+1","EmptyMind","MasterReality","CutThroughFate"],"relics":["PureWater","Sundial","PreservedInsect","VioletLotus"],"acts_visited":["Exordium","TheCity"],"potions_floor_usage":[],"damage_taken":[{"damage":12.0,"enemies":"Cultist","floor":1.0,"turns":3.0},{"damage":11.0,"enemies":"2 Louse","floor":2.0,"turns":4.0},{"damage":18.0,"enemies":"Small Slimes","floor":3.0,"turns":3.0},{"damage":3.0,"enemies":"Looter","floor":5.0,"turns":2.0},{"damage":0.0,"enemies":"Exordium Wildlife","floor":7.0,"turns":2.0},{"damage":0.0,"enemies":"Lots of Slimes","floor":11.0,"turns":1.0},{"damage":0.0,"enemies":"Exordium Thugs","floor":13.0,"turns":2.0},{"damage":15.0,"enemies":"Slime Boss","floor":16.0,"turns":9.0},{"damage":32,"enemies":"3 Byrds","floor":18,"turns":7},{"damage":17,"enemies":"Shell Parasite","floor":22,"turns":4}],"seed_played":"5839079052907599086","potions_obtained":[{"floor":7.0,"key":"StancePotion"},{"floor":11.0,"key":"Weak Potion"}],"is_trial":false,"path_per_floor":["M","M","M","?","M","R","M","R","T","R","M","R","M","$","R","B",null,"M","?","?","?","M"],"character_chosen":"WATCHER","items_purchased":[],"campfire_rested":1,"item_purchase_floors":[],"current_hp_per_floor":[53,42,24,24,21,21,21,21,21,21,21,21,21,21,42,27,61,29,16,16,16,0,0],"gold":206,"neow_bonus":"REMOVE_CARD","is_daily":false,"chose_seed":false,"campfire_upgraded":4,"win_rate":0.0,"timestamp":1609900350,"path_taken":["M","M","M","?","M","R","M","R","T","R","?","R","M","?","R","BOSS","M","?","?","?","M"],"items_purchased_type":[],"build_version":"2020-12-22","purchased_purges":1,"victory":false,"max_hp_per_floor":[72,72,72,72,72,72,72,72,72,72,72,72,72,72,72,72,72,72,77,77,77,77,77],"card_choices":[{"not_picked":["Halt","BowlingBash"],"picked":"Consecrate","floor":1.0},{"not_picked":["WreathOfFlame","Consecrate","PathToVictory"],"picked":"SKIP","floor":2.0},{"not_picked":["Perseverance","FlurryOfBlows"],"picked":"Evaluate","floor":3.0},{"not_picked":["TalkToTheHand","ConjureBlade"],"picked":"EmptyBody","floor":5.0},{"not_picked":["CarveReality","Meditate"],"picked":"WheelKick","floor":7.0},{"not_picked":["EmptyBody","FlurryOfBlows","Prostrate"],"picked":"SKIP","floor":11.0},{"not_picked":["Crescendo","ClearTheMind"],"picked":"EmptyMind","floor":13.0},{"not_picked":["EmptyBody","Prostrate","TalkToTheHand"],"picked":"SKIP","floor":18}],"player_experience":98774,"relics_obtained":[{"floor":4.0,"key":"Sundial"},{"floor":9.0,"key":"PreservedInsect"}],"event_choices":[{"damage_healed":0.0,"max_hp_gain":0.0,"max_hp_loss":0.0,"gold_gain":0.0,"event_name":"Wheel of Change","player_choice":"Relic","floor":4.0,"gold_loss":0.0,"damage_taken":0.0},{"damage_healed":0,"gold_gain":0,"player_choice":"Shed Blood","damage_taken":18,"max_hp_gain":5,"max_hp_loss":0,"event_name":"Forgotten Altar","floor":19,"gold_loss":0},{"damage_healed":0,"gold_gain":0,"cards_transformed":["Strike_P","Defend_P"],"player_choice":"Became Test Subject","damage_taken":0,"max_hp_gain":0,"max_hp_loss":0,"event_name":"Drug Dealer","floor":20,"gold_loss":0,"cards_obtained":["MasterReality","CutThroughFate"]},{"damage_healed":0,"gold_gain":0,"player_choice":"Ignored","damage_taken":0,"max_hp_gain":0,"max_hp_loss":0,"event_name":"Cursed Tome","floor":21,"gold_loss":0}],"is_beta":false,"boss_relics":[{"not_picked":["Fusion Hammer","Tiny House"],"picked":"VioletLotus"}],"items_purged_floors":[14],"is_endless":false,"potions_floor_spawned":[7,11],"killed_by":"Shell Parasite","ascension_level":11}}