{"host":"05vhm55ztg7fyvhd","time":1609947009,"event":{"mods":["BaseMod","Downfall","Googly Eyes","Hubris","Minty Spire (QoL Compilation)","Replay The Spire","Shop Mod","StSLib"],"gold_per_floor":[112,387,398,417,41,76,148,148,148,148,176,195,195,212,212,307,307,320,220,234,251,251,281,281,281,281],"floor_reached":25,"playtime":1912,"items_purged":["Regret","Strike_B"],"score":332,"play_id":"a2f6e732-9d39-4923-9d90-157bcb9151d1","local_time":"20210106163009","is_ascension_mode":true,"campfire_choices":[{"data":"Strike_B","floor":8,"key":"PURGE"},{"floor":13,"key":"REST"},{"data":"Strike_B","floor":15,"key":"PURGE"},{"data":"Defend_B","floor":24,"key":"PURGE"}],"circlet_count":0,"master_deck":["Defend_B","Zap","Dualcast","hubris:Ukulele","Beam Cell","Ball Lightning","Double Energy+1","Biased Cognition","Gash","Gash","Echo Form","Tempest","Gash","Scrape+1","Beam Cell","Gash"],"relics":["Cracked Core","Peace Pipe","Replay:Mystery Machine","Omamori","Prayer Wheel","hubris:Backtick","Meat on the Bone","Bag of Preparation"],"acts_visited":["Exordium","TheCity"],"potions_floor_usage":[6,11,11,11,14,16,21,21],"damage_taken":[{"damage":1,"enemies":"2 Louse","floor":1,"turns":2},{"damage":2,"enemies":"Cultist","floor":3,"turns":2},{"damage":2,"enemies":"Small Slimes","floor":4,"turns":2},{"damage":11,"enemies":"Replay:BlueRogue","floor":6,"turns":3},{"damage":0,"enemies":"Lagavulin","floor":11,"turns":2},{"damage":12,"enemies":"Exordium Wildlife","floor":12,"turns":2},{"damage":0,"enemies":"Blue Slaver","floor":14,"turns":2},{"damage":31,"enemies":"Fading Forest","floor":16,"turns":11},{"damage":0,"enemies":"Spheric Guardian","floor":18,"turns":2},{"damage":21,"enemies":"Shell Parasite","floor":20,"turns":3},{"damage":34,"enemies":"Snake Plant","floor":21,"turns":4},{"damage":29,"enemies":"Book of Stabbing","floor":23,"turns":3},{"damage":34,"enemies":"Replay:Snechameleon","floor":25,"turns":4}],"seed_played":"592705009940281359","potions_obtained":[{"floor":4,"key":"SteroidPotion"},{"floor":7,"key":"PotionOfCapacity"},{"floor":7,"key":"FearPotion"},{"floor":7,"key":"Slimebound:ThreeZeroPotion"},{"floor":12,"key":"Block Potion"},{"floor":14,"key":"SneckoOil"},{"floor":21,"key":"Strength Potion"}],"is_trial":false,"path_per_floor":["M","?","M","M","$","E","?","R","T","?","E","M","R","M","R","B",null,"M","$","M","M","?","E","R","E"],"character_chosen":"DEFECT","items_purchased":["Peace Pipe"],"campfire_rested":1,"item_purchase_floors":[5],"current_hp_per_floor":[67,67,65,63,63,52,25,25,25,25,25,13,33,33,33,10,68,68,68,47,25,25,32,32,0,0],"gold":281,"neow_bonus":"REMOVE_TWO","is_daily":false,"chose_seed":false,"campfire_upgraded":0,"win_rate":0.0,"timestamp":1609947009,"path_taken":["M","?","?","M","$","E","?","R","T","?","E","M","R","?","R","BOSS","M","$","M","M","?","E","R","E"],"items_purchased_type":["Relic"],"build_version":"2020-12-22","purchased_purges":2,"victory":false,"max_hp_per_floor":[68,68,68,68,68,68,68,68,68,68,68,68,68,68,68,68,68,68,68,68,68,68,68,68,68,68],"card_choices":[{"not_picked":["BasicCrystalCard","Hello World"],"picked":"hubris:Ukulele","floor":1},{"not_picked":["Turbo","Coolheaded","Panic Button"],"picked":"SKIP","floor":3},{"not_picked":["Panic Button","Go for the Eyes"],"picked":"Beam Cell","floor":4},{"not_picked":["Panic Button","Undo"],"picked":"Ball Lightning","floor":6},{"not_picked":["Lockon","Compile Driver"],"picked":"Double Energy","floor":7},{"not_picked":["Panic Button","Seek"],"picked":"Biased Cognition","floor":11},{"not_picked":["BasicCrystalCard","BootSequence"],"picked":"Gash","floor":12},{"not_picked":["Blizzard","Coolheaded","Panic Button"],"picked":"SKIP","floor":12},{"not_picked":["Defragment","ReplayTheSpireMod:Calculation Training"],"picked":"Gash","floor":14},{"not_picked":["BasicCrystalCard","Coolheaded","Storm"],"picked":"SKIP","floor":14},{"not_picked":["Fission","ReplayTheSpireMod:Omega Cannon"],"picked":"Echo Form","floor":16},{"not_picked":["Turbo","Undo"],"picked":"Tempest","floor":18},{"not_picked":["Compile Driver","Hologram","Force Field+1"],"picked":"SKIP","floor":18},{"not_picked":["Loop","Scrape"],"picked":"Gash","floor":20},{"not_picked":["Beam Cell","ReplayTheSpireMod:Calculation Training","Double Energy"],"picked":"SKIP","floor":20},{"not_picked":["Sweeping Beam+1","BootSequence"],"picked":"Scrape+1","floor":21},{"not_picked":["Turbo","Storm+1"],"picked":"Beam Cell","floor":21},{"not_picked":["Rip and Tear","Thunder Strike"],"picked":"Gash","floor":23}],"player_experience":436971,"relics_obtained":[{"floor":6,"key":"Replay:Mystery Machine"},{"floor":9,"key":"Omamori"},{"floor":11,"key":"Prayer Wheel"},{"floor":23,"key":"Bag of Preparation"}],"event_choices":[{"damage_healed":0,"gold_gain":275,"player_choice":"Desecrate","damage_taken":0,"max_hp_gain":0,"max_hp_loss":0,"event_name":"Golden Shrine","floor":2,"gold_loss":0,"cards_obtained":["Regret"]},{"damage_healed":0,"gold_gain":0,"player_choice":"Upgraded","damage_taken":0,"max_hp_gain":0,"max_hp_loss":0,"event_name":"Upgrade Shrine","floor":10,"gold_loss":0,"cards_upgraded":["Double Energy"]},{"cards_removed":["Strike_B"],"damage_healed":0,"gold_gain":0,"player_choice":"Elegance","damage_taken":0,"max_hp_gain":0,"max_hp_loss":0,"event_name":"Back to Basics","floor":22,"gold_loss":0}],"is_beta":false,"boss_relics":[{"not_picked":["FrozenCore","Busted Crown"],"picked":"hubris:Backtick"}],"items_purged_floors":[5,19],"is_endless":false,"potions_floor_spawned":[4,12,14,21],"killed_by":"Replay:Snechameleon","ascension_level":4}}