{"host":"j4g6ia6asvpyu2b0","time":1609894150,"event":{"mods":["BaseMod","Colored Map","Minty Spire (QoL Compilation)","Permanent Neow","Quick Restart","Relic Stats","StSLib","Unceasing Turn Reminder"],"gold_per_floor":[111,134,134,153,163,195,206,206,206],"floor_reached":8,"playtime":285,"items_purged":[],"score":75,"play_id":"9294023a-58f2-4056-9ee9-7c67a2390286","local_time":"20210105174910","is_ascension_mode":true,"campfire_choices":[],"circlet_count":0,"master_deck":["Strike_R","Strike_R","Strike_R","Strike_R","Strike_R","Defend_R","Defend_R","Defend_R","Defend_R","Bash","Ghostly Armor","Evolve","Sentinel","Uppercut","Whirlwind"],"relics":["Black Star","Anchor","Dream Catcher","Juzu Bracelet"],"acts_visited":["Exordium"],"potions_floor_usage":[6,8,8],"damage_taken":[{"damage":6,"enemies":"Cultist","floor":1,"turns":4},{"damage":4,"enemies":"Jaw Worm","floor":4,"turns":4},{"damage":0,"enemies":"Small Slimes","floor":5,"turns":4},{"damage":15,"enemies":"3 Sentries","floor":6,"turns":13},{"damage":23,"enemies":"Exordium Wildlife","floor":7,"turns":8},{"damage":25,"enemies":"Lagavulin","floor":8,"turns":3}],"seed_played":"-1964237806243229768","potions_obtained":[{"floor":1,"key":"FearPotion"},{"floor":3,"key":"Energy Potion"},{"floor":3,"key":"FearPotion"},{"floor":4,"key":"Strength Potion"},{"floor":7,"key":"Fire Potion"}],"is_trial":false,"path_per_floor":["M","T","?","M","M","E","M","E"],"character_chosen":"IRONCLAD","items_purchased":[],"campfire_rested":0,"item_purchase_floors":[],"current_hp_per_floor":[66,66,66,62,62,47,24,0,0],"gold":206,"neow_bonus":"BOSS_RELIC","is_daily":false,"chose_seed":false,"campfire_upgraded":0,"win_rate":0.0,"timestamp":1609894150,"path_taken":["M","?","?","?","M","E","M","E"],"items_purchased_type":[],"build_version":"2020-12-22","purchased_purges":0,"victory":false,"max_hp_per_floor":[80,80,80,80,80,80,80,80,80],"relic_stats":{"Dream Catcher":0,"counters":[6,36],"Black Star":1,"Juzu Bracelet":0,"obtain_stats":[{"Anchor":2,"Dream Catcher":6,"Black Star":0,"Juzu Bracelet":6,"Burning Blood":0},{"Anchor":1,"Dream Catcher":4,"Black Star":0,"Juzu Bracelet":4,"Burning Blood":0},{"Anchor":4,"Dream Catcher":25,"Black Star":0,"Juzu Bracelet":25,"Burning Blood":0}]},"card_choices":[{"not_picked":["Burning Pact","Heavy Blade"],"picked":"Ghostly Armor","floor":1},{"not_picked":["Sword Boomerang","Wild Strike"],"picked":"Evolve","floor":4},{"not_picked":["Reckless Charge","Clash"],"picked":"Sentinel","floor":5},{"not_picked":["True Grit","Shockwave"],"picked":"Uppercut","floor":6},{"not_picked":["Pommel Strike","Dual Wield"],"picked":"Whirlwind","floor":7}],"player_experience":726296,"relics_obtained":[{"floor":2,"key":"Anchor"},{"floor":6,"key":"Dream Catcher"},{"floor":6,"key":"Juzu Bracelet"}],"event_choices":[{"damage_healed":0,"gold_gain":0,"player_choice":"Got Potions","damage_taken":0,"max_hp_gain":0,"max_hp_loss":0,"event_name":"Lab","floor":3,"gold_loss":0}],"is_beta":false,"boss_relics":[],"items_purged_floors":[],"is_endless":false,"potions_floor_spawned":[1,4,7],"killed_by":"Lagavulin","ascension_level":6}}