{"host":"xx5zt3jtdyh8iun7","time":1609931783,"event":{"mods":["AchievementEnabler","Act Like it!","BaseMod","Gensokyo","Minty Spire (QoL Compilation)","StSLib"],"gold_per_floor":[114,114,126,126,126,154,154,166,166,199,199,228,243,16,16,121,121,131,342,358,358,374,401,420,445,470,484,514,514,546,557,557,557,557],"floor_reached":33,"playtime":3912,"items_purged":[],"score":438,"play_id":"f0b383fa-008b-45c1-9d73-99dfa08caca3","local_time":"20210106121623","is_ascension_mode":true,"campfire_choices":[{"data":"Gensokyo:CrescentMoonSlash","floor":7,"key":"SMITH"},{"data":"Tactician","floor":11,"key":"SMITH"},{"data":"Infinite Blades","floor":15,"key":"SMITH"},{"floor":29,"key":"REST"},{"floor":32,"key":"REST"}],"circlet_count":0,"master_deck":["Strike_G","Strike_G","Strike_G","Strike_G","Strike_G","Defend_G","Defend_G+1","Defend_G","Defend_G","Defend_G","Survivor+1","Neutralize","Tactician+1","Gensokyo:CrescentMoonSlash+1","Sucker Punch","Backflip","Acrobatics","Infinite Blades+1","Expertise","Burst","Underhanded Strike","Flechettes+1","Accuracy+1","Dagger Throw","Heel Hook","Choke","Envenom+1","Leg Sweep+1","Bane","Acrobatics","Underhanded Strike","Terror+1","Infinite Blades+1"],"relics":["Ring of the Snake","NeowsBlessing","Happy Flower","Gensokyo:CelestialsFlawlessClothing","Akabeko","StrikeDummy","Centennial Puzzle","Bottled Lightning","Fusion Hammer","Dream Catcher","Incense Burner","Gensokyo:ChorusOfJoy","Boot","Frozen Egg 2","Lantern","War Paint","Art of War"],"acts_visited":["Gensokyo:Gensokyo","Gensokyo:Gensokyoer"],"potions_floor_usage":[12,12,16,23,23,25,30],"damage_taken":[{"damage":0,"enemies":"Gensokyo:2_Kodama","floor":1,"turns":1},{"damage":0,"enemies":"Gensokyo:Gryphon","floor":3,"turns":1},{"damage":0,"enemies":"Gensokyo:Aya","floor":6,"turns":1},{"damage":0,"enemies":"Gensokyo:Python","floor":8,"turns":2},{"damage":6,"enemies":"Gensokyo:Cirno","floor":10,"turns":5},{"damage":5,"enemies":"Gensokyo:Aya","floor":12,"turns":5},{"damage":1,"enemies":"Gensokyo:VengefulSpirit","floor":13,"turns":3},{"damage":17,"enemies":"Gensokyo:Reimu","floor":16,"turns":7},{"damage":21,"enemies":"Gensokyo:AngelMirror","floor":18,"turns":6},{"damage":9,"enemies":"Gensokyo:Chomper","floor":19,"turns":5},{"damage":5,"enemies":"Gensokyo:Monolith_and_Dog","floor":20,"turns":7},{"damage":0,"enemies":"Gensokyo:Wraith","floor":22,"turns":4},{"damage":0,"enemies":"Gensokyo:Reisen","floor":23,"turns":5},{"damage":9,"enemies":"Gensokyo:3_Gloops","floor":24,"turns":4},{"damage":0,"enemies":"Gensokyo:Koishi","floor":25,"turns":6},{"damage":4,"enemies":"Gensokyo:Swordslinger","floor":27,"turns":3},{"damage":5,"enemies":"Gensokyo:Reisen","floor":28,"turns":6},{"damage":13,"enemies":"Gensokyo:Koishi","floor":30,"turns":4},{"damage":4,"enemies":"Gensokyo:Monolith_and_Dog","floor":31,"turns":5},{"damage":137,"enemies":"Gensokyo:Eternal_Rivals","floor":33,"turns":10}],"seed_played":"-5577786124702351504","potions_obtained":[{"floor":6,"key":"Swift Potion"},{"floor":8,"key":"Dexterity Potion"},{"floor":10,"key":"SpeedPotion"},{"floor":16,"key":"Swift Potion"},{"floor":18,"key":"ColorlessPotion"},{"floor":20,"key":"GhostInAJar"},{"floor":25,"key":"Ancient Potion"},{"floor":27,"key":"Poison Potion"}],"is_trial":false,"path_per_floor":["M","?","M","?","?","E","R","M","T","E","R","E","M","COS","R","B",null,"M","M","M","?","M","E","M","E","T","M","E","R","E","M","R","B"],"character_chosen":"THE_SILENT","items_purchased":[],"campfire_rested":2,"item_purchase_floors":[],"current_hp_per_floor":[70,70,70,53,43,43,43,43,43,37,37,32,31,31,31,14,70,49,40,35,35,35,35,26,26,26,22,17,38,25,21,42,0,0],"gold":557,"neow_bonus":"THREE_ENEMY_KILL","is_daily":false,"chose_seed":false,"campfire_upgraded":3,"win_rate":0.0,"timestamp":1609931783,"path_taken":["M","?","?","?","?","E","R","M","T","E","R","E","M","COS","R","BOSS","M","M","M","?","M","E","M","E","T","?","E","R","E","M","R","BOSS"],"items_purchased_type":[],"build_version":"2020-12-22","purchased_purges":0,"victory":false,"max_hp_per_floor":[70,70,70,70,70,70,70,70,70,70,70,70,70,70,70,70,70,70,70,70,70,70,70,70,70,70,70,70,70,70,70,70,70,70],"card_choices":[{"not_picked":["Quick Slash","Poisoned Stab"],"picked":"All Out Attack","floor":1},{"not_picked":["Escape Plan","Dodge and Roll"],"picked":"Tactician","floor":3},{"not_picked":["Crippling Poison","Deadly Poison"],"picked":"Sucker Punch","floor":6},{"not_picked":["Blur","Deflect"],"picked":"Backflip","floor":8},{"not_picked":["Leg Sweep","Backflip"],"picked":"Acrobatics","floor":10},{"not_picked":["Tactician","Blade Dance"],"picked":"Infinite Blades","floor":12},{"not_picked":["Unload","Noxious Fumes"],"picked":"Expertise","floor":13},{"not_picked":["After Image","Malaise"],"picked":"Burst","floor":16},{"not_picked":["Well Laid Plans","Blade Dance"],"picked":"Underhanded Strike","floor":18},{"not_picked":["Quick Slash+1","Slice"],"picked":"Flechettes+1","floor":19},{"not_picked":["Flechettes","Expertise"],"picked":"Accuracy+1","floor":20},{"not_picked":["Concentrate+1","Backstab"],"picked":"Dagger Throw","floor":22},{"not_picked":["Flying Knee+1","Underhanded Strike+1"],"picked":"Heel Hook","floor":23},{"not_picked":["Skewer","Backstab"],"picked":"Choke","floor":24},{"not_picked":["PiercingWail","Dagger Spray+1"],"picked":"Envenom+1","floor":25},{"not_picked":["Choke","Concentrate+1"],"picked":"Leg Sweep+1","floor":27},{"not_picked":["Outmaneuver","Backstab"],"picked":"Bane","floor":28},{"not_picked":["Underhanded Strike+1","Slice"],"picked":"Acrobatics","floor":29},{"not_picked":["Cloak And Dagger+1","Noxious Fumes+1"],"picked":"Underhanded Strike","floor":30},{"not_picked":["Distraction+1","Dodge and Roll"],"picked":"Terror+1","floor":31},{"not_picked":["Cloak And Dagger","Outmaneuver"],"picked":"Infinite Blades+1","floor":32}],"player_experience":582210,"relics_obtained":[{"floor":6,"key":"Akabeko"},{"floor":9,"key":"StrikeDummy"},{"floor":10,"key":"Centennial Puzzle"},{"floor":12,"key":"Bottled Lightning"},{"floor":23,"key":"Boot"},{"floor":25,"key":"Frozen Egg 2"},{"floor":26,"key":"Lantern"},{"floor":28,"key":"War Paint"},{"floor":30,"key":"Art of War"}],"event_choices":[],"is_beta":false,"boss_relics":[{"not_picked":["Snecko Eye","Ectoplasm"],"picked":"Fusion Hammer"}],"items_purged_floors":[],"is_endless":false,"potions_floor_spawned":[6,8,10,16,18,20,25,27],"killed_by":"Gensokyo:Eternal_Rivals","ascension_level":1}}