{"host":"kh6fvhxn285ncg0o","time":1609957128,"event":{"mods":["Act Like it!","BaseMod","Colored Map","Friendly Minions","Keyboard Shortcuts","Minty Spire (QoL Compilation)","Quick Restart","Relic Stats","StSLib","SuperFastMode"],"gold_per_floor":[110,110,110,130,150,185,185,216,216,233,245,170,170,183,183,258,258,275,275,291,291,291],"floor_reached":21,"playtime":455,"items_purged":[],"score":382,"play_id":"46da7229-b939-4a86-985b-30e1e19c17cd","local_time":"20210107031848","is_ascension_mode":true,"campfire_choices":[{"floor":7,"key":"REST"},{"floor":13,"key":"REST"},{"data":"Uppercut","floor":15,"key":"SMITH"}],"circlet_count":0,"master_deck":["AscendersBane","Strike_R","Strike_R","Strike_R","Defend_R","Defend_R+1","Defend_R+1","Defend_R","Bash","Wild Strike","Sever Soul","Clothesline","Uppercut+1","Battle Trance","Dropkick","Dark Embrace","Corruption","CurseOfTheBell","Infernal Blade","Decay","Exhume","Body Slam"],"relics":["Sozu","Kunai","Eternal Feather","Sundial","Calling Bell","Dream Catcher","Shuriken","Du-Vu Doll"],"acts_visited":["Exordium","TheCity"],"potions_floor_usage":[],"damage_taken":[{"damage":7,"enemies":"Small Slimes","floor":1,"turns":4},{"damage":0,"enemies":"2 Louse","floor":4,"turns":3},{"damage":1,"enemies":"Cultist","floor":5,"turns":3},{"damage":27,"enemies":"3 Sentries","floor":6,"turns":9},{"damage":6,"enemies":"Gremlin Nob","floor":8,"turns":3},{"damage":8,"enemies":"Looter","floor":10,"turns":3},{"damage":3,"enemies":"Exordium Wildlife","floor":11,"turns":4},{"damage":6,"enemies":"3 Louse","floor":14,"turns":3},{"damage":1,"enemies":"The Guardian","floor":16,"turns":12},{"damage":12,"enemies":"Shell Parasite","floor":18,"turns":4},{"damage":36,"enemies":"Spheric Guardian","floor":20,"turns":5},{"damage":21,"enemies":"Chosen and Byrds","floor":21,"turns":5}],"seed_played":"-5116653307865735079","potions_obtained":[],"is_trial":false,"path_per_floor":["M","?","?","M","M","E","R","E","T","M","M","?","R","M","R","B",null,"M","?","M","M"],"character_chosen":"IRONCLAD","items_purchased":[],"campfire_rested":2,"item_purchase_floors":[],"current_hp_per_floor":[61,54,31,31,30,3,25,19,19,11,8,8,39,33,42,41,67,55,55,19,0,0],"gold":291,"neow_bonus":"BOSS_RELIC","is_daily":false,"chose_seed":false,"campfire_upgraded":1,"win_rate":0.0,"timestamp":1609957128,"path_taken":["M","?","?","M","M","E","R","E","T","M","M","?","R","M","R","BOSS","M","?","M","?"],"items_purchased_type":[],"build_version":"2020-12-22","purchased_purges":0,"victory":false,"max_hp_per_floor":[75,75,75,75,75,75,75,75,75,75,75,75,75,75,75,75,75,75,75,75,75,75],"relic_stats":{"Sozu":6,"Dream Catcher":0,"counters":[12,58],"Sundial":[6],"Shuriken":[5],"Eternal Feather":18,"Kunai":[13],"obtain_stats":[{"Sozu":0,"Calling Bell":17,"Du-Vu Doll":17,"Dream Catcher":17,"Sundial":9,"Shuriken":17,"Eternal Feather":8,"Kunai":6,"Burning Blood":0},{"Sozu":0,"Calling Bell":9,"Du-Vu Doll":9,"Dream Catcher":9,"Sundial":5,"Shuriken":9,"Eternal Feather":5,"Kunai":4,"Burning Blood":0},{"Sozu":0,"Calling Bell":44,"Du-Vu Doll":44,"Dream Catcher":44,"Sundial":22,"Shuriken":44,"Eternal Feather":22,"Kunai":19,"Burning Blood":0}]},"card_choices":[{"not_picked":["Iron Wave","Entrench"],"picked":"Wild Strike","floor":1},{"not_picked":["Rage","Sword Boomerang"],"picked":"Sever Soul","floor":4},{"not_picked":["Perfected Strike","Warcry"],"picked":"Clothesline","floor":5},{"not_picked":["Bloodletting","Headbutt"],"picked":"Uppercut","floor":6},{"not_picked":["True Grit","Anger"],"picked":"Battle Trance","floor":8},{"not_picked":["Havoc","Flex"],"picked":"Dropkick","floor":10},{"not_picked":["Clash","Uppercut","Headbutt"],"picked":"SKIP","floor":11},{"not_picked":["Juggernaut","True Grit"],"picked":"Dark Embrace","floor":14},{"not_picked":["Brutality","Reaper"],"picked":"Corruption","floor":16},{"not_picked":["Dark Embrace","Thunderclap","Havoc"],"picked":"SKIP","floor":18},{"not_picked":["Warcry","Perfected Strike"],"picked":"Body Slam","floor":20}],"player_experience":3379320,"relics_obtained":[{"floor":6,"key":"Kunai"},{"floor":8,"key":"Eternal Feather"},{"floor":9,"key":"Sundial"},{"floor":17,"key":"Dream Catcher"},{"floor":17,"key":"Shuriken"},{"floor":17,"key":"Du-Vu Doll"}],"event_choices":[{"cards_removed":["Strike_R"],"damage_healed":0,"gold_gain":0,"player_choice":"Card Removal","damage_taken":7,"max_hp_gain":0,"max_hp_loss":0,"event_name":"Golden Wing","floor":2,"gold_loss":0},{"damage_healed":0,"gold_gain":0,"player_choice":"Entered Light","damage_taken":23,"max_hp_gain":0,"max_hp_loss":0,"event_name":"Shining Light","floor":3,"gold_loss":0,"cards_upgraded":["Defend_R","Defend_R"]},{"cards_removed":["Strike_R"],"damage_healed":0,"gold_gain":0,"player_choice":"Card Removal","damage_taken":0,"max_hp_gain":0,"max_hp_loss":0,"event_name":"The Cleric","floor":12,"gold_loss":75},{"damage_healed":0,"gold_gain":0,"player_choice":"3 cards matched","damage_taken":0,"max_hp_gain":0,"max_hp_loss":0,"event_name":"Match and Keep!","floor":19,"gold_loss":0,"cards_obtained":["Infernal Blade","Decay","Exhume"]}],"is_beta":false,"boss_relics":[{"not_picked":["Ectoplasm","Fusion Hammer"],"picked":"Calling Bell"}],"items_purged_floors":[],"is_endless":false,"potions_floor_spawned":[5,8,10,11,18,20],"killed_by":"Chosen and Byrds","ascension_level":20}}