{"host":"pwvccrb83t5l255a","time":1609967015,"event":{"mods":["2.2 Compatiblity","AchievementEnabler","BaseMod","Bestiary","BetterRewards","Block Reminder","Colored Map","Colored Powertips","Curses Come First","Googly Eyes","Minty Spire (QoL Compilation)","Quick Restart","Rare Cards Sparkle","Relic Sorter","Relic Stats","StSLib","The IronCluck"],"gold_per_floor":[118,118,118,134,147,178,243,258,283,301,3,13,29,43,43,147,197,208,219,219,237,13,13,13,13,37,37,54,54,65,76,76,76,76],"floor_reached":33,"playtime":1748,"items_purged":[],"score":291,"play_id":"63ccc6d4-82c6-41f9-a1f1-4611fcad96b7","local_time":"20210106160335","is_ascension_mode":true,"campfire_choices":[{"floor":15,"key":"REST"},{"floor":23,"key":"RECALL"},{"floor":32,"key":"REST"}],"circlet_count":0,"master_deck":["Strike_R","Strike_R","Strike_R","Strike_R","Strike_R","Defend_R","Defend_R","Defend_R+1","Defend_R+1","Bash+1","Perfected Strike","Cleave","Demon Form","Cleave","Twin Strike","Anger","Limit Break","Sever Soul+1","Shame"],"relics":["Burning Blood","Toy Ornithopter","Red Skull","Ancient Tea Set","Membership Card","Eternal Feather","Tiny House","Frozen Egg 2","Lee\u0027s Waffle","Self Forming Clay","Bottled Lightning","War Paint"],"acts_visited":["Exordium","TheCity"],"potions_floor_usage":[16,16,22,31,33,33,33],"damage_taken":[{"damage":6,"enemies":"Cultist","floor":1,"turns":4},{"damage":0,"enemies":"Small Slimes","floor":4,"turns":3},{"damage":13,"enemies":"Jaw Worm","floor":5,"turns":3},{"damage":22,"enemies":"3 Sentries","floor":6,"turns":6},{"damage":22,"enemies":"3 Sentries","floor":7,"turns":4},{"damage":16,"enemies":"Red Slaver","floor":8,"turns":3},{"damage":12,"enemies":"2 Fungi Beasts","floor":10,"turns":2},{"damage":6,"enemies":"Lots of Slimes","floor":12,"turns":3},{"damage":0,"enemies":"Looter","floor":13,"turns":2},{"damage":5,"enemies":"Exordium Wildlife","floor":14,"turns":2},{"damage":11,"enemies":"Slime Boss","floor":16,"turns":6},{"damage":10,"enemies":"Chosen","floor":18,"turns":4},{"damage":28,"enemies":"Shell Parasite","floor":19,"turns":6},{"damage":43,"enemies":"Cultist and Chosen","floor":21,"turns":6},{"damage":21,"enemies":"Snake Plant","floor":28,"turns":4},{"damage":29,"enemies":"Colosseum Slavers","floor":29,"turns":3},{"damage":26,"enemies":"Centurion and Healer","floor":30,"turns":5},{"damage":30,"enemies":"Shelled Parasite and Fungi","floor":31,"turns":6},{"damage":98,"enemies":"Automaton","floor":33,"turns":8}],"seed_played":"8873340436896040178","potions_obtained":[{"floor":4,"key":"AttackPotion"},{"floor":6,"key":"ElixirPotion"},{"floor":12,"key":"BloodPotion"},{"floor":16,"key":"GamblersBrew"},{"floor":17,"key":"GamblersBrew"},{"floor":19,"key":"BlessingOfTheForge"},{"floor":21,"key":"Fruit Juice"},{"floor":31,"key":"ColorlessPotion"}],"is_trial":false,"path_per_floor":["M","$","?","M","M","E","?","M","T","M","$","M","M","M","R","B",null,"M","M","?","M","$","R","?","T","T","?","M","?","M","M","R","B"],"character_chosen":"IRONCLAD","items_purchased":["Membership Card","Eternal Feather","SkillPotion","Frozen Egg 2","Lee\u0027s Waffle","BloodPotion"],"campfire_rested":2,"item_purchase_floors":[11,11,11,22,22,22],"current_hp_per_floor":[80,80,80,80,73,57,41,31,31,25,25,25,31,32,65,70,85,81,59,59,22,97,97,97,97,97,78,63,40,20,21,60,0,0],"gold":76,"neow_bonus":"RANDOM_COMMON_RELIC","is_daily":false,"chose_seed":false,"campfire_upgraded":0,"win_rate":0.0,"timestamp":1609967015,"path_taken":["M","?","?","M","M","E","?","M","T","M","?","M","?","M","R","BOSS","M","M","?","?","$","R","?","?","T","?","M","?","M","M","R","BOSS"],"items_purchased_type":["Relic","Relic","Potion","Relic","Relic","Potion"],"build_version":"2020-12-22","purchased_purges":0,"victory":false,"max_hp_per_floor":[80,80,80,80,80,80,80,80,80,80,80,80,80,80,80,80,85,85,85,85,85,97,97,97,97,97,102,102,102,102,102,102,102,102],"relic_stats":{"Lee\u0027s Waffle":65,"counters":[19,80],"Self Forming Clay":[66],"Eternal Feather":18,"War Paint":["Defend_R","Defend_R"],"obtain_stats":[{"Lee\u0027s Waffle":22,"Tiny House":17,"Self Forming Clay":24,"Eternal Feather":11,"Membership Card":11,"Bottled Lightning":25,"Frozen Egg 2":22,"War Paint":26,"Ancient Tea Set":7,"Burning Blood":0,"Toy Ornithopter":0,"Red Skull":6},{"Lee\u0027s Waffle":14,"Tiny House":11,"Self Forming Clay":14,"Eternal Feather":7,"Membership Card":7,"Bottled Lightning":14,"Frozen Egg 2":14,"War Paint":14,"Ancient Tea Set":5,"Burning Blood":0,"Toy Ornithopter":0,"Red Skull":4},{"Lee\u0027s Waffle":54,"Tiny House":38,"Self Forming Clay":54,"Eternal Feather":25,"Membership Card":25,"Bottled Lightning":54,"Frozen Egg 2":54,"War Paint":54,"Ancient Tea Set":20,"Burning Blood":0,"Toy Ornithopter":0,"Red Skull":16}],"Burning Blood":102,"Toy Ornithopter":35},"card_choices":[{"not_picked":["Wild Strike","Sword Boomerang"],"picked":"Perfected Strike","floor":1},{"not_picked":["Wild Strike","Clothesline","Heavy Blade"],"picked":"SKIP","floor":4},{"not_picked":["Twin Strike","Thunderclap"],"picked":"Cleave","floor":5},{"not_picked":["Havoc","Entrench"],"picked":"Demon Form","floor":6},{"not_picked":["Uppercut","Searing Blow"],"picked":"Cleave","floor":7},{"not_picked":["Headbutt","True Grit"],"picked":"Twin Strike","floor":8},{"not_picked":["Warcry","Sword Boomerang","Dual Wield"],"picked":"SKIP","floor":10},{"not_picked":["Flex","Ghostly Armor","Heavy Blade"],"picked":"SKIP","floor":12},{"not_picked":["Cleave","Fire Breathing","Uppercut"],"picked":"SKIP","floor":13},{"not_picked":["Headbutt","Sword Boomerang"],"picked":"Anger","floor":14},{"not_picked":["Double Tap","Bludgeon"],"picked":"Limit Break","floor":16},{"not_picked":["Sword Boomerang","Anger"],"picked":"Hemokinesis","floor":17},{"not_picked":["Clothesline","Dual Wield","Infernal Blade"],"picked":"SKIP","floor":18},{"not_picked":["Carnage","Anger"],"picked":"Sever Soul+1","floor":19},{"not_picked":["Carnage","Perfected Strike","Armaments"],"picked":"SKIP","floor":21},{"not_picked":["Entrench","Flex+1","Wild Strike"],"picked":"SKIP","floor":28},{"not_picked":["Twin Strike+1","Flex+1","Warcry"],"picked":"SKIP","floor":30},{"not_picked":["Twin Strike","Armaments","Iron Wave"],"picked":"SKIP","floor":31}],"player_experience":227355,"relics_obtained":[{"floor":6,"key":"Red Skull"},{"floor":7,"key":"Ancient Tea Set"},{"floor":25,"key":"Bottled Lightning"},{"floor":26,"key":"War Paint"}],"event_choices":[{"damage_healed":0,"gold_gain":0,"player_choice":"Leave","damage_taken":0,"max_hp_gain":0,"max_hp_loss":0,"event_name":"The Cleric","floor":3,"gold_loss":0},{"damage_healed":0,"gold_gain":0,"player_choice":"Searched \u00272\u0027 times","damage_taken":0,"max_hp_gain":0,"max_hp_loss":0,"event_name":"Dead Adventurer","floor":7,"gold_loss":0},{"cards_removed":["Hemokinesis"],"damage_healed":0,"gold_gain":0,"player_choice":"Purged","damage_taken":0,"max_hp_gain":0,"max_hp_loss":0,"event_name":"Purifier","floor":20,"gold_loss":0},{"damage_healed":0,"gold_gain":0,"player_choice":"Stole Relic","damage_taken":0,"relics_obtained":["Self Forming Clay"],"max_hp_gain":0,"max_hp_loss":0,"event_name":"Addict","floor":24,"gold_loss":0,"cards_obtained":["Shame"]},{"damage_healed":0,"gold_gain":0,"player_choice":"Shed Blood","damage_taken":24,"max_hp_gain":5,"max_hp_loss":0,"event_name":"Forgotten Altar","floor":27,"gold_loss":0},{"damage_healed":0,"gold_gain":0,"player_choice":"Fight","damage_taken":0,"max_hp_gain":0,"max_hp_loss":0,"event_name":"Colosseum","floor":29,"gold_loss":0},{"damage_healed":0,"gold_gain":0,"player_choice":"Fled From Nobs","damage_taken":0,"max_hp_gain":0,"max_hp_loss":0,"event_name":"Colosseum","floor":29,"gold_loss":0}],"is_beta":false,"boss_relics":[{"not_picked":["Coffee Dripper","Empty Cage"],"picked":"Tiny House"}],"items_purged_floors":[],"is_endless":false,"potions_floor_spawned":[4,6,12,13,16,19,21,29,31],"killed_by":"Automaton","ascension_level":1}}