{"host":"b0l902yh1rk3g5bq","time":1609898897,"event":{"mods":["AchievementEnabler","Act Like it!","Aspiration","BaseMod","Better Match","Better Sensory Stone","Better Skull","Better Third Choice","BetterRewards","Challenge The Spire","Colored Map","Colored Powertips","Conspire","Downfall","Energized Spire","GifTheSpireLib","Halation","Hubris","Infinite Spire","Minty Spire (QoL Compilation)","Quick Restart","Rare Cards Sparkle","Replay The Spire","StSLib","Stuff the Spire","Trackpad","Virulent Crown","Wandering Minibosses","egg","everything is the same but u backflip on backflip","vexMod"],"gold_per_floor":[113,113,113,113,113,139,168,168,168,203,232,232,267,299,299,399,399,399,399],"floor_reached":18,"playtime":736,"items_purged":[],"score":212,"play_id":"302b6357-37f4-476b-971c-454209419b44","local_time":"20210106030817","daily_mods":["Draft","Heirloom","Flight","DeadlyEvents","Elite Swarm"],"is_ascension_mode":true,"campfire_choices":[{"data":"Armaments","floor":8,"key":"SMITH"},{"data":"Searing Blow","floor":12,"key":"SMITH"},{"floor":15,"key":"REST"}],"circlet_count":0,"master_deck":["Clothesline","Armaments+1","Spot Weakness","Searing Blow+1","Armaments","Clothesline","Shrug It Off","Carnage","Fire Breathing","Whirlwind+1","Feel No Pain","Run Through","Iron Wave","Disarm","Bloodletting","Replay:Undeath\u0027s Touch","Demon Form+1","Barricade+1","Feed","conspire:Purge","Juggernaut+1"],"relics":["Burning Blood","hubris:BundleOfHerbs","Frozen Egg 2","vexMod:ScavengeHelm","hubris:DeckOfHolding","hubris:MobiusCoin","hubris:TinFlute","infinitespire:Lucky Rock","Pondfish Scales","Sundial","hubris:SphereOfDissonance"],"acts_visited":["Exordium","TheCity"],"potions_floor_usage":[],"damage_taken":[{"damage":3,"enemies":"Small Slimes","floor":1,"turns":1},{"damage":18,"enemies":"Lagavulin","floor":6,"turns":8},{"damage":11,"enemies":"3 Sentries","floor":7,"turns":5},{"damage":9,"enemies":"Lagavulin","floor":10,"turns":6},{"damage":29,"enemies":"Gremlin Nob","floor":11,"turns":5},{"damage":4,"enemies":"Lagavulin","floor":13,"turns":6},{"damage":27,"enemies":"Gremlin Nob","floor":14,"turns":4},{"damage":10,"enemies":"Hexaghost","floor":16,"turns":9},{"damage":0,"enemies":"2 Thieves","floor":18,"turns":1}],"seed_played":"-5068997502610531112","potions_obtained":[{"floor":1,"key":"Weak Potion"},{"floor":7,"key":"SpeedPotion"},{"floor":10,"key":"Fire Potion"}],"is_trial":true,"path_per_floor":["M","?","?","?","T","E","E","R","T","E","E","R","E","E","R","B",null,"M"],"character_chosen":"IRONCLAD","items_purchased":[],"campfire_rested":1,"item_purchase_floors":[],"current_hp_per_floor":[80,85,85,85,85,73,68,68,68,65,42,42,44,23,48,44,85,85,85],"gold":399,"neow_bonus":"","is_daily":false,"chose_seed":false,"campfire_upgraded":2,"win_rate":0.0,"timestamp":1609898897,"path_taken":["M","?","?","?","?","E","E","R","T","E","E","R","E","E","R","BOSS","M"],"items_purchased_type":[],"build_version":"2020-12-22","purchased_purges":0,"victory":false,"max_hp_per_floor":[80,85,85,85,85,85,85,85,85,85,85,85,85,85,85,85,85,85,85],"card_choices":[{"not_picked":["hubris:ReadiedAction","Body Slam"],"picked":"Clothesline","floor":0},{"not_picked":["Body Slam","Perfected Strike"],"picked":"Armaments","floor":0},{"not_picked":["True Grit","Warcry"],"picked":"Spot Weakness","floor":0},{"not_picked":["ReplayTheSpireMod:Strike From Hell","StuffTheSpire:RockThrow"],"picked":"Searing Blow","floor":0},{"not_picked":["StuffTheSpire:Slingshot","ReplayTheSpireMod:LeadingStrike"],"picked":"Armaments","floor":0},{"not_picked":["StuffTheSpire:Resist","StuffTheSpire:RockThrow"],"picked":"Clothesline","floor":0},{"not_picked":["Spot Weakness","Perfected Strike"],"picked":"Shrug It Off","floor":0},{"not_picked":["Clothesline","Perfected Strike"],"picked":"Carnage","floor":0},{"not_picked":["Flame Barrier","Clash"],"picked":"Fire Breathing","floor":0},{"not_picked":["StuffTheSpire:RockThrow","hubris:ReadiedAction"],"picked":"Whirlwind","floor":0},{"not_picked":["Wild Strike","Sentinel"],"picked":"Feel No Pain","floor":0},{"not_picked":["StuffTheSpire:Pyroclast","Heavy Blade"],"picked":"Run Through","floor":0},{"not_picked":["infinitespire:OneForAll","Sentinel"],"picked":"Iron Wave","floor":0},{"not_picked":["True Grit","hubris:ReadiedAction"],"picked":"Disarm","floor":0},{"not_picked":["Havoc","hubris:ReadiedAction"],"picked":"Bloodletting","floor":0},{"not_picked":["StuffTheSpire:Incineration","Sword Boomerang"],"picked":"Replay:Undeath\u0027s Touch","floor":1},{"not_picked":["Fiend Fire","Double Tap"],"picked":"Demon Form+1","floor":6},{"not_picked":["Replay:Many Hands","StuffTheSpire:TitanForm+1","Eclipse"],"picked":"SKIP","floor":7},{"not_picked":["conspire:Purge","Double Tap"],"picked":"Barricade+1","floor":10},{"not_picked":["Offering","Fiend Fire"],"picked":"Feed","floor":11},{"not_picked":["Hemogenesis","hubris:StunningStrike"],"picked":"conspire:Purge","floor":13},{"not_picked":["Limit Break","Bludgeon"],"picked":"Juggernaut+1","floor":14}],"player_experience":619976,"relics_obtained":[{"floor":5,"key":"vexMod:ScavengeHelm"},{"floor":6,"key":"hubris:DeckOfHolding"},{"floor":7,"key":"hubris:MobiusCoin"},{"floor":9,"key":"hubris:TinFlute"},{"floor":10,"key":"infinitespire:Lucky Rock"},{"floor":11,"key":"Pondfish Scales"},{"floor":13,"key":"Sundial"},{"floor":14,"key":"hubris:SphereOfDissonance"}],"event_choices":[{"damage_healed":0,"gold_gain":0,"player_choice":"Donut","damage_taken":0,"max_hp_gain":5,"max_hp_loss":0,"event_name":"Big Fish","floor":2,"gold_loss":0},{"damage_healed":0,"gold_gain":0,"player_choice":"Grow","damage_taken":0,"max_hp_gain":0,"max_hp_loss":0,"event_name":"Living Wall","floor":3,"gold_loss":0,"cards_upgraded":["Whirlwind"]}],"is_beta":false,"boss_relics":[{"not_picked":["expansioncontent:StudyCardRelic","conspire:RunicOctahedron","halation:MonkeysPaw"]}],"items_purged_floors":[],"is_endless":false,"potions_floor_spawned":[1,7,10,16],"killed_by":"2 Thieves","ascension_level":1}}