{"host":"os9owiyb0rak6c8n","time":1609953440,"event":{"mods":["AchievementEnabler","Astrologer","BaseMod","Beaked The Cultist","Better Third Choice","Block Reminder","Colored Map","Colored Powertips","Dio Mod","Minty Spire (QoL Compilation)","Robot Space Explorer","Spicy Shops","StSLib","The Death Knight","The Necromancer"],"gold_per_floor":[112,39,53,66,83,108,108,119,119,119,146,146,175,195,195,295,295,315,34,47,66,66,66,85,85,85,85,101,127,144,157,157,255,255,272,290,303,303,303,303,303,329,329,329,349,120,120,153,153,153,153],"floor_reached":50,"playtime":1421,"items_purged":["Strike_B","Strike_B"],"score":828,"play_id":"b081a9c4-11c1-4c82-ae3d-72127e60a022","local_time":"20210106181720","is_ascension_mode":true,"campfire_choices":[{"data":"Sweeping Beam","floor":10,"key":"SMITH"},{"floor":12,"key":"REST"},{"data":"Sunder","floor":15,"key":"SMITH"},{"data":"Hologram","floor":23,"key":"SMITH"},{"floor":25,"key":"REST"},{"data":"Go for the Eyes","floor":27,"key":"SMITH"},{"floor":32,"key":"REST"},{"data":"Defragment","floor":40,"key":"SMITH"},{"floor":47,"key":"REST"},{"floor":49,"key":"REST"}],"circlet_count":0,"master_deck":["AscendersBane","Defend_B","Defend_B","Defend_B","Zap","Dualcast","Ball Lightning","Genetic Algorithm","Core Surge+1","Skim","Beam Cell","Ball Lightning","Reboot","Sweeping Beam+1","Sunder+1","Electrodynamics","Hologram+1","Go for the Eyes+1","Static Discharge+1","Doom and Gloom","Defragment+1","Cold Snap","Conserve Battery+1","Self Repair","Stack+1","Hologram+1"],"relics":["Cracked Core","Letter Opener","Strawberry","Bronze Scales","Boot","Empty Cage","Vajra","GremlinMask","Mercury Hourglass","Cables","Cursed Key","Omamori","Shuriken","Blood Vial","DataDisk"],"acts_visited":["Exordium","TheCity","TheBeyond"],"potions_floor_usage":[13,16,24,28,31,33,37,48,48],"damage_taken":[{"damage":0,"enemies":"Cultist","floor":1,"turns":3},{"damage":7,"enemies":"Jaw Worm","floor":3,"turns":3},{"damage":8,"enemies":"Small Slimes","floor":4,"turns":3},{"damage":12,"enemies":"Looter","floor":5,"turns":3},{"damage":10,"enemies":"Gremlin Nob","floor":6,"turns":3},{"damage":1,"enemies":"Large Slime","floor":8,"turns":4},{"damage":21,"enemies":"Lagavulin","floor":13,"turns":4},{"damage":4,"enemies":"2 Fungi Beasts","floor":14,"turns":2},{"damage":24,"enemies":"Hexaghost","floor":16,"turns":6},{"damage":0,"enemies":"Chosen","floor":18,"turns":3},{"damage":16,"enemies":"Shell Parasite","floor":20,"turns":3},{"damage":0,"enemies":"Snecko","floor":21,"turns":3},{"damage":12,"enemies":"Chosen and Byrds","floor":24,"turns":3},{"damage":14,"enemies":"Centurion and Healer","floor":28,"turns":3},{"damage":22,"enemies":"Book of Stabbing","floor":29,"turns":4},{"damage":10,"enemies":"Snecko","floor":30,"turns":4},{"damage":0,"enemies":"Sentry and Sphere","floor":31,"turns":2},{"damage":35,"enemies":"Collector","floor":33,"turns":7},{"damage":13,"enemies":"Orb Walker","floor":35,"turns":3},{"damage":6,"enemies":"3 Shapes","floor":36,"turns":2},{"damage":40,"enemies":"Maw","floor":37,"turns":5},{"damage":31,"enemies":"Reptomancer","floor":42,"turns":5},{"damage":33,"enemies":"4 Shapes","floor":45,"turns":4},{"damage":22,"enemies":"beaked:SuperParasite","floor":48,"turns":7},{"damage":54,"enemies":"Donu and Deca","floor":50,"turns":2}],"seed_played":"-1430253790940318096","potions_obtained":[{"floor":1,"key":"Explosive Potion"},{"floor":6,"key":"SteroidPotion"},{"floor":8,"key":"DuplicationPotion"},{"floor":13,"key":"SkillPotion"},{"floor":21,"key":"DeathKnight:BottledBloodEchoes"},{"floor":24,"key":"DuplicationPotion"},{"floor":30,"key":"FocusPotion"},{"floor":31,"key":"FocusPotion"},{"floor":35,"key":"Strength Potion"},{"floor":36,"key":"AttackPotion"}],"is_trial":false,"path_per_floor":["M","$","M","M","M","E","?","M","T","R","T","R","E","M","R","B",null,"M","$","M","M","?","R","M","R","T","R","M","E","M","M","R","B",null,"M","M","M","?","?","R","?","E","T","?","M","$","R","E","R","B"],"character_chosen":"DEFECT","items_purchased":["Core Surge","Go for the Eyes","Vajra","Blood Vial","Energy Potion"],"campfire_rested":5,"item_purchase_floors":[2,19,19,46,46],"current_hp_per_floor":[68,68,61,53,41,31,31,30,37,37,37,61,40,36,36,12,65,65,65,49,49,49,49,37,61,61,61,47,25,15,15,39,4,63,50,44,11,72,72,72,72,48,48,48,22,22,43,30,51,0,0],"gold":153,"neow_bonus":"THREE_CARDS","is_daily":false,"chose_seed":false,"campfire_upgraded":5,"win_rate":0.0,"timestamp":1609953440,"path_taken":["M","$","M","?","M","E","?","M","T","R","?","R","E","M","R","BOSS","M","$","M","M","?","R","M","R","T","R","M","E","M","?","R","BOSS","M","M","?","?","?","R","?","E","T","?","M","$","R","E","R","BOSS"],"items_purchased_type":["Card","Card","Relic","Relic","Potion"],"build_version":"2020-12-22","purchased_purges":2,"victory":false,"max_hp_per_floor":[75,75,75,75,75,75,75,75,82,82,82,82,82,82,82,82,82,82,82,82,82,82,82,82,82,82,82,82,82,82,82,82,82,82,82,82,82,72,72,72,72,72,72,72,72,72,72,72,72,72,72],"card_choices":[{"not_picked":["Static Discharge","Streamline"],"picked":"Ball Lightning","floor":0},{"not_picked":["Cold Snap","Gash"],"picked":"Genetic Algorithm","floor":1},{"not_picked":["Fusion","Genetic Algorithm"],"picked":"Skim","floor":3},{"not_picked":["Heatsinks","Chill"],"picked":"Beam Cell","floor":4},{"not_picked":["Steam Power","Steam"],"picked":"Ball Lightning","floor":5},{"not_picked":["Coolheaded","Genetic Algorithm"],"picked":"Reboot","floor":6},{"not_picked":["Turbo","Cold Snap"],"picked":"Sweeping Beam","floor":8},{"not_picked":["Beam Cell","Chill","Double Energy"],"picked":"SKIP","floor":13},{"not_picked":["Barrage","Streamline"],"picked":"Sunder","floor":14},{"not_picked":["Buffer","All For One"],"picked":"Electrodynamics","floor":16},{"not_picked":["Barrage","Steam"],"picked":"Hologram","floor":18},{"not_picked":["Rip and Tear+1","Machine Learning"],"picked":"Static Discharge+1","floor":20},{"not_picked":["Redo","Reprogram"],"picked":"Doom and Gloom","floor":21},{"not_picked":["Cold Snap","Steam","Genetic Algorithm"],"picked":"SKIP","floor":24},{"not_picked":["Rebound+1","Streamline"],"picked":"Defragment","floor":28},{"not_picked":["Steam","All For One"],"picked":"Cold Snap","floor":29},{"not_picked":["Redo","Compile Driver+1"],"picked":"Conserve Battery+1","floor":30},{"not_picked":["Steam Power","Conserve Battery"],"picked":"Self Repair","floor":31},{"not_picked":["Hello World","Loop","Scrape"],"picked":"SKIP","floor":35},{"not_picked":["Hologram","Barrage","Tempest+1"],"picked":"SKIP","floor":36},{"not_picked":["Rebound","Beam Cell","Turbo"],"picked":"SKIP","floor":37},{"not_picked":["Beam Cell+1","Steam","Compile Driver"],"picked":"SKIP","floor":42},{"not_picked":["Meteor Strike","Sweeping Beam"],"picked":"Stack+1","floor":45},{"not_picked":["Electrodynamics","Turbo"],"picked":"Hologram+1","floor":48}],"player_experience":595832,"relics_obtained":[{"floor":6,"key":"Letter Opener"},{"floor":9,"key":"Strawberry"},{"floor":11,"key":"Bronze Scales"},{"floor":13,"key":"Boot"},{"floor":26,"key":"Mercury Hourglass"},{"floor":29,"key":"Cables"},{"floor":42,"key":"Omamori"},{"floor":43,"key":"Shuriken"},{"floor":48,"key":"DataDisk"}],"event_choices":[{"damage_healed":0,"gold_gain":0,"player_choice":"Grow","damage_taken":0,"max_hp_gain":0,"max_hp_loss":0,"event_name":"Living Wall","floor":7,"gold_loss":0,"cards_upgraded":["Core Surge"]},{"damage_healed":0,"gold_gain":0,"player_choice":"Trade","damage_taken":0,"relics_obtained":["GremlinMask"],"max_hp_gain":0,"max_hp_loss":0,"event_name":"FaceTrader","floor":22,"gold_loss":0},{"damage_healed":72,"gold_gain":0,"player_choice":"Heal","damage_taken":0,"max_hp_gain":0,"max_hp_loss":10,"event_name":"The Moai Head","floor":38,"gold_loss":0},{"damage_healed":0,"gold_gain":0,"player_choice":"Memory 1","damage_taken":0,"max_hp_gain":0,"max_hp_loss":0,"event_name":"SensoryStone","floor":39,"gold_loss":0},{"damage_healed":0,"gold_gain":0,"player_choice":"Ignored","damage_taken":0,"max_hp_gain":0,"max_hp_loss":0,"event_name":"Mysterious Sphere","floor":41,"gold_loss":0},{"cards_removed":["Defend_B"],"damage_healed":0,"gold_gain":0,"player_choice":"Removed Skill","damage_taken":0,"max_hp_gain":0,"max_hp_loss":0,"event_name":"Falling","floor":44,"gold_loss":0}],"is_beta":false,"boss_relics":[{"not_picked":["Fusion Hammer","Velvet Choker"],"picked":"Empty Cage"},{"not_picked":["Runic Dome","SlaversCollar"],"picked":"Cursed Key"}],"items_purged_floors":[19,46],"is_endless":false,"potions_floor_spawned":[1,6,8,13,21,24,30,31,35,36],"killed_by":"Donu and Deca","ascension_level":11}}