{"host":"vlqejv0notyktumz","time":1609893602,"event":{"mods":["AchievementEnabler","BaseMod","Googly Eyes","Minty Spire (QoL Compilation)"],"gold_per_floor":[113,288,301,301,30,30,51,89,89,89,108,108,147,171,171,301,301,314,314,287,35,50,50,93,0,54,54,54],"floor_reached":27,"playtime":784,"items_purged":["Defend_P","Doubt"],"score":348,"play_id":"c5c0b0a9-8254-4494-9d8a-b2d58842e01a","local_time":"20210105184002","is_ascension_mode":true,"campfire_choices":[{"data":"Consecrate","floor":6,"key":"SMITH"},{"data":"WindmillStrike","floor":12,"key":"SMITH"},{"data":"Perseverance","floor":15,"key":"SMITH"},{"data":"WheelKick","floor":23,"key":"SMITH"}],"circlet_count":0,"master_deck":["Strike_P","Strike_P","Strike_P","Strike_P","Defend_P","Defend_P+1","Defend_P","Eruption","Vigilance","Swivel","Prostrate+1","Consecrate+1","WindmillStrike+1","WheelKick+1","Perseverance+1","CurseOfTheBell","CrushJoints+1","Crescendo"],"relics":["PureWater","NeowsBlessing","Golden Idol","Toolbox","White Beast Statue","Akabeko","CaptainsWheel","Calling Bell","Art of War","HornCleat","WingedGreaves","War Paint","Gremlin Horn","Regal Pillow"],"acts_visited":["Exordium","TheCity"],"potions_floor_usage":[8,13,13,18,18,18,20],"damage_taken":[{"damage":0,"enemies":"Small Slimes","floor":1,"turns":1},{"damage":0,"enemies":"2 Louse","floor":3,"turns":1},{"damage":0,"enemies":"Jaw Worm","floor":7,"turns":1},{"damage":0,"enemies":"3 Sentries","floor":8,"turns":3},{"damage":16,"enemies":"Looter","floor":11,"turns":4},{"damage":11,"enemies":"Lagavulin","floor":13,"turns":5},{"damage":8,"enemies":"Exordium Wildlife","floor":14,"turns":6},{"damage":0,"enemies":"Slime Boss","floor":16,"turns":4},{"damage":1,"enemies":"Shell Parasite","floor":18,"turns":6},{"damage":10,"enemies":"2 Thieves","floor":20,"turns":5},{"damage":3,"enemies":"Cultist and Chosen","floor":22,"turns":4},{"damage":23,"enemies":"Book of Stabbing","floor":24,"turns":6},{"damage":24,"enemies":"Chosen and Byrds","floor":27,"turns":4}],"seed_played":"4531256818350999254","potions_obtained":[{"floor":1,"key":"SteroidPotion"},{"floor":3,"key":"Explosive Potion"},{"floor":11,"key":"FearPotion"},{"floor":13,"key":"AttackPotion"},{"floor":14,"key":"BottledMiracle"},{"floor":16,"key":"Swift Potion"},{"floor":18,"key":"EssenceOfSteel"},{"floor":20,"key":"BlessingOfTheForge"},{"floor":22,"key":"Dexterity Potion"},{"floor":24,"key":"FairyPotion"}],"is_trial":false,"path_per_floor":["M","?","M","?","$","R","M","E","T","?","M","R","E","M","R","B",null,"M","?","M","$","M","R","E","?","T","M"],"character_chosen":"WATCHER","items_purchased":["Toolbox","Consecrate","War Paint"],"campfire_rested":0,"item_purchase_floors":[5,5,21],"current_hp_per_floor":[72,72,72,67,67,67,67,67,67,67,51,51,40,32,32,32,67,66,66,56,56,53,53,30,30,30,6,6],"gold":54,"neow_bonus":"THREE_ENEMY_KILL","is_daily":false,"chose_seed":false,"campfire_upgraded":4,"win_rate":0.0,"timestamp":1609893602,"path_taken":["M","?","M","?","?","R","M","E","T","?","M","R","E","M","R","BOSS","M","?","M","$","M","R","E","?","T","M"],"items_purchased_type":["Relic","Card","Relic"],"build_version":"2020-12-22","purchased_purges":2,"victory":false,"max_hp_per_floor":[72,72,72,67,67,67,67,67,67,67,67,67,67,67,67,67,67,67,67,67,67,67,67,67,67,67,67,67],"card_choices":[{"not_picked":["Study","EmptyMind"],"picked":"Swivel","floor":1},{"not_picked":["Vengeance","FlurryOfBlows"],"picked":"Prostrate","floor":3},{"not_picked":["JustLucky","Adaptation"],"picked":"WindmillStrike","floor":7},{"not_picked":["BowlingBash","Wallop","Consecrate"],"picked":"SKIP","floor":8},{"not_picked":["EmptyMind","BowlingBash","Halt"],"picked":"SKIP","floor":11},{"not_picked":["ClearTheMind","EmptyBody"],"picked":"WheelKick","floor":13},{"not_picked":["Prostrate","FlurryOfBlows"],"picked":"Perseverance","floor":14},{"not_picked":["ForeignInfluence","Halt"],"picked":"CrushJoints+1","floor":18},{"not_picked":["Consecrate+1","SpiritShield","CutThroughFate"],"picked":"SKIP","floor":20},{"not_picked":["EmptyFist","Perseverance","CarveReality"],"picked":"SKIP","floor":22},{"not_picked":["MasterReality","Sanctity"],"picked":"Crescendo","floor":24}],"player_experience":296834,"relics_obtained":[{"floor":8,"key":"White Beast Statue"},{"floor":9,"key":"Akabeko"},{"floor":13,"key":"CaptainsWheel"},{"floor":17,"key":"Art of War"},{"floor":17,"key":"HornCleat"},{"floor":17,"key":"WingedGreaves"},{"floor":24,"key":"Gremlin Horn"},{"floor":26,"key":"Regal Pillow"}],"event_choices":[{"damage_healed":0,"gold_gain":175,"player_choice":"AGREE","damage_taken":0,"max_hp_gain":0,"max_hp_loss":0,"event_name":"Liars Game","floor":2,"gold_loss":0,"cards_obtained":["Doubt"]},{"damage_healed":0,"gold_gain":0,"player_choice":"Lose Max HP","damage_taken":0,"relics_obtained":["Golden Idol"],"max_hp_gain":0,"max_hp_loss":5,"event_name":"Golden Idol","floor":4,"gold_loss":0},{"damage_healed":22,"gold_gain":0,"player_choice":"Banana","damage_taken":0,"max_hp_gain":0,"max_hp_loss":0,"event_name":"Big Fish","floor":10,"gold_loss":0},{"damage_healed":0,"gold_gain":0,"player_choice":"Ignored","damage_taken":0,"max_hp_gain":0,"max_hp_loss":0,"event_name":"Ghosts","floor":19,"gold_loss":0},{"damage_healed":0,"gold_gain":0,"player_choice":"Paid Fearfully","damage_taken":0,"max_hp_gain":0,"max_hp_loss":0,"event_name":"Masked Bandits","floor":25,"gold_loss":93}],"is_beta":false,"boss_relics":[{"not_picked":["Empty Cage","Tiny House"],"picked":"Calling Bell"}],"items_purged_floors":[5,21],"is_endless":false,"potions_floor_spawned":[1,3,11,13,14,16,18,20,22,24],"killed_by":"Chosen and Byrds","ascension_level":2}}