{"host":"dpbezu80jg8zk7un","time":1609977037,"event":{"mods":["BaseMod","Colored Map","Colored Powertips","Custom Start","DeckTracker","Minty Spire (QoL Compilation)","Quick Restart","StSLib","SuperFastMode"],"gold_per_floor":[110,127,52,71,71,97,97,97,97,97,127,147,181,200,200,274,274,288,338,354,58,58,93,93,93,93,93,128,148,167,179,179,179,179],"floor_reached":33,"playtime":2656,"items_purged":["Defend_P","Defend_P"],"score":710,"play_id":"99393b75-2483-4674-97de-fb1c69f5173d","local_time":"20210107085037","is_ascension_mode":true,"campfire_choices":[{"data":"Eruption","floor":8.0,"key":"SMITH"},{"data":"TalkToTheHand","floor":15,"key":"SMITH"},{"floor":25,"key":"REST"},{"floor":27,"key":"REST"},{"floor":32,"key":"REST"}],"circlet_count":0,"master_deck":["AscendersBane","Strike_P","Strike_P","Strike_P","Defend_P","Defend_P","Eruption+1","Vigilance","FollowUp","EmptyFist","FlurryOfBlows","TalkToTheHand+1","Prostrate+1","Brilliance","Prostrate+1","InnerPeace+1","Vault+1"],"relics":["PureWater","Ice Cream","Mercury Hourglass","Letter Opener","Toxic Egg 2","Regal Pillow","Blood Vial","VioletLotus","Lantern","Toy Ornithopter","Molten Egg 2","Potion Belt"],"acts_visited":["Exordium","TheCity"],"potions_floor_usage":[16,16,23,28,33],"damage_taken":[{"damage":1.0,"enemies":"Cultist","floor":1.0,"turns":4.0},{"damage":0.0,"enemies":"Small Slimes","floor":2.0,"turns":2.0},{"damage":4.0,"enemies":"2 Louse","floor":4.0,"turns":2.0},{"damage":10.0,"enemies":"3 Sentries","floor":6.0,"turns":3.0},{"damage":19.0,"enemies":"Lagavulin","floor":11.0,"turns":7.0},{"damage":0.0,"enemies":"Blue Slaver","floor":12.0,"turns":2.0},{"damage":15,"enemies":"3 Sentries","floor":13,"turns":6},{"damage":7,"enemies":"3 Louse","floor":14,"turns":3},{"damage":0,"enemies":"Hexaghost","floor":16,"turns":6},{"damage":6,"enemies":"Spheric Guardian","floor":18,"turns":3},{"damage":1,"enemies":"3 Byrds","floor":20,"turns":4},{"damage":45,"enemies":"Gremlin Leader","floor":23,"turns":8},{"damage":38,"enemies":"Slavers","floor":28,"turns":5},{"damage":5,"enemies":"Sentry and Sphere","floor":29,"turns":4},{"damage":0,"enemies":"3 Cultists","floor":30,"turns":4},{"damage":0,"enemies":"Centurion and Healer","floor":31,"turns":5},{"damage":72,"enemies":"Automaton","floor":33,"turns":7}],"seed_played":"-7652000812759934324","potions_obtained":[{"floor":1.0,"key":"CultistPotion"},{"floor":2.0,"key":"ColorlessPotion"},{"floor":4.0,"key":"Fire Potion"},{"floor":12.0,"key":"FearPotion"},{"floor":18,"key":"StancePotion"},{"floor":20,"key":"LiquidMemories"},{"floor":30,"key":"PowerPotion"}],"is_trial":false,"path_per_floor":["M","M","$","M","?","E","?","R","T","?","E","M","E","M","R","B",null,"M","?","M","$","?","E","?","R","T","R","E","M","M","M","R","B"],"character_chosen":"WATCHER","items_purchased":["Prostrate+1","Lantern"],"campfire_rested":3,"item_purchase_floors":[21,21],"current_hp_per_floor":[60,60,60,56,45,35,55,55,55,48,29,29,14,9,9,11,49,45,45,46,46,46,3,3,36,36,62,29,26,28,30,62,0,0],"gold":179,"neow_bonus":"ONE_RARE_RELIC","is_daily":false,"chose_seed":false,"campfire_upgraded":2,"win_rate":0.0,"timestamp":1609977037,"path_taken":["M","M","?","?","?","E","?","R","T","?","E","M","E","M","R","BOSS","M","?","M","$","?","E","?","R","T","R","E","M","M","M","R","BOSS"],"items_purchased_type":["Card","Relic"],"build_version":"2020-12-22","purchased_purges":2,"victory":false,"max_hp_per_floor":[62,62,62,62,62,62,62,62,62,62,62,62,62,62,62,62,62,62,62,62,62,62,62,62,62,62,62,62,62,62,62,62,62,62],"card_choices":[{"not_picked":["Wireheading","ThirdEye"],"picked":"FollowUp","floor":1.0},{"not_picked":["Consecrate","FlyingSleeves"],"picked":"EmptyFist","floor":2.0},{"not_picked":["FlyingSleeves","ClearTheMind"],"picked":"FlurryOfBlows","floor":4.0},{"not_picked":["EmptyFist","DeceiveReality","Perseverance"],"picked":"SKIP","floor":6.0},{"not_picked":["EmptyMind+1","WindmillStrike","WreathOfFlame+1"],"picked":"SKIP","floor":11.0},{"not_picked":["Swivel+1","Worship+1"],"picked":"TalkToTheHand","floor":12.0},{"not_picked":["Alpha+1","Perseverance+1"],"picked":"Prostrate+1","floor":13},{"not_picked":["Halt+1","ThirdEye+1","Protect+1"],"picked":"SKIP","floor":14},{"not_picked":["Alpha+1","LessonLearned"],"picked":"Brilliance","floor":16},{"not_picked":["EmptyFist","EmptyBody+1","JustLucky"],"picked":"SKIP","floor":18},{"not_picked":["PathToVictory+1","Conclude","EmptyBody+1"],"picked":"SKIP","floor":20},{"not_picked":["Worship+1","Vengeance+1"],"picked":"InnerPeace+1","floor":23},{"not_picked":["Fasting2","EmptyBody+1"],"picked":"Vault+1","floor":28},{"not_picked":["Crescendo+1","JustLucky+1","Fasting2"],"picked":"SKIP","floor":29},{"not_picked":["Halt+1","Vengeance+1","Meditate+1"],"picked":"SKIP","floor":30},{"not_picked":["EmptyFist+1","Evaluate+1","ClearTheMind+1"],"picked":"SKIP","floor":31}],"player_experience":2843553,"relics_obtained":[{"floor":6.0,"key":"Letter Opener"},{"floor":9.0,"key":"Toxic Egg 2"},{"floor":11.0,"key":"Regal Pillow"},{"floor":13,"key":"Blood Vial"},{"floor":23,"key":"Toy Ornithopter"},{"floor":26,"key":"Molten Egg 2"},{"floor":28,"key":"Potion Belt"}],"event_choices":[{"damage_healed":0.0,"max_hp_gain":0.0,"max_hp_loss":0.0,"gold_gain":0.0,"event_name":"Scrap Ooze","player_choice":"Success","floor":5.0,"gold_loss":0.0,"damage_taken":11.0,"relics_obtained":["Mercury Hourglass"]},{"damage_healed":20.0,"max_hp_gain":0.0,"max_hp_loss":0.0,"gold_gain":0.0,"event_name":"Big Fish","player_choice":"Banana","floor":7.0,"gold_loss":0.0,"damage_taken":0.0},{"cards_removed":["Strike_P"],"damage_healed":0.0,"max_hp_gain":0.0,"max_hp_loss":0.0,"gold_gain":0.0,"event_name":"Golden Wing","player_choice":"Card Removal","floor":10.0,"gold_loss":0.0,"damage_taken":7.0},{"damage_healed":0,"gold_gain":50,"player_choice":"Stole From Cult","damage_taken":0,"max_hp_gain":0,"max_hp_loss":0,"event_name":"Nest","floor":19,"gold_loss":0},{"damage_healed":0,"gold_gain":0,"player_choice":"Ignored","damage_taken":0,"max_hp_gain":0,"max_hp_loss":0,"event_name":"Vampires","floor":22,"gold_loss":0},{"damage_healed":0,"gold_gain":0,"player_choice":"Ignored","damage_taken":0,"max_hp_gain":0,"max_hp_loss":0,"event_name":"The Mausoleum","floor":24,"gold_loss":0}],"is_beta":false,"boss_relics":[{"not_picked":["Tiny House","Pandora\u0027s Box"],"picked":"VioletLotus"}],"items_purged_floors":[3,21],"is_endless":false,"potions_floor_spawned":[1,2,4,12,18,20,30],"killed_by":"Automaton","ascension_level":20}}