{"host":"w01zow3jg16g8jdh","time":1609952973,"event":{"mods":["AchievementEnabler","BaseMod","DeckTracker","Keyboard Shortcuts","Minty Spire (QoL Compilation)","Permanent Neow","StSLib","SuperFastMode"],"gold_per_floor":[111,126,126,126,142,142,177,177,231,231,249,278,308,325,325,401,401,376,48,48,73,93,127,139,158,158,158,171,171,371,177,177,250,250,261,278,295,295,295,321,321,331,331,331,363,363,409,439,439,439,439],"floor_reached":50,"playtime":1326,"items_purged":["Defend_G","Strike_G"],"score":1216,"play_id":"588ae79e-1550-434b-be58-7117ce8426a9","local_time":"20210107020933","is_ascension_mode":true,"campfire_choices":[{"data":"Cloak And Dagger","floor":6.0,"key":"SMITH"},{"data":"Cloak And Dagger","floor":8.0,"key":"SMITH"},{"data":"After Image","floor":10.0,"key":"SMITH"},{"data":"Cloak And Dagger","floor":15.0,"key":"SMITH"},{"data":"Accuracy","floor":27.0,"key":"SMITH"},{"floor":32.0,"key":"REST"},{"data":"Apotheosis","floor":41.0,"key":"SMITH"},{"floor":44.0,"key":"RECALL"},{"data":"A Thousand Cuts","floor":46.0,"key":"SMITH"},{"floor":49,"key":"REST"}],"circlet_count":0,"master_deck":["AscendersBane","Strike_G","Strike_G","Defend_G","Defend_G+1","Survivor","Neutralize","Die Die Die","Cloak And Dagger+1","Cloak And Dagger+1","Backstab","After Image+1","Backflip+1","Cloak And Dagger+1","A Thousand Cuts+1","PiercingWail+1","Accuracy+1","Acrobatics","Blade Dance","Tactician","Apotheosis+1","Flash of Steel","Trip"],"relics":["Ring of the Snake","Juzu Bracelet","Ancient Tea Set","Odd Mushroom","Ornamental Fan","Empty Cage","Lantern","Red Mask","Blood Vial","The Courier","MutagenicStrength","HoveringKite","War Paint","Torii","Ice Cream","Oddly Smooth Stone"],"acts_visited":["Exordium","TheCity","TheBeyond"],"potions_floor_usage":[48,50],"damage_taken":[{"damage":9.0,"enemies":"Jaw Worm","floor":1.0,"turns":8.0},{"damage":2.0,"enemies":"Cultist","floor":2.0,"turns":5.0},{"damage":1.0,"enemies":"Small Slimes","floor":5.0,"turns":2.0},{"damage":9.0,"enemies":"3 Sentries","floor":7.0,"turns":9.0},{"damage":1.0,"enemies":"Looter","floor":11.0,"turns":2.0},{"damage":0.0,"enemies":"The Mushroom Lair","floor":12.0,"turns":3.0},{"damage":12.0,"enemies":"Lagavulin","floor":13.0,"turns":5.0},{"damage":0.0,"enemies":"2 Fungi Beasts","floor":14.0,"turns":2.0},{"damage":7.0,"enemies":"Hexaghost","floor":16.0,"turns":11.0},{"damage":3.0,"enemies":"2 Thieves","floor":18.0,"turns":4.0},{"damage":12.0,"enemies":"Masked Bandits","floor":21.0,"turns":4.0},{"damage":0.0,"enemies":"Chosen","floor":22.0,"turns":5.0},{"damage":0.0,"enemies":"Gremlin Leader","floor":23.0,"turns":8.0},{"damage":3.0,"enemies":"Centurion and Healer","floor":24.0,"turns":6.0},{"damage":15.0,"enemies":"Snake Plant","floor":25.0,"turns":6.0},{"damage":8.0,"enemies":"Cultist and Chosen","floor":28.0,"turns":4.0},{"damage":29.0,"enemies":"Automaton","floor":33.0,"turns":7.0},{"damage":2.0,"enemies":"3 Shapes","floor":35.0,"turns":7.0},{"damage":17.0,"enemies":"Orb Walker","floor":36.0,"turns":4.0},{"damage":6.0,"enemies":"Sphere and 2 Shapes","floor":37.0,"turns":6.0},{"damage":17.0,"enemies":"Giant Head","floor":40.0,"turns":6.0},{"damage":0.0,"enemies":"4 Shapes","floor":42.0,"turns":5.0},{"damage":0.0,"enemies":"Nemesis","floor":45.0,"turns":5.0},{"damage":17.0,"enemies":"2 Orb Walkers","floor":47.0,"turns":4.0},{"damage":24,"enemies":"Reptomancer","floor":48,"turns":7},{"damage":38,"enemies":"Time Eater","floor":50,"turns":7}],"seed_played":"-7312862443214600832","potions_obtained":[{"floor":5.0,"key":"FearPotion"},{"floor":7.0,"key":"Strength Potion"},{"floor":13.0,"key":"Block Potion"},{"floor":21.0,"key":"Explosive Potion"},{"floor":22.0,"key":"LiquidBronze"},{"floor":23.0,"key":"PowerPotion"},{"floor":35.0,"key":"CultistPotion"},{"floor":37.0,"key":"PowerPotion"},{"floor":40.0,"key":"SpeedPotion"},{"floor":48,"key":"AttackPotion"}],"is_trial":false,"path_per_floor":["M","M","?","?","M","R","E","R","T","R","M","?","E","M","R","B",null,"M","$","?","?","M","E","M","M","T","R","M","?","?","$","R","B",null,"M","M","M","?","?","E","R","M","T","R","E","R","?","E","R","B"],"character_chosen":"THE_SILENT","items_purchased":["Lantern","Accuracy","Tactician","BlessingOfTheForge"],"campfire_rested":2,"item_purchase_floors":[19,19,31,31],"current_hp_per_floor":[50,48,41,41,40,40,31,31,31,31,30,30,18,18,18,11,52,49,49,49,37,37,37,36,23,23,23,17,17,17,17,36,9,52,52,37,33,66,56,41,41,43,43,43,45,45,30,8,27,0,0],"gold":439,"neow_bonus":"ONE_RANDOM_RARE_CARD","is_daily":false,"chose_seed":false,"campfire_upgraded":7,"win_rate":0.0,"timestamp":1609952973,"path_taken":["M","M","?","?","?","R","E","R","T","R","M","?","E","M","R","BOSS","M","$","?","?","M","E","M","M","T","R","M","?","?","$","R","BOSS","M","M","M","?","?","E","R","M","T","R","E","R","?","E","R","BOSS"],"items_purchased_type":["Relic","Card","Card","Potion"],"build_version":"2020-12-22","purchased_purges":2,"victory":false,"max_hp_per_floor":[66,66,66,66,66,66,66,66,66,66,66,66,66,66,66,66,66,66,66,66,66,66,66,66,66,66,66,66,66,66,66,66,66,66,66,66,66,66,66,66,66,66,66,66,66,66,66,66,66,66,66],"card_choices":[{"not_picked":["Riddle With Holes","Prepared"],"picked":"Cloak And Dagger","floor":1.0},{"not_picked":["Deflect","Reflex"],"picked":"Cloak And Dagger","floor":2.0},{"not_picked":["Quick Slash","Acrobatics"],"picked":"Backstab","floor":5.0},{"not_picked":["Noxious Fumes","Caltrops"],"picked":"After Image","floor":7.0},{"not_picked":["Deflect","Quick Slash","Outmaneuver"],"picked":"SKIP","floor":11.0},{"not_picked":["Outmaneuver","Prepared"],"picked":"Backflip","floor":12.0},{"not_picked":["Underhanded Strike","Dagger Throw"],"picked":"Cloak And Dagger","floor":13.0},{"not_picked":["Flechettes","Poisoned Stab","PiercingWail"],"picked":"SKIP","floor":14.0},{"not_picked":["Bullet Time","Tools of the Trade"],"picked":"A Thousand Cuts","floor":16.0},{"not_picked":["Tactician","Setup"],"picked":"PiercingWail+1","floor":18.0},{"not_picked":["Well Laid Plans","Deadly Poison"],"picked":"Acrobatics","floor":21.0},{"not_picked":["Deadly Poison","Bane+1","Flying Knee"],"picked":"SKIP","floor":22.0},{"not_picked":["Deflect","Setup"],"picked":"Blade Dance","floor":23.0},{"not_picked":["Prepared","Dagger Spray","Concentrate"],"picked":"SKIP","floor":24.0},{"not_picked":["Endless Agony","Dagger Spray","Prepared"],"picked":"SKIP","floor":25.0},{"not_picked":["Skewer","Acrobatics+1","Poisoned Stab"],"picked":"SKIP","floor":28.0},{"not_picked":["Poisoned Stab","Bane","Sucker Punch"],"picked":"SKIP","floor":35.0},{"not_picked":["Deadly Poison","Cloak And Dagger","Dagger Throw"],"picked":"SKIP","floor":36.0},{"not_picked":["Calculated Gamble","Quick Slash","Slice"],"picked":"SKIP","floor":37.0},{"not_picked":["Dramatic Entrance","Violence"],"picked":"Apotheosis","floor":39.0},{"not_picked":["Trip","Sadistic Nature"],"picked":"Flash of Steel","floor":39.0},{"not_picked":["Violence","Dark Shackles"],"picked":"Trip","floor":39.0},{"not_picked":["Flying Knee+1","Cloak And Dagger","Infinite Blades"],"picked":"SKIP","floor":40.0},{"not_picked":["Bouncing Flask","Cloak And Dagger","Backflip+1"],"picked":"SKIP","floor":42.0},{"not_picked":["Deadly Poison+1","Dodge and Roll","Finisher"],"picked":"SKIP","floor":45.0},{"not_picked":["Catalyst","Bouncing Flask","Poisoned Stab"],"picked":"SKIP","floor":48}],"player_experience":303904,"relics_obtained":[{"floor":7.0,"key":"Juzu Bracelet"},{"floor":9.0,"key":"Ancient Tea Set"},{"floor":12.0,"key":"Odd Mushroom"},{"floor":13.0,"key":"Ornamental Fan"},{"floor":21.0,"key":"Red Mask"},{"floor":23.0,"key":"Blood Vial"},{"floor":26.0,"key":"The Courier"},{"floor":40.0,"key":"War Paint"},{"floor":45.0,"key":"Torii"},{"floor":47.0,"key":"Ice Cream"},{"floor":48,"key":"Oddly Smooth Stone"}],"event_choices":[{"cards_removed":["Defend_G"],"damage_healed":0.0,"max_hp_gain":0.0,"max_hp_loss":0.0,"gold_gain":0.0,"event_name":"Golden Wing","player_choice":"Card Removal","floor":3.0,"gold_loss":0.0,"damage_taken":7.0},{"cards_removed":["Defend_G"],"damage_healed":0.0,"max_hp_gain":0.0,"max_hp_loss":0.0,"gold_gain":0.0,"event_name":"Bonfire Elementals","player_choice":"Offered Basic","floor":4.0,"gold_loss":0.0,"damage_taken":0.0},{"damage_healed":0.0,"max_hp_gain":0.0,"max_hp_loss":0.0,"gold_gain":0.0,"event_name":"Mushrooms","player_choice":"Fought Mushrooms","floor":12.0,"gold_loss":0.0,"damage_taken":0.0},{"damage_healed":0.0,"max_hp_gain":0.0,"max_hp_loss":0.0,"gold_gain":0.0,"event_name":"Vampires","player_choice":"Ignored","floor":20.0,"gold_loss":0.0,"damage_taken":0.0},{"damage_healed":0.0,"max_hp_gain":0.0,"max_hp_loss":0.0,"gold_gain":0.0,"event_name":"Masked Bandits","player_choice":"Fought Bandits","floor":21.0,"gold_loss":0.0,"damage_taken":0.0},{"damage_healed":0.0,"max_hp_gain":0.0,"max_hp_loss":0.0,"gold_gain":0.0,"event_name":"Drug Dealer","player_choice":"Inject Mutagens","floor":29.0,"gold_loss":0.0,"damage_taken":0.0,"relics_obtained":["MutagenicStrength"]},{"damage_healed":0.0,"max_hp_gain":0.0,"max_hp_loss":0.0,"gold_gain":250.0,"event_name":"The Joust","player_choice":"Bet on Owner","floor":30.0,"gold_loss":50.0,"damage_taken":0.0},{"damage_healed":33.0,"max_hp_gain":0.0,"max_hp_loss":0.0,"gold_gain":0.0,"event_name":"Wheel of Change","player_choice":"Full Heal","floor":38.0,"gold_loss":0.0,"damage_taken":0.0},{"damage_healed":0.0,"max_hp_gain":0.0,"max_hp_loss":0.0,"gold_gain":0.0,"event_name":"SensoryStone","player_choice":"Memory 3","floor":39.0,"gold_loss":0.0,"damage_taken":10.0},{"damage_healed":0.0,"max_hp_gain":0.0,"max_hp_loss":0.0,"gold_gain":0.0,"event_name":"Mysterious Sphere","player_choice":"Fight","floor":47.0,"gold_loss":0.0,"damage_taken":0.0}],"is_beta":false,"boss_relics":[{"not_picked":["Velvet Choker","Tiny House"],"picked":"Empty Cage"},{"not_picked":["SacredBark","Coffee Dripper"],"picked":"HoveringKite"}],"items_purged_floors":[19,31],"is_endless":false,"potions_floor_spawned":[5,7,11,13,21,22,23,28,35,37,40,48],"killed_by":"Time Eater","ascension_level":20}}