{"host":"ur405gpummdrt5xj","time":1609966425,"event":{"mods":["BaseMod","Colored Map","Highlight Path","Minty Spire (QoL Compilation)","Quick Restart"],"gold_per_floor":[117,42,42,42,66,66,107,107,155,155,176,189,17,50,50,178,178,201,76,76,85,113,113,165,188,197,240,23,61,86,121,121,253,316,332,353,378,434,447,447,491,71,80,113,129,129,129],"floor_reached":46,"playtime":2401,"items_purged":["Strike_G","Strike_G","Strike_G","Writhe","Clumsy"],"score":877,"play_id":"9f6bd680-2996-475c-9c9f-df13468b8283","local_time":"20210106125345","is_ascension_mode":true,"campfire_choices":[{"data":"Survivor","floor":6.0,"key":"SMITH"},{"floor":8.0,"key":"REST"},{"data":"Defend_G","floor":10.0,"key":"SMITH"},{"data":"Bouncing Flask","floor":15.0,"key":"SMITH"},{"data":"Footwork","floor":23.0,"key":"SMITH"},{"floor":32.0,"key":"REST"},{"floor":40,"key":"REST"}],"circlet_count":0,"master_deck":["AscendersBane","Strike_G","Strike_G+1","Defend_G","Defend_G","Defend_G","Defend_G","Defend_G+1","Survivor+1","Neutralize+1","Blade Dance","Bouncing Flask+1","Caltrops","Corpse Explosion","Footwork+1","Footwork","PiercingWail+1","Cloak And Dagger+1","Footwork","Backflip+1","After Image","Shame","Crippling Poison+1"],"relics":["Ring of the Snake","NeowsBlessing","Golden Idol","Mercury Hourglass","Orichalcum","Happy Flower","Cursed Key","CeramicFish","Peace Pipe","White Beast Statue","Blood Vial","Red Mask","Dream Catcher","Tiny House","Prayer Wheel","StoneCalendar","Toxic Egg 2"],"acts_visited":["Exordium","TheCity","TheBeyond"],"potions_floor_usage":[41,44,45,46],"damage_taken":[{"damage":0.0,"enemies":"Cultist","floor":1.0,"turns":1.0},{"damage":0.0,"enemies":"2 Louse","floor":5.0,"turns":1.0},{"damage":0.0,"enemies":"Gremlin Nob","floor":7.0,"turns":1.0},{"damage":1.0,"enemies":"Small Slimes","floor":11.0,"turns":3.0},{"damage":2.0,"enemies":"Looter","floor":12.0,"turns":3.0},{"damage":14.0,"enemies":"Lagavulin","floor":14.0,"turns":6.0},{"damage":21.0,"enemies":"The Guardian","floor":16.0,"turns":8.0},{"damage":0.0,"enemies":"Spheric Guardian","floor":18.0,"turns":3.0},{"damage":0.0,"enemies":"3 Byrds","floor":22.0,"turns":2.0},{"damage":11.0,"enemies":"Slavers","floor":24.0,"turns":3.0},{"damage":0.0,"enemies":"3 Cultists","floor":25.0,"turns":3.0},{"damage":2.0,"enemies":"Book of Stabbing","floor":27.0,"turns":6.0},{"damage":18.0,"enemies":"Masked Bandits","floor":29.0,"turns":3.0},{"damage":3.0,"enemies":"Snake Plant","floor":30.0,"turns":4.0},{"damage":17.0,"enemies":"Gremlin Leader","floor":31.0,"turns":8.0},{"damage":32.0,"enemies":"Automaton","floor":33.0,"turns":13.0},{"damage":4.0,"enemies":"3 Darklings","floor":35.0,"turns":3.0},{"damage":0.0,"enemies":"3 Shapes","floor":36.0,"turns":4.0},{"damage":11.0,"enemies":"Spire Growth","floor":37.0,"turns":7.0},{"damage":78.0,"enemies":"2 Orb Walkers","floor":38.0,"turns":8.0},{"damage":13,"enemies":"Sphere and 2 Shapes","floor":39,"turns":5},{"damage":11,"enemies":"Nemesis","floor":41,"turns":11},{"damage":12,"enemies":"4 Shapes","floor":44,"turns":3},{"damage":17,"enemies":"Jaw Worm Horde","floor":45,"turns":4},{"damage":6,"enemies":"Giant Head","floor":46,"turns":3}],"seed_played":"7519884856481543809","potions_obtained":[{"floor":1.0,"key":"Strength Potion"},{"floor":16.0,"key":"SmokeBomb"},{"floor":22.0,"key":"SteroidPotion"},{"floor":24.0,"key":"Dexterity Potion"},{"floor":27.0,"key":"LiquidBronze"},{"floor":29.0,"key":"Weak Potion"},{"floor":30.0,"key":"Dexterity Potion"},{"floor":31.0,"key":"Regen Potion"},{"floor":33.0,"key":"DistilledChaos"},{"floor":34.0,"key":"AttackPotion"},{"floor":35.0,"key":"Ancient Potion"},{"floor":36.0,"key":"Fruit Juice"},{"floor":37.0,"key":"FairyPotion"},{"floor":38.0,"key":"Swift Potion"},{"floor":39,"key":"SkillPotion"},{"floor":41,"key":"DuplicationPotion"},{"floor":44,"key":"Swift Potion"},{"floor":45,"key":"LiquidBronze"}],"is_trial":false,"path_per_floor":["M","$","?","?","M","R","E","R","T","R","M","M","$","E","R","B",null,"M","$","?","?","M","R","E","M","T","E","$","?","M","E","R","B",null,"M","M","M","?","M","R","E","$","T","M","M","E"],"character_chosen":"THE_SILENT","items_purchased":["Caltrops","Footwork","Toxic Egg 2"],"campfire_rested":3,"item_purchase_floors":[13,28,42],"current_hp_per_floor":[63,63,63,46,46,46,46,67,67,67,66,64,64,50,50,29,60,60,60,60,60,60,60,49,49,49,47,47,31,30,15,36,21,63,61,68,59,24,13,37,28,28,28,18,3,0,0],"gold":129,"neow_bonus":"THREE_ENEMY_KILL","is_daily":false,"chose_seed":false,"campfire_upgraded":4,"win_rate":0.0,"timestamp":1609966425,"path_taken":["M","$","?","?","M","R","E","R","T","R","M","M","$","E","R","BOSS","M","$","?","?","M","R","E","M","T","E","$","?","M","E","R","BOSS","M","M","M","?","M","R","E","$","T","M","M","E"],"items_purchased_type":["Card","Card","Relic"],"build_version":"2020-12-22","purchased_purges":5,"victory":false,"max_hp_per_floor":[70,70,70,70,70,70,70,70,70,70,70,70,70,70,70,70,70,70,70,70,70,70,70,70,70,70,70,70,70,70,70,70,70,75,75,80,80,80,80,80,80,80,80,80,80,80,80],"card_choices":[{"not_picked":["Prepared","Setup","Reflex"],"picked":"SKIP","floor":1.0},{"not_picked":["Bane","Predator","Deflect"],"picked":"SKIP","floor":5.0},{"not_picked":["Tactician","Finisher","Riddle With Holes"],"picked":"SKIP","floor":7.0},{"not_picked":["Deflect","Flying Knee"],"picked":"Blade Dance","floor":11.0},{"not_picked":["Underhanded Strike","Sucker Punch"],"picked":"Bouncing Flask","floor":12.0},{"not_picked":["Poisoned Stab","Expertise","Tools of the Trade"],"picked":"SKIP","floor":14.0},{"not_picked":["Tools of the Trade","Wraith Form v2"],"picked":"Corpse Explosion","floor":16.0},{"not_picked":["Deflect+1","Dodge and Roll+1","Bane"],"picked":"SKIP","floor":18.0},{"not_picked":["Dagger Throw","Poisoned Stab+1"],"picked":"Footwork","floor":22.0},{"not_picked":["Slice+1","Underhanded Strike+1"],"picked":"PiercingWail+1","floor":24.0},{"not_picked":["Sucker Punch+1","Expertise"],"picked":"Cloak And Dagger+1","floor":25.0},{"not_picked":["Underhanded Strike","Dagger Throw+1","Grand Finale"],"picked":"SKIP","floor":27.0},{"not_picked":["Acrobatics+1","Dodge and Roll"],"picked":"Backflip+1","floor":30.0},{"not_picked":["Backflip","Outmaneuver","Doppelganger"],"picked":"SKIP","floor":31.0},{"not_picked":["Glass Knife","Storm of Steel"],"picked":"After Image","floor":33.0},{"not_picked":["Quick Slash","Flechettes+1","Underhanded Strike+1"],"picked":"SKIP","floor":35.0},{"not_picked":["Poisoned Stab","Outmaneuver+1","Underhanded Strike+1"],"picked":"SKIP","floor":36.0},{"not_picked":["Deflect+1","Accuracy","Cloak And Dagger"],"picked":"SKIP","floor":37.0},{"not_picked":["Acrobatics","Flechettes","Skewer+1"],"picked":"SKIP","floor":39},{"not_picked":["Backflip+1","Outmaneuver+1","Calculated Gamble+1"],"picked":"SKIP","floor":39},{"not_picked":["Dash","Prepared+1","Sucker Punch+1"],"picked":"SKIP","floor":41},{"not_picked":["Dash","Prepared+1","Sucker Punch+1"],"picked":"SKIP","floor":41},{"not_picked":["Slice+1","Cloak And Dagger+1"],"picked":"Crippling Poison+1","floor":44},{"not_picked":["Predator+1","Dodge and Roll+1","All Out Attack+1"],"picked":"SKIP","floor":44},{"not_picked":["Riddle With Holes","Deflect+1","Tactician+1"],"picked":"SKIP","floor":45},{"not_picked":["Bane+1","Choke+1","Setup+1"],"picked":"SKIP","floor":45}],"player_experience":518654,"relics_obtained":[{"floor":7.0,"key":"Mercury Hourglass"},{"floor":9.0,"key":"Orichalcum"},{"floor":14.0,"key":"Happy Flower"},{"floor":24.0,"key":"Peace Pipe"},{"floor":26.0,"key":"White Beast Statue"},{"floor":27.0,"key":"Blood Vial"},{"floor":29.0,"key":"Red Mask"},{"floor":31.0,"key":"Dream Catcher"},{"floor":38.0,"key":"Prayer Wheel"},{"floor":41,"key":"StoneCalendar"}],"event_choices":[{"damage_healed":0.0,"max_hp_gain":0.0,"max_hp_loss":0.0,"gold_gain":0.0,"event_name":"Living Wall","player_choice":"Grow","floor":3.0,"gold_loss":0.0,"damage_taken":0.0,"cards_upgraded":["Neutralize"]},{"damage_healed":0.0,"max_hp_gain":0.0,"max_hp_loss":0.0,"gold_gain":0.0,"event_name":"Golden Idol","player_choice":"Take Damage","floor":4.0,"gold_loss":0.0,"damage_taken":17.0,"relics_obtained":["Golden Idol"]},{"damage_healed":0.0,"max_hp_gain":0.0,"max_hp_loss":0.0,"gold_gain":0.0,"event_name":"The Library","player_choice":"Read","floor":20.0,"gold_loss":0.0,"damage_taken":0.0,"cards_obtained":["Footwork"]},{"damage_healed":0.0,"max_hp_gain":0.0,"max_hp_loss":0.0,"gold_gain":0.0,"event_name":"The Mausoleum","player_choice":"Opened","floor":21.0,"gold_loss":0.0,"damage_taken":0.0,"relics_obtained":["CeramicFish"],"cards_obtained":["Writhe"]},{"damage_healed":0.0,"max_hp_gain":0.0,"max_hp_loss":0.0,"gold_gain":0.0,"event_name":"Masked Bandits","player_choice":"Fought Bandits","floor":29.0,"gold_loss":0.0,"damage_taken":0.0},{"damage_healed":0.0,"max_hp_gain":0.0,"max_hp_loss":0.0,"gold_gain":0.0,"event_name":"Mysterious Sphere","player_choice":"Fight","floor":38.0,"gold_loss":0.0,"damage_taken":0.0}],"is_beta":false,"boss_relics":[{"not_picked":["Black Star","Ring of the Serpent"],"picked":"Cursed Key"},{"not_picked":["Snecko Eye","Calling Bell"],"picked":"Tiny House"}],"items_purged_floors":[2,13,19,28,42],"is_endless":false,"potions_floor_spawned":[1,16,22,24,27,29,30,31,33,35,36,37,38,39,41,44,45],"killed_by":"Giant Head","ascension_level":10}}