{"host":"f5n4tidiz2n5sooh","time":1609925885,"event":{"mods":["BaseMod","Bestiary","Colored Map","Minty Spire (QoL Compilation)","Relic Stats","StSLib"],"gold_per_floor":[111,111,111,111,129,163,163,194,218,218,218,235,252,262,262,336,336,350,363,288,48,63,63,79,96,168,168,83,114,114,439,439,515,515,525,535,535,535,555,555,590,602,602,602,602],"floor_reached":44,"playtime":2279,"items_purged":["Strike_R"],"score":1026,"play_id":"86728c8e-bf2b-41be-9d60-7641c13affc5","local_time":"20210106033805","is_ascension_mode":true,"campfire_choices":[{"data":"Bash","floor":7.0,"key":"SMITH"},{"data":"Spot Weakness","floor":11.0,"key":"SMITH"},{"data":"True Grit","floor":15.0,"key":"SMITH"},{"data":"Pommel Strike","floor":23,"key":"SMITH"},{"data":"Flame Barrier","floor":30,"key":"SMITH"},{"data":"Shrug It Off","floor":32,"key":"SMITH"},{"data":"Defend_R","floor":40,"key":"SMITH"}],"circlet_count":0,"master_deck":["AscendersBane","Strike_R+1","Defend_R+1","Defend_R","Defend_R","Defend_R","Bash+1","Pommel Strike+1","Spot Weakness+1","Shrug It Off+1","Pommel Strike+1","True Grit+1","Reaper","Burning Pact","Reaper","Flame Barrier+1","Immolate","Double Tap","Spot Weakness"],"relics":["Burning Blood","NeowsBlessing","MealTicket","Blood Vial","Whetstone","Orichalcum","Coffee Dripper","DollysMirror","MutagenicStrength","Pantograph","Lizard Tail","Old Coin","Runic Pyramid","Regal Pillow","Juzu Bracelet","Bottled Flame"],"acts_visited":["Exordium","TheCity","TheBeyond"],"potions_floor_usage":[19,22,29,29,29,36,42,44],"damage_taken":[{"damage":0.0,"enemies":"Small Slimes","floor":1.0,"turns":1.0},{"damage":0.0,"enemies":"Jaw Worm","floor":5.0,"turns":1.0},{"damage":0.0,"enemies":"Lagavulin","floor":6.0,"turns":1.0},{"damage":39.0,"enemies":"Gremlin Nob","floor":8.0,"turns":4.0},{"damage":5.0,"enemies":"2 Louse","floor":12.0,"turns":2.0},{"damage":12.0,"enemies":"Exordium Thugs","floor":13.0,"turns":4.0},{"damage":0.0,"enemies":"2 Fungi Beasts","floor":14.0,"turns":2.0},{"damage":37,"enemies":"Hexaghost","floor":16,"turns":9},{"damage":16,"enemies":"Chosen","floor":18,"turns":4},{"damage":60,"enemies":"3 Byrds","floor":19,"turns":8},{"damage":28,"enemies":"Cultist and Chosen","floor":22,"turns":6},{"damage":8,"enemies":"Centurion and Healer","floor":24,"turns":5},{"damage":30,"enemies":"Chosen and Byrds","floor":25,"turns":5},{"damage":34,"enemies":"Slavers","floor":29,"turns":7},{"damage":100,"enemies":"Gremlin Leader","floor":31,"turns":7},{"damage":130,"enemies":"Collector","floor":33,"turns":11},{"damage":13,"enemies":"Orb Walker","floor":35,"turns":4},{"damage":25,"enemies":"3 Shapes","floor":36,"turns":2},{"damage":33,"enemies":"Maw","floor":39,"turns":8},{"damage":73,"enemies":"Nemesis","floor":41,"turns":9},{"damage":57,"enemies":"Transient","floor":42,"turns":6},{"damage":127,"enemies":"Reptomancer","floor":44,"turns":8}],"seed_played":"-1221641287357669224","potions_obtained":[{"floor":8.0,"key":"Fire Potion"},{"floor":14.0,"key":"SpeedPotion"},{"floor":19,"key":"LiquidBronze"},{"floor":22,"key":"EntropicBrew"},{"floor":25,"key":"Fire Potion"},{"floor":33,"key":"Energy Potion"},{"floor":41,"key":"FearPotion"},{"floor":42,"key":"BloodPotion"}],"is_trial":false,"path_per_floor":["M","?","?","?","M","E","R","E","T","?","R","M","M","M","R","B",null,"M","M","?","$","M","R","M","M","T","?","?","E","R","E","R","B",null,"M","M","?","T","M","R","E","M","T","E"],"character_chosen":"IRONCLAD","items_purchased":["DollysMirror"],"campfire_rested":0,"item_purchase_floors":[21],"current_hp_per_floor":[74,56,49,49,55,61,61,30,30,35,35,38,34,42,42,13,63,55,15,15,30,38,38,66,80,80,80,80,70,70,22,22,39,70,65,64,64,64,65,65,36,23,23,0,0],"gold":602,"neow_bonus":"THREE_ENEMY_KILL","is_daily":false,"chose_seed":false,"campfire_upgraded":7,"win_rate":0.0,"timestamp":1609925885,"path_taken":["M","?","?","?","?","E","R","E","T","?","R","M","M","M","R","BOSS","M","M","?","$","M","R","M","M","T","?","?","E","R","E","R","BOSS","M","M","?","?","M","R","E","M","T","E"],"items_purchased_type":["Relic"],"build_version":"2020-12-22","purchased_purges":1,"victory":false,"max_hp_per_floor":[75,75,75,75,75,75,75,75,75,80,80,80,80,80,80,80,80,80,80,80,80,80,80,80,80,80,80,80,80,80,80,80,80,80,80,80,80,80,80,80,80,80,80,80,80],"relic_stats":{"Blood Vial":36,"Lizard Tail":40,"Regal Pillow":0,"counters":[22,114],"Pantograph":25,"MealTicket":15,"Juzu Bracelet":0,"Whetstone":["Pommel Strike","Strike_R"],"Orichalcum":[282],"obtain_stats":[{"Regal Pillow":38,"NeowsBlessing":0,"Juzu Bracelet":41,"Whetstone":8,"Orichalcum":9,"Burning Blood":0,"Old Coin":31,"Blood Vial":6,"Lizard Tail":29,"Bottled Flame":43,"DollysMirror":21,"MutagenicStrength":27,"Pantograph":28,"MealTicket":2,"Coffee Dripper":17,"Runic Pyramid":34},{"Regal Pillow":18,"NeowsBlessing":0,"Juzu Bracelet":20,"Whetstone":4,"Orichalcum":4,"Burning Blood":0,"Old Coin":15,"Blood Vial":3,"Lizard Tail":14,"Bottled Flame":21,"DollysMirror":10,"MutagenicStrength":13,"Pantograph":13,"MealTicket":1,"Coffee Dripper":8,"Runic Pyramid":16},{"Regal Pillow":83,"NeowsBlessing":0,"Juzu Bracelet":100,"Whetstone":7,"Orichalcum":7,"Burning Blood":0,"Old Coin":66,"Blood Vial":3,"Lizard Tail":59,"Bottled Flame":106,"DollysMirror":36,"MutagenicStrength":52,"Pantograph":52,"MealTicket":1,"Coffee Dripper":24,"Runic Pyramid":77}],"Burning Blood":120},"card_choices":[{"not_picked":["Dual Wield","Headbutt"],"picked":"Pommel Strike","floor":1.0},{"not_picked":["Perfected Strike","Body Slam","Rupture"],"picked":"SKIP","floor":5.0},{"not_picked":["Sword Boomerang","Exhume"],"picked":"Spot Weakness","floor":6.0},{"not_picked":["Warcry","Body Slam","Perfected Strike"],"picked":"SKIP","floor":8.0},{"not_picked":["Anger","Clothesline"],"picked":"Shrug It Off","floor":12.0},{"not_picked":["Perfected Strike","Havoc"],"picked":"Pommel Strike","floor":13.0},{"not_picked":["Metallicize","Anger"],"picked":"True Grit","floor":14.0},{"not_picked":["Bludgeon","Impervious"],"picked":"Reaper","floor":16},{"not_picked":["Rage+1","Whirlwind"],"picked":"Dark Embrace+1","floor":18},{"not_picked":["Heavy Blade","Headbutt"],"picked":"Burning Pact","floor":19},{"not_picked":["Cleave","Headbutt+1","True Grit"],"picked":"SKIP","floor":22},{"not_picked":["Inflame","Intimidate"],"picked":"Flame Barrier","floor":24},{"not_picked":["Power Through","Body Slam","Sever Soul"],"picked":"SKIP","floor":25},{"not_picked":["Shrug It Off","Iron Wave"],"picked":"Immolate","floor":29},{"not_picked":["Clash","Burning Pact","Berserk"],"picked":"SKIP","floor":31},{"not_picked":["Immolate","Bludgeon"],"picked":"Double Tap","floor":33},{"not_picked":["Warcry","Shrug It Off","Searing Blow"],"picked":"SKIP","floor":35},{"not_picked":["Havoc","Twin Strike","Armaments"],"picked":"SKIP","floor":36},{"not_picked":["Searing Blow","Perfected Strike","Armaments"],"picked":"SKIP","floor":39},{"not_picked":["Exhume","Cleave","Wild Strike+1"],"picked":"SKIP","floor":41},{"not_picked":["Shockwave","Anger"],"picked":"Spot Weakness","floor":42}],"player_experience":1977901,"relics_obtained":[{"floor":6.0,"key":"Blood Vial"},{"floor":8.0,"key":"Whetstone"},{"floor":9.0,"key":"Orichalcum"},{"floor":29,"key":"Lizard Tail"},{"floor":31,"key":"Old Coin"},{"floor":38,"key":"Regal Pillow"},{"floor":41,"key":"Juzu Bracelet"},{"floor":43,"key":"Bottled Flame"}],"event_choices":[{"damage_healed":0.0,"max_hp_gain":0.0,"max_hp_loss":0.0,"gold_gain":0.0,"event_name":"Scrap Ooze","player_choice":"Success","floor":2.0,"gold_loss":0.0,"damage_taken":18.0,"relics_obtained":["MealTicket"]},{"cards_removed":["Strike_R"],"damage_healed":0.0,"max_hp_gain":0.0,"max_hp_loss":0.0,"gold_gain":0.0,"event_name":"Golden Wing","player_choice":"Card Removal","floor":3.0,"gold_loss":0.0,"damage_taken":7.0},{"cards_removed":["Strike_R"],"damage_healed":0.0,"max_hp_gain":0.0,"max_hp_loss":0.0,"gold_gain":0.0,"event_name":"Bonfire Elementals","player_choice":"Offered Basic","floor":4.0,"gold_loss":0.0,"damage_taken":0.0},{"damage_healed":0.0,"max_hp_gain":5.0,"max_hp_loss":0.0,"gold_gain":0.0,"event_name":"Big Fish","player_choice":"Donut","floor":10.0,"gold_loss":0.0,"damage_taken":0.0},{"cards_removed":["Strike_R"],"damage_healed":0,"gold_gain":0,"player_choice":"Gave Gold","damage_taken":0,"max_hp_gain":0,"max_hp_loss":0,"event_name":"Beggar","floor":20,"gold_loss":75},{"damage_healed":0,"gold_gain":0,"player_choice":"Inject Mutagens","damage_taken":0,"relics_obtained":["MutagenicStrength"],"max_hp_gain":0,"max_hp_loss":0,"event_name":"Drug Dealer","floor":27,"gold_loss":0},{"damage_healed":0,"gold_gain":0,"player_choice":"Obtained Relic","damage_taken":0,"relics_obtained":["Pantograph"],"max_hp_gain":0,"max_hp_loss":0,"event_name":"Addict","floor":28,"gold_loss":85},{"cards_removed":["Dark Embrace"],"damage_healed":0,"gold_gain":0,"player_choice":"Removed Power","damage_taken":0,"max_hp_gain":0,"max_hp_loss":0,"event_name":"Falling","floor":37,"gold_loss":0}],"is_beta":false,"boss_relics":[{"not_picked":["Mark of Pain","Runic Dome"],"picked":"Coffee Dripper"},{"not_picked":["Sozu","Tiny House"],"picked":"Runic Pyramid"}],"items_purged_floors":[21],"is_endless":false,"potions_floor_spawned":[1,8,14,19,22,25,33,41,42],"killed_by":"Reptomancer","ascension_level":20}}