{"host":"474oh00kq6ni8dn3","time":1609957034,"event":{"mods":["AchievementEnabler","Aspiration","BaseMod","Bestiary","Colored Map","Colored Powertips","Conspire","Custom Start","Defuse TimeMaze Blight","Downfall","Duelist Mod","GifTheSpireLib","Googly Eyes","GungeonMod","Halation","Hubris","Infinite Spire","Jedi Mod","Minty Spire (QoL Compilation)","Permanent Neow","Quick Restart","Random Character Button","Replay The Spire","Shop Mod","StSLib","Stuff the Spire","The Construct","The Factory","The Jungle","Trackpad","Unceasing Turn Reminder","vexMod"],"gold_per_floor":[111,121,139,150,165,165,192,192,261,286,299,299,299,319,319,319,319],"floor_reached":16,"playtime":815,"items_purged":[],"score":120,"play_id":"fb47bd88-5df8-49f6-9773-885b948002cf","local_time":"20210106181714","is_ascension_mode":true,"campfire_choices":[{"data":"Neutralize","floor":6,"key":"SMITH"},{"floor":8,"key":"REST"},{"floor":15,"key":"REST"}],"circlet_count":0,"master_deck":["Strike_G","Strike_G","Strike_G","Strike_G","Defend_G+1","Defend_G","Defend_G","Defend_G","Survivor","Neutralize+1","Hidden Blade","StuffTheSpire:DoubleShiv","Infinite Blades","Corpse Explosion+1","Footwork+1","Dodge and Roll"],"relics":["Ring of the Snake","halation:SwordOfLegend","StuffTheSpire:ForceGauntlet","Bag of Preparation"],"acts_visited":["Exordium"],"potions_floor_usage":[7,14,16,16],"damage_taken":[{"damage":0,"enemies":"Cultist","floor":1,"turns":4},{"damage":0,"enemies":"Jaw Worm","floor":2,"turns":6},{"damage":1,"enemies":"Small Slimes","floor":3,"turns":4},{"damage":4,"enemies":"Looter","floor":4,"turns":3},{"damage":0,"enemies":"2 Fungi Beasts","floor":5,"turns":3},{"damage":30,"enemies":"Lagavulin","floor":7,"turns":11},{"damage":24,"enemies":"3 Sentries","floor":10,"turns":9},{"damage":1,"enemies":"3 Louse","floor":11,"turns":3},{"damage":0,"enemies":"Gremlin Gang","floor":14,"turns":1},{"damage":0,"enemies":"The Guardian","floor":16,"turns":11}],"seed_played":"-2653295454194175796","potions_obtained":[{"floor":3,"key":"Explosive Potion"},{"floor":7,"key":"CunningPotion"},{"floor":10,"key":"Explosive Potion"},{"floor":11,"key":"AttackPotion"},{"floor":14,"key":"Block Potion"}],"is_trial":false,"path_per_floor":["M","M","M","M","M","R","E","R","T","E","M","?","?","M","R","B"],"character_chosen":"THE_SILENT","items_purchased":[],"campfire_rested":2,"item_purchase_floors":[],"current_hp_per_floor":[63,63,62,58,58,58,28,45,45,21,20,20,7,7,34,34,34],"gold":319,"neow_bonus":"REMOVE_TWO","is_daily":false,"chose_seed":false,"campfire_upgraded":1,"win_rate":0.0,"timestamp":1609957034,"path_taken":["M","?","M","M","M","R","E","R","T","E","M","?","?","M","R","BOSS"],"items_purchased_type":[],"build_version":"2020-12-22","purchased_purges":0,"victory":false,"max_hp_per_floor":[63,63,63,63,63,63,63,63,63,63,63,63,63,63,63,63,63],"card_choices":[{"not_picked":["Poisoned Stab","Endless Agony"],"picked":"Hidden Blade","floor":1},{"not_picked":["Leg Sweep","Calculated Gamble"],"picked":"StuffTheSpire:DoubleShiv","floor":2},{"not_picked":["PiercingWail","Poisoned Stab","Catalyst"],"picked":"SKIP","floor":3},{"not_picked":["Distraction","Draining Mist","ReplayTheSpireMod:Exploit Weakness"],"picked":"SKIP","floor":4},{"not_picked":["Tactician","Prepared","StuffTheSpire:ClusterCrunch"],"picked":"SKIP","floor":5},{"not_picked":["Outmaneuver","jedi:brewingpoison"],"picked":"Infinite Blades","floor":7},{"not_picked":["Hidden Blade","Bane"],"picked":"Corpse Explosion","floor":10},{"not_picked":["Fluid Movement","Escape Plan"],"picked":"Footwork","floor":11},{"not_picked":["Eviscerate","Poisoned Stab"],"picked":"Dodge and Roll","floor":14}],"player_experience":87649,"relics_obtained":[{"floor":7,"key":"halation:SwordOfLegend"},{"floor":9,"key":"StuffTheSpire:ForceGauntlet"},{"floor":10,"key":"Bag of Preparation"}],"event_choices":[{"damage_healed":0,"gold_gain":0,"player_choice":"Entered Light","damage_taken":13,"max_hp_gain":0,"max_hp_loss":0,"event_name":"Shining Light","floor":13,"gold_loss":0,"cards_upgraded":["Corpse Explosion","Defend_G"]}],"is_beta":false,"boss_relics":[],"items_purged_floors":[],"is_endless":false,"potions_floor_spawned":[3,7,10,11,14],"killed_by":"The Guardian","ascension_level":1}}