{"host":"c3lc60y5x60jlt1y","time":1609956714,"event":{"mods":["AchievementEnabler","BaseMod","Bestiary","Colored Map","Minty Spire (QoL Compilation)","Quick Restart","StSLib","ojb\u0027s Info Mod"],"gold_per_floor":[111,32,32,32,32,32,59,59,59,69,1,13,13,43,43,138,138,158,172,87,107,107,138,138,138,138,173,173,185,221,242,242,242,242],"floor_reached":33,"playtime":1827,"items_purged":[],"score":378,"play_id":"a1be57ac-b34b-4e69-8a98-10b23a696cb5","local_time":"20210106201154","is_ascension_mode":true,"campfire_choices":[{"data":"Streamline","floor":6,"key":"SMITH"},{"data":"Dualcast","floor":8,"key":"SMITH"},{"data":"Aggregate","floor":15,"key":"SMITH"},{"floor":25,"key":"REST"},{"data":"Electrodynamics","floor":28,"key":"SMITH"},{"data":"Static Discharge","floor":32,"key":"SMITH"}],"circlet_count":0,"master_deck":["Defend_B","Defend_B","Defend_B","Defend_B","Zap","Dualcast+1","Streamline+1","Recycle","Thunder Strike","Gash","Redo","Capacitor","Gash","Aggregate+1","Electrodynamics+1","Static Discharge+1","Gash","Go for the Eyes","Bite","Bite","Bite","Bite","Bite","Hologram+1","Writhe","Capacitor+1","Ball Lightning","Doom and Gloom+1","Go for the Eyes"],"relics":["FrozenCore","NeowsBlessing","Blue Candle","PreservedInsect","InkBottle","Pantograph","Anchor","Mango","Meat on the Bone","Centennial Puzzle","CeramicFish"],"acts_visited":["Exordium","TheCity"],"potions_floor_usage":[14,16,21,27,30,33],"damage_taken":[{"damage":0,"enemies":"Small Slimes","floor":1,"turns":1},{"damage":0,"enemies":"Lagavulin","floor":7,"turns":1},{"damage":0,"enemies":"Cultist","floor":10,"turns":1},{"damage":1,"enemies":"2 Louse","floor":12,"turns":2},{"damage":12,"enemies":"3 Sentries","floor":14,"turns":3},{"damage":23,"enemies":"Slime Boss","floor":16,"turns":9},{"damage":14,"enemies":"3 Byrds","floor":18,"turns":3},{"damage":12,"enemies":"Spheric Guardian","floor":19,"turns":5},{"damage":29,"enemies":"Snake Plant","floor":21,"turns":5},{"damage":23,"enemies":"Gremlin Leader","floor":23,"turns":5},{"damage":18,"enemies":"Book of Stabbing","floor":27,"turns":5},{"damage":11,"enemies":"Centurion and Healer","floor":29,"turns":6},{"damage":22,"enemies":"Gremlin Leader","floor":30,"turns":4},{"damage":25,"enemies":"Snecko","floor":31,"turns":5},{"damage":77,"enemies":"Collector","floor":33,"turns":7}],"seed_played":"-3955284632265846128","potions_obtained":[{"floor":10,"key":"Explosive Potion"},{"floor":12,"key":"DistilledChaos"},{"floor":16,"key":"Dexterity Potion"},{"floor":19,"key":"ColorlessPotion"},{"floor":23,"key":"LiquidBronze"},{"floor":27,"key":"PowerPotion"}],"is_trial":false,"path_per_floor":["M","$","?","?","?","R","E","R","T","M","$","M","?","E","R","B",null,"M","M","?","M","?","E","?","R","T","E","R","M","E","M","R","B"],"character_chosen":"DEFECT","items_purchased":["Recycle","Capacitor"],"campfire_rested":1,"item_purchase_floors":[2,11],"current_hp_per_floor":[75,75,80,80,80,80,80,80,80,80,80,79,79,67,67,44,80,66,54,54,25,25,8,22,43,43,39,39,38,36,31,31,0,0],"gold":242,"neow_bonus":"THREE_ENEMY_KILL","is_daily":false,"chose_seed":false,"campfire_upgraded":5,"win_rate":0.0,"timestamp":1609956714,"path_taken":["M","$","?","?","?","R","E","R","T","?","$","M","?","E","R","BOSS","M","?","?","M","?","E","?","R","T","E","R","M","E","M","R","BOSS"],"items_purchased_type":["Card","Card"],"build_version":"2020-12-22","purchased_purges":0,"victory":false,"max_hp_per_floor":[75,75,80,80,80,80,80,80,80,80,80,80,80,80,80,80,80,80,80,80,80,56,56,70,70,70,70,70,70,70,70,70,70,70],"card_choices":[{"not_picked":["Coolheaded","Leap"],"picked":"Streamline","floor":1},{"not_picked":["Hologram","Streamline","Turbo"],"picked":"SKIP","floor":7},{"not_picked":["Stack","Steam"],"picked":"Redo","floor":10},{"not_picked":["FTL","Self Repair"],"picked":"Gash","floor":12},{"not_picked":["Beam Cell","Hologram"],"picked":"Aggregate","floor":14},{"not_picked":["Fission","Rainbow"],"picked":"Electrodynamics","floor":16},{"not_picked":["Conserve Battery","Steam Power"],"picked":"Static Discharge","floor":18},{"not_picked":["Leap","Chaos"],"picked":"Gash","floor":19},{"not_picked":["White Noise","Conserve Battery"],"picked":"Go for the Eyes","floor":21},{"not_picked":["Steam","Leap+1"],"picked":"Hologram+1","floor":23},{"not_picked":["Skim","Double Energy"],"picked":"Capacitor+1","floor":27},{"not_picked":["Reinforced Body","Fusion"],"picked":"Ball Lightning","floor":29},{"not_picked":["Melter","Chill"],"picked":"Doom and Gloom+1","floor":30},{"not_picked":["Steam Power+1","Turbo"],"picked":"Go for the Eyes","floor":31}],"player_experience":7599698,"relics_obtained":[{"floor":7,"key":"Blue Candle"},{"floor":9,"key":"PreservedInsect"},{"floor":14,"key":"InkBottle"},{"floor":23,"key":"Anchor"},{"floor":26,"key":"Meat on the Bone"},{"floor":27,"key":"Centennial Puzzle"},{"floor":30,"key":"CeramicFish"}],"event_choices":[{"damage_healed":0,"gold_gain":0,"player_choice":"Donut","damage_taken":0,"max_hp_gain":5,"max_hp_loss":0,"event_name":"Big Fish","floor":3,"gold_loss":0},{"damage_healed":0,"gold_gain":0,"player_choice":"Ignored","damage_taken":0,"max_hp_gain":0,"max_hp_loss":0,"event_name":"Liars Game","floor":4,"gold_loss":0},{"damage_healed":0,"gold_gain":0,"player_choice":"2 cards matched","damage_taken":0,"max_hp_gain":0,"max_hp_loss":0,"event_name":"Match and Keep!","floor":5,"gold_loss":0,"cards_obtained":["Thunder Strike","Gash"]},{"cards_removed":["Strike_B"],"damage_healed":0,"gold_gain":0,"player_choice":"Card Removal","damage_taken":0,"max_hp_gain":0,"max_hp_loss":0,"event_name":"Wheel of Change","floor":13,"gold_loss":0},{"damage_healed":0,"gold_gain":0,"player_choice":"Obtained Relic","damage_taken":0,"relics_obtained":["Pantograph"],"max_hp_gain":0,"max_hp_loss":0,"event_name":"Addict","floor":20,"gold_loss":85},{"damage_healed":0,"gold_gain":0,"player_choice":"Became a vampire","damage_taken":0,"max_hp_gain":0,"max_hp_loss":24,"event_name":"Vampires","floor":22,"gold_loss":0,"cards_obtained":["Bite","Bite","Bite","Bite","Bite"]},{"damage_healed":0,"gold_gain":0,"player_choice":"Opened","damage_taken":0,"relics_obtained":["Mango"],"max_hp_gain":0,"max_hp_loss":0,"event_name":"The Mausoleum","floor":24,"gold_loss":0,"cards_obtained":["Writhe"]}],"is_beta":false,"boss_relics":[{"not_picked":["Pandora\u0027s Box","Cursed Key"],"picked":"FrozenCore"}],"items_purged_floors":[],"is_endless":false,"potions_floor_spawned":[10,12,16,19,23,27],"killed_by":"Collector","ascension_level":1}}