{"host":"ivg6uxy7auliciht","time":1609910921,"event":{"mods":["BaseMod","Googly Eyes","Hermit","Minty Spire (QoL Compilation)","Replay The Spire","Shop Mod","StSLib","The Cursed"],"gold_per_floor":[119,294,306,317,327,327,327,346,346,363,383,383,383],"floor_reached":12,"playtime":1076,"items_purged":[],"score":74,"play_id":"3cbe85fc-56b6-435a-ab98-2991887eb8e6","local_time":"20210106002841","is_ascension_mode":false,"campfire_choices":[{"data":"hermit:Snipe","floor":6,"key":"SMITH"}],"circlet_count":0,"master_deck":["hermit:Strike_Hermit","hermit:Strike_Hermit","hermit:Strike_Hermit","hermit:Strike_Hermit","hermit:Defend_Hermit","hermit:Defend_Hermit","hermit:Defend_Hermit","hermit:Defend_Hermit","hermit:Snapshot","hermit:Covet","hermit:Enervate","Doubt","hermit:Gestalt","hermit:Snipe+1","hermit:Glare","hermit:TakeCover","hermit:BigShot"],"relics":["hermit:Momento","Letter Opener"],"acts_visited":["Exordium"],"potions_floor_usage":[11,12,12,12],"damage_taken":[{"damage":0,"enemies":"Small Slimes","floor":1,"turns":3},{"damage":1,"enemies":"Cultist","floor":3,"turns":4},{"damage":15,"enemies":"Jaw Worm","floor":4,"turns":4},{"damage":25,"enemies":"Lots of Slimes","floor":5,"turns":6},{"damage":2,"enemies":"3 Louse","floor":8,"turns":3},{"damage":2,"enemies":"2 Fungi Beasts","floor":10,"turns":3},{"damage":14,"enemies":"Exordium Wildlife","floor":11,"turns":3},{"damage":30,"enemies":"Gremlin Nob","floor":12,"turns":4}],"seed_played":"-4103846044363439623","potions_obtained":[{"floor":3,"key":"Fire Potion"},{"floor":8,"key":"Elixir"},{"floor":10,"key":"SneckoOil"},{"floor":11,"key":"SpeedPotion"}],"is_trial":false,"path_per_floor":["M","?","M","M","M","R","?","M","T","M","M","E"],"character_chosen":"HERMIT","items_purchased":[],"campfire_rested":0,"item_purchase_floors":[],"current_hp_per_floor":[82,82,81,66,41,41,46,44,44,42,28,0,0],"gold":383,"neow_bonus":"TEN_PERCENT_HP_BONUS","is_daily":false,"chose_seed":false,"campfire_upgraded":1,"win_rate":0.0,"timestamp":1609910921,"path_taken":["M","?","M","M","M","R","?","?","T","M","M","E"],"items_purchased_type":[],"build_version":"2020-12-22","purchased_purges":0,"victory":false,"max_hp_per_floor":[82,82,82,82,82,82,82,82,82,82,82,82,82],"card_choices":[{"not_picked":["hermit:HighCaliber","hermit:Headshot"],"picked":"hermit:Enervate","floor":1},{"not_picked":["hermit:TrackingShot","hermit:Feint"],"picked":"hermit:Vantage","floor":3},{"not_picked":["hermit:Desperado","hermit:EternalForm"],"picked":"hermit:Gestalt","floor":4},{"not_picked":["hermit:TakeAim","hermit:Brawl"],"picked":"hermit:Snipe","floor":5},{"not_picked":["hermit:Desperado","hermit:Feint"],"picked":"hermit:Glare","floor":8},{"not_picked":["hermit:Desperado","hermit:Cheat"],"picked":"hermit:TakeCover","floor":10},{"not_picked":["hermit:WideOpen","hermit:LowProfile"],"picked":"hermit:BigShot","floor":11}],"player_experience":25701,"relics_obtained":[{"floor":9,"key":"Letter Opener"}],"event_choices":[{"damage_healed":0,"gold_gain":175,"player_choice":"AGREE","damage_taken":0,"max_hp_gain":0,"max_hp_loss":0,"event_name":"Liars Game","floor":2,"gold_loss":0,"cards_obtained":["Doubt"]},{"cards_removed":["hermit:Vantage"],"damage_healed":5,"gold_gain":0,"player_choice":"Offered Common","damage_taken":0,"max_hp_gain":0,"max_hp_loss":0,"event_name":"Bonfire Elementals","floor":7,"gold_loss":0},{"cards_removed":["hermit:Vantage"],"damage_healed":5,"gold_gain":0,"player_choice":"Offered Special","damage_taken":0,"max_hp_gain":0,"max_hp_loss":0,"event_name":"Bonfire Elementals","floor":7,"gold_loss":0}],"is_beta":false,"boss_relics":[],"items_purged_floors":[],"is_endless":false,"potions_floor_spawned":[3,8,10,11],"killed_by":"Gremlin Nob","ascension_level":0}}