{"host":"ji1fk25fd1ga4ji1","time":1609937155,"event":{"mods":["2.2 Compatiblity","BaseMod","Colored Map","DeckTracker","Minty Spire (QoL Compilation)","Permanent Neow","Quick Restart","StSLib","SuperFastMode"],"gold_per_floor":[111,111,36,56,73,73,107,121,121,121,140,160,160,160,160,257,257,274,84,101,101,112,112,140,140,140,168,185,220,230,245,245,340,340,357,357,368,381,391,391,391],"floor_reached":40,"playtime":1053,"items_purged":["Strike_R"],"score":480,"play_id":"ad9a3bc2-63a0-4506-b801-03ef663bf859","local_time":"20210106214555","is_ascension_mode":true,"campfire_choices":[{"data":"Clash","floor":6,"key":"SMITH"},{"data":"Twin Strike","floor":10,"key":"SMITH"},{"data":"Inflame","floor":13,"key":"SMITH"},{"data":"Bash","floor":15,"key":"SMITH"},{"data":"Offering","floor":23,"key":"SMITH"},{"floor":25,"key":"REST"},{"floor":32,"key":"REST"}],"circlet_count":0,"master_deck":["Strike_R","Defend_R","Defend_R+1","Bash+1","Clash+1","Twin Strike+1","Dark Embrace+1","Inflame+1","Offering+1","Feel No Pain","Sentinel","Second Wind+1","Corruption","Power Through"],"relics":["Burning Blood","HornCleat","Dead Branch","Empty Cage","Centennial Puzzle","Incense Burner","Darkstone Periapt","Red Mask","Anchor","SacredBark"],"acts_visited":["Exordium","TheCity","TheBeyond"],"potions_floor_usage":[16,16,24,24,28,40],"damage_taken":[{"damage":0,"enemies":"2 Louse","floor":1,"turns":2},{"damage":1,"enemies":"Cultist","floor":4,"turns":3},{"damage":1,"enemies":"Jaw Worm","floor":5,"turns":3},{"damage":60,"enemies":"3 Sentries","floor":7,"turns":14},{"damage":0,"enemies":"Large Slime","floor":8,"turns":4},{"damage":2,"enemies":"Blue Slaver","floor":11,"turns":3},{"damage":0,"enemies":"Exordium Wildlife","floor":12,"turns":3},{"damage":6,"enemies":"Slime Boss","floor":16,"turns":9},{"damage":8,"enemies":"3 Byrds","floor":18,"turns":6},{"damage":25,"enemies":"Shell Parasite","floor":20,"turns":4},{"damage":9,"enemies":"Centurion and Healer","floor":22,"turns":5},{"damage":20,"enemies":"Slavers","floor":24,"turns":3},{"damage":6,"enemies":"Masked Bandits","floor":27,"turns":3},{"damage":12,"enemies":"Sentry and Sphere","floor":28,"turns":5},{"damage":12,"enemies":"Gremlin Leader","floor":29,"turns":2},{"damage":2,"enemies":"Snecko","floor":30,"turns":3},{"damage":6,"enemies":"Snake Plant","floor":31,"turns":4},{"damage":62,"enemies":"Champ","floor":33,"turns":12},{"damage":6,"enemies":"Orb Walker","floor":35,"turns":3},{"damage":8,"enemies":"3 Shapes","floor":37,"turns":2},{"damage":4,"enemies":"Spire Growth","floor":38,"turns":3},{"damage":17,"enemies":"Jaw Worm Horde","floor":39,"turns":4},{"damage":20,"enemies":"Nemesis","floor":40,"turns":8}],"seed_played":"61148611571084908","potions_obtained":[{"floor":4,"key":"BlessingOfTheForge"},{"floor":12,"key":"Weak Potion"},{"floor":16,"key":"Fire Potion"},{"floor":18,"key":"Ancient Potion"},{"floor":20,"key":"Explosive Potion"},{"floor":27,"key":"SkillPotion"},{"floor":30,"key":"LiquidMemories"},{"floor":39,"key":"SkillPotion"}],"is_trial":false,"path_per_floor":["M","?","$","M","M","R","E","M","T","R","M","M","R","?","R","B",null,"M","$","M","?","M","R","E","R","T","?","M","E","M","M","R","B",null,"M","?","M","M","M","E"],"character_chosen":"IRONCLAD","items_purchased":["Feel No Pain","Centennial Puzzle"],"campfire_rested":2,"item_purchase_floors":[19,19],"current_hp_per_floor":[72,72,72,72,72,72,18,24,24,24,28,34,34,20,20,20,72,70,70,51,51,48,48,34,55,55,55,49,43,47,47,68,12,72,72,72,70,72,61,41,41],"gold":391,"neow_bonus":"REMOVE_TWO","is_daily":false,"chose_seed":false,"campfire_upgraded":5,"win_rate":0.0,"timestamp":1609937155,"path_taken":["M","?","$","M","M","R","E","M","T","R","?","?","R","?","R","BOSS","M","$","M","?","M","R","E","R","T","?","M","E","M","M","R","BOSS","M","?","M","M","?","E"],"items_purchased_type":["Card","Relic"],"build_version":"2020-12-22","purchased_purges":1,"victory":false,"max_hp_per_floor":[72,72,72,72,72,72,72,72,72,72,72,72,72,72,72,72,72,72,72,72,72,72,72,72,72,72,72,72,72,72,72,72,72,72,72,72,72,72,72,72,72],"card_choices":[{"not_picked":["Shockwave","Flex"],"picked":"Clash","floor":1},{"not_picked":["Headbutt","Body Slam","Anger"],"picked":"SKIP","floor":4},{"not_picked":["True Grit","Shockwave","Rupture"],"picked":"SKIP","floor":5},{"not_picked":["Evolve","Dark Embrace","Exhume"],"picked":"SKIP","floor":7},{"not_picked":["Evolve","Dark Embrace","Exhume"],"picked":"SKIP","floor":7},{"not_picked":["Sentinel","Headbutt"],"picked":"Twin Strike","floor":8},{"not_picked":["Pommel Strike","Wild Strike"],"picked":"Dark Embrace","floor":11},{"not_picked":["Body Slam","Anger"],"picked":"Inflame","floor":12},{"not_picked":["Brutality","Limit Break"],"picked":"Offering","floor":16},{"not_picked":["Body Slam","Battle Trance+1","Iron Wave"],"picked":"SKIP","floor":18},{"not_picked":["Shockwave","Metallicize","Inflame"],"picked":"SKIP","floor":20},{"not_picked":["Hemokinesis","Headbutt"],"picked":"Sentinel","floor":22},{"not_picked":["Clothesline+1","Havoc","Twin Strike"],"picked":"SKIP","floor":24},{"not_picked":["Thunderclap","Metallicize+1"],"picked":"Second Wind+1","floor":28},{"not_picked":["Seeing Red","Havoc","Wild Strike"],"picked":"SKIP","floor":29},{"not_picked":["Immolate","Flex+1","Uppercut"],"picked":"SKIP","floor":30},{"not_picked":["Sever Soul+1","Iron Wave","Heavy Blade+1"],"picked":"SKIP","floor":31},{"not_picked":["Fiend Fire","Demon Form"],"picked":"Corruption","floor":33},{"not_picked":["Pommel Strike","Cleave","Heavy Blade"],"picked":"SKIP","floor":35},{"not_picked":["Flex","Disarm+1","Iron Wave"],"picked":"SKIP","floor":37},{"not_picked":["Rage","Sword Boomerang","Wild Strike+1"],"picked":"SKIP","floor":38},{"not_picked":["True Grit","Clash+1"],"picked":"Power Through","floor":39}],"player_experience":802610,"relics_obtained":[{"floor":7,"key":"HornCleat"},{"floor":9,"key":"Dead Branch"},{"floor":24,"key":"Incense Burner"},{"floor":26,"key":"Darkstone Periapt"},{"floor":27,"key":"Red Mask"},{"floor":29,"key":"Anchor"}],"event_choices":[{"damage_healed":0,"gold_gain":0,"player_choice":"Bought 0 Potions","damage_taken":0,"max_hp_gain":0,"max_hp_loss":0,"event_name":"The Woman in Blue","floor":2,"gold_loss":0},{"damage_healed":0,"gold_gain":0,"player_choice":"Entered Light","damage_taken":14,"max_hp_gain":0,"max_hp_loss":0,"event_name":"Shining Light","floor":14,"gold_loss":0,"cards_upgraded":["Defend_R","Dark Embrace"]},{"cards_removed":["Strike_R"],"damage_healed":0,"gold_gain":0,"player_choice":"Elegance","damage_taken":0,"max_hp_gain":0,"max_hp_loss":0,"event_name":"Back to Basics","floor":21,"gold_loss":0},{"damage_healed":0,"gold_gain":0,"player_choice":"Fought Bandits","damage_taken":0,"max_hp_gain":0,"max_hp_loss":0,"event_name":"Masked Bandits","floor":27,"gold_loss":0},{"damage_healed":0,"gold_gain":0,"player_choice":"0 cards matched","damage_taken":0,"max_hp_gain":0,"max_hp_loss":0,"event_name":"Match and Keep!","floor":36,"gold_loss":0,"cards_obtained":[]}],"is_beta":false,"boss_relics":[{"not_picked":["Ectoplasm","Calling Bell"],"picked":"Empty Cage"},{"not_picked":["Pandora\u0027s Box","Snecko Eye"],"picked":"SacredBark"}],"items_purged_floors":[3],"is_endless":false,"potions_floor_spawned":[4,12,16,18,20,27,30,39],"killed_by":"Nemesis","ascension_level":1}}