{"host":"ixqzyafodex1tsi5","time":1609945225,"event":{"mods":["ATMod(°¢èªMod)","AchievementEnabler","Act Like it!","BaseMod","Gensokyo","GifTheSpireLib","Lobotomy","LobotomyExtend","Luminous","Minty Spire (QoL Compilation)","Relic Stats","Replay The Spire","RumiaBox-Â¶Ã×æ«µÄÉñÃØºÐ×Ó","Shop Mod","Spicy Shops","StSLib","The Cursed","[IsaacMod]ÒÔÈö¼âËþ","¡¾¹¦ÄÜMod¡¿»ìãçÖ®»·ÐÞ¸´²¹¶¡","¡¾ÒÅÎï¿¨ÅÆ¡¿REMEMod"],"gold_per_floor":[115,115,65,18,28,58,72,84,84,98,108,137,137,35,35,142,142,81,61,58,58,107,107,113,139,139,256,680,680,680,754,754],"floor_reached":31,"playtime":1598,"items_purged":["ReplayTheSpireMod:Splinters","Strike_R","Strike_R"],"score":615,"play_id":"71e3f2f4-a942-4357-8cc8-3bba955e7cb2","local_time":"20210106230025","is_ascension_mode":true,"campfire_choices":[{"data":"AT_LightSaberMaster","floor":13.0,"key":"SMITH"},{"data":"AT_IchimonjiDouble","floor":15.0,"key":"SMITH"},{"data":"Immolate","floor":23.0,"key":"SMITH"},{"data":"Luminous:Arcane_Rage_Luminous","floor":29,"key":"SMITH"}],"circlet_count":0,"master_deck":["Strike_R","Defend_R","Bash","AT_LightSaberMaster+1","Luminous:Arcane_Rage_Luminous+1","Pummel","Pommel Strike","QueenBee","REME_TheLastStrike","MHz","RedShoes","AT_IchimonjiDouble+1","Woodsman","ReplayTheSpireMod:Strike From Hell","Madness","Madness","Madness","Immolate+1","Feed+1","Bludgeon+1","Impervious+1","AT_DrawKnifeCut+1","Madness","Madness","Madness","Madness","Madness","Madness","Madness","Madness","Madness","Madness","REME_Scribble+1","Sword Boomerang+1","ReplayTheSpireMod:Strike From Hell+1"],"relics":["Burning Blood","REME_ComplimentaryCards","HushsDoor","AT_ATBox","SatanicBible","CogitoBucket","RabbitCall","LetterFromLob","Replay:Wax Seal","Replay:Bandana","Replay:Ringing Soul","ReplayTheSpireMod:CursedCoin","SalivaCoin","Meat on the Bone","ClockworkSouvenir","Another Sword","Astrolabe","GuppysTail","GodSword3","Ginger","Oddly Smooth Stone","Habit","NineVolt","ChangeAnything","MutagenicStrength","Pear","Bottled Flame","Darkstone Periapt","AtMidnight","SkinProphecy"],"acts_visited":["Exordium","TheCity"],"potions_floor_usage":[31,31],"damage_taken":[{"damage":0.0,"enemies":"2 Louse","floor":1.0,"turns":1.0},{"damage":0.0,"enemies":"Cultist","floor":5.0,"turns":2.0},{"damage":0.0,"enemies":"Gremlin Nob","floor":6.0,"turns":2.0},{"damage":3.0,"enemies":"Small Slimes","floor":7.0,"turns":2.0},{"damage":13.0,"enemies":"Blue Slaver","floor":8.0,"turns":2.0},{"damage":0.0,"enemies":"Exordium Wildlife","floor":10.0,"turns":1.0},{"damage":8.0,"enemies":"3 Louse","floor":11.0,"turns":2.0},{"damage":14.0,"enemies":"3 Sentries","floor":12.0,"turns":2.0},{"damage":63.0,"enemies":"Hexaghost","floor":16.0,"turns":4.0},{"damage":20.0,"enemies":"3 Byrds","floor":18.0,"turns":3.0},{"damage":43.0,"enemies":"Chosen","floor":20.0,"turns":4.0},{"damage":15.0,"enemies":"Centurion and Healer","floor":22.0,"turns":3.0},{"damage":41.0,"enemies":"Slavers","floor":24.0,"turns":5.0},{"damage":0,"enemies":"Sentry and Sphere","floor":25,"turns":1},{"damage":41,"enemies":"Book of Stabbing","floor":27,"turns":4},{"damage":101,"enemies":"Snake Plant","floor":28,"turns":13},{"damage":49,"enemies":"Cultist and Chosen","floor":31,"turns":6}],"seed_played":"-1705669976902779927","potions_obtained":[{"floor":6.0,"key":"ColorlessPotion"},{"floor":7.0,"key":"LifebloodPotion"},{"floor":10.0,"key":"SkillPotion"},{"floor":16.0,"key":"Energy Potion"},{"floor":28,"key":"SpeedPotion"}],"is_trial":false,"path_per_floor":["M","?","?","$","M","E","M","M","T","M","M","E","R","$","R","B",null,"M","$","M","?","M","R","E","M","T","E","M","R","?","M"],"character_chosen":"IRONCLAD","items_purchased":["Pommel Strike","Replay:Ringing Soul","ReplayTheSpireMod:CursedCoin","SalivaCoin","Meat on the Bone","ClockworkSouvenir","Another Sword","GuppysTail","GodSword3","Ginger","Oddly Smooth Stone","Habit","NineVolt"],"campfire_rested":0,"item_purchase_floors":[4,14,14,14,14,14,14,17,19,19,19,19,19],"current_hp_per_floor":[80,80,80,80,80,80,80,73,73,79,80,80,80,83,83,47,72,79,82,66,66,72,72,74,95,95,71,47,47,47,0,0],"gold":754,"neow_bonus":"","is_daily":false,"chose_seed":false,"campfire_upgraded":4,"win_rate":0.0,"timestamp":1609945225,"path_taken":["M","?","?","$","M","E","M","M","T","M","M","E","R","?","R","BOSS","M","$","M","?","M","R","E","?","T","E","M","R","?","M"],"items_purchased_type":["Card","Relic","Relic","Relic","Relic","Relic","Relic","Relic","Relic","Relic","Relic","Relic","Relic"],"build_version":"2020-12-22","purchased_purges":3,"victory":false,"max_hp_per_floor":[80,80,80,80,80,80,80,80,80,80,80,80,80,83,83,86,79,82,85,88,88,91,91,110,113,113,116,125,125,125,130,130],"relic_stats":{"Darkstone Periapt":0,"counters":[20,60],"Astrolabe":["Feed","Bludgeon","Impervious"],"Ginger":[1],"obtain_stats":[{"Darkstone Periapt":27,"RabbitCall":0,"GuppysTail":17,"AT_ATBox":0,"NineVolt":19,"Ginger":19,"SkinProphecy":28,"Burning Blood":0,"SatanicBible":0,"ClockworkSouvenir":14,"Replay:Ringing Soul":14,"CogitoBucket":0,"Replay:Bandana":12,"Replay:Wax Seal":6,"KeepersGift":0,"Pear":24,"ReplayTheSpireMod:CursedCoin":14,"Astrolabe":17,"Oddly Smooth Stone":19,"Habit":19,"Bottled Flame":26,"MutagenicStrength":21,"AtMidnight":28,"Another Sword":14,"LetterFromLob":1,"SalivaCoin":14,"ChangeAnything":20,"HushsDoor":0,"GodSword3":19,"REME_ComplimentaryCards":0,"Meat on the Bone":14},{"Darkstone Periapt":17,"RabbitCall":0,"GuppysTail":10,"AT_ATBox":0,"NineVolt":11,"Ginger":11,"SkinProphecy":19,"Burning Blood":0,"SatanicBible":0,"ClockworkSouvenir":9,"Replay:Ringing Soul":9,"CogitoBucket":0,"Replay:Bandana":9,"Replay:Wax Seal":3,"KeepersGift":0,"Pear":15,"ReplayTheSpireMod:CursedCoin":9,"Astrolabe":10,"Oddly Smooth Stone":11,"Habit":11,"Bottled Flame":16,"MutagenicStrength":13,"AtMidnight":19,"Another Sword":9,"LetterFromLob":1,"SalivaCoin":9,"ChangeAnything":13,"HushsDoor":0,"GodSword3":11,"REME_ComplimentaryCards":0,"Meat on the Bone":9},{"Darkstone Periapt":40,"RabbitCall":0,"GuppysTail":19,"AT_ATBox":0,"NineVolt":22,"Ginger":22,"SkinProphecy":54,"Burning Blood":0,"SatanicBible":0,"ClockworkSouvenir":15,"Replay:Ringing Soul":15,"CogitoBucket":0,"Replay:Bandana":15,"Replay:Wax Seal":5,"KeepersGift":0,"Pear":35,"ReplayTheSpireMod:CursedCoin":15,"Astrolabe":19,"Oddly Smooth Stone":22,"Habit":22,"Bottled Flame":36,"MutagenicStrength":27,"AtMidnight":54,"Another Sword":15,"LetterFromLob":1,"SalivaCoin":15,"ChangeAnything":27,"HushsDoor":0,"GodSword3":22,"REME_ComplimentaryCards":0,"Meat on the Bone":15}],"Burning Blood":63,"Meat on the Bone":24},"card_choices":[{"not_picked":[],"picked":"ChaosCard","floor":0.0},{"not_picked":["MeatLantern","ShyLook","BeautyBeast"],"picked":"Singing Bowl","floor":1.0},{"not_picked":["True Grit","Abandon"],"picked":"Pummel","floor":1.0},{"not_picked":["CherryBlossoms","WallGazer"],"picked":"QueenBee","floor":5.0},{"not_picked":["Armaments","Ghostly Armor"],"picked":"REME_TheLastStrike","floor":5.0},{"not_picked":["ShyLook","OSAHOGD","VoidDream"],"picked":"Singing Bowl","floor":6.0},{"not_picked":["Feel No Pain","Uppercut"],"picked":"Bomb","floor":6.0},{"not_picked":["Porccubus","ShyLook","Variant"],"picked":"Singing Bowl","floor":7.0},{"not_picked":["VoidDream","FairyFestival"],"picked":"MHz","floor":7.0},{"not_picked":["Evolve","Havoc","Wild Strike"],"picked":"SKIP","floor":7.0},{"not_picked":["HeroicMonk","ShyLook","LaLuna"],"picked":"Singing Bowl","floor":8.0},{"not_picked":["Freischutz","OSAHOGD"],"picked":"RedShoes","floor":8.0},{"not_picked":["ReplayTheSpireMod:Muscle Training","AT_ManFootWork"],"picked":"AT_IchimonjiDouble","floor":8.0},{"not_picked":["SingingMachine","FairyFestival"],"picked":"Woodsman","floor":10.0},{"not_picked":["Dual Wield","Bloodletting"],"picked":"ReplayTheSpireMod:Strike From Hell","floor":10.0},{"not_picked":["NakedNest","QueenOfHatred","CrumblingArmor"],"picked":"Singing Bowl","floor":11.0},{"not_picked":["Dark Embrace","Infernal Blade"],"picked":"Bomb","floor":11.0},{"not_picked":["FairyFestival","BlackSwan","LittleHelper"],"picked":"Singing Bowl","floor":12.0},{"not_picked":["Cleave","Havoc","Wild Strike"],"picked":"SKIP","floor":12.0},{"not_picked":["CherryBlossoms","SnowQueen","Murderer"],"picked":"Singing Bowl","floor":16.0},{"not_picked":["Demon Form","Corruption"],"picked":"Immolate","floor":16.0},{"not_picked":["DespairKnight","Wellcheers","Porccubus"],"picked":"Singing Bowl","floor":18.0},{"not_picked":["Combust","Havoc+1"],"picked":"AT_DrawKnifeCut+1","floor":18.0},{"not_picked":["BodiesMountain","Alriune","Porccubus"],"picked":"Singing Bowl","floor":20.0},{"not_picked":["ReplayTheSpireMod:Strike From Hell","Cleave+1"],"picked":"REME_Scribble+1","floor":20.0},{"not_picked":["Wellcheers","UniverseFragment","PunishingBird"],"picked":"Singing Bowl","floor":22.0},{"not_picked":["Searing Blow","Flex"],"picked":"Sword Boomerang+1","floor":22.0},{"not_picked":["BlueStar","NothingThere"],"picked":"BigBird","floor":24.0},{"not_picked":["REME_FearOfPain","Headbutt"],"picked":"ReplayTheSpireMod:Strike From Hell+1","floor":24.0},{"not_picked":["Bloodbath","WallGazer"],"picked":"PunishingBird","floor":25},{"not_picked":["Havoc","Iron Wave+1","AT_IchimonjiDouble+1"],"picked":"SKIP","floor":25},{"not_picked":["WhiteNight","CENSORED","Rudolta"],"picked":"Singing Bowl","floor":27},{"not_picked":["Shrug It Off+1","Feed","Cleave"],"picked":"SKIP","floor":27},{"not_picked":["Alriune","SnowQueen","OldLady"],"picked":"Singing Bowl","floor":28},{"not_picked":["BeautyBeast","OSAHOGD"],"picked":"LongBird","floor":28},{"not_picked":["Sentinel","Heavy Blade","Abandon"],"picked":"SKIP","floor":28}],"player_experience":237967,"relics_obtained":[{"floor":1.0,"key":"LetterFromLob"},{"floor":6.0,"key":"Replay:Wax Seal"},{"floor":12.0,"key":"Replay:Bandana"},{"floor":24.0,"key":"Pear"},{"floor":26,"key":"Bottled Flame"},{"floor":27,"key":"Darkstone Periapt"},{"floor":28,"key":"AtMidnight"}],"event_choices":[{"cards_removed":["Defend_R"],"damage_healed":0.0,"max_hp_gain":0.0,"max_hp_loss":0.0,"gold_gain":0.0,"event_name":"Wheel of Change","player_choice":"Card Removal","floor":2.0,"gold_loss":0.0,"damage_taken":0.0},{"cards_removed":["Strike_R"],"damage_healed":0.0,"max_hp_gain":0.0,"max_hp_loss":0.0,"gold_gain":0.0,"event_name":"The Cleric","player_choice":"Card Removal","floor":3.0,"gold_loss":50.0,"damage_taken":0.0},{"damage_healed":0.0,"max_hp_gain":0.0,"max_hp_loss":0.0,"gold_gain":0.0,"event_name":"Drug Dealer","player_choice":"Inject Mutagens","floor":21.0,"gold_loss":0.0,"damage_taken":0.0,"relics_obtained":["MutagenicStrength"]},{"damage_healed":0,"gold_gain":0,"player_choice":"Ignored","damage_taken":0,"max_hp_gain":0,"max_hp_loss":0,"event_name":"Vampires","floor":30,"gold_loss":0}],"is_beta":false,"boss_relics":[{"not_picked":["Runic Pyramid","Pandora\u0027s Box"],"picked":"Astrolabe"},{"not_picked":[]}],"items_purged_floors":[14,14,19],"is_endless":false,"potions_floor_spawned":[6,7,10,12,16,20,24,28],"killed_by":"Cultist and Chosen","ascension_level":5}}