{"host":"6gnv7me3tk2udb7q","time":1609943887,"event":{"mods":["BaseMod","Bestiary","Colored Map","Minty Spire (QoL Compilation)"],"gold_per_floor":[116,86,104,116,128,128,6,27,27,27,40,40,40,96,96,170,170,210,239,280,340,340],"floor_reached":21,"playtime":1018,"items_purged":["Defend_P"],"score":304,"play_id":"481661e2-111c-4e33-acb3-d2ba013796e7","local_time":"20210106093807","is_ascension_mode":true,"campfire_choices":[{"data":"CrushJoints","floor":6.0,"key":"SMITH"},{"data":"BowlingBash","floor":10.0,"key":"SMITH"},{"data":"Wish","floor":12.0,"key":"SMITH"},{"data":"ThirdEye","floor":15.0,"key":"SMITH"}],"circlet_count":0,"master_deck":["AscendersBane","Strike_P","Strike_P","Strike_P","Strike_P","Defend_P","Defend_P","Defend_P","Eruption+1","Vigilance","CrushJoints+1","Crescendo","ThirdEye+1","Perseverance","BowlingBash+1","FlurryOfBlows","Wish+1","Omniscience","EmptyBody"],"relics":["PureWater","Odd Mushroom","White Beast Statue","WingedGreaves","Busted Crown","Red Mask"],"acts_visited":["Exordium","TheCity"],"potions_floor_usage":[20],"damage_taken":[{"damage":4.0,"enemies":"2 Louse","floor":1.0,"turns":3.0},{"damage":0.0,"enemies":"Cultist","floor":3.0,"turns":2.0},{"damage":1.0,"enemies":"Small Slimes","floor":4.0,"turns":3.0},{"damage":0.0,"enemies":"3 Louse","floor":5.0,"turns":2.0},{"damage":9.0,"enemies":"The Mushroom Lair","floor":8.0,"turns":4.0},{"damage":0.0,"enemies":"Looter","floor":11.0,"turns":1.0},{"damage":16.0,"enemies":"Gremlin Nob","floor":14.0,"turns":3.0},{"damage":17.0,"enemies":"Hexaghost","floor":16.0,"turns":8.0},{"damage":31.0,"enemies":"Shell Parasite","floor":18.0,"turns":3.0},{"damage":14.0,"enemies":"Masked Bandits","floor":19.0,"turns":4.0},{"damage":2,"enemies":"Chosen","floor":20,"turns":6},{"damage":12,"enemies":"Snake Plant","floor":21,"turns":2}],"seed_played":"-3079830509375851685","potions_obtained":[{"floor":2.0,"key":"Regen Potion"},{"floor":2.0,"key":"Ambrosia"},{"floor":5.0,"key":"Energy Potion"},{"floor":11.0,"key":"SneckoOil"},{"floor":14.0,"key":"Block Potion"},{"floor":16.0,"key":"SpeedPotion"},{"floor":18.0,"key":"BlessingOfTheForge"},{"floor":19.0,"key":"AttackPotion"},{"floor":20,"key":"Block Potion"}],"is_trial":false,"path_per_floor":["M","?","M","M","M","R","$","?","T","R","M","R","$","E","R","B",null,"M","?","M","M"],"character_chosen":"WATCHER","items_purchased":["BowlingBash"],"campfire_rested":0,"item_purchase_floors":[7],"current_hp_per_floor":[57,57,57,56,56,56,56,56,56,56,56,56,56,40,40,23,57,26,12,10,0,0],"gold":340,"neow_bonus":"UPGRADE_CARD","is_daily":false,"chose_seed":false,"campfire_upgraded":4,"win_rate":0.0,"timestamp":1609943887,"path_taken":["M","?","M","M","M","R","?","?","T","R","M","R","$","E","R","BOSS","M","?","M","M"],"items_purchased_type":["Card"],"build_version":"2020-12-22","purchased_purges":1,"victory":false,"max_hp_per_floor":[68,68,68,68,68,68,68,68,68,68,68,68,68,68,68,68,68,68,68,68,68,68],"card_choices":[{"not_picked":["Crescendo","CutThroughFate"],"picked":"CrushJoints","floor":1.0},{"not_picked":["WreathOfFlame","EmptyFist"],"picked":"Crescendo","floor":3.0},{"not_picked":["Crescendo","CrushJoints"],"picked":"ThirdEye","floor":4.0},{"not_picked":["InnerPeace","Halt"],"picked":"Perseverance","floor":5.0},{"not_picked":["EmptyFist","Perseverance"],"picked":"FlurryOfBlows","floor":8.0},{"not_picked":["MentalFortress","EmptyMind"],"picked":"Wish","floor":11.0},{"not_picked":["BowlingBash","SignatureMove","Nirvana"],"picked":"SKIP","floor":14.0},{"not_picked":["MasterReality","DeusExMachina"],"picked":"Omniscience","floor":16.0},{"not_picked":["Study"],"picked":"SKIP","floor":18.0},{"not_picked":[],"picked":"EmptyBody","floor":19.0},{"not_picked":["Prostrate"],"picked":"SKIP","floor":20}],"player_experience":609189,"relics_obtained":[{"floor":8.0,"key":"Odd Mushroom"},{"floor":9.0,"key":"White Beast Statue"},{"floor":14.0,"key":"WingedGreaves"},{"floor":19.0,"key":"Red Mask"}],"event_choices":[{"damage_healed":0.0,"max_hp_gain":0.0,"max_hp_loss":0.0,"gold_gain":0.0,"event_name":"The Woman in Blue","player_choice":"Bought 2 Potions","floor":2.0,"gold_loss":0.0,"damage_taken":0.0},{"damage_healed":0.0,"max_hp_gain":0.0,"max_hp_loss":0.0,"gold_gain":0.0,"event_name":"Mushrooms","player_choice":"Fought Mushrooms","floor":8.0,"gold_loss":0.0,"damage_taken":0.0},{"damage_healed":0.0,"max_hp_gain":0.0,"max_hp_loss":0.0,"gold_gain":0.0,"event_name":"Masked Bandits","player_choice":"Fought Bandits","floor":19.0,"gold_loss":0.0,"damage_taken":0.0}],"is_beta":false,"boss_relics":[{"not_picked":["Sozu","Tiny House"],"picked":"Busted Crown"}],"items_purged_floors":[7],"is_endless":false,"potions_floor_spawned":[4,5,11,14,16,18,19,20],"killed_by":"Snake Plant","ascension_level":14}}