{"host":"a7dhdzm3fda48fos","time":1609966421,"event":{"mods":["AchievementEnabler","AlwaysNeverKeys","BaseMod","Better Altar","Better Note","Better Sensory Stone","Better Skull","Better Third Choice","BetterRewards","Block Reminder","Colored Map","Displayed Cursed Tome","Gold Saver","Minty Spire (QoL Compilation)","Quick Restart","Relic Filter","Relic Sorter","Relic Stats","Remove Card Discount Mod","Shop Mod","Spicy Shops","StSLib"],"gold_per_floor":[247,247,247,257,1,27,47,59,137,147,29,29,29,43,43,139,139,159,159,173,86,86,113,113,124,150,150,150,160,177,177,177],"floor_reached":31,"playtime":1476,"items_purged":[],"score":418,"play_id":"f61f6ba9-60ad-4af5-b359-4f7ff66b7ec7","local_time":"20210106215341","is_ascension_mode":true,"campfire_choices":[{"data":"Loop","floor":12,"key":"SMITH"},{"floor":15,"key":"REST"},{"data":"Self Repair","floor":24,"key":"SMITH"},{"data":"Thunder Strike","floor":28,"key":"SMITH"}],"circlet_count":0,"master_deck":["Strike_B","Strike_B","Strike_B+1","Strike_B","Defend_B","Defend_B+1","Defend_B+1","Defend_B","Zap+1","Dualcast","BootSequence","FTL","Ball Lightning","Self Repair+1","Aggregate+1","Gash","Loop+1","Spot Weakness+1","Stack+1","Thunder Strike+1","Redo+1","Loop+1","Compile Driver+1","Capacitor","Ball Lightning+1","Reboot+1","Streamline","Compile Driver","Gash"],"relics":["Cracked Core","Nunchaku","Shuriken","Medical Kit","MerchantsRug","Toxic Egg 2","War Paint","Philosopher\u0027s Stone","Bottled Lightning","Whetstone","Nloth\u0027s Gift"],"acts_visited":["Exordium","TheCity"],"potions_floor_usage":[6,16,25,30,31],"damage_taken":[{"damage":12,"enemies":"Jaw Worm","floor":1,"turns":3},{"damage":0,"enemies":"Cultist","floor":4,"turns":4},{"damage":44,"enemies":"Lagavulin","floor":6,"turns":7},{"damage":0,"enemies":"2 Louse","floor":7,"turns":2},{"damage":0,"enemies":"Looter","floor":8,"turns":3},{"damage":0,"enemies":"Exordium Thugs","floor":10,"turns":3},{"damage":0,"enemies":"Large Slime","floor":14,"turns":4},{"damage":26,"enemies":"The Guardian","floor":16,"turns":8},{"damage":26,"enemies":"2 Thieves","floor":18,"turns":3},{"damage":0,"enemies":"Spheric Guardian","floor":20,"turns":3},{"damage":37,"enemies":"Book of Stabbing","floor":23,"turns":5},{"damage":4,"enemies":"Cultist and Chosen","floor":25,"turns":4},{"damage":11,"enemies":"Snecko","floor":29,"turns":3},{"damage":16,"enemies":"Chosen and Byrds","floor":30,"turns":4},{"damage":36,"enemies":"Shelled Parasite and Fungi","floor":31,"turns":3}],"seed_played":"315166115750552428","potions_obtained":[{"floor":1,"key":"SkillPotion"},{"floor":8,"key":"ColorlessPotion"},{"floor":14,"key":"Ancient Potion"},{"floor":16,"key":"FearPotion"},{"floor":25,"key":"Fruit Juice"},{"floor":30,"key":"Swift Potion"}],"is_trial":false,"path_per_floor":["M","?","?","M","$","E","M","M","T","M","$","R","?","M","R","B",null,"M","?","M","$","T","E","R","M","T","?","R","M","M","M"],"character_chosen":"DEFECT","items_purchased":["Medical Kit","MerchantsRug","Toxic Egg 2","Loop","Capacitor","Ball Lightning"],"campfire_rested":1,"item_purchase_floors":[0,0,5,11,21,21],"current_hp_per_floor":[63,63,63,63,63,19,19,26,26,33,33,33,6,13,35,19,75,56,56,56,56,56,36,36,47,47,47,47,46,30,0,0],"gold":177,"neow_bonus":"","is_daily":false,"chose_seed":false,"campfire_upgraded":3,"win_rate":0.0,"timestamp":1609966421,"path_taken":["M","?","?","M","$","E","M","?","T","M","?","R","?","M","R","BOSS","M","?","M","$","?","E","R","M","T","?","R","M","?","M"],"items_purchased_type":["Relic","Relic","Relic","Card","Card","Card"],"build_version":"2020-12-22","purchased_purges":0,"victory":false,"max_hp_per_floor":[75,75,75,75,75,75,75,75,75,75,75,75,75,75,75,75,75,75,75,75,75,75,85,85,90,90,90,90,90,90,90,90],"relic_stats":{"Nunchaku":[12],"counters":[49,190],"Shuriken":[11],"Nloth\u0027s Gift":0,"Whetstone":["Strike_B","Ball Lightning"],"War Paint":["Defend_B","Defend_B"],"Medical Kit":[1],"obtain_stats":[{"Darkstone Periapt":9,"Ice Cream":13,"Lantern":38,"Gremlin Horn":4,"Vajra":53,"Whetstone":26,"Bottled Tornado":53,"Ancient Tea Set":26,"Frozen Eye":4,"Centennial Puzzle":9,"Nunchaku":53,"Matryoshka":8,"Mummified Hand":43,"Pantograph":25,"Strawberry":44,"Tiny Chest":20,"Philosopher\u0027s Stone":17,"WingedGreaves":0,"Kunai":0,"Toxic Egg 2":5,"Cracked Core":0,"InkBottle":54,"MerchantsRug":4,"Lee\u0027s Waffle":10,"Pear":9,"Inserter":34,"Eternal Feather":38,"The Courier":19,"Pen Nib":41,"War Paint":26,"Question Card":39,"Medical Kit":0,"White Beast Statue":23,"Busted Crown":17,"Ornamental Fan":53,"Shuriken":9,"Bird Faced Urn":36,"betterThird:SlimedRelic":3,"Orrery":2,"Coffee Dripper":17,"Nloth\u0027s Gift":27,"Membership Card":38,"Bottled Lightning":48,"Toy Ornithopter":6,"Unceasing Top":10,"Meat on the Bone":38,"Pocketwatch":14},{"Darkstone Periapt":27,"Ice Cream":29,"Lantern":17,"Gremlin Horn":1,"Vajra":22,"Whetstone":46,"Bottled Tornado":22,"Ancient Tea Set":10,"Frozen Eye":1,"Centennial Puzzle":3,"Nunchaku":22,"Matryoshka":3,"Mummified Hand":18,"Pantograph":10,"Strawberry":18,"Tiny Chest":7,"Philosopher\u0027s Stone":42,"WingedGreaves":24,"Kunai":24,"Toxic Egg 2":36,"Cracked Core":0,"InkBottle":23,"MerchantsRug":1,"Lee\u0027s Waffle":27,"Pear":3,"Inserter":14,"Eternal Feather":17,"The Courier":7,"Pen Nib":18,"War Paint":10,"Question Card":17,"Medical Kit":34,"White Beast Statue":9,"Busted Crown":30,"Ornamental Fan":22,"Shuriken":39,"Bird Faced Urn":16,"betterThird:SlimedRelic":25,"Orrery":25,"Coffee Dripper":6,"Nloth\u0027s Gift":46,"Membership Card":17,"Bottled Lightning":21,"Toy Ornithopter":3,"Unceasing Top":4,"Meat on the Bone":17,"Pocketwatch":29},{"Darkstone Periapt":104,"Ice Cream":111,"Lantern":66,"Gremlin Horn":2,"Vajra":90,"Whetstone":181,"Bottled Tornado":90,"Ancient Tea Set":46,"Frozen Eye":2,"Centennial Puzzle":10,"Nunchaku":90,"Matryoshka":10,"Mummified Hand":71,"Pantograph":46,"Strawberry":71,"Tiny Chest":31,"Philosopher\u0027s Stone":166,"WingedGreaves":96,"Kunai":96,"Toxic Egg 2":139,"Cracked Core":0,"InkBottle":91,"MerchantsRug":2,"Lee\u0027s Waffle":104,"Pear":10,"Inserter":58,"Eternal Feather":66,"The Courier":31,"Pen Nib":71,"War Paint":46,"Question Card":66,"Medical Kit":132,"White Beast Statue":41,"Busted Crown":117,"Ornamental Fan":90,"Shuriken":151,"Bird Faced Urn":63,"betterThird:SlimedRelic":99,"Orrery":99,"Coffee Dripper":25,"Nloth\u0027s Gift":181,"Membership Card":66,"Bottled Lightning":86,"Toy Ornithopter":10,"Unceasing Top":15,"Meat on the Bone":66,"Pocketwatch":111}]},"card_choices":[{"not_picked":["Cold Snap","Turbo"],"picked":"BootSequence","floor":1},{"not_picked":["Steam","Go for the Eyes"],"picked":"FTL","floor":4},{"not_picked":["Barrage","Turbo+1"],"picked":"Ball Lightning","floor":6},{"not_picked":["Reprogram+1","Glacier+1"],"picked":"Self Repair","floor":7},{"not_picked":["Loop","Stack+1"],"picked":"Aggregate+1","floor":8},{"not_picked":["Go for the Eyes","Multi-Cast+1"],"picked":"Gash","floor":10},{"not_picked":["Steam+1","Coolheaded+1"],"picked":"Stack+1","floor":14},{"not_picked":["Rainbow+1","Biased Cognition"],"picked":"Thunder Strike","floor":16},{"not_picked":["Reprogram+1","Steam+1"],"picked":"Redo+1","floor":18},{"not_picked":["Recycle+1","Turbo+1"],"picked":"Compile Driver+1","floor":20},{"not_picked":["Heatsinks","Barrage"],"picked":"Reboot+1","floor":23},{"not_picked":["Capacitor","Recycle+1"],"picked":"Streamline","floor":25},{"not_picked":["Rip and Tear+1","Ball Lightning"],"picked":"Compile Driver","floor":29},{"not_picked":["Hello World","Beam Cell"],"picked":"Gash","floor":30}],"player_experience":84568,"relics_obtained":[{"floor":6,"key":"War Paint"},{"floor":9,"key":"Shuriken"},{"floor":22,"key":"Bottled Lightning"},{"floor":23,"key":"Pear"},{"floor":26,"key":"Whetstone"}],"event_choices":[{"damage_healed":0,"gold_gain":0,"player_choice":"Ignored","damage_taken":247,"max_hp_gain":0,"max_hp_loss":0,"event_name":"betterThird:BetterSerpent","floor":2,"gold_loss":0},{"damage_healed":0,"gold_gain":0,"player_choice":"Forge","damage_taken":0,"max_hp_gain":0,"max_hp_loss":0,"event_name":"Accursed Blacksmith","floor":3,"gold_loss":0,"cards_upgraded":["Zap"]},{"damage_healed":0,"gold_gain":1,"player_choice":"Card Relic ","damage_taken":27,"max_hp_gain":0,"max_hp_loss":0,"event_name":"betterThird:BetterScrap","floor":13,"gold_loss":0,"cards_obtained":["Spot Weakness","Blasphemy"]},{"damage_healed":0,"gold_gain":0,"player_choice":"Copied","damage_taken":0,"max_hp_gain":0,"max_hp_loss":0,"event_name":"Duplicator","floor":19,"gold_loss":0,"cards_obtained":["Loop"]},{"damage_healed":0,"gold_gain":0,"player_choice":"Traded Relic","damage_taken":0,"relics_obtained":["Nloth\u0027s Gift"],"max_hp_gain":0,"max_hp_loss":0,"event_name":"N\u0027loth","floor":27,"relics_lost":["Pear"],"gold_loss":0}],"is_beta":false,"boss_relics":[{"not_picked":["Nuclear Battery","Astrolabe"],"picked":"Philosopher\u0027s Stone"}],"items_purged_floors":[],"is_endless":false,"potions_floor_spawned":[1,8,14,16,25,30],"killed_by":"Shelled Parasite and Fungi","ascension_level":2}}