{"host":"htqwg582tjjtn9p7","time":1609949817,"event":{"mods":["2.2 Compatiblity","AchievementEnabler","Act Like it!","Aspiration","BaseMod","Better Third Choice","Colored Map","Conspire","Curses Come First","Displayed Cursed Tome","Energized Spire","Force Act Four","GifTheSpireLib","Hermit","Highlight Path","JesterMod","Mad Scientist","Minty Spire (QoL Compilation)","Pale of the Ancients","Permanent Neow","Random Character Button","Relic Stats","Replay The Spire","Robot Space Explorer","Somnambulant","Spicy Shops","Spikes Relics","StSLib","Stuff the Spire","The Blue Laboratory","The Disciple","The Dragon Tamer","The Forsaken","The Gatherer","The Judge","The Jungle","The Marked","The Runesmith","The Servant 0.9.4","Uncapped"],"gold_per_floor":[114,128,128,54,54,82,82,95,144,144,162,180,65,169,169,247,247,261,275,200,41,55,55,65,169,193,329,329,339,358,93,93,172,172,183,183,202,214,214,214,214,214,214,314,329,437,212,54,54,54,71,81,112,112,112,132,132,180,180,180,180],"floor_reached":60,"playtime":3190,"items_purged":["theForsaken:TheForsaken_Strike","Setup","theForsaken:FuryStrikes"],"score":1790,"play_id":"3f8d2055-b1d4-4d6b-a7e5-83e36c751940","local_time":"20210106171657","is_ascension_mode":true,"campfire_choices":[{"data":"theForsaken:Smite","floor":7,"key":"SMITH"},{"data":"theForsaken:NobleSacrifice","floor":10,"key":"SMITH"},{"data":"theForsaken:Smite+1","floor":15,"key":"SMITH"},{"data":"theForsaken:HymnOfPatience","floor":23,"key":"SMITH"},{"data":"theForsaken:HymnOfPatience+1","floor":28,"key":"SMITH"},{"data":"theForsaken:HymnOfPatience+2","floor":32,"key":"SMITH"},{"data":"theForsaken:SacredOath","floor":40,"key":"SMITH"},{"data":"theForsaken:HymnOfPatience+3","floor":42,"key":"SMITH"},{"data":"theForsaken:NobleSacrifice","floor":49,"key":"SMITH"},{"data":"theForsaken:SacredOath","floor":55,"key":"SMITH"},{"data":"theForsaken:NobleSacrifice","floor":57,"key":"SMITH"}],"circlet_count":0,"master_deck":["AscendersBane","theForsaken:TheForsaken_Defend","theForsaken:TheForsaken_Defend","theForsaken:TheForsaken_Defend","theForsaken:Smite+2","theForsaken:Penitence","theForsaken:FuryStrikes","theForsaken:Bolster","theForsaken:NobleSacrifice+1","theForsaken:NobleSacrifice+1","theForsaken:NobleSacrifice+1","theForsaken:QuickAttack","theForsaken:Prudence","theForsaken:NobleSacrifice+1","theForsaken:HymnOfPatience+4","theForsaken:QuickAttack","theForsaken:StoreUp+1","theForsaken:SacredOath+1","Underhanded Strike","theForsaken:StoreUp+1","theForsaken:SacredOath+1","Pot Of Greed","Pot Of Greed"],"relics":["theForsaken:JudgementScales","aspiration:Lifesprig","Thread and Needle","StuffTheSpire:TintedRock","conspire:InfiniteJournal","Orichalcum","conspire:SlowCooker","Akabeko","Replay:Baseball","Singing Bowl","Quantum Egg","conspire:SpecialSausage","ReplayTheSpireMod:Ninjato","Mirror","StuffTheSpire:GrapeVine","OrangePellets","paleoftheancients:Timepiece","Anchor","Coffee Dripper","Gremlin Horn","Oddly Smooth Stone","Runesmith:Locket","paleoftheancients:SoulOfTheVixen","Grinning Jar"],"acts_visited":["Exordium","TheCity","TheBeyond","TheBeyond"],"potions_floor_usage":[6,45,46,60],"damage_taken":[{"damage":18,"enemies":"Jaw Worm","floor":1,"turns":6},{"damage":10,"enemies":"Small Slimes","floor":2,"turns":4},{"damage":12,"enemies":"Replay:BlueRogue","floor":6,"turns":7},{"damage":2,"enemies":"Cultist","floor":8,"turns":5},{"damage":15,"enemies":"Exordium Thugs","floor":11,"turns":7},{"damage":6,"enemies":"conspire:2 RoseBushes","floor":12,"turns":10},{"damage":25,"enemies":"Gremlin Nob","floor":14,"turns":6},{"damage":103,"enemies":"Hexaghost","floor":16,"turns":15},{"damage":7,"enemies":"Shell Parasite","floor":18,"turns":8},{"damage":19,"enemies":"conspire:FuzzyDice","floor":19,"turns":14},{"damage":32,"enemies":"3 Cultists","floor":22,"turns":6},{"damage":11,"enemies":"Snecko","floor":24,"turns":11},{"damage":97,"enemies":"Gremlin Leader","floor":25,"turns":9},{"damage":25,"enemies":"conspire:SneckoGhost","floor":27,"turns":9},{"damage":5,"enemies":"conspire:HollyBat","floor":29,"turns":6},{"damage":6,"enemies":"3 Cultists","floor":30,"turns":4},{"damage":61,"enemies":"conspire:MysteriousRune","floor":33,"turns":9},{"damage":0,"enemies":"3 Shapes","floor":35,"turns":8},{"damage":38,"enemies":"3 Darklings","floor":37,"turns":7},{"damage":7,"enemies":"Spire Growth","floor":38,"turns":5},{"damage":0,"enemies":"Giant Head","floor":44,"turns":4},{"damage":24,"enemies":"Writhing Mass","floor":45,"turns":7},{"damage":14,"enemies":"Reptomancer","floor":46,"turns":7},{"damage":12,"enemies":"conspire:OrnateMirror","floor":50,"turns":6},{"damage":16,"enemies":"conspire:OrnateMirror","floor":51,"turns":7},{"damage":67,"enemies":"conspire:OrnateMirror","floor":52,"turns":5},{"damage":9,"enemies":"conspire:MimicChest","floor":53,"turns":5},{"damage":3,"enemies":"conspire:MimicChest","floor":56,"turns":6},{"damage":313,"enemies":"paleoftheancients:N","floor":60,"turns":12}],"seed_played":"3192961391675403841","potions_obtained":[{"floor":2,"key":"BlessingOfTheForge"},{"floor":11,"key":"blueLaboratory:CorrosionFlask"},{"floor":16,"key":"Energy Potion"},{"floor":45,"key":"GamblersBrew"},{"floor":46,"key":"Elixir"}],"is_trial":false,"path_per_floor":["M","M","?","$","?","E","R","M","T","R","M","M","$","E","R","B",null,"M","M","?","$","M","R","M","E","T","E","R","M","M","$","R","B",null,"M","?","M","M","?","R","?","R","T","E","M","E","$","$","R","B","M","M","?","T","R","M","R","T","?","B"],"character_chosen":"THE_FORSAKEN","items_purchased":["theForsaken:Bolster","conspire:InfiniteJournal","Regen Potion","Quantum Egg","OrangePellets"],"campfire_rested":0,"item_purchase_floors":[4,13,21,31,48],"current_hp_per_floor":[45,38,38,38,38,29,29,33,33,33,38,61,61,41,41,43,57,61,61,61,61,52,52,61,54,54,63,63,63,58,58,58,53,61,65,65,65,67,67,67,67,67,67,69,69,71,71,71,71,71,73,47,68,68,68,79,79,79,79,0,0],"gold":180,"neow_bonus":"RANDOM_COMMON_RELIC","is_daily":false,"chose_seed":false,"campfire_upgraded":11,"win_rate":0.0,"timestamp":1609949817,"path_taken":["M","M","?","$","?","E","R","M","T","R","M","M","?","E","R","BOSS","M","M","?","$","M","R","?","E","T","E","R","M","M","$","R","BOSS","M","?","M","M","?","R","?","R","T","E","?","E","?","$","R","BOSS","M","M","?","T","R","M","R","T","?","BOSS"],"items_purchased_type":["Card","Relic","Potion","Relic","Relic"],"build_version":"2020-12-22","purchased_purges":3,"victory":false,"max_hp_per_floor":[61,61,61,61,61,61,61,61,61,61,61,61,61,61,61,61,61,61,61,61,61,61,61,61,61,61,63,63,63,63,63,63,63,63,65,65,65,67,67,67,67,67,67,69,69,71,71,71,71,71,73,75,77,77,77,79,79,79,79,79,79],"relic_stats":{"OrangePellets":[6],"Singing Bowl":18,"Gremlin Horn":[1,1],"counters":[29,215],"Orichalcum":[156],"obtain_stats":[{"StuffTheSpire:TintedRock":9,"aspiration:Lifesprig":0,"ReplayTheSpireMod:Ninjato":43,"Singing Bowl":27,"Gremlin Horn":50,"Quantum Egg":31,"Oddly Smooth Stone":53,"Runesmith:Locket":54,"Thread and Needle":6,"conspire:SpecialSausage":34,"conspire:SlowCooker":17,"StuffTheSpire:GrapeVine":46,"paleoftheancients:SoulOfTheVixen":56,"Orichalcum":14,"Akabeko":25,"conspire:InfiniteJournal":13,"paleoftheancients:Timepiece":50,"OrangePellets":48,"Replay:Baseball":26,"Anchor":50,"Coffee Dripper":50,"Grinning Jar":58,"theForsaken:JudgementScales":0,"Mirror":44},{"StuffTheSpire:TintedRock":4,"aspiration:Lifesprig":0,"ReplayTheSpireMod:Ninjato":20,"Singing Bowl":14,"Gremlin Horn":24,"Quantum Egg":16,"Oddly Smooth Stone":27,"Runesmith:Locket":27,"Thread and Needle":3,"conspire:SpecialSausage":17,"conspire:SlowCooker":8,"StuffTheSpire:GrapeVine":23,"paleoftheancients:SoulOfTheVixen":28,"Orichalcum":7,"Akabeko":13,"conspire:InfiniteJournal":6,"paleoftheancients:Timepiece":24,"OrangePellets":23,"Replay:Baseball":13,"Anchor":24,"Coffee Dripper":24,"Grinning Jar":28,"theForsaken:JudgementScales":0,"Mirror":21},{"StuffTheSpire:TintedRock":22,"aspiration:Lifesprig":0,"ReplayTheSpireMod:Ninjato":156,"Singing Bowl":117,"Gremlin Horn":180,"Quantum Egg":127,"Oddly Smooth Stone":197,"Runesmith:Locket":197,"Thread and Needle":17,"conspire:SpecialSausage":136,"conspire:SlowCooker":60,"StuffTheSpire:GrapeVine":174,"paleoftheancients:SoulOfTheVixen":203,"Orichalcum":45,"Akabeko":108,"conspire:InfiniteJournal":39,"paleoftheancients:Timepiece":180,"OrangePellets":174,"Replay:Baseball":108,"Anchor":180,"Coffee Dripper":180,"Grinning Jar":203,"theForsaken:JudgementScales":0,"Mirror":160}]},"card_choices":[{"not_picked":["theForsaken:DarkBarrier","theForsaken:HorrifyingStrike"],"picked":"theForsaken:FuryStrikes","floor":1},{"not_picked":["theForsaken:Eulogy","theForsaken:BottledPlague"],"picked":"theForsaken:FuryStrikes","floor":2},{"not_picked":["theForsaken:TearsOfSunlight","theForsaken:ScorchingSunlight"],"picked":"theForsaken:NobleSacrifice","floor":6},{"not_picked":["theForsaken:PreciseStrike","theForsaken:CorruptedWord"],"picked":"theForsaken:NobleSacrifice","floor":8},{"not_picked":["theForsaken:ShieldCharge","theForsaken:Temperance"],"picked":"theForsaken:NobleSacrifice","floor":11},{"not_picked":["theForsaken:ShieldCharge","theForsaken:NobleSacrifice","theForsaken:ChargeAttack"],"picked":"SKIP","floor":12},{"not_picked":["theForsaken:Thunderbolt","theForsaken:Retribution"],"picked":"theForsaken:QuickAttack","floor":14},{"not_picked":["theForsaken:DarkRift","theForsaken:SacrificeSoul"],"picked":"theForsaken:Prudence","floor":16},{"not_picked":["theForsaken:ScorchingSunlight","theForsaken:Tranquility"],"picked":"theForsaken:NobleSacrifice+1","floor":18},{"not_picked":["theForsaken:Backlash","theForsaken:CreepingInfection","theForsaken:WardingHymn"],"picked":"SKIP","floor":19},{"not_picked":["theForsaken:WordsOfMight","theForsaken:BindingThorns","theForsaken:HymnOfPatience"],"picked":"SKIP","floor":22},{"not_picked":["theForsaken:WordsOfMight","theForsaken:BindingThorns"],"picked":"theForsaken:HymnOfPatience","floor":22},{"not_picked":["theForsaken:DarkBarrier","theForsaken:FatRoll","theForsaken:DefensiveStance"],"picked":"SKIP","floor":24},{"not_picked":["theForsaken:HymnOfRest","theForsaken:ScorchingSunlight","theForsaken:CowardsBrand"],"picked":"SKIP","floor":25},{"not_picked":["theForsaken:BountifulSunlight","theForsaken:CleansingLight","theForsaken:PanicDive"],"picked":"Singing Bowl","floor":27},{"not_picked":["theForsaken:MagicWeapon+1","theForsaken:CreepingInfection"],"picked":"theForsaken:QuickAttack","floor":29},{"not_picked":["theForsaken:FatRoll","theForsaken:PreciseStrike"],"picked":"theForsaken:StoreUp+1","floor":30},{"not_picked":["theForsaken:Confusion","theForsaken:DivineGuidance"],"picked":"theForsaken:SacredOath","floor":33},{"not_picked":["theForsaken:HymnOfRest+1","theForsaken:ChargeAttack","theForsaken:SpinAttack"],"picked":"Singing Bowl","floor":35},{"not_picked":["theForsaken:QuickAttack","theForsaken:ChargeAttack"],"picked":"theForsaken:StoreUp+1","floor":37},{"not_picked":["theForsaken:HymnOfRest+1","theForsaken:WordsOfMight+1","theForsaken:QuickAttack"],"picked":"Singing Bowl","floor":38},{"not_picked":["theForsaken:RainingSunlight","theForsaken:Backlash","theForsaken:FatRoll"],"picked":"Singing Bowl","floor":44},{"not_picked":["theForsaken:SiphonStrike","theForsaken:Parry+1"],"picked":"theForsaken:SacredOath","floor":45},{"not_picked":["theForsaken:WordsOfMight","theForsaken:ShieldBash","theForsaken:FuryStrikes"],"picked":"Singing Bowl","floor":46},{"not_picked":["theForsaken:Thunderbolt","theForsaken:Parry+1","theForsaken:FatRoll+1"],"picked":"Singing Bowl","floor":51},{"not_picked":["theForsaken:Backlash+1","theForsaken:ChargeAttack+1","theForsaken:BottledPlague"],"picked":"Singing Bowl","floor":52},{"not_picked":["theForsaken:RainingSunlight","theForsaken:StoreUp","theForsaken:WardingHymn"],"picked":"Singing Bowl","floor":53},{"not_picked":["theForsaken:Thunderbolt+1","theForsaken:FatRoll","theForsaken:HorrifyingStrike"],"picked":"Singing Bowl","floor":56}],"player_experience":1890652,"relics_obtained":[{"floor":6,"key":"Thread and Needle"},{"floor":9,"key":"StuffTheSpire:TintedRock"},{"floor":14,"key":"Orichalcum"},{"floor":25,"key":"Akabeko"},{"floor":26,"key":"Replay:Baseball"},{"floor":27,"key":"Singing Bowl"},{"floor":43,"key":"ReplayTheSpireMod:Ninjato"},{"floor":44,"key":"Mirror"},{"floor":46,"key":"StuffTheSpire:GrapeVine"},{"floor":53,"key":"Oddly Smooth Stone"},{"floor":54,"key":"Runesmith:Locket"},{"floor":56,"key":"paleoftheancients:SoulOfTheVixen"},{"floor":58,"key":"Grinning Jar"}],"event_choices":[{"damage_healed":0,"gold_gain":0,"player_choice":"Ignored","damage_taken":0,"max_hp_gain":0,"max_hp_loss":0,"event_name":"Golden Idol","floor":3,"gold_loss":0},{"cards_removed":["theForsaken:TheForsaken_Strike"],"damage_healed":0,"gold_gain":0,"player_choice":"Single Remove","damage_taken":0,"max_hp_gain":0,"max_hp_loss":0,"event_name":"Designer","floor":20,"gold_loss":75},{"damage_healed":0,"gold_gain":0,"player_choice":"Ignored","damage_taken":0,"max_hp_gain":0,"max_hp_loss":0,"event_name":"Tomb of Lord Red Mask","floor":39,"gold_loss":0},{"cards_removed":["ShadowRift"],"damage_healed":0,"gold_gain":0,"player_choice":"Purged","damage_taken":0,"max_hp_gain":0,"max_hp_loss":0,"event_name":"Purifier","floor":41,"gold_loss":0}],"is_beta":false,"boss_relics":[{"not_picked":["Tiny House","Runic Dome"],"picked":"conspire:SlowCooker"},{"not_picked":["Replay:Bronze Core","Replay:Grab Bag"],"picked":"conspire:SpecialSausage"}],"items_purged_floors":[21,47,47],"is_endless":false,"potions_floor_spawned":[2,11,16,22,24,25,33,35,44,45,46,53,56],"killed_by":"paleoftheancients:N","ascension_level":19}}