{"host":"jm9833yuloeli2yd","time":1609958849,"event":{"mods":["BaseMod","Better Altar","Better Match","Better Note","Better Sensory Stone","Better Skull","Better Third Choice","Better Vampires","BetterRewards","Colored Map","Colored Powertips","DeckTracker","Minty Spire (QoL Compilation)","Permanent Neow","Quick Restart","StSLib","SuperFastMode"],"gold_per_floor":[117,135,115,127,141,141,168,168,168,3,3,41,41,41,41,136,199,220,220,88,112,112,112],"floor_reached":22,"playtime":719,"items_purged":["Strike_G"],"score":564,"play_id":"6d537fbb-f730-4bef-b238-e86287293b8f","local_time":"20210106134729","is_ascension_mode":true,"campfire_choices":[{"data":"Sucker Punch","floor":6.0,"key":"SMITH"},{"data":"A Thousand Cuts","floor":13.0,"key":"SMITH"},{"data":"Survivor","floor":15.0,"key":"SMITH"}],"circlet_count":0,"master_deck":["AscendersBane","Strike_G","Strike_G","Strike_G","Strike_G","Defend_G","Defend_G","Defend_G","Defend_G","Defend_G","Survivor+1","Neutralize","Endless Agony","Underhanded Strike","Endless Agony+1","PiercingWail","Sucker Punch+1","All Out Attack","A Thousand Cuts+1","Venomology","Heel Hook","Blur","Deflect+1"],"relics":["Ring of the Snake","Calipers","Lantern","Golden Idol","Bottled Flame","Odd Mushroom","Tiny House","Art of War"],"acts_visited":["Exordium","TheCity"],"potions_floor_usage":[16,18,21,22],"damage_taken":[{"damage":1.0,"enemies":"Cultist","floor":1.0,"turns":4.0},{"damage":0.0,"enemies":"Small Slimes","floor":2.0,"turns":2.0},{"damage":0.0,"enemies":"Jaw Worm","floor":4.0,"turns":3.0},{"damage":9.0,"enemies":"Red Slaver","floor":5.0,"turns":6.0},{"damage":30.0,"enemies":"3 Sentries","floor":7.0,"turns":8.0},{"damage":5.0,"enemies":"The Mushroom Lair","floor":12.0,"turns":5.0},{"damage":26,"enemies":"Hexaghost","floor":16,"turns":10},{"damage":6,"enemies":"2 Thieves","floor":18,"turns":3},{"damage":17,"enemies":"Shell Parasite","floor":21,"turns":7},{"damage":19,"enemies":"Centurion and Healer","floor":22,"turns":8}],"seed_played":"-1765284304955945585","potions_obtained":[{"floor":2.0,"key":"ColorlessPotion"},{"floor":3.0,"key":"Energy Potion"},{"floor":17,"key":"DistilledChaos"}],"is_trial":false,"path_per_floor":["M","M","?","M","M","R","E","?","T","$","?","?","R","$","R","B",null,"M","?","$","M","M"],"character_chosen":"THE_SILENT","items_purchased":["Endless Agony","FairyPotion","PowerPotion","AttackPotion"],"campfire_rested":0,"item_purchase_floors":[0,10,10,20],"current_hp_per_floor":[58,58,58,58,49,49,19,19,19,19,19,14,14,14,14,6,52,46,28,28,11,0,0],"gold":112,"neow_bonus":"","is_daily":false,"chose_seed":false,"campfire_upgraded":3,"win_rate":0.0,"timestamp":1609958849,"path_taken":["M","M","?","M","?","R","E","?","T","$","?","?","R","$","R","BOSS","M","?","$","M","?"],"items_purchased_type":["Card","Potion","Potion","Potion"],"build_version":"2020-12-22","purchased_purges":1,"victory":false,"max_hp_per_floor":[66,66,66,66,66,66,66,60,60,60,60,60,60,60,60,60,65,65,65,65,65,65,65],"card_choices":[{"not_picked":["Acrobatics","Prepared"],"picked":"Underhanded Strike","floor":1.0},{"not_picked":["Outmaneuver","Acrobatics"],"picked":"Endless Agony","floor":2.0},{"not_picked":["Cloak And Dagger","Blade Dance"],"picked":"PiercingWail","floor":4.0},{"not_picked":["Reflex","Outmaneuver"],"picked":"Sucker Punch","floor":5.0},{"not_picked":["Deadly Poison","Reflex"],"picked":"All Out Attack","floor":7.0},{"not_picked":["Distraction","Reflex"],"picked":"A Thousand Cuts","floor":12.0},{"not_picked":["Malaise","Unload"],"picked":"Venomology","floor":16},{"not_picked":["Setup","Reflex"],"picked":"Heel Hook","floor":17},{"not_picked":["Acrobatics","Quick Slash"],"picked":"Blur","floor":18},{"not_picked":["Bane","Deadly Poison"],"picked":"Deflect+1","floor":21}],"player_experience":1268840,"relics_obtained":[{"floor":7.0,"key":"Lantern"},{"floor":9.0,"key":"Bottled Flame"},{"floor":12.0,"key":"Odd Mushroom"}],"event_choices":[{"damage_healed":0.0,"max_hp_gain":0.0,"max_hp_loss":0.0,"gold_gain":0.0,"event_name":"The Woman in Blue","player_choice":"Bought 1 Potion","floor":3.0,"gold_loss":0.0,"damage_taken":0.0},{"damage_healed":0.0,"max_hp_gain":0.0,"max_hp_loss":6.0,"gold_gain":0.0,"event_name":"Golden Idol","player_choice":"Lose Max HP","floor":8.0,"gold_loss":0.0,"damage_taken":0.0,"relics_obtained":["Golden Idol"]},{"damage_healed":0.0,"max_hp_gain":0.0,"max_hp_loss":0.0,"gold_gain":0.0,"event_name":"betterThird:BetterSerpent","player_choice":"Ignored","floor":11.0,"gold_loss":0.0,"damage_taken":3.0},{"damage_healed":0.0,"max_hp_gain":0.0,"max_hp_loss":0.0,"gold_gain":0.0,"event_name":"Mushrooms","player_choice":"Fought Mushrooms","floor":12.0,"gold_loss":0.0,"damage_taken":0.0},{"damage_healed":0,"gold_gain":0,"player_choice":"RE ","damage_taken":20,"relics_obtained":["Art of War"],"max_hp_gain":0,"max_hp_loss":0,"event_name":"betterSkull:BetterSkull","floor":19,"gold_loss":0,"cards_upgraded":[]}],"is_beta":false,"boss_relics":[{"not_picked":["Runic Pyramid","Fusion Hammer"],"picked":"Tiny House"}],"items_purged_floors":[20],"is_endless":false,"potions_floor_spawned":[2,12],"killed_by":"Centurion and Healer","ascension_level":20}}