{"host":"9som2zyqy2qnw00t","time":1609908083,"event":{"mods":["BaseMod","Colored Map","Colored Powertips","Downfall","Googly Eyes","Highlight Path","Minty Spire (QoL Compilation)","StSLib"],"gold_per_floor":[99,117,136,136,154,154,154,167,198,298,298,315,342,407,421,523,523,523,536,556,572,588,513,566,582,616,627,627,73,73,88,99,197,197,197,208,224,241,258,38,38,50,50,50,50],"floor_reached":43,"playtime":9453,"items_purged":["Guardian:TimeCapacitor"],"score":520,"play_id":"bb922554-15bd-42ea-b19d-fdcae90f30b6","local_time":"20210105224123","is_ascension_mode":false,"campfire_choices":[{"data":"Guardian:CurlUp","floor":1,"key":"SMITH"},{"floor":11,"key":"REST"},{"floor":18,"key":"RECALL"},{"data":"Guardian:DonusPower","floor":23,"key":"SMITH"},{"floor":28,"key":"REST"},{"data":"Guardian:BaubleBeam","floor":30,"key":"SMITH"},{"data":"Guardian:FastForward","floor":35,"key":"SMITH"}],"circlet_count":0,"master_deck":["Guardian:Strike_Guardian+1","Guardian:Strike_Guardian+1","Guardian:Defend_Guardian","Guardian:Defend_Guardian","Guardian:Defend_Guardian+1","Guardian:CurlUp+1","Guardian:TwinSlam+1","Guardian:ShieldCharger","Guardian:Suspension","Guardian:DonusPower+1","Guardian:Preprogram","Guardian:BronzeArmor","Guardian:TimeBomb","Guardian:SentryBeam","Guardian:ChargeUp","Guardian:ExploitGems+1","Guardian:ShieldSpikes+1","Guardian:EvasiveProtocol","Guardian:DecasProtection","Guardian:BaubleBeam+1","Guardian:TimeCapacitor+1","Guardian:FastForward+1","Guardian:MultiBeam+1","Guardian:Emergency+1","Guardian:Harden","Guardian:Gem_Red","Guardian:SpikerProtocol","Guardian:TemporalShield","Guardian:Clone+1"],"relics":["Guardian:ModeShifter","Smiling Mask","Peace Pipe","downfall:CloakOfManyFaces","CultistMask","FaceOfCleric","NlothsMask","GremlinMask","SsserpentHead","Whetstone","Astrolabe","downfall:HeartBlessingRed","Oddly Smooth Stone","Ginger","Runic Pyramid"],"acts_visited":["Exordium","TheCity","TheBeyond"],"potions_floor_usage":[10,13,15,21,26,27,33,39],"damage_taken":[{"damage":0,"enemies":"Cultist","floor":2,"turns":5},{"damage":0,"enemies":"Small Slimes","floor":3,"turns":3},{"damage":6,"enemies":"2 Louse","floor":5,"turns":3},{"damage":8,"enemies":"Red Slaver","floor":8,"turns":3},{"damage":22,"enemies":"Gremlin Nob","floor":9,"turns":5},{"damage":22,"enemies":"downfall:FaceTrader","floor":10,"turns":13},{"damage":3,"enemies":"Gremlin Gang","floor":12,"turns":5},{"damage":3,"enemies":"3 Sentries","floor":13,"turns":6},{"damage":20,"enemies":"Large Slime","floor":14,"turns":8},{"damage":11,"enemies":"Lots of Slimes","floor":15,"turns":4},{"damage":10,"enemies":"downfall:Silent","floor":16,"turns":9},{"damage":7,"enemies":"Spheric Guardian","floor":19,"turns":4},{"damage":0,"enemies":"3 Cultists","floor":20,"turns":5},{"damage":12,"enemies":"Centurion and Healer","floor":21,"turns":7},{"damage":0,"enemies":"Snecko","floor":22,"turns":5},{"damage":25,"enemies":"Snake Plant","floor":25,"turns":4},{"damage":0,"enemies":"Book of Stabbing","floor":26,"turns":5},{"damage":3,"enemies":"Shelled Parasite and Fungi","floor":27,"turns":4},{"damage":0,"enemies":"downfall:FleeingMerchant","floor":29,"turns":4},{"damage":5,"enemies":"Cultist and Chosen","floor":31,"turns":6},{"damage":7,"enemies":"Snake Plant","floor":32,"turns":5},{"damage":15,"enemies":"downfall:Defect","floor":33,"turns":8},{"damage":12,"enemies":"3 Shapes","floor":36,"turns":5},{"damage":17,"enemies":"3 Darklings","floor":37,"turns":3},{"damage":1,"enemies":"Sphere and 2 Shapes","floor":38,"turns":5},{"damage":9,"enemies":"Maw","floor":39,"turns":8},{"damage":0,"enemies":"downfall:FleeingMerchant","floor":40,"turns":4},{"damage":12,"enemies":"Jaw Worm Horde","floor":42,"turns":4},{"damage":28,"enemies":"Reptomancer","floor":43,"turns":3}],"seed_played":"8295889973882543039","potions_obtained":[{"floor":5,"key":"ColorlessPotion"},{"floor":9,"key":"Strength Potion"},{"floor":12,"key":"Explosive Potion"},{"floor":14,"key":"SpeedPotion"},{"floor":16,"key":"LiquidBronze"},{"floor":22,"key":"Strength Potion"},{"floor":25,"key":"DistilledChaos"},{"floor":26,"key":"ColorlessPotion"},{"floor":31,"key":"Guardian:AcceleratePotion"},{"floor":38,"key":"SkillPotion"}],"is_trial":false,"path_per_floor":["R","M","M","?","M","?","T","M","E","?","R","M","E","M","M","B",null,"R","M","M","M","M","R","T","M","E","M","R","$","R","M","M","B",null,"R","M","M","M","M","$","T","M","E"],"character_chosen":"GUARDIAN","items_purchased":["Guardian:BaubleBeam","Guardian:TimeCapacitor","Ginger","Guardian:Gem_Red","Guardian:SpikerProtocol","Guardian:TemporalShield"],"campfire_rested":2,"item_purchase_floors":[29,29,29,40,40,40],"current_hp_per_floor":[88,88,88,88,82,82,82,74,52,30,56,54,52,33,23,14,93,93,87,88,77,78,78,78,54,55,53,83,84,84,80,74,60,104,104,93,77,77,69,70,70,59,31,31,31],"gold":50,"neow_bonus":"TEN_PERCENT_HP_BONUS","is_daily":false,"chose_seed":false,"campfire_upgraded":4,"win_rate":0.0,"timestamp":1609908083,"path_taken":["R","M","M","?","M","?","T","M","E","?","R","M","E","?","M","BOSS","R","M","M","M","M","R","T","M","E","M","R","$","R","M","M","BOSS","R","M","M","M","M","$","T","M","E"],"items_purchased_type":["Card","Card","Relic","Card","Card","Card"],"build_version":"2020-12-22","purchased_purges":1,"victory":false,"max_hp_per_floor":[88,88,88,88,88,88,88,88,88,88,88,89,90,91,92,93,93,93,94,95,96,97,97,97,98,99,100,100,101,101,102,103,104,104,104,105,106,107,108,109,109,110,110,110,110],"card_choices":[{"not_picked":["Guardian:Gem_Red","Guardian:PrimingBeam"],"picked":"Guardian:ShieldCharger","floor":2},{"not_picked":["Guardian:Reroute","Guardian:TemporalShield"],"picked":"Guardian:Suspension","floor":3},{"not_picked":["Guardian:Gem_Green","Guardian:WalkerClaw"],"picked":"Guardian:DonusPower","floor":5},{"not_picked":["Guardian:RollAttack","Guardian:Emergency"],"picked":"Guardian:Preprogram","floor":8},{"not_picked":["Guardian:PrismaticBeam","Guardian:Suspension"],"picked":"Guardian:BronzeArmor","floor":9},{"not_picked":["Guardian:Reroute","Guardian:ShieldCharger"],"picked":"Guardian:Gem_Fragmented","floor":10},{"not_picked":["Guardian:Planning","Guardian:Recover"],"picked":"Guardian:TimeBomb","floor":12},{"not_picked":["Guardian:BronzeOrb","Guardian:Gem_Cyan"],"picked":"Guardian:Gem_Orange","floor":13},{"not_picked":["Guardian:Planning","Guardian:RollAttack"],"picked":"Guardian:SentryBeam","floor":14},{"not_picked":["Guardian:ArmoredProtocol","Guardian:Recover"],"picked":"Guardian:ChargeUp","floor":15},{"not_picked":["Guardian:Gem_Orange","Guardian:StasisStrike"],"picked":"Guardian:Gem_Synthetic","floor":16},{"not_picked":["Guardian:Reroute","Guardian:Suspension"],"picked":"Guardian:ShieldSpikes+1","floor":19},{"not_picked":["Guardian:SentryBeam","Guardian:Reroute"],"picked":"Guardian:EvasiveProtocol","floor":20},{"not_picked":["Guardian:RefractedBeam","Guardian:SentryBeam"],"picked":"Guardian:Gem_Lightblue","floor":21},{"not_picked":["Guardian:PrimingBeam","Guardian:PrismaticBarrier","Guardian:WalkerClaw"],"picked":"SKIP","floor":22},{"not_picked":["Guardian:RefractedBeam","Guardian:CrystalBeam"],"picked":"Guardian:Gem_Fragmented","floor":25},{"not_picked":["Guardian:ChargeCore+1","Guardian:PolyBeam+1"],"picked":"Guardian:DecasProtection","floor":26},{"not_picked":["Guardian:TemporalShield","Guardian:SpikerProtocol"],"picked":"Guardian:Gem_Green","floor":27},{"not_picked":["Guardian:ChargeCore+1","Guardian:Gem_Cyan"],"picked":"Guardian:Gem_Blue","floor":29},{"not_picked":["Guardian:ShieldCharger","Guardian:SentryBeam","Guardian:PrismaticBeam"],"picked":"SKIP","floor":31},{"not_picked":["Guardian:TemporalShield","Guardian:Incinerate+1"],"picked":"Guardian:TimeCapacitor+1","floor":32},{"not_picked":["Guardian:SphericShield","Guardian:Gem_Orange"],"picked":"Guardian:FastForward","floor":33},{"not_picked":["Guardian:CrystalBeam","Guardian:WalkerClaw"],"picked":"Guardian:MultiBeam+1","floor":36},{"not_picked":["Guardian:Preprogram+1","Guardian:GuardianWhirl","Guardian:SentryBeam"],"picked":"SKIP","floor":37},{"not_picked":["Guardian:Planning","Guardian:PrismaticBeam"],"picked":"Guardian:Emergency+1","floor":38},{"not_picked":["Guardian:EvasiveProtocol+1","Guardian:Gem_Cyan"],"picked":"Guardian:Harden","floor":39},{"not_picked":["Guardian:CrystalBeam+1","Guardian:Suspension","Guardian:RollAttack+1"],"picked":"SKIP","floor":40},{"not_picked":["Guardian:Repulse+1","Guardian:Gem_Cyan"],"picked":"Guardian:Clone+1","floor":42}],"player_experience":260597,"relics_obtained":[{"floor":7,"key":"Smiling Mask"},{"floor":9,"key":"Peace Pipe"},{"floor":10,"key":"downfall:CloakOfManyFaces"},{"floor":13,"key":"Whetstone"},{"floor":26,"key":"Oddly Smooth Stone"}],"event_choices":[{"cards_removed":["Regret"],"damage_healed":0,"gold_gain":0,"player_choice":"Card Removal","damage_taken":0,"max_hp_gain":0,"max_hp_loss":0,"event_name":"The Cleric","floor":6,"gold_loss":0}],"is_beta":false,"boss_relics":[{"not_picked":["Philosopher\u0027s Stone","SlaversCollar"],"picked":"Astrolabe"},{"not_picked":["Busted Crown","Black Star"],"picked":"Runic Pyramid"}],"items_purged_floors":[40],"is_endless":false,"potions_floor_spawned":[5,9,12,14,16,22,25,26,31,38],"killed_by":"Reptomancer","ascension_level":0}}