{"host":"ch74xfb1n85e86fc","time":1609901454,"event":{"mods":["AchievementEnabler","BaseMod","Colored Map","DeckTracker","Minty Spire (QoL Compilation)","Relic Stats","StSLib","SuperFastMode","everything is the same but u backflip on backflip"],"gold_per_floor":[359,369,379,390,26,26,41,72,72,84,84,102,2,12,12,116,116,128,128,143,160,35,35,60,60,60,60,78,78,95,109,109,213,213,232,280,280,290,305,305,155,155,155,165,125,145,178,3,3,3,3,3,3,32,32],"floor_reached":56,"playtime":2100,"items_purged":["Strike_R","Strike_R","Perfected Strike","Sever Soul","Iron Wave"],"score":1227,"play_id":"1c6b9e3d-c7f0-4880-a2f0-3b23eb96f304","local_time":"20210106115054","is_ascension_mode":true,"campfire_choices":[{"data":"Uppercut","floor":6.0,"key":"SMITH"},{"data":"Fire Breathing","floor":15.0,"key":"SMITH"},{"data":"Immolate","floor":23.0,"key":"SMITH"},{"data":"Body Slam","floor":25.0,"key":"SMITH"},{"floor":29.0,"key":"RECALL"},{"data":"Demon Form","floor":32.0,"key":"SMITH"},{"data":"Limit Break","floor":40.0,"key":"SMITH"},{"data":"Offering","floor":42.0,"key":"SMITH"},{"data":"Dual Wield","floor":49.0,"key":"SMITH"},{"data":"Burning Pact","floor":52.0,"key":"SMITH"}],"circlet_count":0,"master_deck":["Bash","Uppercut+1","Twin Strike","Thunderclap","Shrug It Off","Fire Breathing+1","Immolate+1","Limit Break+1","Burning Pact+1","Impervious","Heavy Blade","Battle Trance+1","Body Slam+1","Demon Form+1","Pummel+1","Reaper","Flame Barrier+1","Shrug It Off+1","Offering+1","Dual Wield+1","Pummel+1","Offering"],"relics":["Burning Blood","Calipers","Darkstone Periapt","Eternal Feather","Nloth\u0027s Gift","Red Mask","Coffee Dripper","Mango","FossilizedHelix","Letter Opener","Blood Vial"],"acts_visited":["Exordium","TheCity","TheBeyond","TheEnding"],"potions_floor_usage":[55],"damage_taken":[{"damage":1.0,"enemies":"Jaw Worm","floor":1.0,"turns":5.0},{"damage":1.0,"enemies":"Cultist","floor":2.0,"turns":3.0},{"damage":2.0,"enemies":"2 Louse","floor":3.0,"turns":2.0},{"damage":8.0,"enemies":"Red Slaver","floor":4.0,"turns":4.0},{"damage":7.0,"enemies":"Looter","floor":7.0,"turns":3.0},{"damage":35.0,"enemies":"Lagavulin","floor":8.0,"turns":6.0},{"damage":15.0,"enemies":"Exordium Wildlife","floor":10.0,"turns":5.0},{"damage":3.0,"enemies":"Red Slaver","floor":12.0,"turns":3.0},{"damage":5.0,"enemies":"3 Louse","floor":14.0,"turns":3.0},{"damage":35.0,"enemies":"Slime Boss","floor":16.0,"turns":7.0},{"damage":21.0,"enemies":"Shell Parasite","floor":18.0,"turns":6.0},{"damage":5.0,"enemies":"Chosen","floor":20.0,"turns":5.0},{"damage":18.0,"enemies":"Snake Plant","floor":21.0,"turns":6.0},{"damage":5.0,"enemies":"Masked Bandits","floor":24.0,"turns":2.0},{"damage":12.0,"enemies":"3 Cultists","floor":28.0,"turns":3.0},{"damage":28.0,"enemies":"Shelled Parasite and Fungi","floor":30.0,"turns":6.0},{"damage":11.0,"enemies":"Centurion and Healer","floor":31.0,"turns":5.0},{"damage":51.0,"enemies":"Champ","floor":33.0,"turns":7.0},{"damage":7.0,"enemies":"3 Shapes","floor":35.0,"turns":4.0},{"damage":18.0,"enemies":"2 Orb Walkers","floor":36.0,"turns":4.0},{"damage":7.0,"enemies":"Orb Walker","floor":38.0,"turns":4.0},{"damage":11.0,"enemies":"4 Shapes","floor":39.0,"turns":3.0},{"damage":38.0,"enemies":"Spire Growth","floor":44.0,"turns":5.0},{"damage":0.0,"enemies":"Transient","floor":46.0,"turns":5.0},{"damage":32.0,"enemies":"Nemesis","floor":47.0,"turns":7.0},{"damage":84.0,"enemies":"Awakened One","floor":50.0,"turns":9.0},{"damage":56.0,"enemies":"Shield and Spear","floor":54.0,"turns":6.0},{"damage":219,"enemies":"The Heart","floor":55,"turns":9}],"seed_played":"8455982201792919960","potions_obtained":[{"floor":1.0,"key":"BloodPotion"},{"floor":7.0,"key":"EntropicBrew"},{"floor":8.0,"key":"ColorlessPotion"},{"floor":24.0,"key":"DuplicationPotion"},{"floor":33.0,"key":"Swift Potion"},{"floor":35.0,"key":"Energy Potion"},{"floor":39.0,"key":"Swift Potion"},{"floor":54.0,"key":"ColorlessPotion"}],"is_trial":false,"path_per_floor":["M","M","M","M","$","R","M","E","T","M","?","M","$","M","R","B",null,"M","?","M","M","$","R","?","R","T","?","M","R","M","M","R","B",null,"M","?","?","M","M","R","$","R","T","M","$","M","E","$","R","B",null,"R","$","E","B",null],"character_chosen":"IRONCLAD","items_purchased":["Calipers","Dual Wield"],"campfire_rested":0,"item_purchase_floors":[5,45],"current_hp_per_floor":[72,72,72,70,70,70,69,40,40,31,31,34,34,35,41,12,72,57,57,58,46,46,52,53,62,62,62,56,65,43,38,47,16,72,71,73,63,62,57,69,69,81,81,65,65,71,45,45,57,70,86,86,86,80,18],"gold":32,"neow_bonus":"TWO_FIFTY_GOLD","is_daily":false,"chose_seed":false,"campfire_upgraded":9,"win_rate":0.0,"timestamp":1609901454,"path_taken":["M","M","M","M","$","R","M","E","T","M","?","?","?","M","R","BOSS","M","?","M","?","$","R","?","R","T","?","?","R","M","M","R","BOSS","M","?","?","M","M","R","$","R","T","M","$","M","E","?","R","BOSS","R","$","E","BOSS"],"items_purchased_type":["Relic","Card"],"build_version":"2020-12-22","purchased_purges":5,"victory":true,"max_hp_per_floor":[72,72,72,72,72,72,72,72,72,72,72,72,72,72,72,72,72,72,72,72,72,72,72,72,72,72,72,72,72,72,72,72,72,72,72,86,86,86,86,86,86,86,86,86,86,86,86,86,86,86,86,86,86,86,86],"relic_stats":{"Darkstone Periapt":0,"Blood Vial":2,"counters":[28,137],"Eternal Feather":75,"Nloth\u0027s Gift":5,"Letter Opener":[80],"obtain_stats":[{"Darkstone Periapt":8,"Blood Vial":54,"Calipers":5,"Eternal Feather":9,"Pandora\u0027s Box":17,"Mango":36,"Nloth\u0027s Gift":19,"Red Mask":24,"Coffee Dripper":34,"Letter Opener":47,"Burning Blood":0,"FossilizedHelix":43},{"Darkstone Periapt":6,"Blood Vial":27,"Calipers":4,"Eternal Feather":6,"Pandora\u0027s Box":10,"Mango":20,"Nloth\u0027s Gift":11,"Red Mask":14,"Coffee Dripper":18,"Letter Opener":25,"Burning Blood":0,"FossilizedHelix":22},{"Darkstone Periapt":23,"Blood Vial":128,"Calipers":14,"Eternal Feather":23,"Pandora\u0027s Box":41,"Mango":89,"Nloth\u0027s Gift":47,"Red Mask":60,"Coffee Dripper":81,"Letter Opener":113,"Burning Blood":0,"FossilizedHelix":96}],"Burning Blood":154},"card_choices":[{"not_picked":["Dual Wield","Armaments"],"picked":"Uppercut","floor":1.0},{"not_picked":["Clothesline","Bloodletting","Twin Strike"],"picked":"SKIP","floor":2.0},{"not_picked":["Clothesline","Bloodletting"],"picked":"Twin Strike","floor":2.0},{"not_picked":["Armaments","Clothesline","Twin Strike"],"picked":"SKIP","floor":3.0},{"not_picked":["Twin Strike","Shockwave"],"picked":"Perfected Strike","floor":4.0},{"not_picked":["Bloodletting","True Grit"],"picked":"Thunderclap","floor":7.0},{"not_picked":["Cleave","Wild Strike","Sentinel"],"picked":"SKIP","floor":8.0},{"not_picked":["Blood for Blood","Clothesline"],"picked":"Shrug It Off","floor":10.0},{"not_picked":["Armaments","Havoc","Twin Strike"],"picked":"SKIP","floor":12.0},{"not_picked":["Berserk","Blood for Blood","Iron Wave"],"picked":"SKIP","floor":14.0},{"not_picked":["Feed","Fiend Fire"],"picked":"Immolate","floor":16.0},{"not_picked":["Rupture","Whirlwind","Rage"],"picked":"SKIP","floor":18.0},{"not_picked":["Armaments+1","Heavy Blade+1","Anger"],"picked":"SKIP","floor":20.0},{"not_picked":["Armaments","Heavy Blade","Cleave+1"],"picked":"SKIP","floor":21.0},{"not_picked":["Perfected Strike","Heavy Blade"],"picked":"Body Slam","floor":24.0},{"not_picked":["Barricade","Pommel Strike","Headbutt"],"picked":"SKIP","floor":28.0},{"not_picked":["Shockwave","Clash+1"],"picked":"Demon Form","floor":30.0},{"not_picked":["Headbutt","Spot Weakness+1"],"picked":"Pummel+1","floor":31.0},{"not_picked":["Brutality","Corruption"],"picked":"Reaper","floor":33.0},{"not_picked":["Clothesline+1","Wild Strike"],"picked":"Flame Barrier+1","floor":35.0},{"not_picked":["Body Slam+1","Berserk"],"picked":"Shrug It Off+1","floor":36.0},{"not_picked":["Corruption","Battle Trance+1","Havoc"],"picked":"SKIP","floor":38.0},{"not_picked":["Iron Wave+1","Blood for Blood+1"],"picked":"Offering","floor":39.0},{"not_picked":["Flex","Bloodletting","Whirlwind+1"],"picked":"SKIP","floor":44.0},{"not_picked":["Reckless Charge","Combust"],"picked":"Pummel+1","floor":46.0},{"not_picked":["Inflame+1","Berserk","Reckless Charge+1"],"picked":"SKIP","floor":47.0},{"not_picked":["Berserk","Perfected Strike"],"picked":"Offering","floor":54.0}],"player_experience":29843,"relics_obtained":[{"floor":8.0,"key":"Darkstone Periapt"},{"floor":9.0,"key":"Eternal Feather"},{"floor":24.0,"key":"Red Mask"},{"floor":36.0,"key":"Mango"},{"floor":43.0,"key":"FossilizedHelix"},{"floor":47.0,"key":"Letter Opener"},{"floor":54.0,"key":"Blood Vial"}],"event_choices":[{"damage_healed":0.0,"max_hp_gain":0.0,"max_hp_loss":0.0,"gold_gain":0.0,"event_name":"Match and Keep!","player_choice":"1 cards matched","floor":11.0,"gold_loss":0.0,"damage_taken":0.0,"cards_obtained":["Fire Breathing"]},{"damage_healed":0.0,"max_hp_gain":0.0,"max_hp_loss":0.0,"gold_gain":0.0,"event_name":"N\u0027loth","player_choice":"Traded Relic","floor":19.0,"relics_lost":["Pandora\u0027s Box"],"gold_loss":0.0,"damage_taken":0.0,"relics_obtained":["Nloth\u0027s Gift"]},{"damage_healed":0.0,"max_hp_gain":0.0,"max_hp_loss":0.0,"gold_gain":0.0,"event_name":"Masked Bandits","player_choice":"Fought Bandits","floor":24.0,"gold_loss":0.0,"damage_taken":0.0},{"damage_healed":0.0,"max_hp_gain":0.0,"max_hp_loss":0.0,"gold_gain":0.0,"event_name":"Accursed Blacksmith","player_choice":"Forge","floor":27.0,"gold_loss":0.0,"damage_taken":0.0,"cards_upgraded":["Battle Trance"]},{"damage_healed":0.0,"max_hp_gain":0.0,"max_hp_loss":0.0,"gold_gain":0.0,"event_name":"Mysterious Sphere","player_choice":"Fight","floor":36.0,"gold_loss":0.0,"damage_taken":0.0},{"damage_healed":0.0,"max_hp_gain":0.0,"max_hp_loss":0.0,"gold_gain":0.0,"event_name":"SensoryStone","player_choice":"Memory 3","floor":37.0,"gold_loss":0.0,"damage_taken":10.0}],"is_beta":false,"boss_relics":[{"not_picked":["Fusion Hammer","Astrolabe"],"picked":"Pandora\u0027s Box"},{"not_picked":["Calling Bell","Philosopher\u0027s Stone"],"picked":"Coffee Dripper"}],"items_purged_floors":[5,13,22,41,48],"is_endless":false,"potions_floor_spawned":[1,7,8,10,24,31,33,35,39,54],"ascension_level":1}}