{"host":"ul7yvwhigba0nw36","time":1609892726,"event":{"mods":["AchievementEnabler","Act Like it!","Aspiration","BaseMod","Colored Map","Colored Powertips","Downfall","Highlight Path","Hubris","Infinite Spire","Minty Spire (QoL Compilation)","Replay The Spire","StSLib","The Jungle"],"gold_per_floor":[99,99,99,99,99,126,149,175,190,100,111,131,131,131,143,143,143,143],"floor_reached":16,"playtime":503,"items_purged":["Slimebound:Strike_Slimebound"],"score":133,"play_id":"5ee1645b-0803-4de2-9c99-dc0dd2fce468","local_time":"20210106002526","is_ascension_mode":false,"campfire_choices":[{"data":"Slimebound:CorrosiveSpit","floor":1,"key":"SMITH"}],"circlet_count":0,"master_deck":["Slimebound:Strike_Slimebound","Slimebound:Strike_Slimebound","Slimebound:Tackle+1","Slimebound:Defend_Slimebound","Slimebound:Defend_Slimebound","Slimebound:Defend_Slimebound","Slimebound:Defend_Slimebound","Slimebound:Split","Slimebound:CorrosiveSpit+1","Slimebound:SamplingLick","Slimebound:SlimeTap","Slimebound:PressTheAttack","Slimebound:LeechEnergy+1","Slimebound:SplitAcid","Slimebound:SplitAcid","Slimebound:SplitAcid","Slimebound:MegaLick"],"relics":["Slimebound:AbsorbEndCombat","downfall:HeartsMalice","Whetstone","Slimebound:ScrapOozeRelic"],"acts_visited":["Exordium"],"potions_floor_usage":[8,16],"damage_taken":[{"damage":0,"enemies":"Small Slimes","floor":2,"turns":1},{"damage":0,"enemies":"Cultist","floor":5,"turns":1},{"damage":0,"enemies":"3 Sentries","floor":6,"turns":1},{"damage":24,"enemies":"Lagavulin","floor":8,"turns":7},{"damage":11,"enemies":"Jaw Worm","floor":9,"turns":2},{"damage":11,"enemies":"downfall:FleeingMerchant","floor":10,"turns":4},{"damage":12,"enemies":"2 Fungi Beasts","floor":11,"turns":2},{"damage":14,"enemies":"Blue Slaver","floor":12,"turns":3},{"damage":12,"enemies":"Lots of Slimes","floor":15,"turns":2},{"damage":8,"enemies":"downfall:Silent","floor":16,"turns":1}],"seed_played":"1331102904359669421","potions_obtained":[{"floor":4,"key":"Swift Potion"},{"floor":4,"key":"Guardian:BlockOnCardUsePotion"},{"floor":4,"key":"DistilledChaos"},{"floor":6,"key":"infinitespire:BlackPotion"},{"floor":8,"key":"Fruit Juice"},{"floor":12,"key":"Strength Potion"}],"is_trial":false,"path_per_floor":["R","M","?","?","M","E","T","E","M","$","M","M","?","?","M","B"],"character_chosen":"SLIMEBOUND","items_purchased":[],"campfire_rested":0,"item_purchase_floors":[],"current_hp_per_floor":[60,60,60,60,60,60,60,56,57,62,65,63,63,63,61,57,57,57],"gold":143,"neow_bonus":"THREE_ENEMY_KILL","is_daily":false,"chose_seed":false,"campfire_upgraded":1,"win_rate":0.0,"timestamp":1609892726,"path_taken":["R","M","?","?","?","E","T","E","M","?","M","M","?","?","M","BOSS"],"items_purchased_type":[],"build_version":"2020-12-22","purchased_purges":1,"victory":false,"max_hp_per_floor":[60,60,60,60,60,60,60,65,65,65,65,65,65,65,65,65,65,65],"card_choices":[{"not_picked":["Slimebound:Repurpose","Slimebound:ViciousTackle"],"picked":"Slimebound:SamplingLick","floor":2},{"not_picked":["Slimebound:GoopTackle","Slimebound:ViciousTackle"],"picked":"Slimebound:PressTheAttack","floor":5},{"not_picked":["Slimebound:RejuvenatingLick","Slimebound:MegaLick"],"picked":"Slimebound:LeechEnergy","floor":6},{"not_picked":["Slimebound:RollThrough","Slimebound:GrowthPunch"],"picked":"Slimebound:SplitAcid","floor":8},{"not_picked":["Slimebound:Nibble","Slimebound:ForwardTackle","Slimebound:SpikyOuterGoop"],"picked":"SKIP","floor":9},{"not_picked":["Slimebound:ServeAndProtect","Slimebound:SamplingLick"],"picked":"Slimebound:SplitAcid","floor":10},{"not_picked":["Slimebound:MinionMaster","Slimebound:Grow"],"picked":"Slimebound:SplitAcid","floor":11},{"not_picked":["Slimebound:SplitLeeching","Slimebound:GrowthPunch","Slimebound:BestDefense"],"picked":"SKIP","floor":12},{"not_picked":["Slimebound:LeechingTouch","Slimebound:PressTheAttack"],"picked":"Slimebound:MegaLick","floor":15}],"player_experience":419401,"relics_obtained":[{"floor":6,"key":"Dream Catcher"},{"floor":8,"key":"Whetstone"}],"event_choices":[{"damage_healed":0,"gold_gain":0,"player_choice":"Got Potions","damage_taken":0,"max_hp_gain":0,"max_hp_loss":0,"event_name":"Lab","floor":4,"gold_loss":0}],"is_beta":false,"boss_relics":[],"items_purged_floors":[10],"is_endless":false,"potions_floor_spawned":[6,8,12,15],"killed_by":"downfall:Silent","ascension_level":0}}