{"host":"n7mxhpjy89lltbhc","time":1609954248,"event":{"mods":["2.2 Compatiblity","Act Like it!","Bard","BaseMod","Better Match","Better Sensory Stone","Better Synergies","Better Third Choice","Better Vampires","BetterRewards","Challenge The Spire","Colored Map","Colored Powertips","Downfall","Gensokyo","Hubris","Infinite Spire","Jedi Mod","Marisa????????","Marked Mod","Minty Spire (QoL Compilation)","Permanent Neow","Rare Cards Sparkle","Relic Sorter","Relic Stats","Replay The Spire","Shop Mod","Small Relic Pack","Spicy Shops","StSLib","Strawberry Spire","The Blue Laboratory","The Disciple","The Marked","The Servant 0.9.4","Uncapped","Waifu the Spire","Wandering Minibosses","vexMod"],"gold_per_floor":[113,13,13,27,47,82,82,107,153,183,203,203,223,223,223,299,299,316,334,349,420,420,455,455,490,490,490,490,508,508],"floor_reached":29,"playtime":945,"items_purged":[],"score":540,"play_id":"50ef9174-32a2-4aa8-893d-d858180b13c1","local_time":"25640107003048","is_ascension_mode":true,"campfire_choices":[{"data":"Sunlight","floor":7.0,"key":"SMITH"},{"data":"LightFlow","floor":15.0,"key":"SMITH"},{"floor":24,"key":"REST"},{"floor":27,"key":"REST"}],"circlet_count":0,"master_deck":["AscendersBane","Strike_S","Strike_S","Strike_S","Defend_S","Defend_S","Defend_S","Defend_S","KidneyShot","Exchange","Sunlight+1","InstantArmor","LightFlow+1","SilverBlades+1","BottledTime","FanOfKnives","Dilation+1","AbeCurse","DancingSilver","Orbit","Orbit"],"relics":["Uniform","hubris:Icosahedron","vexMod:MegatonBomb","InkBottle","Frozen Egg 2","infinitespire:WardingShard","jedi:cryingmask","Golden Egg","Replay:Grab Bag","Sozu","Abe\u0027s Treasure","hubris:TenFootPole","Shuriken","Mummified Hand","infinitespire:Midas Blood","Frozen Eye"],"acts_visited":["Gensokyo:Gensokyo","Gensokyo:Gensokyoer"],"potions_floor_usage":[16],"damage_taken":[{"damage":5.0,"enemies":"Gensokyo:Gryphon","floor":1.0,"turns":3.0},{"damage":0.0,"enemies":"Gensokyo:3_Fairies","floor":4.0,"turns":3.0},{"damage":0.0,"enemies":"Gensokyo:2_Kodama","floor":5.0,"turns":2.0},{"damage":11.0,"enemies":"Gensokyo:Mamizou","floor":6.0,"turns":9.0},{"damage":2.0,"enemies":"Gensokyo:Aya","floor":8.0,"turns":4.0},{"damage":2.0,"enemies":"Gensokyo:Mamizou","floor":10.0,"turns":8.0},{"damage":11.0,"enemies":"Gensokyo:CorruptedTreant","floor":11.0,"turns":6.0},{"damage":0.0,"enemies":"Gensokyo:3_Kodama","floor":13.0,"turns":4.0},{"damage":1,"enemies":"Gensokyo:Yukari","floor":16,"turns":5},{"damage":7,"enemies":"Gensokyo:AngelMirror","floor":18,"turns":3},{"damage":0,"enemies":"Gensokyo:Chomper","floor":19,"turns":3},{"damage":13,"enemies":"Gensokyo:3_Gloops","floor":20,"turns":4},{"damage":0,"enemies":"Gensokyo:Koishi","floor":23,"turns":1},{"damage":4,"enemies":"Gensokyo:Reisen","floor":25,"turns":6},{"damage":57,"enemies":"Gensokyo:Koishi","floor":29,"turns":6}],"seed_played":"4516649143847424526","potions_obtained":[{"floor":4.0,"key":"blueLaboratory:CorrosionFlask"},{"floor":10.0,"key":"Explosive Potion"},{"floor":11.0,"key":"Venom Potion"},{"floor":13.0,"key":"blueLaboratory:PyrophylliteBrew"}],"is_trial":false,"path_per_floor":["M","?","$","M","M","E","R","E","T","E","M","$","M","$","R","B",null,"M","M","M","?","?","E","R","E","T","R","?","E"],"character_chosen":"THE_SERVANT","items_purchased":[],"campfire_rested":2,"item_purchase_floors":[],"current_hp_per_floor":[49,49,49,49,49,38,38,36,36,34,23,23,23,23,23,22,51,44,44,31,7,7,7,25,21,21,39,39,0,0],"gold":508,"neow_bonus":"TRANSFORM_CARD","is_daily":false,"chose_seed":false,"campfire_upgraded":2,"win_rate":0.0,"timestamp":1609954248,"path_taken":["M","?","?","?","M","E","R","E","T","E","M","$","M","?","R","BOSS","M","?","?","?","?","E","R","E","T","R","?","E"],"items_purchased_type":[],"build_version":"2020-12-22","purchased_purges":0,"victory":false,"max_hp_per_floor":[60,60,60,60,60,60,60,60,60,60,60,60,60,60,60,60,60,60,60,60,60,60,60,60,60,60,60,60,60,60],"relic_stats":{"Sozu":2,"counters":[15,67],"Shuriken":[0],"Mummified Hand":[0],"obtain_stats":[{"vexMod:MegatonBomb":17,"Golden Egg":10,"Replay:Grab Bag":17,"Uniform":0,"Frozen Egg 2":6,"Sozu":17,"Frozen Eye":23,"hubris:Icosahedron":28,"infinitespire:WardingShard":8,"Shuriken":23,"Mummified Hand":25,"jedi:cryingmask":9,"hubris:TenFootPole":21,"InkBottle":2,"Abe\u0027s Treasure":17,"infinitespire:Midas Blood":26},{"vexMod:MegatonBomb":9,"Golden Egg":6,"Replay:Grab Bag":9,"Uniform":0,"Frozen Egg 2":4,"Sozu":9,"Frozen Eye":12,"hubris:Icosahedron":14,"infinitespire:WardingShard":5,"Shuriken":13,"Mummified Hand":14,"jedi:cryingmask":5,"hubris:TenFootPole":12,"InkBottle":1,"Abe\u0027s Treasure":9,"infinitespire:Midas Blood":14},{"vexMod:MegatonBomb":44,"Golden Egg":29,"Replay:Grab Bag":44,"Uniform":0,"Frozen Egg 2":17,"Sozu":44,"Frozen Eye":54,"hubris:Icosahedron":61,"infinitespire:WardingShard":21,"Shuriken":55,"Mummified Hand":61,"jedi:cryingmask":21,"hubris:TenFootPole":54,"InkBottle":3,"Abe\u0027s Treasure":44,"infinitespire:Midas Blood":61}],"InkBottle":[18]},"card_choices":[{"not_picked":["Unruled","Spin"],"picked":"InstantArmor","floor":1.0},{"not_picked":["Unruled","Advance","ShatteredReality"],"picked":"SKIP","floor":4.0},{"not_picked":["Rearm","Starlight","Foresight"],"picked":"SKIP","floor":5.0},{"not_picked":["Reset","DoubleEdge"],"picked":"LightFlow","floor":6.0},{"not_picked":["Unruled","Spin","FastForward"],"picked":"SKIP","floor":8.0},{"not_picked":["DoubleEdge","Gouge"],"picked":"SilverBlades+1","floor":10.0},{"not_picked":["Defy","Potential"],"picked":"BottledTime","floor":11.0},{"not_picked":["Shuttle","Luminosity+1"],"picked":"FanOfKnives","floor":13.0},{"not_picked":["Deny","Sunlight"],"picked":"Dilation","floor":16},{"not_picked":["BottledTime","Potential","StarChef+1"],"picked":"SKIP","floor":18},{"not_picked":["TimeWarp","SpecialFormula"],"picked":"DancingSilver","floor":19},{"not_picked":["Defy","Starlight","Replace"],"picked":"SKIP","floor":20},{"not_picked":["Starlight","Revamp"],"picked":"Orbit","floor":23},{"not_picked":["Sabotage","BottledTime"],"picked":"Orbit","floor":25}],"player_experience":1046069,"relics_obtained":[{"floor":6.0,"key":"Frozen Egg 2"},{"floor":8.0,"key":"infinitespire:WardingShard"},{"floor":9.0,"key":"jedi:cryingmask"},{"floor":10.0,"key":"Golden Egg"},{"floor":21,"key":"hubris:TenFootPole"},{"floor":23,"key":"Shuriken"},{"floor":25,"key":"Mummified Hand"},{"floor":26,"key":"infinitespire:Midas Blood"}],"event_choices":[],"is_beta":false,"boss_relics":[{"not_picked":["Empty Cage","Busted Crown"],"picked":"Replay:Grab Bag"},{"not_picked":["Ectoplasm","hubris:RunicObelisk"],"picked":"Sozu"},{"not_picked":["vexMod:DeviousBotling","vexMod:TanglingVine"],"picked":"Abe\u0027s Treasure"},{"not_picked":["hubris:BlackHole","Snecko Eye"],"picked":"vexMod:MegatonBomb"}],"items_purged_floors":[],"is_endless":false,"potions_floor_spawned":[4,10,11,13,18,20],"killed_by":"Gensokyo:Koishi","ascension_level":16}}