{"host":"5jzx1090woovszu4","time":1609900732,"event":{"mods":["BaseMod","Minty Spire (QoL Compilation)","Spicy Shops","StSLib","The Bug Knight"],"gold_per_floor":[118,193,50,0,14,14,39,53,53,84,84,164,489,499,499,599,599,614,614,48,48,66,66,96,96,122,0,31,41,52,63,63,160,160,172,172,172,122,142,142,155,155,155,83,99,99,99,99,99],"floor_reached":48,"playtime":2982,"items_purged":["HollowMod:SiblingsShadow"],"score":550,"play_id":"7cc019d7-6e0c-457e-8da9-d8aa6ebb5a94","local_time":"20210106033852","is_ascension_mode":true,"campfire_choices":[{"data":"HollowMod:FocusHealStart","floor":6.0,"key":"SMITH"},{"floor":11.0,"key":"REST"},{"data":"HollowMod:SlysStrikes","floor":15.0,"key":"SMITH"},{"data":"HollowMod:ShadowDash","floor":23.0,"key":"SMITH"},{"floor":25.0,"key":"REST"},{"data":"HollowMod:ShadowDash","floor":32,"key":"SMITH"},{"floor":40,"key":"REST"},{"floor":42,"key":"REST"},{"data":"HollowMod:ShapeofUnn","floor":47,"key":"SMITH"}],"circlet_count":1,"master_deck":["HollowMod:NailStrikeStart","HollowMod:NailStrikeStart","HollowMod:NailStrikeStart","HollowMod:QuickDashStart+1","HollowMod:QuickDashStart+1","HollowMod:FocusHealStart+1","HollowMod:PogoStrike","HollowMod:VengefulVoid+1","HollowMod:CrystalDash","HollowMod:PerfectDash","HollowMod:SlysStrikes+1","HollowMod:SlysStrikes","HollowMod:WraithStrike","HollowMod:ShadowDash+1","HollowMod:VoidDash","HollowMod:ShadowDash+1","HollowMod:ShadowDash","HollowMod:AbyssShriek","HollowMod:HornetsHelp","HollowMod:HuntersJournal","HollowMod:ShapeofUnn+1"],"relics":["SacredBark","PreservedInsect","Odd Mushroom","HollowMod:LifeEnderRelic","War Paint","Bottled Lightning","Old Coin","Empty Cage","Shuriken","Lee\u0027s Waffle","Toy Ornithopter","Art of War","Circlet","Smiling Mask","HollowMod:VoidIdolRelic","Blue Candle","Mango"],"acts_visited":["Exordium","TheCity","TheBeyond"],"potions_floor_usage":[30,33,39,48],"damage_taken":[{"damage":1.0,"enemies":"Cultist","floor":1.0,"turns":4.0},{"damage":2.0,"enemies":"2 Louse","floor":5.0,"turns":3.0},{"damage":17.0,"enemies":"The Mushroom Lair","floor":7.0,"turns":3.0},{"damage":0.0,"enemies":"Small Slimes","floor":8.0,"turns":4.0},{"damage":35.0,"enemies":"Gremlin Nob","floor":10.0,"turns":5.0},{"damage":1.0,"enemies":"Lagavulin","floor":13.0,"turns":8.0},{"damage":6.0,"enemies":"Looter","floor":14.0,"turns":3.0},{"damage":38.0,"enemies":"HollowMod:FalseKnight","floor":16.0,"turns":8.0},{"damage":30.0,"enemies":"3 Byrds","floor":18.0,"turns":6.0},{"damage":14.0,"enemies":"Spheric Guardian","floor":22.0,"turns":7.0},{"damage":30.0,"enemies":"Gremlin Leader","floor":24.0,"turns":6.0},{"damage":15,"enemies":"HollowMod:Nosk","floor":28,"turns":7},{"damage":17,"enemies":"Snake Plant","floor":29,"turns":4},{"damage":7,"enemies":"Snecko","floor":30,"turns":5},{"damage":10,"enemies":"Centurion and Healer","floor":31,"turns":8},{"damage":65,"enemies":"HollowMod:NKGrimm","floor":33,"turns":10},{"damage":51,"enemies":"3 Darklings","floor":35,"turns":7},{"damage":15,"enemies":"3 Shapes","floor":39,"turns":5},{"damage":16,"enemies":"Spire Growth","floor":41,"turns":6},{"damage":37,"enemies":"Maw","floor":45,"turns":9},{"damage":84,"enemies":"Nemesis","floor":48,"turns":4}],"seed_played":"-5765065967679733368","potions_obtained":[{"floor":7.0,"key":"Dexterity Potion"},{"floor":10.0,"key":"EntropicBrew"},{"floor":13.0,"key":"Dexterity Potion"},{"floor":28,"key":"GamblersBrew"},{"floor":29,"key":"Regen Potion"},{"floor":33,"key":"Strength Potion"},{"floor":35,"key":"Fire Potion"},{"floor":39,"key":"Swift Potion"}],"is_trial":false,"path_per_floor":["M","?","$","?","M","R","?","M","T","E","R","T","E","M","R","B",null,"M","?","$","?","M","R","E","R","T","?","E","M","M","M","R","B",null,"M","?","?","$","M","R","M","R","T","$","M","?","R","E"],"character_chosen":"THE_BUGKNIGHT","items_purchased":["PreservedInsect","HollowMod:VoidDash","Shuriken","Lee\u0027s Waffle","Mango"],"campfire_rested":4,"item_purchase_floors":[3,20,20,20,44],"current_hp_per_floor":[74,63,63,63,61,61,44,54,54,25,47,47,56,50,50,24,75,51,51,82,82,74,74,44,68,68,68,63,46,82,78,78,24,82,31,51,51,51,41,65,59,82,82,96,65,65,65,0,0],"gold":99,"neow_bonus":"BOSS_RELIC","is_daily":false,"chose_seed":false,"campfire_upgraded":5,"win_rate":0.0,"timestamp":1609900732,"path_taken":["M","?","$","?","M","R","?","M","T","E","R","?","E","?","R","BOSS","M","?","$","?","M","R","E","R","T","?","E","M","M","M","R","BOSS","M","?","?","$","M","R","M","R","T","$","?","?","R","E"],"items_purchased_type":["Relic","Card","Relic","Relic","Relic"],"build_version":"2020-12-22","purchased_purges":1,"victory":false,"max_hp_per_floor":[75,75,75,75,75,75,75,75,75,75,75,75,75,75,75,75,75,75,75,82,82,82,82,82,82,82,82,82,82,82,82,82,82,82,82,82,82,82,82,82,82,82,82,96,96,96,96,96,96],"card_choices":[{"not_picked":["HollowMod:CornifersMapStart","HollowMod:NewLittleFool"],"picked":"HollowMod:VengefulVoid","floor":1.0},{"not_picked":["HollowMod:NewLittleFool","HollowMod:LifebloodCocoon"],"picked":"HollowMod:SiblingsShadow","floor":5.0},{"not_picked":["HollowMod:HeavyBlow","HollowMod:DesolateDive"],"picked":"HollowMod:CrystalDash","floor":7.0},{"not_picked":["HollowMod:GoodIntentions","HollowMod:InfectedCysts"],"picked":"HollowMod:PerfectDash","floor":8.0},{"not_picked":["HollowMod:DoubleDash","HollowMod:DreamGate","HollowMod:InfectedAttack"],"picked":"SKIP","floor":10.0},{"not_picked":["HollowMod:DreamGate","HollowMod:HowlingWraiths"],"picked":"HollowMod:SlysStrikes","floor":13.0},{"not_picked":["HollowMod:BrokenVessel","HollowMod:ChannelNail","HollowMod:NewJinnsSoul"],"picked":"SKIP","floor":14.0},{"not_picked":["HollowMod:HornetsHelp","HollowMod:LifebloodCore"],"picked":"HollowMod:SlysStrikes","floor":16.0},{"not_picked":["HollowMod:DoubleDash","HollowMod:SiblingsSouls+1"],"picked":"HollowMod:WraithStrike","floor":18.0},{"not_picked":["HollowMod:CornifersMapStart+1","HollowMod:CloakDash"],"picked":"HollowMod:ShadowDash","floor":22.0},{"not_picked":["HollowMod:MidwifesHunger","HollowMod:SharpenedNail+1","HollowMod:CycloneSlash+1"],"picked":"SKIP","floor":24.0},{"not_picked":["HollowMod:DesolateDive+1","HollowMod:DoubleDash+1"],"picked":"HollowMod:ShadowDash","floor":28},{"not_picked":["HollowMod:SoulSplash+1","HollowMod:SharpenedNail","HollowMod:HowlingWraiths"],"picked":"SKIP","floor":29},{"not_picked":["HollowMod:SoulStrike","HollowMod:CoiledNail+1"],"picked":"HollowMod:AbyssShriek","floor":30},{"not_picked":["HollowMod:GoodIntentions","HollowMod:SoulSplash","HollowMod:SoulStrike"],"picked":"SKIP","floor":31},{"not_picked":["HollowMod:LifebloodCore","HollowMod:NewInfectedGuardian"],"picked":"HollowMod:HornetsHelp","floor":33},{"not_picked":["HollowMod:DungDefenderAura+1","HollowMod:TaintedHusks","HollowMod:WraithStrike"],"picked":"SKIP","floor":35},{"not_picked":["HollowMod:SoulSplash","HollowMod:NewJinnsSoul+1"],"picked":"HollowMod:HuntersJournal","floor":39},{"not_picked":["HollowMod:DreamGate+1","HollowMod:Weaversong","HollowMod:TaintedHusks"],"picked":"SKIP","floor":41},{"not_picked":["HollowMod:GreatSlash","HollowMod:ShapeofUnn","HollowMod:CornifersMapStart+1"],"picked":"SKIP","floor":45},{"not_picked":["HollowMod:GreatSlash","HollowMod:CornifersMapStart+1"],"picked":"HollowMod:ShapeofUnn","floor":45}],"player_experience":625618,"relics_obtained":[{"floor":7.0,"key":"Odd Mushroom"},{"floor":9.0,"key":"HollowMod:LifeEnderRelic"},{"floor":10.0,"key":"War Paint"},{"floor":12.0,"key":"Bottled Lightning"},{"floor":13.0,"key":"Old Coin"},{"floor":24.0,"key":"Toy Ornithopter"},{"floor":26.0,"key":"Art of War"},{"floor":28,"key":"Smiling Mask"},{"floor":43,"key":"Blue Candle"}],"event_choices":[{"damage_healed":0.0,"max_hp_gain":0.0,"max_hp_loss":0.0,"gold_gain":75.0,"event_name":"World of Goop","player_choice":"Gather Gold","floor":2.0,"gold_loss":0.0,"damage_taken":11.0},{"cards_removed":["HollowMod:QuickDashStart"],"damage_healed":0.0,"max_hp_gain":0.0,"max_hp_loss":0.0,"gold_gain":0.0,"event_name":"The Cleric","player_choice":"Card Removal","floor":4.0,"gold_loss":50.0,"damage_taken":0.0},{"damage_healed":0.0,"max_hp_gain":0.0,"max_hp_loss":0.0,"gold_gain":0.0,"event_name":"Mushrooms","player_choice":"Fought Mushrooms","floor":7.0,"gold_loss":0.0,"damage_taken":0.0},{"damage_healed":0.0,"max_hp_gain":0.0,"max_hp_loss":0.0,"gold_gain":0.0,"event_name":"The Library","player_choice":"Read","floor":19.0,"gold_loss":0.0,"damage_taken":0.0,"cards_obtained":["HollowMod:ShadowDash"]},{"damage_healed":0,"gold_gain":0,"player_choice":"Upgraded","damage_taken":0,"max_hp_gain":0,"max_hp_loss":0,"event_name":"Upgrade Shrine","floor":37,"gold_loss":0,"cards_upgraded":["HollowMod:VengefulVoid"]},{"damage_healed":0,"gold_gain":0,"player_choice":"Ignored","damage_taken":0,"max_hp_gain":0,"max_hp_loss":0,"event_name":"SecretPortal","floor":46,"gold_loss":0}],"is_beta":false,"boss_relics":[{"not_picked":["Snecko Eye","Busted Crown"],"picked":"Empty Cage"},{"not_picked":["Philosopher\u0027s Stone","Runic Dome"],"picked":"HollowMod:VoidIdolRelic"}],"items_purged_floors":[38],"is_endless":false,"potions_floor_spawned":[7,10,13,28,29,33,35,39],"killed_by":"Nemesis","ascension_level":1}}