{"host":"9w1j3v3kvq5208ps","time":1609939217,"event":{"mods":["2.2 Compatiblity","BaseMod","CapriCore","Colored Map","DeckTracker","Highlight Path","Keyboard Shortcuts","Minty Spire (QoL Compilation)","Permanent Neow","Quick Restart","StSLib","SuperFastMode","The Immortal","everything is the same but u backflip on backflip"],"gold_per_floor":[109,124,143,218,218,218,168,168,168,187,203,203,223,29,29,132,132,151,151,250,237,237,237],"floor_reached":22,"playtime":1333,"items_purged":["Strike_G"],"score":220,"play_id":"fbf6df78-1b8d-46d0-b4b1-6ca109b3d5ea","local_time":"20210106222017","is_ascension_mode":true,"campfire_choices":[{"data":"Cloak And Dagger","floor":6,"key":"SMITH"},{"data":"Neutralize","floor":8,"key":"SMITH"},{"data":"Leg Sweep","floor":12,"key":"SMITH"},{"floor":15,"key":"REST"}],"circlet_count":0,"master_deck":["Strike_G","Strike_G","Strike_G","Defend_G","Defend_G","Defend_G","Defend_G","Survivor","Neutralize+1","Acrobatics","Cloak And Dagger+1","Leg Sweep+1","Infinite Blades","Footwork","Dagger Spray","Bullet Time","Cloak And Dagger","Necronomicurse","Prepared"],"relics":["Ring of the Serpent","Matryoshka","Nunchaku","InkBottle","Necronomicon"],"acts_visited":["Exordium","TheCity"],"potions_floor_usage":[16,18,18,21],"damage_taken":[{"damage":0,"enemies":"Jaw Worm","floor":1,"turns":4},{"damage":1,"enemies":"2 Louse","floor":2,"turns":4},{"damage":0,"enemies":"Small Slimes","floor":3,"turns":3},{"damage":0,"enemies":"Exordium Wildlife","floor":10,"turns":5},{"damage":10,"enemies":"Gremlin Gang","floor":11,"turns":5},{"damage":9,"enemies":"Lots of Slimes","floor":13,"turns":7},{"damage":1,"enemies":"The Guardian","floor":16,"turns":16},{"damage":6,"enemies":"Shell Parasite","floor":18,"turns":8},{"damage":5,"enemies":"2 Thieves","floor":21,"turns":4},{"damage":40,"enemies":"Sentry and Sphere","floor":22,"turns":15}],"seed_played":"1381583208469681998","potions_obtained":[{"floor":1,"key":"Swift Potion"},{"floor":3,"key":"Swift Potion"},{"floor":11,"key":"FearPotion"},{"floor":13,"key":"Block Potion"},{"floor":16,"key":"ColorlessPotion"},{"floor":18,"key":"PowerPotion"},{"floor":21,"key":"GamblersBrew"}],"is_trial":false,"path_per_floor":["M","M","M","?","T","R","?","R","T","M","M","R","M","$","R","B",null,"M","?","?","M","M"],"character_chosen":"THE_SILENT","items_purchased":["Footwork","Dagger Spray"],"campfire_rested":1,"item_purchase_floors":[14,14],"current_hp_per_floor":[70,69,69,58,58,58,58,58,58,58,48,48,39,39,60,59,67,61,45,45,40,0,0],"gold":237,"neow_bonus":"TRANSFORM_CARD","is_daily":false,"chose_seed":false,"campfire_upgraded":3,"win_rate":0.0,"timestamp":1609939217,"path_taken":["M","M","M","?","?","R","?","R","T","M","M","R","M","$","R","BOSS","M","?","?","M","M"],"items_purchased_type":["Card","Card"],"build_version":"2020-12-22","purchased_purges":1,"victory":false,"max_hp_per_floor":[70,70,70,70,70,70,70,70,70,70,70,70,70,70,70,70,70,70,70,70,70,70,70],"card_choices":[{"not_picked":["Heel Hook","Caltrops","Deadly Poison"],"picked":"SKIP","floor":1},{"not_picked":["Setup","Flechettes","Bane"],"picked":"SKIP","floor":2},{"not_picked":["Endless Agony","Acrobatics"],"picked":"Cloak And Dagger","floor":3},{"not_picked":["Poisoned Stab","Underhanded Strike","Flying Knee"],"picked":"SKIP","floor":10},{"not_picked":["Deflect","Bouncing Flask"],"picked":"Leg Sweep","floor":11},{"not_picked":["Outmaneuver","Predator"],"picked":"Infinite Blades","floor":13},{"not_picked":["Doppelganger","A Thousand Cuts"],"picked":"Bullet Time","floor":16},{"not_picked":["Poisoned Stab","Sucker Punch"],"picked":"Cloak And Dagger","floor":18},{"not_picked":["Poisoned Stab","Riddle With Holes"],"picked":"Prepared","floor":21}],"player_experience":224607,"relics_obtained":[{"floor":5,"key":"Matryoshka"},{"floor":9,"key":"Nunchaku"},{"floor":9,"key":"InkBottle"},{"floor":19,"key":"Necronomicon"}],"event_choices":[{"damage_healed":0,"gold_gain":75,"player_choice":"Gather Gold","damage_taken":11,"max_hp_gain":0,"max_hp_loss":0,"event_name":"World of Goop","floor":4,"gold_loss":0},{"cards_removed":["Defend_G"],"damage_healed":0,"gold_gain":0,"player_choice":"Card Removal","damage_taken":0,"max_hp_gain":0,"max_hp_loss":0,"event_name":"The Cleric","floor":7,"gold_loss":50},{"damage_healed":0,"gold_gain":0,"player_choice":"Obtained Book","damage_taken":16,"max_hp_gain":0,"max_hp_loss":0,"event_name":"Cursed Tome","floor":19,"gold_loss":0},{"damage_healed":0,"gold_gain":99,"player_choice":"Stole From Cult","damage_taken":0,"max_hp_gain":0,"max_hp_loss":0,"event_name":"Nest","floor":20,"gold_loss":0}],"is_beta":false,"boss_relics":[{"not_picked":["Coffee Dripper","Tiny House"],"picked":"Ring of the Serpent"}],"items_purged_floors":[14],"is_endless":false,"potions_floor_spawned":[1,3,11,13,16,18,21],"killed_by":"Sentry and Sphere","ascension_level":5}}