{"host":"3yynf0dn84873kbr","time":1609948845,"event":{"mods":["Act Like it!","BaseMod","CapriCore","Minty Spire (QoL Compilation)","Pale of the Ancients","StSLib","The Marked","WarShipGirlsR/战舰少女R mod","[IsaacMod]以撒尖塔"],"gold_per_floor":[111,211,201,220,232,232,259,32,32,32,46,58,73,73,73,178,178,195,208,222,50,50,50,62,62,85,98,98,113,129,141,141,238,238,252,226,226,226],"floor_reached":37,"playtime":1605,"items_purged":[],"score":450,"play_id":"575b7f3c-2991-4b36-a4b9-8943c33cf731","local_time":"20210107000045","is_ascension_mode":false,"campfire_choices":[{"data":"rmod:expedition","floor":6,"key":"SMITH"},{"data":"rmod:expedition+1","floor":10,"key":"SMITH"},{"data":"rmod:expedition+2","floor":15,"key":"SMITH"},{"data":"rmod:supportaircraftcarrier","floor":23,"key":"SMITH"},{"data":"rmod:aviationdawn","floor":25,"key":"SMITH"},{"floor":32,"key":"REST"}],"circlet_count":0,"master_deck":["rmod:strick","rmod:strick","rmod:strick","rmod:strick","rmod:defend","rmod:defend","rmod:defend","rmod:defend","rmod:basicallowance","rmod:maingunfire","DoctorFetus","rmod:saltedfish","rmod:aviationdawn","rmod:expedition+3","rmod:intelligenceanalysis","rmod:advancebysurprise","rmod:firesupport","rmod:tearstotiara","rmod:supportaircraftcarrier","rmod:mineteam","rmod:aviationdawn+1","rmod:combined","rmod:fletcherpendant","rmod:u235","rmod:supportaircraftcarrier+1","rmod:fletcherpendant","rmod:aluminumsupply+1","rmod:aluminumsupply","rmod:advancebysurprise+1","rmod:highspeedmaneuver","rmod:tearstotiara","rmod:smokecover","rmod:desperatesituation","rmod:steelsupply"],"relics":["rmod:firstchargereward","HushsDoor","SatanicBible","InkBottle","Anchor","BookofShadows","SlaversCollar","Lee\u0027s Waffle","Strawberry","rmod:monthlycard"],"acts_visited":["Exordium","TheCity","TheBeyond"],"potions_floor_usage":[],"damage_taken":[{"damage":0,"enemies":"Jaw Worm","floor":1,"turns":5},{"damage":0,"enemies":"Cultist","floor":4,"turns":3},{"damage":8,"enemies":"Small Slimes","floor":5,"turns":3},{"damage":0,"enemies":"3 Sentries","floor":7,"turns":1},{"damage":0,"enemies":"2 Fungi Beasts","floor":11,"turns":2},{"damage":0,"enemies":"3 Louse","floor":12,"turns":2},{"damage":0,"enemies":"Exordium Thugs","floor":13,"turns":3},{"damage":32,"enemies":"The Guardian","floor":16,"turns":7},{"damage":16,"enemies":"2 Thieves","floor":18,"turns":4},{"damage":6,"enemies":"Chosen","floor":19,"turns":5},{"damage":18,"enemies":"3 Cultists","floor":20,"turns":6},{"damage":18,"enemies":"Centurion and Healer","floor":24,"turns":5},{"damage":0,"enemies":"Snake Plant","floor":27,"turns":2},{"damage":0,"enemies":"Chosen and Byrds","floor":29,"turns":4},{"damage":14,"enemies":"Centurion and Healer","floor":30,"turns":4},{"damage":32,"enemies":"Snecko","floor":31,"turns":8},{"damage":26,"enemies":"Automaton","floor":33,"turns":4},{"damage":78,"enemies":"3 Shapes","floor":35,"turns":8},{"damage":0,"enemies":"3 Darklings","floor":37,"turns":2}],"seed_played":"-5149667498359580987","potions_obtained":[{"floor":1,"key":"Swift Potion"},{"floor":11,"key":"Swift Potion"},{"floor":12,"key":"SteroidPotion"},{"floor":30,"key":"Block Potion"}],"is_trial":false,"path_per_floor":["M","?","?","M","M","R","E","$","T","R","M","M","M","$","R","B",null,"M","M","M","$","?","R","M","R","T","M","?","M","M","M","R","B",null,"M","$","M"],"character_chosen":"PRAEFECT","items_purchased":["rmod:mineteam","Anchor","Lee\u0027s Waffle","rmod:aluminumsupply","rmod:steelsupply"],"campfire_rested":1,"item_purchase_floors":[8,8,21,21,36],"current_hp_per_floor":[75,75,75,75,67,67,67,67,67,67,72,72,72,72,72,40,75,59,53,40,82,82,82,64,64,71,71,54,54,40,8,36,10,94,16,16,16,16],"gold":226,"neow_bonus":"ONE_RANDOM_RARE_CARD","is_daily":false,"chose_seed":false,"campfire_upgraded":5,"win_rate":0.0,"timestamp":1609948845,"path_taken":["M","?","?","?","?","R","E","$","T","R","M","M","?","?","R","BOSS","M","?","M","$","?","R","?","R","T","M","?","M","M","M","R","BOSS","M","$","M"],"items_purchased_type":["Card","Relic","Relic","Card","Card"],"build_version":"2020-12-22","purchased_purges":0,"victory":false,"max_hp_per_floor":[75,75,75,75,75,75,75,75,75,75,75,75,75,75,75,75,75,75,75,75,82,82,82,82,82,89,89,94,94,94,94,94,94,94,94,94,94,94],"card_choices":[{"not_picked":[],"picked":"DoctorFetus","floor":0},{"not_picked":["rmod:heivgo","rmod:steelsupply"],"picked":"rmod:aviationdawn","floor":1},{"not_picked":["rmod:selfconfidence","rmod:bulid"],"picked":"rmod:expedition","floor":2},{"not_picked":[],"picked":"rmod:intelligenceanalysis","floor":3},{"not_picked":[],"picked":"rmod:advancebysurprise","floor":3},{"not_picked":["Bomb","rmod:combined"],"picked":"rmod:firesupport","floor":4},{"not_picked":["rmod:ring","rmod:rockthrower"],"picked":"rmod:tearstotiara","floor":5},{"not_picked":["rmod:ammunitionsupply","rmod:sl"],"picked":"rmod:supportaircraftcarrier","floor":7},{"not_picked":["rmod:intelligenceanalysis","rmod:steelsupply"],"picked":"rmod:aviationdawn","floor":11},{"not_picked":["rmod:intelligenceanalysis","rmod:saltedfish"],"picked":"rmod:combined","floor":12},{"not_picked":["rmod:firesupport","rmod:garrisonisland"],"picked":"rmod:fletcherpendant","floor":13},{"not_picked":["rmod:fletcher","rmod:seals"],"picked":"rmod:u235","floor":16},{"not_picked":["rmod:unsinkable","rmod:steelsupply"],"picked":"rmod:supportaircraftcarrier","floor":18},{"not_picked":["rmod:aggressivemary","rmod:steelsupply"],"picked":"rmod:fletcherpendant","floor":19},{"not_picked":["rmod:steelsupply","rmod:firesupport"],"picked":"rmod:aluminumsupply+1","floor":20},{"not_picked":["rmod:spoils","rmod:goodsister"],"picked":"rmod:advancebysurprise+1","floor":24},{"not_picked":["rmod:aluminumsupply","rmod:circuitoustactics"],"picked":"rmod:highspeedmaneuver","floor":27},{"not_picked":["rmod:steelsupply","rmod:garrisonisland","rmod:launchingtorpedo"],"picked":"SKIP","floor":29},{"not_picked":["rmod:ammunitionsupply","rmod:circuitoustactics"],"picked":"rmod:tearstotiara","floor":30},{"not_picked":["rmod:slowdown+1","rmod:guardianhero"],"picked":"rmod:smokecover","floor":31},{"not_picked":["rmod:fletcher","rmod:windflower"],"picked":"rmod:desperatesituation","floor":33},{"not_picked":["rmod:ammunitionsupply","rmod:goodsister","rmod:expedition"],"picked":"SKIP","floor":35}],"player_experience":116325,"relics_obtained":[{"floor":7,"key":"InkBottle"},{"floor":9,"key":"BookofShadows"},{"floor":26,"key":"Strawberry"}],"event_choices":[{"damage_healed":0,"gold_gain":0,"player_choice":"Ignored","damage_taken":0,"max_hp_gain":0,"max_hp_loss":0,"event_name":"Vampires","floor":22,"gold_loss":0},{"damage_healed":0,"gold_gain":0,"player_choice":"Shed Blood","damage_taken":22,"max_hp_gain":5,"max_hp_loss":0,"event_name":"Forgotten Altar","floor":28,"gold_loss":0}],"is_beta":false,"boss_relics":[{"not_picked":["Velvet Choker","Tiny House"],"picked":"SlaversCollar"},{"not_picked":[]},{"not_picked":["ChampionBelt","Black Star"],"picked":"rmod:monthlycard"},{"not_picked":[]}],"items_purged_floors":[],"is_endless":false,"potions_floor_spawned":[1,11,12,16,19,30,31,33],"killed_by":"3 Darklings","ascension_level":0}}