{"host":"dntw6kil9p09eemm","time":1609904262,"event":{"mods":["Alarm Clock","Aspiration","BaseMod","Colored Powertips","Downfall","Hermit","Hubris","Minty Spire (QoL Compilation)","Permanent Neow","Replay The Spire","Shop Mod","StSLib","The Runesmith","Waifu the Spire"],"gold_per_floor":[116,191,201,201,126,126,160,179,205,205,355,376,376,389,389,508,508,522,447,57,57,57,57,3,36,61,61,75,1,15,15,110,234,234,257,257,375,394,22,22,22,42,42,42,42,42,42,66,66,66],"floor_reached":51,"playtime":3696,"items_purged":["hexamod:Strike","hexamod:ChargedBarrage"],"score":754,"play_id":"ab3cb42d-9fb6-4a57-a3e1-7af7e3d87ee2","local_time":"20210106123742","is_ascension_mode":true,"campfire_choices":[{"floor":6.0,"key":"REST"},{"floor":13.0,"key":"REST"},{"floor":23.0,"key":"REST"},{"floor":27.0,"key":"REST"},{"floor":40,"key":"REST"},{"floor":44,"key":"REST"},{"floor":47,"key":"REST"},{"data":"hexamod:Rewind","floor":49,"key":"PURGE"}],"circlet_count":0,"master_deck":["hexamod:Sear","hexamod:Float+1","hexamod:VolcanoVisage","hexamod:ExtraCrispy","hexamod:GhostflameBarrier+1","hexamod:HeatShield","hexamod:SixthSeal","hexamod:CatchUp+1","hexamod:RadiantFlame+1","hexamod:Toasty","hexamod:EmpoweredFlame","hexamod:FastForward","hexamod:TimeOfNeed","hexamod:PhantomFireball+1","hexamod:FastForward","hexamod:WildfireWeapon","hexamod:Rewind","hexamod:TimeOfNeed","hexamod:Toasty+1","hexamod:DynamicBlow","hexamod:CatchUp+1","hexamod:RadiantFlame+1","hexamod:PhantomFireball+1","hexamod:ThermalTransfer+1","hexamod:GhostOfSpireFuture+1"],"relics":["hexamod:SpiritBrand","Golden Idol","Potion Belt","Boot","ReplayTheSpireMod:CursedCoin","Fusion Hammer","MerchantsRug","hexamod:InflammatoryLetter","Mango","Replay:Rubber Ducky","Pandora\u0027s Box","Mummified Hand","FossilizedHelix","hubris:Towel"],"acts_visited":["Exordium","TheCity","TheBeyond"],"potions_floor_usage":[38,50,50],"damage_taken":[{"damage":1.0,"enemies":"Jaw Worm","floor":1.0,"turns":3.0},{"damage":5.0,"enemies":"2 Louse","floor":3.0,"turns":4.0},{"damage":19.0,"enemies":"Lagavulin","floor":7.0,"turns":6.0},{"damage":0.0,"enemies":"Small Slimes","floor":8.0,"turns":3.0},{"damage":5.0,"enemies":"Gremlin Gang","floor":12.0,"turns":4.0},{"damage":8.0,"enemies":"Large Slime","floor":14.0,"turns":6.0},{"damage":12.0,"enemies":"Hexaghost","floor":16.0,"turns":10.0},{"damage":16.0,"enemies":"2 Thieves","floor":18.0,"turns":4.0},{"damage":33.0,"enemies":"Slavers","floor":25.0,"turns":7.0},{"damage":0.0,"enemies":"Shell Parasite","floor":28.0,"turns":5.0},{"damage":6.0,"enemies":"Snake Plant","floor":30.0,"turns":5.0},{"damage":25,"enemies":"Pondfish","floor":33,"turns":9},{"damage":0,"enemies":"Orb Walker","floor":35,"turns":3},{"damage":10,"enemies":"3 Shapes","floor":38,"turns":7},{"damage":32,"enemies":"Spire Growth","floor":42,"turns":4},{"damage":0,"enemies":"Jaw Worm Horde","floor":48,"turns":5},{"damage":61,"enemies":"Replay:Hell Engine","floor":50,"turns":13}],"seed_played":"8848998502192741093","potions_obtained":[{"floor":3.0,"key":"Energy Potion"},{"floor":14.0,"key":"ColorlessPotion"},{"floor":16.0,"key":"LifebloodPotion"},{"floor":18.0,"key":"DuplicationPotion"},{"floor":28.0,"key":"FearPotion"},{"floor":33,"key":"Reflective Coating"},{"floor":35,"key":"EssenceOfSteel"},{"floor":38,"key":"LiquidMemories"}],"is_trial":false,"path_per_floor":["M","?","M","?","$","R","E","M","T","?","$","M","R","M","R","B",null,"M","?","$","?","?","R","$","E","T","R","M","$","M","?","R","B",null,"M","?","?","M","$","R","?","M","T","R","$","?","R","M","R","B",null],"character_chosen":"THE_SPIRIT","items_purchased":["ReplayTheSpireMod:CursedCoin","MerchantsRug","hexamod:InflammatoryLetter","hexamod:FastForward","hexamod:PhantomFireball","Mummified Hand","hexamod:ThermalTransfer"],"campfire_rested":7,"item_purchase_floors":[11,20,20,24,29,39,39],"current_hp_per_floor":[48,37,32,32,32,51,32,32,32,32,32,27,46,38,57,45,65,49,49,49,49,49,65,65,46,46,69,69,69,63,63,63,38,79,79,79,48,38,38,61,61,29,29,52,52,52,75,75,75,14],"gold":66,"neow_bonus":"THREE_RARE_CARDS","is_daily":false,"chose_seed":false,"campfire_upgraded":0,"win_rate":0.0,"timestamp":1609904262,"path_taken":["M","?","M","?","?","R","E","M","T","?","$","M","R","?","R","BOSS","M","?","?","?","?","R","$","E","T","R","M","$","M","?","R","BOSS","M","?","?","M","$","R","?","M","T","R","$","?","R","M","R","BOSS"],"items_purchased_type":["Relic","Relic","Relic","Card","Card","Relic","Card"],"build_version":"2020-12-22","purchased_purges":2,"victory":true,"max_hp_per_floor":[70,70,70,65,65,65,65,65,65,65,65,65,65,65,65,65,65,65,65,65,65,65,65,65,79,79,79,79,79,79,79,79,79,79,79,79,79,79,79,79,79,79,79,79,79,79,79,79,79,79],"card_choices":[{"not_picked":["hexamod:ParanormalForm","hexamod:EmpoweringStance"],"picked":"hexamod:VolcanoVisage","floor":0.0},{"not_picked":["hexamod:Firestarter","hexamod:HauntingEcho","hexamod:SwordOfDarkness"],"picked":"SKIP","floor":1.0},{"not_picked":["hexamod:InspiringFlames","hexamod:AdvancingGuard"],"picked":"hexamod:ExtraCrispy","floor":3.0},{"not_picked":["hexamod:GhostLash","hexamod:GhostShield"],"picked":"hexamod:GhostflameBarrier","floor":7.0},{"not_picked":["hexamod:GhostOfSpirePresent","hexamod:Firestarter","hexamod:NecessarySacrifice"],"picked":"SKIP","floor":8.0},{"not_picked":["hexamod:RainOfEmbers","hexamod:NightmareGuise"],"picked":"hexamod:CatchUp","floor":12.0},{"not_picked":["hexamod:InspiringFlames","hexamod:BacktrackSmack"],"picked":"hexamod:RadiantFlame","floor":14.0},{"not_picked":["hexamod:UnlimitedPower","hexamod:TurnItUp"],"picked":"hexamod:Toasty","floor":16.0},{"not_picked":["hexamod:NightmareStrike+1","hexamod:GhostShield"],"picked":"hexamod:EmpoweredFlame","floor":18.0},{"not_picked":["hexamod:SpectersWail","hexamod:FlamesFromBeyond"],"picked":"hexamod:TimeOfNeed","floor":25.0},{"not_picked":["hexamod:BurningTouch","hexamod:Firestarter","hexamod:AdvancingGuard"],"picked":"SKIP","floor":28.0},{"not_picked":["hexamod:NecessarySacrifice","hexamod:SpectersWail","hexamod:AdvancingGuard"],"picked":"SKIP","floor":30.0},{"not_picked":["hexamod:TurnItUp","hexamod:HexaLevel"],"picked":"hexamod:WildfireWeapon","floor":33},{"not_picked":["hexamod:NightmareStrike+1","hexamod:Haunt+1","hexamod:ShieldOfDarkness+1"],"picked":"SKIP","floor":35},{"not_picked":["hexamod:HauntingEcho","hexamod:SpectersWail+1"],"picked":"hexamod:CatchUp+1","floor":37},{"not_picked":["hexamod:PowerFromBeyond","hexamod:AdvancingGuard"],"picked":"hexamod:RadiantFlame+1","floor":37},{"not_picked":["hexamod:GhostflameBarrier+1","hexamod:AdvancingGuard"],"picked":"hexamod:PhantomFireball+1","floor":38},{"not_picked":["hexamod:BurningTouch","hexamod:Firestarter+1","hexamod:BacktrackSmack+1"],"picked":"SKIP","floor":42},{"not_picked":["hexamod:RadiantFlame+1","hexamod:NightmareStrike"],"picked":"hexamod:GhostOfSpireFuture+1","floor":48}],"player_experience":573142,"relics_obtained":[{"floor":7.0,"key":"Potion Belt"},{"floor":9.0,"key":"Boot"},{"floor":25.0,"key":"Mango"},{"floor":26.0,"key":"Replay:Rubber Ducky"},{"floor":43,"key":"FossilizedHelix"}],"event_choices":[{"damage_healed":0.0,"max_hp_gain":0.0,"max_hp_loss":0.0,"gold_gain":75.0,"event_name":"World of Goop","player_choice":"Gather Gold","floor":2.0,"gold_loss":0.0,"damage_taken":11.0},{"damage_healed":0.0,"max_hp_gain":0.0,"max_hp_loss":5.0,"gold_gain":0.0,"event_name":"Golden Idol","player_choice":"Lose Max HP","floor":4.0,"gold_loss":0.0,"damage_taken":0.0,"relics_obtained":["Golden Idol"]},{"damage_healed":0.0,"max_hp_gain":0.0,"max_hp_loss":0.0,"gold_gain":0.0,"event_name":"Match and Keep!","player_choice":"2 cards matched","floor":10.0,"gold_loss":0.0,"damage_taken":0.0,"cards_obtained":["hexamod:HeatShield","hexamod:SixthSeal"]},{"cards_removed":["Writhe"],"damage_healed":0.0,"max_hp_gain":0.0,"max_hp_loss":0.0,"gold_gain":0.0,"event_name":"Beggar","player_choice":"Gave Gold","floor":19.0,"gold_loss":75.0,"damage_taken":0.0},{"cards_removed":["hexamod:Defend"],"damage_healed":0.0,"max_hp_gain":0.0,"max_hp_loss":0.0,"gold_gain":0.0,"event_name":"Back to Basics","player_choice":"Elegance","floor":22.0,"gold_loss":0.0,"damage_taken":0.0},{"damage_healed":0.0,"max_hp_gain":0.0,"max_hp_loss":0.0,"gold_gain":0.0,"event_name":"The Library","player_choice":"Read","floor":31.0,"gold_loss":0.0,"damage_taken":0.0,"cards_obtained":["hexamod:FastForward"]}],"is_beta":false,"boss_relics":[{"not_picked":["aspiration:RitualDagger","Calling Bell"],"picked":"Fusion Hammer"},{"not_picked":["ReplayTheSpireMod:DimensionalGlitch","hubris:TerracottaHorce"],"picked":"Pandora\u0027s Box"}],"items_purged_floors":[5,39],"is_endless":false,"potions_floor_spawned":[3,14,16,18,28,33,35,38],"ascension_level":3}}