{"host":"og6lam4kt3nibbw0","time":1609955162,"event":{"mods":["AchievementEnabler","BaseMod","Colored Map","DeckTracker","Highlight Path","Keyboard Shortcuts","Minty Spire (QoL Compilation)","Permanent Neow","Quick Restart","StSLib","SuperFastMode"],"gold_per_floor":[117,117,192,209,95,95,128,128,154,185,185,235,261,277,277,354,354,369,389,389,389],"floor_reached":20,"playtime":799,"items_purged":["Strike_B"],"score":430,"play_id":"bc1a9b1b-0bb8-4f8c-ab1e-e6889502262c","local_time":"20210107024602","is_ascension_mode":true,"campfire_choices":[{"data":"Double Energy","floor":6.0,"key":"SMITH"},{"data":"Streamline","floor":8.0,"key":"SMITH"},{"data":"Turbo","floor":11.0,"key":"SMITH"},{"data":"Dualcast","floor":15.0,"key":"SMITH"}],"circlet_count":0,"master_deck":["AscendersBane","Strike_B","Strike_B","Strike_B","Defend_B","Defend_B","Defend_B","Defend_B","Zap","Dualcast+1","Turbo+1","Streamline+1","Double Energy+1","Chill","Meteor Strike","Gash","All For One","CurseOfTheBell","Coolheaded"],"relics":["Cracked Core","NeowsBlessing","Pear","Akabeko","Eternal Feather","Oddly Smooth Stone","Calling Bell","Centennial Puzzle","Gremlin Horn","Ice Cream"],"acts_visited":["Exordium","TheCity"],"potions_floor_usage":[],"damage_taken":[{"damage":0.0,"enemies":"Jaw Worm","floor":1.0,"turns":1.0},{"damage":0.0,"enemies":"Small Slimes","floor":4.0,"turns":1.0},{"damage":0.0,"enemies":"Gremlin Nob","floor":7.0,"turns":1.0},{"damage":21.0,"enemies":"Lagavulin","floor":10.0,"turns":7.0},{"damage":10.0,"enemies":"3 Sentries","floor":13.0,"turns":4.0},{"damage":0.0,"enemies":"2 Louse","floor":14.0,"turns":2.0},{"damage":54.0,"enemies":"Slime Boss","floor":16.0,"turns":13.0},{"damage":18,"enemies":"Chosen","floor":18,"turns":4},{"damage":31,"enemies":"Shell Parasite","floor":19,"turns":4},{"damage":28,"enemies":"Cultist and Chosen","floor":20,"turns":7}],"seed_played":"7831967106622761706","potions_obtained":[{"floor":4.0,"key":"DistilledChaos"},{"floor":10.0,"key":"FairyPotion"},{"floor":13.0,"key":"CultistPotion"},{"floor":18,"key":"Strength Potion"}],"is_trial":false,"path_per_floor":["M","?","?","M","$","R","E","R","T","E","R","?","E","M","R","B",null,"M","M","M"],"character_chosen":"DEFECT","items_purchased":["Double Energy"],"campfire_rested":0,"item_purchase_floors":[5],"current_hp_per_floor":[64,64,53,53,53,53,63,63,63,42,51,51,41,41,50,20,66,48,17,0,0],"gold":389,"neow_bonus":"THREE_ENEMY_KILL","is_daily":false,"chose_seed":false,"campfire_upgraded":4,"win_rate":0.0,"timestamp":1609955162,"path_taken":["M","?","?","M","$","R","E","R","T","E","R","?","E","?","R","BOSS","M","M","M"],"items_purchased_type":["Card"],"build_version":"2020-12-22","purchased_purges":1,"victory":false,"max_hp_per_floor":[71,71,71,71,71,71,81,81,81,81,81,81,81,81,81,81,81,81,81,81,81],"card_choices":[{"not_picked":["Conserve Battery","Compile Driver"],"picked":"Turbo","floor":1.0},{"not_picked":["Fusion","Darkness"],"picked":"Streamline","floor":4.0},{"not_picked":["Cold Snap","BootSequence"],"picked":"Chill","floor":7.0},{"not_picked":["Steam","Echo Form"],"picked":"Meteor Strike","floor":10.0},{"not_picked":["Streamline","Blizzard","Barrage"],"picked":"SKIP","floor":13.0},{"not_picked":["Fusion","Loop"],"picked":"Gash","floor":14.0},{"not_picked":["Thunder Strike","Echo Form"],"picked":"All For One","floor":16.0},{"not_picked":["Double Energy","Turbo","Defragment"],"picked":"SKIP","floor":18},{"not_picked":["Storm+1","Barrage"],"picked":"Coolheaded","floor":19}],"player_experience":821872,"relics_obtained":[{"floor":7.0,"key":"Pear"},{"floor":9.0,"key":"Akabeko"},{"floor":10.0,"key":"Eternal Feather"},{"floor":13.0,"key":"Oddly Smooth Stone"},{"floor":17.0,"key":"Centennial Puzzle"},{"floor":17.0,"key":"Gremlin Horn"},{"floor":17.0,"key":"Ice Cream"}],"event_choices":[{"damage_healed":0.0,"max_hp_gain":0.0,"max_hp_loss":0.0,"gold_gain":0.0,"event_name":"Liars Game","player_choice":"Ignored","floor":2.0,"gold_loss":0.0,"damage_taken":0.0},{"damage_healed":0.0,"max_hp_gain":0.0,"max_hp_loss":0.0,"gold_gain":75.0,"event_name":"World of Goop","player_choice":"Gather Gold","floor":3.0,"gold_loss":0.0,"damage_taken":11.0},{"damage_healed":0.0,"max_hp_gain":0.0,"max_hp_loss":0.0,"gold_gain":50.0,"event_name":"Golden Shrine","player_choice":"Pray","floor":12.0,"gold_loss":0.0,"damage_taken":0.0}],"is_beta":false,"boss_relics":[{"not_picked":["Busted Crown","Ectoplasm"],"picked":"Calling Bell"}],"items_purged_floors":[5],"is_endless":false,"potions_floor_spawned":[4,10,13,18],"killed_by":"Cultist and Chosen","ascension_level":20}}