{"host":"ws4mzzemcqsz5e2k","time":1609940541,"event":{"mods":["ATMod(阿瑾Mod)","BaseMod","Colored Powertips","Minty Spire (QoL Compilation)","StSLib","没有小屋子和绿帽子啦"],"gold_per_floor":[111,111,121,46,62,62,97,97,97,131,147,160,0,11,11,82,82,93,111,91,91,106,106,106,106],"floor_reached":24,"playtime":995,"items_purged":["Defend_B"],"score":666,"play_id":"b5014be2-2f0d-406e-808b-ef4ba4c62164","local_time":"20210106214221","daily_mods":["Heirloom","Uncertain Future"],"is_ascension_mode":true,"campfire_choices":[{"data":"Dualcast","floor":6.0,"key":"SMITH"},{"floor":8.0,"key":"REST"},{"floor":15.0,"key":"REST"},{"floor":23,"key":"REST"}],"circlet_count":0,"master_deck":["AscendersBane","Strike_B","Strike_B","Strike_B","Defend_B","Defend_B","Defend_B","Zap","Dualcast+1","AT_BreakingExtremeWeapon","Glacier","AT_StudyProgram","Turbo","Core Surge","Heatsinks","Creative AI","Genetic Algorithm","Conserve Battery"],"relics":["Cracked Core","AT_ATBox","Turnip","Sundial","Cables","Ornamental Fan","Runic Capacitor","AT_TrinityForce"],"acts_visited":["Exordium","TheCity"],"potions_floor_usage":[],"damage_taken":[{"damage":1.0,"enemies":"2 Louse","floor":1.0,"turns":2.0},{"damage":6.0,"enemies":"Cultist","floor":3.0,"turns":3.0},{"damage":15.0,"enemies":"Small Slimes","floor":5.0,"turns":3.0},{"damage":32.0,"enemies":"Gremlin Nob","floor":7.0,"turns":4.0},{"damage":0.0,"enemies":"Lagavulin","floor":10.0,"turns":10.0},{"damage":9.0,"enemies":"Exordium Thugs","floor":11.0,"turns":5.0},{"damage":8.0,"enemies":"Blue Slaver","floor":12.0,"turns":2.0},{"damage":1.0,"enemies":"Exordium Wildlife","floor":14.0,"turns":3.0},{"damage":33.0,"enemies":"The Guardian","floor":16.0,"turns":19.0},{"damage":11.0,"enemies":"Spheric Guardian","floor":18.0,"turns":3.0},{"damage":11.0,"enemies":"Chosen","floor":19.0,"turns":4.0},{"damage":22,"enemies":"Shelled Parasite and Fungi","floor":22,"turns":9},{"damage":0,"enemies":"Slavers","floor":24,"turns":1}],"seed_played":"-740370822740045320","potions_obtained":[{"floor":1.0,"key":"LiquidBronze"},{"floor":7.0,"key":"Dexterity Potion"},{"floor":10.0,"key":"GamblersBrew"},{"floor":11.0,"key":"Strength Potion"},{"floor":14.0,"key":"DuplicationPotion"},{"floor":16.0,"key":"ColorlessPotion"},{"floor":20.0,"key":"PowerPotion"},{"floor":22,"key":"SkillPotion"}],"is_trial":true,"path_per_floor":["M","?","M","$","M","R","E","R","T","E","M","M","$","M","R","B",null,"M","M","?","$","M","R","E"],"character_chosen":"DEFECT","items_purchased":["Runic Capacitor"],"campfire_rested":3,"item_purchase_floors":[13],"current_hp_per_floor":[63,63,57,57,42,42,10,31,31,31,22,14,14,13,34,1,54,43,32,32,32,10,31,31,31],"gold":106,"neow_bonus":"","is_daily":false,"chose_seed":false,"campfire_upgraded":1,"win_rate":0.0,"timestamp":1609940541,"path_taken":["M","?","M","?","M","R","E","R","T","E","?","M","$","M","R","BOSS","M","M","?","$","M","R","E"],"items_purchased_type":["Relic"],"build_version":"2020-12-22","purchased_purges":1,"victory":false,"max_hp_per_floor":[71,71,71,71,71,71,71,71,71,71,71,71,71,71,71,71,71,71,71,71,71,71,71,71,71],"card_choices":[{"not_picked":["AT_RobotInSpace","Blizzard"],"picked":"Glacier","floor":1.0},{"not_picked":["Redo","Loop","Go for the Eyes"],"picked":"SKIP","floor":3.0},{"not_picked":["Barrage","Compile Driver","Fusion"],"picked":"SKIP","floor":5.0},{"not_picked":["Lockon","Aggregate"],"picked":"Turbo","floor":7.0},{"not_picked":["Tempest","Redo"],"picked":"Core Surge","floor":10.0},{"not_picked":["Skim","AT_WarpDrive","Melter"],"picked":"SKIP","floor":11.0},{"not_picked":["Redo","Streamline"],"picked":"Heatsinks","floor":12.0},{"not_picked":["Compile Driver","Cold Snap","Turbo"],"picked":"SKIP","floor":14.0},{"not_picked":["AT_WaterDrop","All For One"],"picked":"Creative AI","floor":16.0},{"not_picked":["AT_WarpDrive","Compile Driver","Turbo"],"picked":"SKIP","floor":18.0},{"not_picked":["Streamline","AT_HeatAcrobatics"],"picked":"Genetic Algorithm","floor":19.0},{"not_picked":["AT_ThreeBodyProblem","Aggregate"],"picked":"Conserve Battery","floor":22}],"player_experience":1437997,"relics_obtained":[{"floor":7.0,"key":"Sundial"},{"floor":9.0,"key":"Cables"},{"floor":10.0,"key":"Ornamental Fan"}],"event_choices":[{"damage_healed":0.0,"max_hp_gain":0.0,"max_hp_loss":0.0,"gold_gain":0.0,"cards_transformed":["Strike_B"],"event_name":"Transmorgrifier","player_choice":"Transformed","floor":2.0,"gold_loss":0.0,"damage_taken":0.0,"cards_obtained":["AT_StudyProgram"]},{"damage_healed":0.0,"max_hp_gain":0.0,"max_hp_loss":0.0,"gold_gain":0.0,"event_name":"The Woman in Blue","player_choice":"Bought 1 Potion","floor":20.0,"gold_loss":0.0,"damage_taken":0.0}],"is_beta":false,"boss_relics":[{"not_picked":["SlaversCollar","AT_MortalBlade"],"picked":"AT_TrinityForce"}],"items_purged_floors":[4],"is_endless":true,"potions_floor_spawned":[1,7,10,11,14,16,22],"killed_by":"Slavers","ascension_level":20}}