{"host":"mydft8i2zzydgggw","time":1609937893,"event":{"mods":["AchievementEnabler","BaseMod","BetterRewards","Colored Map","Colored Powertips","DeckTracker","Keyboard Shortcuts","Minty Spire (QoL Compilation)","Quick Restart","Rare Cards Sparkle","StSLib","SuperFastMode","The Poker Player","everything is the same but u backflip on backflip"],"gold_per_floor":[16,16,35,50,69,69,84,114,114,18,31,44,44,44,44,149,149,167,167,167,190,205,205,232,232,256,272,298,311,327,5,5,109,109,125,125,140,40,55,89,101,117,117,133,133,133,160,179,179,179],"floor_reached":51,"playtime":1415,"items_purged":["Strike_G","Strike_G","Strike_G"],"score":984,"play_id":"8dd627c1-e851-4c86-98e0-077a94590bbf","local_time":"20210106215813","is_ascension_mode":true,"campfire_choices":[{"data":"Wraith Form v2","floor":6,"key":"SMITH"},{"data":"Acrobatics","floor":13,"key":"SMITH"},{"data":"Prepared","floor":15,"key":"SMITH"},{"data":"Blade Dance","floor":23,"key":"SMITH"},{"data":"Blade Dance","floor":25,"key":"SMITH"},{"data":"Adrenaline","floor":32,"key":"SMITH"},{"data":"Acrobatics","floor":49,"key":"SMITH"}],"circlet_count":0,"master_deck":["Strike_G","Defend_G","Defend_G","Defend_G","Defend_G","Defend_G","Survivor","Neutralize","Wraith Form v2+1","Endless Agony+1","Backstab+1","Blade Dance+1","Acrobatics+1","Blade Dance+1","Prepared+1","Acrobatics+1","Adrenaline+1","Grand Finale+1","Accuracy+1","Backflip","Tactician","Accuracy+1"],"relics":["Ring of the Snake","Molten Egg 2","Snake Skull","The Courier","WristBlade","MutagenicStrength","Pen Nib","Pear","Centennial Puzzle","Akabeko","TheAbacus","PreservedInsect","Runic Pyramid","StoneCalendar","Ninja Scroll","Smiling Mask"],"acts_visited":["Exordium","TheCity","TheBeyond"],"potions_floor_usage":[8,8,16,24,28,28,39,40,41,44,50],"damage_taken":[{"damage":3,"enemies":"Jaw Worm","floor":1,"turns":7},{"damage":2,"enemies":"Cultist","floor":3,"turns":6},{"damage":2,"enemies":"Small Slimes","floor":4,"turns":4},{"damage":13,"enemies":"Blue Slaver","floor":5,"turns":4},{"damage":4,"enemies":"Exordium Thugs","floor":7,"turns":6},{"damage":2,"enemies":"Gremlin Nob","floor":8,"turns":4},{"damage":4,"enemies":"Lots of Slimes","floor":11,"turns":3},{"damage":2,"enemies":"3 Louse","floor":12,"turns":4},{"damage":1,"enemies":"Slime Boss","floor":16,"turns":6},{"damage":4,"enemies":"2 Thieves","floor":18,"turns":3},{"damage":0,"enemies":"Shell Parasite","floor":22,"turns":1},{"damage":0,"enemies":"Book of Stabbing","floor":24,"turns":2},{"damage":2,"enemies":"Chosen and Byrds","floor":27,"turns":2},{"damage":3,"enemies":"Gremlin Leader","floor":28,"turns":3},{"damage":0,"enemies":"Centurion and Healer","floor":29,"turns":2},{"damage":0,"enemies":"Snake Plant","floor":30,"turns":1},{"damage":10,"enemies":"Automaton","floor":33,"turns":3},{"damage":0,"enemies":"Orb Walker","floor":35,"turns":1},{"damage":7,"enemies":"3 Shapes","floor":37,"turns":2},{"damage":7,"enemies":"Sphere and 2 Shapes","floor":39,"turns":1},{"damage":26,"enemies":"Nemesis","floor":40,"turns":3},{"damage":0,"enemies":"Spire Growth","floor":41,"turns":2},{"damage":8,"enemies":"4 Shapes","floor":42,"turns":3},{"damage":0,"enemies":"Writhing Mass","floor":44,"turns":2},{"damage":0,"enemies":"Giant Head","floor":47,"turns":1},{"damage":0,"enemies":"Spire Growth","floor":48,"turns":1},{"damage":4,"enemies":"Awakened One","floor":50,"turns":5}],"seed_played":"-5773666523996956146","potions_obtained":[{"floor":1,"key":"SteroidPotion"},{"floor":4,"key":"Block Potion"},{"floor":7,"key":"Regen Potion"},{"floor":11,"key":"Energy Potion"},{"floor":12,"key":"Ancient Potion"},{"floor":18,"key":"SkillPotion"},{"floor":24,"key":"Energy Potion"},{"floor":33,"key":"GhostInAJar"},{"floor":39,"key":"SkillPotion"},{"floor":40,"key":"Poison Potion"},{"floor":41,"key":"GhostInAJar"},{"floor":42,"key":"CultistPotion"}],"is_trial":false,"path_per_floor":["M","?","M","M","M","R","M","E","T","$","M","M","R","$","R","B",null,"M","?","?","T","M","R","E","R","T","M","E","M","M","$","R","B",null,"M","?","M","$","M","E","M","M","T","M","T","?","E","M","R","B",null],"character_chosen":"THE_SILENT","items_purchased":["Blade Dance","TheAbacus","PreservedInsect"],"campfire_rested":0,"item_purchase_floors":[10,31,31],"current_hp_per_floor":[67,67,65,63,50,50,46,49,49,49,45,43,43,43,43,42,70,66,66,66,66,66,66,76,76,76,74,71,71,71,71,71,61,80,80,80,73,73,66,40,40,32,32,32,32,32,32,32,32,28],"gold":179,"neow_bonus":"THREE_RARE_CARDS","is_daily":false,"chose_seed":false,"campfire_upgraded":7,"win_rate":0.0,"timestamp":1609937893,"path_taken":["M","?","?","?","M","R","M","E","T","$","M","M","R","$","R","BOSS","M","?","?","?","?","R","E","R","T","M","E","?","M","$","R","BOSS","M","?","?","$","?","E","M","M","T","M","?","?","E","M","R","BOSS"],"items_purchased_type":["Card","Relic","Relic"],"build_version":"2020-12-22","purchased_purges":3,"victory":true,"max_hp_per_floor":[70,70,70,70,70,70,70,70,70,70,70,70,70,70,70,70,70,70,70,70,70,70,70,80,80,80,80,80,80,80,80,80,80,80,80,80,80,80,80,80,80,80,80,80,80,80,80,80,80,80],"card_choices":[{"not_picked":["Doppelganger","Bullet Time"],"picked":"Wraith Form v2","floor":0},{"not_picked":["Setup","Deflect","Leg Sweep"],"picked":"SKIP","floor":1},{"not_picked":["Deflect","Riddle With Holes+1","Noxious Fumes"],"picked":"SKIP","floor":3},{"not_picked":["Dodge and Roll","Infinite Blades"],"picked":"Endless Agony+1","floor":4},{"not_picked":["Outmaneuver","Eviscerate+1"],"picked":"Backstab+1","floor":5},{"not_picked":["Expertise","Quick Slash+1"],"picked":"Blade Dance","floor":7},{"not_picked":["Noxious Fumes","Dagger Spray+1"],"picked":"Acrobatics","floor":8},{"not_picked":["Finisher+1","Terror"],"picked":"Prepared","floor":11},{"not_picked":["Expertise","Leg Sweep"],"picked":"Acrobatics","floor":12},{"not_picked":["Doppelganger","Malaise"],"picked":"Adrenaline","floor":16},{"not_picked":["Dagger Throw+1","Dodge and Roll+1","Cloak And Dagger+1"],"picked":"SKIP","floor":18},{"not_picked":["Deflect","Quick Slash+1","Cloak And Dagger"],"picked":"SKIP","floor":22},{"not_picked":["Expertise","All Out Attack+1","Calculated Gamble"],"picked":"SKIP","floor":24},{"not_picked":["Riddle With Holes+1","Heel Hook+1","Well Laid Plans+1"],"picked":"SKIP","floor":27},{"not_picked":["Sucker Punch+1","Doppelganger","Cloak And Dagger"],"picked":"SKIP","floor":28},{"not_picked":["Quick Slash+1","Dagger Throw+1","Bane+1"],"picked":"SKIP","floor":29},{"not_picked":["Acrobatics+1","Caltrops","Slice+1"],"picked":"SKIP","floor":30},{"not_picked":["Envenom","Doppelganger"],"picked":"Grand Finale+1","floor":33},{"not_picked":["Slice+1","Predator+1"],"picked":"Accuracy+1","floor":35},{"not_picked":["Setup","Noxious Fumes+1","Masterful Stab+1"],"picked":"SKIP","floor":37},{"not_picked":["Prepared","Eviscerate+1"],"picked":"Backflip","floor":39},{"not_picked":["Grand Finale+1","Slice+1"],"picked":"Tactician","floor":40},{"not_picked":["Slice+1","Underhanded Strike+1","Dash+1"],"picked":"SKIP","floor":41},{"not_picked":["Slice+1","Underhanded Strike+1","Cloak And Dagger"],"picked":"SKIP","floor":42},{"not_picked":["Dagger Spray+1","Dodge and Roll","Noxious Fumes+1"],"picked":"SKIP","floor":44},{"not_picked":["PiercingWail+1","Cloak And Dagger+1","Underhanded Strike+1"],"picked":"SKIP","floor":47},{"not_picked":["Deflect+1","Leg Sweep","Cloak And Dagger"],"picked":"SKIP","floor":48}],"player_experience":114527,"relics_obtained":[{"floor":2,"key":"Molten Egg 2"},{"floor":8,"key":"Snake Skull"},{"floor":9,"key":"The Courier"},{"floor":21,"key":"Pen Nib"},{"floor":24,"key":"Pear"},{"floor":26,"key":"Centennial Puzzle"},{"floor":28,"key":"Akabeko"},{"floor":40,"key":"StoneCalendar"},{"floor":45,"key":"Ninja Scroll"},{"floor":47,"key":"Smiling Mask"}],"event_choices":[{"damage_healed":0,"gold_gain":0,"player_choice":"Relic","damage_taken":0,"max_hp_gain":0,"max_hp_loss":0,"event_name":"Wheel of Change","floor":2,"gold_loss":0},{"cards_removed":["Strike_G"],"damage_healed":0,"gold_gain":0,"player_choice":"Elegance","damage_taken":0,"max_hp_gain":0,"max_hp_loss":0,"event_name":"Back to Basics","floor":19,"gold_loss":0},{"damage_healed":0,"gold_gain":0,"player_choice":"Inject Mutagens","damage_taken":0,"relics_obtained":["MutagenicStrength"],"max_hp_gain":0,"max_hp_loss":0,"event_name":"Drug Dealer","floor":20,"gold_loss":0},{"damage_healed":0,"gold_gain":0,"player_choice":"0 cards matched","damage_taken":0,"max_hp_gain":0,"max_hp_loss":0,"event_name":"Match and Keep!","floor":36,"gold_loss":0,"cards_obtained":[]},{"damage_healed":0,"gold_gain":0,"player_choice":"Copied","damage_taken":0,"max_hp_gain":0,"max_hp_loss":0,"event_name":"Duplicator","floor":46,"gold_loss":0,"cards_obtained":["Accuracy"]}],"is_beta":false,"boss_relics":[{"not_picked":["HoveringKite","Fusion Hammer"],"picked":"WristBlade"},{"not_picked":["Sozu","SacredBark"],"picked":"Runic Pyramid"}],"items_purged_floors":[10,31,38],"is_endless":false,"potions_floor_spawned":[1,4,7,11,12,18,24,33,39,40,41,42],"ascension_level":4}}