{"host":"Qube","time":1609969672,"event":{"mods":["AchievementEnabler","BaseMod","Colored Map","Colored Powertips","Minty Spire (QoL Compilation)","Quick Restart","Random Character Button","StSLib"],"gold_per_floor":[117,131,144,160,179,179,206,206,231,260,271,291,291,304,304,375,375,329,329,329,329,357,357,72,83,107,107,107,118,118,148,148,225,225,236,252,252,252,252,252,266,266,266],"floor_reached":42,"playtime":2939,"items_purged":[],"score":842,"play_id":"343dfa29-3f48-4904-b7ff-6ee4eadb013b","local_time":"20210106134752","is_ascension_mode":true,"campfire_choices":[{"data":"Dodge and Roll","floor":6.0,"key":"SMITH"},{"floor":8.0,"key":"REST"},{"data":"Bullet Time","floor":13.0,"key":"SMITH"},{"floor":15.0,"key":"REST"},{"data":"Ghostly","floor":23.0,"key":"SMITH"},{"data":"Apotheosis","floor":28.0,"key":"SMITH"},{"data":"Acrobatics","floor":30.0,"key":"SMITH"},{"data":"Ghostly","floor":32.0,"key":"SMITH"},{"data":"Dodge and Roll","floor":40,"key":"SMITH"}],"circlet_count":0,"master_deck":["AscendersBane","Defend_G","Defend_G","Defend_G","Survivor","Neutralize","Dodge and Roll+1","Poisoned Stab","Tools of the Trade","Footwork","Acrobatics+1","Bullet Time+1","Footwork","Dodge and Roll+1","Outmaneuver","Adrenaline","Dash","Bite","Bite","Bite","Bite","Bite","Ghostly+1","Ghostly","Ghostly+1","Expertise","Dagger Throw","Dagger Throw","Apotheosis+1","Terror","Acrobatics+1","Underhanded Strike","Malaise","Prepared+1","Well Laid Plans+1","Madness"],"relics":["SacredBark","Tingsha","Lantern","Potion Belt","HoveringKite","Red Mask","Nloth\u0027s Gift","Vajra","SlaversCollar"],"acts_visited":["Exordium","TheCity","TheBeyond"],"potions_floor_usage":[33,41],"damage_taken":[{"damage":1.0,"enemies":"Small Slimes","floor":1.0,"turns":4.0},{"damage":3.0,"enemies":"2 Louse","floor":2.0,"turns":6.0},{"damage":2.0,"enemies":"Cultist","floor":3.0,"turns":4.0},{"damage":0.0,"enemies":"Looter","floor":4.0,"turns":1.0},{"damage":8.0,"enemies":"3 Louse","floor":5.0,"turns":5.0},{"damage":22.0,"enemies":"3 Sentries","floor":7.0,"turns":12.0},{"damage":5.0,"enemies":"Lagavulin","floor":10.0,"turns":9.0},{"damage":0.0,"enemies":"2 Fungi Beasts","floor":11.0,"turns":4.0},{"damage":15.0,"enemies":"Red Slaver","floor":12.0,"turns":5.0},{"damage":1.0,"enemies":"Exordium Wildlife","floor":14.0,"turns":6.0},{"damage":2.0,"enemies":"The Guardian","floor":16.0,"turns":14.0},{"damage":19.0,"enemies":"2 Thieves","floor":18.0,"turns":5.0},{"damage":16.0,"enemies":"Masked Bandits","floor":22.0,"turns":6.0},{"damage":5.0,"enemies":"3 Byrds","floor":25.0,"turns":6.0},{"damage":0.0,"enemies":"Centurion and Healer","floor":29.0,"turns":7.0},{"damage":19.0,"enemies":"Gremlin Leader","floor":31.0,"turns":8.0},{"damage":18,"enemies":"Automaton","floor":33,"turns":10},{"damage":0,"enemies":"3 Shapes","floor":35,"turns":5},{"damage":1,"enemies":"Orb Walker","floor":36,"turns":4},{"damage":3,"enemies":"3 Darklings","floor":41,"turns":6},{"damage":43,"enemies":"Reptomancer","floor":42,"turns":2}],"seed_played":"-6898461486519067197","potions_obtained":[{"floor":3.0,"key":"Fire Potion"},{"floor":4.0,"key":"Weak Potion"},{"floor":11.0,"key":"AttackPotion"},{"floor":12.0,"key":"SpeedPotion"},{"floor":14.0,"key":"CunningPotion"},{"floor":18.0,"key":"Swift Potion"},{"floor":25.0,"key":"EssenceOfSteel"},{"floor":31.0,"key":"DistilledChaos"},{"floor":33,"key":"PowerPotion"},{"floor":35,"key":"FearPotion"}],"is_trial":false,"path_per_floor":["M","M","M","M","M","R","E","R","T","E","M","M","R","M","R","B",null,"M","?","?","?","?","R","$","M","T","?","R","M","R","E","R","B",null,"M","M","?","?","?","R","M","E"],"character_chosen":"THE_SILENT","items_purchased":["Apotheosis","Terror"],"campfire_rested":2,"item_purchase_floors":[24,24],"current_hp_per_floor":[58,55,53,53,45,45,23,42,42,37,37,22,22,21,40,38,59,40,40,23,23,13,13,13,18,25,25,25,30,30,14,14,29,30,30,30,30,30,28,28,28,0,0],"gold":266,"neow_bonus":"BOSS_RELIC","is_daily":false,"chose_seed":false,"campfire_upgraded":7,"win_rate":0.0,"timestamp":1609969672,"path_taken":["M","M","M","M","M","R","E","R","T","E","M","M","R","M","R","BOSS","M","?","?","?","?","R","$","M","T","?","R","M","R","E","R","BOSS","M","M","?","?","?","R","M","E"],"items_purchased_type":["Card","Card"],"build_version":"2020-12-18","purchased_purges":0,"victory":false,"max_hp_per_floor":[66,66,66,66,66,66,66,66,66,66,66,66,66,66,66,66,66,66,46,23,23,23,23,23,23,30,30,30,30,30,30,30,30,30,30,30,30,30,28,28,28,28,28],"card_choices":[{"not_picked":["Caltrops","Catalyst"],"picked":"Dodge and Roll","floor":1.0},{"not_picked":["Bane","Finisher"],"picked":"Blade Dance","floor":2.0},{"not_picked":["Heel Hook","Slice"],"picked":"Poisoned Stab","floor":3.0},{"not_picked":["Flechettes","Calculated Gamble"],"picked":"Tools of the Trade","floor":4.0},{"not_picked":["Dodge and Roll","Underhanded Strike"],"picked":"Footwork","floor":5.0},{"not_picked":["Dagger Spray","Backstab"],"picked":"Acrobatics","floor":7.0},{"not_picked":["Outmaneuver","Sucker Punch"],"picked":"Bullet Time","floor":10.0},{"not_picked":["Acrobatics","Finisher"],"picked":"Footwork","floor":11.0},{"not_picked":["Dagger Spray","Underhanded Strike"],"picked":"Dodge and Roll","floor":12.0},{"not_picked":["Dagger Throw","Blade Dance"],"picked":"Outmaneuver","floor":14.0},{"not_picked":["Envenom","Die Die Die"],"picked":"Adrenaline","floor":16.0},{"not_picked":["Acrobatics","Endless Agony"],"picked":"Dash","floor":18.0},{"not_picked":["Outmaneuver","Dodge and Roll"],"picked":"Dagger Throw","floor":22.0},{"not_picked":["Slice","Escape Plan"],"picked":"Acrobatics+1","floor":25.0},{"not_picked":["Cloak And Dagger","Escape Plan"],"picked":"Underhanded Strike","floor":29.0},{"not_picked":["Backstab","Heel Hook"],"picked":"Malaise","floor":31.0},{"not_picked":["Dodge and Roll","Cloak And Dagger"],"picked":"Prepared+1","floor":35},{"not_picked":["Dash","Finisher"],"picked":"Well Laid Plans+1","floor":36},{"not_picked":["Flash of Steel","Swift Strike"],"picked":"Madness","floor":38},{"not_picked":["Deflect","Dagger Spray","PiercingWail"],"picked":"SKIP","floor":41}],"player_experience":825534,"relics_obtained":[{"floor":7.0,"key":"Tingsha"},{"floor":9.0,"key":"Lantern"},{"floor":10.0,"key":"Potion Belt"},{"floor":22.0,"key":"Red Mask"},{"floor":26.0,"key":"Strawberry"},{"floor":31.0,"key":"Vajra"}],"event_choices":[{"damage_healed":0.0,"max_hp_gain":0.0,"max_hp_loss":20.0,"gold_gain":0.0,"event_name":"Vampires","player_choice":"Became a vampire","floor":19.0,"gold_loss":0.0,"damage_taken":0.0,"cards_obtained":["Bite","Bite","Bite","Bite","Bite"]},{"damage_healed":0.0,"max_hp_gain":0.0,"max_hp_loss":23.0,"gold_gain":0.0,"event_name":"Ghosts","player_choice":"Became a Ghost","floor":20.0,"gold_loss":0.0,"damage_taken":0.0,"cards_obtained":["Ghostly","Ghostly","Ghostly"]},{"damage_healed":0.0,"max_hp_gain":0.0,"max_hp_loss":0.0,"gold_gain":0.0,"cards_transformed":["Defend_G","Defend_G"],"event_name":"Drug Dealer","player_choice":"Became Test Subject","floor":21.0,"gold_loss":0.0,"damage_taken":0.0,"cards_obtained":["Expertise","Dagger Throw"]},{"damage_healed":0.0,"max_hp_gain":0.0,"max_hp_loss":0.0,"gold_gain":0.0,"event_name":"Masked Bandits","player_choice":"Fought Bandits","floor":22.0,"gold_loss":0.0,"damage_taken":0.0},{"damage_healed":0.0,"max_hp_gain":0.0,"max_hp_loss":0.0,"gold_gain":0.0,"event_name":"N\u0027loth","player_choice":"Traded Relic","floor":27.0,"relics_lost":["Strawberry"],"gold_loss":0.0,"damage_taken":0.0,"relics_obtained":["Nloth\u0027s Gift"]},{"cards_removed":["Blade Dance"],"damage_healed":0,"gold_gain":0,"player_choice":"Removed Skill","damage_taken":0,"max_hp_gain":0,"max_hp_loss":0,"event_name":"Falling","floor":37,"gold_loss":0},{"damage_healed":0,"gold_gain":0,"player_choice":"Memory 1","damage_taken":0,"max_hp_gain":0,"max_hp_loss":0,"event_name":"SensoryStone","floor":38,"gold_loss":0},{"damage_healed":0,"gold_gain":0,"player_choice":"Max HP","damage_taken":0,"max_hp_gain":0,"max_hp_loss":2,"event_name":"Winding Halls","floor":39,"gold_loss":0}],"is_beta":true,"boss_relics":[{"not_picked":["Velvet Choker","Empty Cage"],"picked":"HoveringKite"},{"not_picked":["Black Star","Snecko Eye"],"picked":"SlaversCollar"}],"items_purged_floors":[],"is_endless":false,"potions_floor_spawned":[3,4,11,12,14,18,25,31,33,35],"killed_by":"Reptomancer","ascension_level":17}}