{"host":"2yqfi47fogfu1ic4","time":1609962139,"event":{"mods":["AchievementEnabler","BaseMod","Colored Map","Colored Powertips","Highlight Path","Minty Spire (QoL Compilation)","Permanent Neow","Relic Stats","StSLib"],"gold_per_floor":[111,111,10,29,29,29,59,76,76,26,55,73,83,97,97,175,175,193,193,193,18,378,378,253,272,272,292,292,327,327,339,339,414,414,429,354,40,58,58,87,103,103,128,159,159,159,159],"floor_reached":46,"playtime":2894,"items_purged":["Regret","Strike_G","Strike_G","Strike_G"],"score":1112,"play_id":"9a53f9fa-c474-41ff-a89a-e0c5d719d102","local_time":"20210106204219","is_ascension_mode":true,"campfire_choices":[{"data":"Sucker Punch","floor":6.0,"key":"SMITH"},{"data":"Blade Dance","floor":15.0,"key":"SMITH"},{"floor":23.0,"key":"REST"},{"floor":32.0,"key":"REST"},{"floor":42.0,"key":"REST"},{"floor":45,"key":"RECALL"}],"circlet_count":0,"master_deck":["AscendersBane","Strike_G","Defend_G","Defend_G","Defend_G","Defend_G","Defend_G","Survivor","Neutralize","All Out Attack","Dagger Spray","Sucker Punch+1","PiercingWail","Sucker Punch","Blade Dance+1","Endless Agony","Endless Agony","Corpse Explosion","Blur","After Image","Well Laid Plans","Finisher","Adrenaline","RitualDagger","Footwork","Malaise","Caltrops+1","PiercingWail","Choke+1","Acrobatics+1","Envenom"],"relics":["Ring of the Snake","NeowsBlessing","Paper Crane","Regal Pillow","Calipers","White Beast Statue","Bottled Lightning","Philosopher\u0027s Stone","MutagenicStrength","Centennial Puzzle","PreservedInsect","SacredBark","Vajra","Sundial","Art of War"],"acts_visited":["Exordium","TheCity","TheBeyond"],"potions_floor_usage":[],"damage_taken":[{"damage":0.0,"enemies":"Jaw Worm","floor":1.0,"turns":1.0},{"damage":0.0,"enemies":"Cultist","floor":4.0,"turns":1.0},{"damage":0.0,"enemies":"Lagavulin","floor":7.0,"turns":1.0},{"damage":0.0,"enemies":"Small Slimes","floor":8.0,"turns":3.0},{"damage":16.0,"enemies":"Gremlin Nob","floor":11.0,"turns":4.0},{"damage":0.0,"enemies":"Looter","floor":12.0,"turns":3.0},{"damage":0.0,"enemies":"Red Slaver","floor":13.0,"turns":3.0},{"damage":0.0,"enemies":"Exordium Wildlife","floor":14.0,"turns":2.0},{"damage":22.0,"enemies":"Slime Boss","floor":16.0,"turns":7.0},{"damage":0.0,"enemies":"Spheric Guardian","floor":18.0,"turns":3.0},{"damage":0.0,"enemies":"Chosen","floor":25.0,"turns":3.0},{"damage":0.0,"enemies":"Sentry and Sphere","floor":27.0,"turns":1.0},{"damage":3.0,"enemies":"Gremlin Leader","floor":29.0,"turns":6.0},{"damage":2.0,"enemies":"Shelled Parasite and Fungi","floor":31.0,"turns":3.0},{"damage":38.0,"enemies":"Automaton","floor":33.0,"turns":8.0},{"damage":0.0,"enemies":"3 Darklings","floor":35.0,"turns":1.0},{"damage":0.0,"enemies":"3 Shapes","floor":38.0,"turns":7.0},{"damage":10.0,"enemies":"Giant Head","floor":40.0,"turns":7.0},{"damage":29.0,"enemies":"Spire Growth","floor":41.0,"turns":4.0},{"damage":28,"enemies":"Reptomancer","floor":44,"turns":4},{"damage":7,"enemies":"Writhing Mass","floor":46,"turns":3}],"seed_played":"8361278277575125161","potions_obtained":[{"floor":1.0,"key":"Fire Potion"},{"floor":8.0,"key":"Fire Potion"},{"floor":11.0,"key":"CunningPotion"},{"floor":12.0,"key":"Energy Potion"},{"floor":13.0,"key":"Poison Potion"},{"floor":16.0,"key":"Fire Potion"},{"floor":18.0,"key":"AttackPotion"},{"floor":25.0,"key":"Block Potion"},{"floor":29.0,"key":"Fire Potion"},{"floor":31.0,"key":"Strength Potion"},{"floor":33.0,"key":"ColorlessPotion"},{"floor":35.0,"key":"CultistPotion"},{"floor":38.0,"key":"PowerPotion"},{"floor":40.0,"key":"AttackPotion"},{"floor":41.0,"key":"Fruit Juice"},{"floor":44,"key":"SneckoOil"}],"is_trial":false,"path_per_floor":["M","?","$","M","?","R","E","M","T","$","E","M","M","M","R","B",null,"M","?","?","$","?","R","$","M","T","M","?","E","?","M","R","B",null,"M","?","$","M","$","E","M","R","T","E","R","M"],"character_chosen":"THE_SILENT","items_purchased":["Dagger Spray","Blade Dance","Adrenaline","Vajra"],"campfire_rested":3,"item_purchase_floors":[3,10,21,37],"current_hp_per_floor":[59,59,59,59,54,54,54,54,54,54,38,38,38,38,38,16,54,54,54,54,54,18,52,52,52,52,52,46,43,43,41,66,28,57,57,57,57,57,57,47,18,65,65,37,37,30,30],"gold":159,"neow_bonus":"THREE_ENEMY_KILL","is_daily":false,"chose_seed":false,"campfire_upgraded":2,"win_rate":0.0,"timestamp":1609962139,"path_taken":["M","?","$","M","?","R","E","M","T","?","E","?","M","M","R","BOSS","M","?","?","$","?","R","$","M","T","?","?","E","?","M","R","BOSS","M","?","$","M","?","E","?","R","T","E","R","M"],"items_purchased_type":["Card","Card","Card","Relic"],"build_version":"2020-12-22","purchased_purges":4,"victory":false,"max_hp_per_floor":[66,66,66,66,66,66,66,66,66,66,66,66,66,66,66,66,66,66,66,66,66,66,66,66,66,66,66,66,66,66,66,66,66,66,66,66,66,66,66,66,66,76,76,76,76,76,76],"relic_stats":{"Regal Pillow":36,"Centennial Puzzle":[23],"counters":[21,75],"Sundial":[0],"PreservedInsect":190,"Art of War":[0],"obtain_stats":[{"Regal Pillow":5,"Calipers":7,"NeowsBlessing":0,"SacredBark":34,"Vajra":37,"PreservedInsect":29,"Paper Crane":2,"White Beast Statue":9,"Centennial Puzzle":26,"Sundial":40,"MutagenicStrength":19,"Philosopher\u0027s Stone":17,"Art of War":44,"Bottled Lightning":11,"Ring of the Snake":0},{"Regal Pillow":2,"Calipers":3,"NeowsBlessing":0,"SacredBark":15,"Vajra":16,"PreservedInsect":13,"Paper Crane":1,"White Beast Statue":4,"Centennial Puzzle":11,"Sundial":18,"MutagenicStrength":10,"Philosopher\u0027s Stone":9,"Art of War":20,"Bottled Lightning":5,"Ring of the Snake":0},{"Regal Pillow":2,"Calipers":3,"NeowsBlessing":0,"SacredBark":49,"Vajra":50,"PreservedInsect":38,"Paper Crane":1,"White Beast Statue":6,"Centennial Puzzle":31,"Sundial":64,"MutagenicStrength":28,"Philosopher\u0027s Stone":25,"Art of War":72,"Bottled Lightning":10,"Ring of the Snake":0}],"Ring of the Snake":[45]},"card_choices":[{"not_picked":["Blur","Bane"],"picked":"All Out Attack","floor":1.0},{"not_picked":["Dagger Throw","Caltrops"],"picked":"Sucker Punch","floor":4.0},{"not_picked":["Expertise","Flying Knee"],"picked":"PiercingWail","floor":7.0},{"not_picked":["Prepared","Accuracy"],"picked":"Sucker Punch","floor":8.0},{"not_picked":["Bane","Deflect"],"picked":"Endless Agony","floor":11.0},{"not_picked":["Sucker Punch","Calculated Gamble"],"picked":"Endless Agony","floor":12.0},{"not_picked":["Tactician","Bane"],"picked":"Corpse Explosion","floor":13.0},{"not_picked":["Bane","Setup"],"picked":"Blur","floor":14.0},{"not_picked":["Venomology","Grand Finale"],"picked":"After Image","floor":16.0},{"not_picked":["Prepared","Slice"],"picked":"Well Laid Plans","floor":18.0},{"not_picked":["Poisoned Stab","Deadly Poison","Underhanded Strike"],"picked":"SKIP","floor":25.0},{"not_picked":["Dodge and Roll","Dagger Throw","Noxious Fumes"],"picked":"SKIP","floor":27.0},{"not_picked":["Riddle With Holes","Infinite Blades","Dagger Throw"],"picked":"SKIP","floor":29.0},{"not_picked":["Bouncing Flask+1","Masterful Stab"],"picked":"Footwork","floor":31.0},{"not_picked":["Corpse Explosion","Storm of Steel"],"picked":"Malaise","floor":33.0},{"not_picked":["Cloak And Dagger","Acrobatics"],"picked":"Caltrops+1","floor":35.0},{"not_picked":["Deadly Poison","Distraction"],"picked":"PiercingWail","floor":38.0},{"not_picked":["Heel Hook","Caltrops+1"],"picked":"Choke+1","floor":40.0},{"not_picked":["Bouncing Flask","Dagger Throw"],"picked":"Acrobatics+1","floor":41.0},{"not_picked":["Underhanded Strike","Concentrate"],"picked":"Envenom","floor":44}],"player_experience":2093868,"relics_obtained":[{"floor":7.0,"key":"Calipers"},{"floor":9.0,"key":"White Beast Statue"},{"floor":11.0,"key":"Bottled Lightning"},{"floor":26.0,"key":"Centennial Puzzle"},{"floor":29.0,"key":"PreservedInsect"},{"floor":40.0,"key":"Sundial"},{"floor":44,"key":"Art of War"}],"event_choices":[{"damage_healed":0.0,"max_hp_gain":0.0,"max_hp_loss":0.0,"gold_gain":0.0,"event_name":"Big Fish","player_choice":"Box","floor":2.0,"gold_loss":0.0,"damage_taken":0.0,"relics_obtained":["Paper Crane"],"cards_obtained":["Regret"]},{"damage_healed":0.0,"max_hp_gain":0.0,"max_hp_loss":0.0,"gold_gain":0.0,"event_name":"Scrap Ooze","player_choice":"Success","floor":5.0,"gold_loss":0.0,"damage_taken":5.0,"relics_obtained":["Regal Pillow"]},{"damage_healed":0.0,"max_hp_gain":0.0,"max_hp_loss":0.0,"gold_gain":0.0,"event_name":"Drug Dealer","player_choice":"Inject Mutagens","floor":19.0,"gold_loss":0.0,"damage_taken":0.0,"relics_obtained":["MutagenicStrength"]},{"damage_healed":0.0,"max_hp_gain":0.0,"max_hp_loss":0.0,"gold_gain":0.0,"event_name":"The Library","player_choice":"Read","floor":20.0,"gold_loss":0.0,"damage_taken":0.0,"cards_obtained":["Finisher"]},{"damage_healed":0.0,"max_hp_gain":0.0,"max_hp_loss":0.0,"gold_gain":360.0,"event_name":"Knowing Skull","player_choice":"GOLD GOLD GOLD GOLD ","floor":22.0,"potions_obtained":[],"gold_loss":0.0,"damage_taken":36.0,"cards_obtained":[]},{"damage_healed":0.0,"max_hp_gain":0.0,"max_hp_loss":0.0,"gold_gain":0.0,"event_name":"Nest","player_choice":"Joined the Cult","floor":28.0,"gold_loss":0.0,"damage_taken":6.0,"cards_obtained":["RitualDagger"]},{"damage_healed":0.0,"max_hp_gain":0.0,"max_hp_loss":0.0,"gold_gain":0.0,"event_name":"Vampires","player_choice":"Ignored","floor":30.0,"gold_loss":0.0,"damage_taken":0.0},{"cards_removed":["Strike_G"],"damage_healed":0.0,"max_hp_gain":0.0,"max_hp_loss":0.0,"gold_gain":0.0,"event_name":"Designer","player_choice":"Single Remove","floor":36.0,"gold_loss":75.0,"damage_taken":0.0}],"is_beta":false,"boss_relics":[{"not_picked":["Pandora\u0027s Box","Cursed Key"],"picked":"Philosopher\u0027s Stone"},{"not_picked":["Runic Dome","Empty Cage"],"picked":"SacredBark"}],"items_purged_floors":[3,21,24,37],"is_endless":false,"potions_floor_spawned":[1,8,11,12,13,14,16,18,25,27,29,31,33,35,38,40,41,44],"killed_by":"Writhing Mass","ascension_level":20}}