{"host":"94qggqh0xz0sp6ai","time":1609969401,"event":{"mods":["Abigail Mod","Act Like it!","BaseMod","CapriCore","Downfall","Friendly Minions","Gensokyo","Hermit","Jorbs\u0027s Wanderer Trilogy","Koishi","Marisa（霧雨　魔理沙）","Minty Spire (QoL Compilation)","Permanent Neow","Reimu（博??梦）","StSLib","The Alterego","The Construct","The Cursed","The Hierophant","The Immortal","The Marked","The Servant 0.9.4","TheBandit","Waifu the Spire"],"gold_per_floor":[117,136,156,167,167,167,184,184,210,210,239,251,251,284,284,388,388,401,411,411,423,434,434,434,434],"floor_reached":24,"playtime":730,"items_purged":[],"score":273,"play_id":"b2bf4f81-0366-4aae-9367-a79afd91f9b4","local_time":"20210106154321","is_ascension_mode":true,"campfire_choices":[{"data":"theMarked:ElementalBlade","floor":6,"key":"SMITH"},{"data":"theMarked:MaelstromOfLightning","floor":8,"key":"SMITH"},{"data":"theMarked:EmpowerWeapon","floor":10,"key":"SMITH"},{"floor":15,"key":"REST"},{"floor":23,"key":"REST"}],"circlet_count":0,"master_deck":["theMarked:Strike","theMarked:Strike","theMarked:Strike","theMarked:Strike","theMarked:Strike","theMarked:Defend","theMarked:Defend","theMarked:Defend","theMarked:Defend","theMarked:SoldierOfQuellstein","theMarked:ElementalBlade+1","theMarked:ElectricStrings","theMarked:MaelstromOfLightning+1","theMarked:EmpowerWeapon+1","theMarked:EmpowerWeapon","theMarked:LightningStrikesTwice","theMarked:WastefulDefense","theMarked:Opportunist","theMarked:Frustration","theMarked:ResourceFulStrike","theMarked:RogueSparks+1","theMarked:AttractMetal","theMarked:ChannelForce","theMarked:ResourceFulStrike+1","theMarked:MysticalArsenal"],"relics":["theMarked:ArtifactOfAir","Centennial Puzzle","Ancient Tea Set","Smiling Mask","Art of War","construct:ClawGrip"],"acts_visited":["Exordium","TheCity"],"potions_floor_usage":[19,24],"damage_taken":[{"damage":0,"enemies":"2 Louse","floor":1,"turns":3},{"damage":6,"enemies":"Jaw Worm","floor":2,"turns":2},{"damage":3,"enemies":"Small Slimes","floor":3,"turns":3},{"damage":18,"enemies":"Exordium Wildlife","floor":4,"turns":6},{"damage":0,"enemies":"Looter","floor":7,"turns":2},{"damage":13,"enemies":"3 Sentries","floor":11,"turns":5},{"damage":7,"enemies":"Large Slime","floor":12,"turns":5},{"damage":19,"enemies":"Lagavulin","floor":14,"turns":6},{"damage":0,"enemies":"Slime Boss","floor":16,"turns":7},{"damage":13,"enemies":"Shell Parasite","floor":18,"turns":3},{"damage":10,"enemies":"3 Byrds","floor":19,"turns":4},{"damage":16,"enemies":"Snake Plant","floor":21,"turns":5},{"damage":12,"enemies":"Centurion and Healer","floor":22,"turns":5},{"damage":47,"enemies":"Slavers","floor":24,"turns":3}],"seed_played":"-1461075218711783287","potions_obtained":[{"floor":1,"key":"GamblersBrew"},{"floor":4,"key":"Ancient Potion"},{"floor":16,"key":"MagicPotion:ReiMu"},{"floor":18,"key":"ColorlessPotion"},{"floor":22,"key":"FearPotion"}],"is_trial":false,"path_per_floor":["M","M","M","M","?","R","M","R","T","R","E","M","?","E","R","B",null,"M","M","?","M","M","R","E"],"character_chosen":"THE_DEFAULT","items_purchased":[],"campfire_rested":2,"item_purchase_floors":[],"current_hp_per_floor":[70,64,61,43,43,43,43,43,43,43,30,23,23,4,25,25,70,57,47,47,31,19,40,0,0],"gold":434,"neow_bonus":"RANDOM_COMMON_RELIC","is_daily":false,"chose_seed":false,"campfire_upgraded":3,"win_rate":0.0,"timestamp":1609969401,"path_taken":["M","M","M","M","?","R","M","R","T","R","E","M","?","E","R","BOSS","M","M","?","M","M","R","E"],"items_purchased_type":[],"build_version":"2020-12-22","purchased_purges":0,"victory":false,"max_hp_per_floor":[70,70,70,70,70,70,70,70,70,70,70,70,70,70,70,70,70,70,70,70,70,70,70,70,70],"card_choices":[{"not_picked":["theMarked:Standoff","theMarked:WastefulAttack"],"picked":"theMarked:ElementalBlade","floor":1},{"not_picked":["theMarked:TwofoldDefense","theMarked:Parkour"],"picked":"theMarked:ElectricStrings","floor":2},{"not_picked":["theMarked:Parkour","theMarked:ElectricStrings"],"picked":"theMarked:MaelstromOfLightning","floor":3},{"not_picked":["theMarked:DispelDoubt","theMarked:ElectricStrings"],"picked":"theMarked:EmpowerWeapon","floor":4},{"not_picked":["theMarked:ChainLightning","theMarked:ElectricStrings"],"picked":"theMarked:ResourceFulStrike","floor":7},{"not_picked":["theMarked:Levitate","theMarked:Generate"],"picked":"theMarked:RogueSparks","floor":11},{"not_picked":["theMarked:SwordAndMagic","theMarked:TwofoldDefense"],"picked":"theMarked:AttractMetal","floor":12},{"not_picked":["theMarked:Aftermath","theMarked:WastefulAttack","theMarked:ReduceFriction"],"picked":"SKIP","floor":14},{"not_picked":["theMarked:FavorableWinds","theMarked:Levitate"],"picked":"theMarked:ChannelForce","floor":16},{"not_picked":["theMarked:Electrocute","theMarked:WardOff"],"picked":"theMarked:ResourceFulStrike+1","floor":18},{"not_picked":["theMarked:HeightenedSenses","theMarked:RepellingDischarge"],"picked":"theMarked:MysticalArsenal","floor":19},{"not_picked":["theMarked:BanishingStrike","theMarked:ContemptForTheProud+1","theMarked:Improvise"],"picked":"SKIP","floor":21},{"not_picked":["theMarked:Seal+1","theMarked:SwordAndMagic","theMarked:Static"],"picked":"SKIP","floor":22}],"player_experience":1352049,"relics_obtained":[{"floor":9,"key":"Ancient Tea Set"},{"floor":11,"key":"Smiling Mask"},{"floor":14,"key":"Art of War"}],"event_choices":[{"damage_healed":0,"gold_gain":0,"player_choice":"Grow","damage_taken":0,"max_hp_gain":0,"max_hp_loss":0,"event_name":"Living Wall","floor":13,"gold_loss":0,"cards_upgraded":["theMarked:RogueSparks"]}],"is_beta":false,"boss_relics":[{"not_picked":["Fusion Hammer","theMarked:Eyepatch"],"picked":"construct:ClawGrip"}],"items_purged_floors":[],"is_endless":false,"potions_floor_spawned":[1,4,16,18,22],"killed_by":"Slavers","ascension_level":1}}