{"host":"os7ajuuouznx3pj7","time":1609943522,"event":{"mods":["AchievementEnabler","BaseMod","Bestiary","Block Reminder","Colored Map","Colored Powertips","Keyboard Shortcuts","Minty Spire (QoL Compilation)","Quick Restart","Relic Sorter","Relic Stats","SuperFastMode"],"gold_per_floor":[114,114,129,147,147,147,179,39,65,65,82,82,82,114,114,114,114],"floor_reached":16,"playtime":1247,"items_purged":[],"score":173,"play_id":"0d01bf3c-3edf-42ee-bbac-69a98a318929","local_time":"20210106123202","is_ascension_mode":true,"campfire_choices":[{"data":"Masterful Stab","floor":6,"key":"SMITH"},{"data":"Riddle With Holes","floor":10,"key":"SMITH"},{"data":"Wraith Form v2","floor":13,"key":"SMITH"},{"data":"Night Terror","floor":15,"key":"SMITH"}],"circlet_count":0,"master_deck":["Strike_G","Strike_G","Strike_G","Strike_G","Strike_G","Defend_G","Defend_G","Defend_G","Defend_G","Defend_G+1","Survivor+1","Neutralize","Masterful Stab+1","Deflect","Adrenaline","Riddle With Holes+1","Wraith Form v2+1","Escape Plan","Night Terror+1"],"relics":["Ring of the Snake","Darkstone Periapt","HornCleat","Anchor","Juzu Bracelet","Oddly Smooth Stone"],"acts_visited":["Exordium"],"potions_floor_usage":[7,16],"damage_taken":[{"damage":0,"enemies":"Cultist","floor":1,"turns":4},{"damage":7,"enemies":"Jaw Worm","floor":3,"turns":5},{"damage":1,"enemies":"Small Slimes","floor":4,"turns":4},{"damage":0,"enemies":"3 Sentries","floor":7,"turns":8},{"damage":0,"enemies":"Red Slaver","floor":11,"turns":2},{"damage":15,"enemies":"Lagavulin","floor":14,"turns":7},{"damage":19,"enemies":"Hexaghost","floor":16,"turns":9}],"seed_played":"3461999966097312858","potions_obtained":[{"floor":3,"key":"Fire Potion"},{"floor":4,"key":"DistilledChaos"},{"floor":14,"key":"LiquidBronze"}],"is_trial":false,"path_per_floor":["M","?","M","M","T","R","E","$","T","R","M","?","R","E","R","B"],"character_chosen":"THE_SILENT","items_purchased":["Wraith Form v2"],"campfire_rested":0,"item_purchase_floors":[8],"current_hp_per_floor":[63,49,42,41,41,41,41,41,41,41,41,34,34,19,19,0,0],"gold":114,"neow_bonus":"RANDOM_COMMON_RELIC","is_daily":false,"chose_seed":false,"campfire_upgraded":4,"win_rate":0.0,"timestamp":1609943522,"path_taken":["M","?","M","M","?","R","E","?","T","R","M","?","R","E","R","BOSS"],"items_purchased_type":["Card"],"build_version":"2020-12-22","purchased_purges":0,"victory":false,"max_hp_per_floor":[70,70,70,70,70,70,70,70,70,70,70,70,70,70,70,70,70],"relic_stats":{"Darkstone Periapt":0,"counters":[7,39],"Juzu Bracelet":1,"obtain_stats":[{"Darkstone Periapt":7,"Anchor":9,"HornCleat":5,"Oddly Smooth Stone":14,"Juzu Bracelet":0,"Ring of the Snake":0},{"Darkstone Periapt":4,"Anchor":4,"HornCleat":3,"Oddly Smooth Stone":6,"Juzu Bracelet":0,"Ring of the Snake":0},{"Darkstone Periapt":21,"Anchor":21,"HornCleat":13,"Oddly Smooth Stone":30,"Juzu Bracelet":0,"Ring of the Snake":0}],"Ring of the Snake":[14]},"card_choices":[{"not_picked":["Sucker Punch","Dagger Throw"],"picked":"Masterful Stab","floor":1},{"not_picked":["Outmaneuver","Quick Slash"],"picked":"Deflect","floor":3},{"not_picked":["Outmaneuver","Underhanded Strike"],"picked":"Adrenaline","floor":4},{"not_picked":["Blade Dance","Infinite Blades"],"picked":"Riddle With Holes","floor":7},{"not_picked":["Slice","Bane"],"picked":"Escape Plan","floor":11},{"not_picked":["Prepared","Blade Dance"],"picked":"Night Terror","floor":14}],"player_experience":810324,"relics_obtained":[{"floor":5,"key":"HornCleat"},{"floor":7,"key":"Darkstone Periapt"},{"floor":9,"key":"Anchor"},{"floor":14,"key":"Oddly Smooth Stone"}],"event_choices":[{"damage_healed":0,"gold_gain":0,"player_choice":"Entered Light","damage_taken":14,"max_hp_gain":0,"max_hp_loss":0,"event_name":"Shining Light","floor":2,"gold_loss":0,"cards_upgraded":["Defend_G","Survivor"]},{"damage_healed":0,"gold_gain":0,"player_choice":"Damaged","damage_taken":7,"max_hp_gain":0,"max_hp_loss":0,"event_name":"Wheel of Change","floor":12,"gold_loss":0}],"is_beta":false,"boss_relics":[],"items_purged_floors":[],"is_endless":false,"potions_floor_spawned":[3,4,14],"killed_by":"Hexaghost","ascension_level":6}}