{"host":"lvo3mx5xoqblab8l","time":1609910388,"event":{"mods":["AchievementEnabler","Aspiration","Bard","BaseMod","Beaked The Cultist","Better Altar","Better Match","Better Note","Better Sensory Stone","Better Skull","Better Third Choice","BetterRewards","CCEM","Clawfect","Colored Map","Conspire","Downfall","GifTheSpireLib","Googly Eyes","Halation","Hermit","Highlight Path","Hubris","Hunter ??","Infinite Spire","Jedi Mod","Jorbs\u0027s Wanderer Trilogy","Mad Scientist","Marisa????????","Mimic Mod","Minty Spire (QoL Compilation)","Permanent Neow","Replay The Spire","Shade Mod","Shop Mod","Spicy Shops","StSLib","Stuff the Spire","The Administrix","The Blackbeard","The Bug Knight","The Construct","The Cursed","The Disciple","The Gatherer","The Hierophant","The IronCluck","The Jungle","The Mystic","The Necromancer","The Problem Sleuth","The Runesmith","The Servant 0.9.4","The Spell Scribe","The Witch","Unceasing Turn Reminder","[IsaacMod]????","everything is the same but u backflip on backflip","slay the spire mod where everything is the same but ironclad has a cowboy hat"],"gold_per_floor":[115,115,115,115,131,165,192,224,224,50,77,109,140,166,166,283,283,337,361,361,361,446,446,473,579,579,425,425,485,519,213,213,406,406,432,461,519,519,538,567,567,567,567,567,674,674,728,777,777,784],"floor_reached":51,"playtime":6888,"items_purged":["BettingIsNotGood+1","stsjorbsmod:Introspection+1"],"score":995,"play_id":"62f556cc-e36d-4152-afb1-f6d157bddae1","local_time":"20210106021948","is_ascension_mode":false,"campfire_choices":[{"data":"stsjorbsmod:FindFamiliar","floor":15,"key":"SMITH"},{"floor":23,"key":"REST"},{"floor":32,"key":"REST"}],"circlet_count":0,"master_deck":["stsjorbsmod:ForbiddenGrimoire+1","stsjorbsmod:Strike_Wanderer+1","stsjorbsmod:Strike_Wanderer","stsjorbsmod:Strike_Wanderer","stsjorbsmod:Defend_Wanderer+1","stsjorbsmod:Defend_Wanderer","stsjorbsmod:Defend_Wanderer","stsjorbsmod:FreshAdventure","stsjorbsmod:EyeOfTheStorm","stsjorbsmod:Firebolt+1","stsjorbsmod:Prestidigitation","stsjorbsmod:BookOfTongues","stsjorbsmod:ColorSpray","stsjorbsmod:FindFamiliar+1","stsjorbsmod:ArcaneWeapon","stsjorbsmod:DisguiseSelf+1","stsjorbsmod:HedgeWizard+1","stsjorbsmod:Channel","stsjorbsmod:ScorchingRay","stsjorbsmod:BlackTentacles","stsjorbsmod:LocateObject","stsjorbsmod:Feast+1","CurseOfTheBell","stsjorbsmod:MageArmor+1","stsjorbsmod:Firebolt","stsjorbsmod:FlameWard+1","stsjorbsmod:ArcaneWeapon","stsjorbsmod:WanderingMind","stsjorbsmod:SiphonEnergy","stsjorbsmod:ArcaneForm","stsjorbsmod:Mending+1","Parasite","stsjorbsmod:ChainLightning+1","theSleuth:OglogMRubbit","stsjorbsmod:Counterspell","infinitespire:Fortify","stsjorbsmod:ArcaneWeapon+1"],"relics":["stsjorbsmod:GrimoireRelic","HushsDoor","NeowsBlessing","MoneyPower","SalivaCoin","Replay:Accelerometer","Oddly Smooth Stone","infinitespire:Beetle Shell","Question Card","ReplayFunnel","hubris:Reverence","D6","Replay:Rubber Ducky","CCEMRelics:WhiteRose","StuffTheSpire:Gunfinga","halation:Thesaurus","infinitespire:Cupcake","halation:LostSnail","War Paint","Cursed Key","Whetstone","construct:RocketBooster","Torii","halation:StarCompass","stsjorbsmod:MindPalaceRelic","TungstenRod"],"acts_visited":["Exordium","theJungle:Jungle","TheBeyond"],"potions_floor_usage":[12,12,12,24,24,33,41,50,50],"damage_taken":[{"damage":0.0,"enemies":"2 Louse","floor":1.0,"turns":1.0},{"damage":0.0,"enemies":"Jaw Worm","floor":5.0,"turns":1.0},{"damage":0.0,"enemies":"Lagavulin","floor":6.0,"turns":1.0},{"damage":7.0,"enemies":"Small Slimes","floor":7.0,"turns":4.0},{"damage":0.0,"enemies":"HollowMod:MossKnight","floor":8.0,"turns":6.0},{"damage":4,"enemies":"Looter","floor":11,"turns":3},{"damage":1,"enemies":"Gremlin Nob","floor":12,"turns":4},{"damage":6,"enemies":"Exordium Thugs","floor":13,"turns":5},{"damage":2,"enemies":"Large Slime","floor":14,"turns":5},{"damage":21,"enemies":"The Guardian","floor":16,"turns":7},{"damage":20,"enemies":"theJungle:MUSHROOMGANG","floor":18,"turns":5},{"damage":0,"enemies":"Shell Parasite","floor":19,"turns":7},{"damage":19,"enemies":"theJungle:JungleHuntersEncounter","floor":22,"turns":7},{"damage":0,"enemies":"theJungle:Cassacara","floor":24,"turns":6},{"damage":4,"enemies":"theJungle:Snecko_Cultist_And_Trap","floor":25,"turns":7},{"damage":4,"enemies":"theJungle:Snecko_Cultist_And_Trap","floor":30,"turns":5},{"damage":41,"enemies":"theJungle:TotemBoss","floor":33,"turns":8},{"damage":1,"enemies":"Orb Walker","floor":35,"turns":3},{"damage":0,"enemies":"3 Darklings","floor":36,"turns":5},{"damage":0,"enemies":"4 Shapes","floor":37,"turns":4},{"damage":0,"enemies":"Writhing Mass","floor":39,"turns":4},{"damage":0,"enemies":"Nemesis","floor":40,"turns":5},{"damage":0,"enemies":"infinitespire:Three Voidlings","floor":45,"turns":3},{"damage":0,"enemies":"Nightmare_Alpha","floor":45,"turns":7},{"damage":22,"enemies":"Reptomancer","floor":47,"turns":5},{"damage":0,"enemies":"Sphere and 2 Shapes","floor":48,"turns":4},{"damage":13,"enemies":"Time Eater","floor":50,"turns":7}],"seed_played":"-6345613323956494402","potions_obtained":[{"floor":1.0,"key":"Reflective Coating"},{"floor":7.0,"key":"Block Potion"},{"floor":8.0,"key":"Guardian:BlockOnCardUsePotion"},{"floor":18,"key":"Dexterity Potion"},{"floor":22,"key":"stsjorbsmod:LiquidClarity"},{"floor":24,"key":"BlessingOfTheForge"},{"floor":33,"key":"jedi:mysterypotion"},{"floor":36,"key":"jedi:hoardpotion"},{"floor":47,"key":"LiquidMemories"},{"floor":48,"key":"stsjorbsmod:BurningPotion"}],"is_trial":false,"path_per_floor":["M","?","?","?","M","E","M","E","T","$","M","E","M","M","R","B",null,"M","M","?","?","M","R","E","MIM","T","$","R","?","M","$","R","B",null,"M","M","M","AVR","M","E","R","?","T","?","?","?","E","M","R","B",null],"character_chosen":"WANDERER","items_purchased":["stsjorbsmod:ArcaneWeapon","stsjorbsmod:DisguiseSelf+1","stsjorbsmod:HedgeWizard","halation:Thesaurus","halation:LostSnail","War Paint"],"campfire_rested":2,"item_purchase_floors":[10,10,10,27,31,31],"current_hp_per_floor":[68,65,65,65,65,65,59,61,61,61,59,60,57,57,57,36,68,60,68,68,68,51,74,80,81,81,81,81,66,66,66,82,47,88,90,90,92,92,92,92,92,92,92,92,92,92,93,94,94,81],"gold":784,"neow_bonus":"THREE_ENEMY_KILL","is_daily":false,"chose_seed":false,"campfire_upgraded":1,"win_rate":0.0,"timestamp":1609910388,"path_taken":["M","?","?","?","M","E","M","E","T","$","M","E","M","?","R","BOSS","M","M","?","?","?","R","E","?","T","?","R","?","?","?","R","BOSS","M","M","M","AVR","M","E","R","?","T","?","?","?","E","M","R","BOSS"],"items_purchased_type":["Card","Card","Card","Relic","Relic","Relic"],"build_version":"2020-12-22","purchased_purges":2,"victory":true,"max_hp_per_floor":[68,68,68,68,68,68,68,68,68,68,68,68,68,68,68,68,68,74,76,76,76,78,78,80,82,82,82,82,82,82,82,82,88,88,90,90,92,92,92,92,92,92,92,92,92,92,94,94,94,94],"card_choices":[{"not_picked":[],"picked":"BettingIsNotGood","floor":0.0},{"not_picked":["stsjorbsmod:Will","stsjorbsmod:LoseGrip"],"picked":"stsjorbsmod:Firebolt","floor":1.0},{"not_picked":["stsjorbsmod:Hurt","stsjorbsmod:LoseGrip"],"picked":"stsjorbsmod:Prestidigitation","floor":5.0},{"not_picked":["stsjorbsmod:SiphonEnergy","stsjorbsmod:Patron"],"picked":"stsjorbsmod:BookOfTongues","floor":6.0},{"not_picked":["stsjorbsmod:DoubleCheck","stsjorbsmod:Counterspell"],"picked":"stsjorbsmod:ColorSpray","floor":7.0},{"not_picked":["stsjorbsmod:BurningFlask","stsjorbsmod:Prestidigitation"],"picked":"stsjorbsmod:FindFamiliar","floor":8.0},{"not_picked":["stsjorbsmod:FracturedMind","stsjorbsmod:Will"],"picked":"stsjorbsmod:Channel","floor":11},{"not_picked":["stsjorbsmod:BurningFlask","stsjorbsmod:WeightOfMemory"],"picked":"stsjorbsmod:ScorchingRay","floor":12},{"not_picked":["stsjorbsmod:BurningFlask","stsjorbsmod:DisguiseSelf","stsjorbsmod:Will"],"picked":"stsjorbsmod:BlackTentacles","floor":13},{"not_picked":["stsjorbsmod:FracturedMind","stsjorbsmod:DisguiseSelf","stsjorbsmod:ColorSpray"],"picked":"stsjorbsmod:LocateObject","floor":14},{"not_picked":["stsjorbsmod:Fear","stsjorbsmod:GatherPower","stsjorbsmod:PurgeMind"],"picked":"stsjorbsmod:Feast","floor":16},{"not_picked":["stsjorbsmod:DoubleCheck","stsjorbsmod:ParryingBlow+1","stsjorbsmod:Prepare"],"picked":"stsjorbsmod:MageArmor","floor":18},{"not_picked":["stsjorbsmod:Hurt","stsjorbsmod:Prestidigitation","stsjorbsmod:FracturedMind"],"picked":"stsjorbsmod:Firebolt","floor":19},{"not_picked":["stsjorbsmod:MistyStep","stsjorbsmod:TrueStrike+1","stsjorbsmod:FracturedMind+1"],"picked":"stsjorbsmod:FlameWard+1","floor":22},{"not_picked":["stsjorbsmod:Index","stsjorbsmod:TrueStrike","stsjorbsmod:FranticSearch"],"picked":"stsjorbsmod:Introspection+1","floor":24},{"not_picked":["stsjorbsmod:ParryingBlow+1","stsjorbsmod:AnimateObjects","stsjorbsmod:ThirstingSword"],"picked":"stsjorbsmod:ArcaneWeapon","floor":25},{"not_picked":["stsjorbsmod:Prestidigitation","stsjorbsmod:UnseenServant","stsjorbsmod:RayOfFrost"],"picked":"stsjorbsmod:WanderingMind","floor":30},{"not_picked":["stsjorbsmod:Determination","stsjorbsmod:Withdraw","stsjorbsmod:Fireball"],"picked":"stsjorbsmod:SiphonEnergy","floor":33},{"not_picked":["stsjorbsmod:TrueStrike+1","stsjorbsmod:FracturedMind+1","stsjorbsmod:ArcaneWeapon+1"],"picked":"stsjorbsmod:ArcaneForm","floor":35},{"not_picked":["stsjorbsmod:DoubleCheck","stsjorbsmod:ScorchingRay","stsjorbsmod:Materialize+1"],"picked":"stsjorbsmod:Mending","floor":36},{"not_picked":["stsjorbsmod:FaerieFire","stsjorbsmod:Index+1","stsjorbsmod:Hurt+1","stsjorbsmod:HedgeWizard+1"],"picked":"SKIP","floor":37},{"not_picked":["stsjorbsmod:HoldMonster","stsjorbsmod:Message+1","stsjorbsmod:TrueStrike"],"picked":"stsjorbsmod:ChainLightning+1","floor":39},{"not_picked":["stsjorbsmod:WeightOfMemory","stsjorbsmod:ScorchingRay","stsjorbsmod:Prestidigitation+1","stsjorbsmod:FracturedMind+1"],"picked":"SKIP","floor":40},{"not_picked":["stsjorbsmod:ParryingBlow","stsjorbsmod:Introspection+1","stsjorbsmod:BlackTentacles"],"picked":"stsjorbsmod:Counterspell","floor":45},{"not_picked":["infinitespire:Gouge","hubris:Rewind"],"picked":"infinitespire:Fortify","floor":45},{"not_picked":["stsjorbsmod:Feast","stsjorbsmod:AnimateObjects","stsjorbsmod:Fireball"],"picked":"stsjorbsmod:ArcaneWeapon+1","floor":47},{"not_picked":["stsjorbsmod:ChatteringStrike+1","stsjorbsmod:Will+1","stsjorbsmod:Mending+1","stsjorbsmod:BookOfTongues+1"],"picked":"SKIP","floor":48}],"player_experience":143310,"relics_obtained":[{"floor":3.0,"key":"Replay:Accelerometer"},{"floor":8.0,"key":"Oddly Smooth Stone"},{"floor":9.0,"key":"infinitespire:Beetle Shell"},{"floor":12,"key":"Question Card"},{"floor":17,"key":"ReplayFunnel"},{"floor":17,"key":"hubris:Reverence"},{"floor":17,"key":"D6"},{"floor":24,"key":"Replay:Rubber Ducky"},{"floor":25,"key":"CCEMRelics:WhiteRose"},{"floor":26,"key":"StuffTheSpire:Gunfinga"},{"floor":40,"key":"construct:RocketBooster"},{"floor":43,"key":"Torii"},{"floor":45,"key":"stsjorbsmod:MindPalaceRelic"},{"floor":47,"key":"TungstenRod"}],"event_choices":[{"damage_healed":0.0,"max_hp_gain":0.0,"max_hp_loss":0.0,"gold_gain":0.0,"event_name":"betterThird:BetterScrap","player_choice":"Relic ","floor":2.0,"gold_loss":0.0,"damage_taken":3.0,"cards_obtained":["jedi:hex"]},{"cards_removed":["stsjorbsmod:Strike_Wanderer"],"damage_healed":0,"gold_gain":0,"player_choice":"Purged","damage_taken":0,"max_hp_gain":0,"max_hp_loss":0,"event_name":"Purifier","floor":20,"gold_loss":0},{"damage_healed":0,"gold_gain":0,"player_choice":"Ignored","damage_taken":0,"max_hp_gain":0,"max_hp_loss":0,"event_name":"betterNote:BetterNote","floor":21,"gold_loss":0,"cards_obtained":["DoctorFetus"]},{"cards_removed":["stsjorbsmod:Defend_Wanderer"],"damage_healed":0,"gold_gain":0,"player_choice":"Card Removal","damage_taken":0,"max_hp_gain":0,"max_hp_loss":0,"event_name":"Wheel of Change","floor":42,"gold_loss":0}],"is_beta":false,"boss_relics":[{"not_picked":["jedi:hotpepper","halation:HeavySnake"],"picked":"Calling Bell"},{"not_picked":[]},{"not_picked":["CCEMRelics:TransientCore","Honey Jar"],"picked":"Cursed Key"},{"not_picked":[]}],"items_purged_floors":[31,38],"is_endless":false,"potions_floor_spawned":[1,7,8,18,22,24,33,36,45,47,48],"ascension_level":0}}