{"host":"mike","time":1609976024,"event":{"mods":["BaseMod","Downfall","Highlight Path","Minty Spire (QoL Compilation)","Random Character Button","Relic Stats","StSLib"],"gold_per_floor":[99,109,126,145,145,172,172,172,199,218,233,233,252,264,282,383,383,233,252,268,268,178,191,218,246,263,275,275,375,300,68,94,205,205,205,222,273,289,314,338,385,385,409,447,447,480,495,495],"floor_reached":49,"playtime":6493,"items_purged":["hexamod:Strike"],"score":872,"play_id":"25fd7555-e5c9-4ad6-b772-f00c07d45e8d","local_time":"20210106183344","is_ascension_mode":true,"campfire_choices":[{"floor":1,"key":"RECALL"},{"floor":8,"key":"REST"},{"floor":12,"key":"REST"},{"data":"hexamod:VolcanoVisage","floor":18,"key":"SMITH"},{"data":"hexamod:SearingWound","floor":30,"key":"SMITH"},{"floor":35,"key":"REST"},{"floor":45,"key":"REST"}],"circlet_count":0,"master_deck":["hexamod:Strike","hexamod:Strike","hexamod:Strike","hexamod:Defend","hexamod:Defend","hexamod:Defend+1","hexamod:Defend","hexamod:Sear","hexamod:Float","hexamod:FlamesFromBeyond","hexamod:FirstSeal","hexamod:GhostflameBarrier","hexamod:UnleashSpirits","hexamod:Hexaguard+1","hexamod:RadiantFlame","hexamod:ThirdSeal","hexamod:Hexaguard","hexamod:SpectralAdrenaline","hexamod:Firestarter","hexamod:NightmareGuise","hexamod:HeatCrush","hexamod:Haunt","hexamod:VolcanoVisage+1","hexamod:EmpoweringStance","hexamod:Hexaguard+1","hexamod:GhostShield+1","hexamod:FlamesFromBeyond+1","hexamod:RainOfEmbers+1","hexamod:NightmareStrike","hexamod:SoulSteal","hexamod:SearingWound+1","hexamod:PhantomCloak","Writhe","hexamod:Hexaguard+1","hexamod:SecondSeal","hexamod:ExtraCrispy","hexamod:SearingWound+1","hexamod:SpectersWail","hexamod:TimeOfNeed","hexamod:UnleashSpirits","hexamod:FourthSeal","hexamod:GhostShield+1","hexamod:EtherealExpedition+1","hexamod:ExtraCrispy+1","hexamod:GhostflameBarrier","hexamod:UnlimitedPower","hexamod:HeatCrush","hexamod:RetreatToShadows+1"],"relics":["hexamod:SpiritBrand","hexamod:InflammatoryLetter","Turnip","Mango","Philosopher\u0027s Stone","downfall:HeartBlessingRed","downfall:HeartBlessingGreen","Pantograph","Akabeko","Prayer Wheel","Bottled Lightning","downfall:HeartBlessingBlue","DollysMirror","Fusion Hammer","War Paint","Potion Belt","downfall:TeleportStone","Boot","Dream Catcher"],"acts_visited":["Exordium","TheCity","TheBeyond"],"potions_floor_usage":[9,33,36,46,47,47,47,48],"damage_taken":[{"damage":2,"enemies":"2 Louse","floor":2,"turns":3},{"damage":0,"enemies":"Cultist","floor":3,"turns":3},{"damage":9,"enemies":"Jaw Worm","floor":4,"turns":4},{"damage":50,"enemies":"Gremlin Nob","floor":6,"turns":6},{"damage":38,"enemies":"Lagavulin","floor":9,"turns":8},{"damage":25,"enemies":"3 Louse","floor":10,"turns":5},{"damage":10,"enemies":"Exordium Thugs","floor":11,"turns":6},{"damage":8,"enemies":"Red Slaver","floor":13,"turns":5},{"damage":0,"enemies":"3 Louse","floor":14,"turns":4},{"damage":11,"enemies":"2 Fungi Beasts","floor":15,"turns":5},{"damage":12,"enemies":"downfall:Watcher","floor":16,"turns":12},{"damage":12,"enemies":"3 Byrds","floor":19,"turns":6},{"damage":12,"enemies":"Chosen","floor":20,"turns":7},{"damage":0,"enemies":"downfall:FleeingMerchant","floor":22,"turns":4},{"damage":10,"enemies":"3 Cultists","floor":23,"turns":5},{"damage":0,"enemies":"Book of Stabbing","floor":25,"turns":4},{"damage":22,"enemies":"Cultist and Chosen","floor":26,"turns":6},{"damage":18,"enemies":"Shelled Parasite and Fungi","floor":27,"turns":3},{"damage":0,"enemies":"downfall:Ironclad","floor":29,"turns":7},{"damage":0,"enemies":"downfall:FleeingMerchant","floor":31,"turns":4},{"damage":9,"enemies":"Sentry and Sphere","floor":32,"turns":6},{"damage":27,"enemies":"downfall:Silent","floor":33,"turns":6},{"damage":2,"enemies":"3 Shapes","floor":36,"turns":4},{"damage":14,"enemies":"3 Darklings","floor":38,"turns":4},{"damage":19,"enemies":"4 Shapes","floor":39,"turns":6},{"damage":17,"enemies":"Spire Growth","floor":40,"turns":5},{"damage":41,"enemies":"Jaw Worm Horde","floor":43,"turns":3},{"damage":3,"enemies":"Giant Head","floor":44,"turns":8},{"damage":32,"enemies":"Nemesis","floor":46,"turns":7},{"damage":23,"enemies":"Transient","floor":47,"turns":5},{"damage":3,"enemies":"downfall:Ironclad","floor":48,"turns":9}],"seed_played":"1781551395129122221","potions_obtained":[{"floor":3,"key":"FearPotion"},{"floor":5,"key":"CultistPotion"},{"floor":5,"key":"DuplicationPotion"},{"floor":6,"key":"AttackPotion"},{"floor":9,"key":"DistilledChaos"},{"floor":20,"key":"Fire Potion"},{"floor":29,"key":"PowerPotion"},{"floor":38,"key":"BlessingOfTheForge"},{"floor":39,"key":"Explosive Potion"},{"floor":44,"key":"Block Potion"},{"floor":46,"key":"hexamod:EctoCoolerPotion"},{"floor":46,"key":"BlessingOfTheForge"},{"floor":47,"key":"hexamod:DoubleChargePotion"},{"floor":47,"key":"Regen Potion"}],"is_trial":false,"path_per_floor":["R","M","M","M","?","E","T","R","E","M","M","R","M","M","M","B",null,"R","M","M","?","$","M","T","E","M","M","?","?","R","$","M","B",null,"R","M","?","M","M","M","T","?","M","E","R","E","M","B",null],"character_chosen":"THE_SPIRIT","items_purchased":["hexamod:ExtraCrispy","DollysMirror"],"campfire_rested":4,"item_purchase_floors":[31,31],"current_hp_per_floor":[77,75,75,66,66,23,23,46,29,11,8,35,34,34,30,25,91,91,86,81,81,88,78,78,85,70,59,59,91,101,101,99,74,101,101,99,99,92,80,63,63,63,22,26,56,31,8,52],"gold":495,"neow_bonus":"TEN_PERCENT_HP_BONUS","is_daily":false,"chose_seed":false,"campfire_upgraded":2,"win_rate":0.0,"timestamp":1609976024,"path_taken":["R","M","M","M","?","E","T","R","E","M","M","R","M","?","M","BOSS","R","M","M","?","$","M","T","E","M","M","?","?","R","$","M","BOSS","R","M","?","M","M","M","T","?","?","E","R","E","M","BOSS"],"items_purchased_type":["Card","Relic"],"build_version":"2020-12-18","purchased_purges":1,"victory":true,"max_hp_per_floor":[77,77,77,77,77,77,77,77,91,91,91,91,91,91,91,91,91,91,91,91,91,91,91,91,91,91,91,91,91,101,101,101,101,101,101,101,101,101,101,101,101,101,101,101,101,101,101,101],"relic_stats":{"Dream Catcher":0,"counters":[31,170],"Pantograph":52,"Prayer Wheel":7,"Turnip":[5],"War Paint":["hexamod:Defend","hexamod:Hexaguard"],"Boot":[40],"obtain_stats":[{"Potion Belt":41,"downfall:HeartBlessingRed":18,"Mango":9,"downfall:HeartBlessingGreen":18,"hexamod:InflammatoryLetter":6,"downfall:TeleportStone":42,"War Paint":37,"Boot":44,"Akabeko":28,"Dream Catcher":46,"downfall:HeartBlessingBlue":30,"DollysMirror":31,"Pantograph":25,"Philosopher\u0027s Stone":17,"Prayer Wheel":29,"Turnip":7,"Fusion Hammer":34,"Bottled Lightning":29,"hexamod:SpiritBrand":0},{"Potion Belt":26,"downfall:HeartBlessingRed":11,"Mango":5,"downfall:HeartBlessingGreen":11,"hexamod:InflammatoryLetter":4,"downfall:TeleportStone":26,"War Paint":23,"Boot":28,"Akabeko":18,"Dream Catcher":29,"downfall:HeartBlessingBlue":19,"DollysMirror":20,"Pantograph":16,"Philosopher\u0027s Stone":11,"Prayer Wheel":19,"Turnip":4,"Fusion Hammer":22,"Bottled Lightning":19,"hexamod:SpiritBrand":0},{"Potion Belt":138,"downfall:HeartBlessingRed":61,"Mango":24,"downfall:HeartBlessingGreen":61,"hexamod:InflammatoryLetter":16,"downfall:TeleportStone":138,"War Paint":123,"Boot":149,"Akabeko":96,"Dream Catcher":156,"downfall:HeartBlessingBlue":103,"DollysMirror":107,"Pantograph":87,"Philosopher\u0027s Stone":61,"Prayer Wheel":103,"Turnip":16,"Fusion Hammer":119,"Bottled Lightning":103,"hexamod:SpiritBrand":0}]},"card_choices":[{"not_picked":["hexamod:ShieldOfDarkness","hexamod:NightmareStrike"],"picked":"hexamod:FlamesFromBeyond","floor":2},{"not_picked":["hexamod:GhostflameBarrier","hexamod:BacktrackSmack"],"picked":"hexamod:FirstSeal","floor":3},{"not_picked":["hexamod:SwordOfDarkness","hexamod:AdvancingGuard"],"picked":"hexamod:GhostflameBarrier","floor":4},{"not_picked":["hexamod:ShieldOfDarkness","hexamod:BacktrackSmack"],"picked":"hexamod:UnleashSpirits","floor":6},{"not_picked":["hexamod:EmpoweredFlame","hexamod:InspiringFlames"],"picked":"hexamod:Hexaguard","floor":9},{"not_picked":["hexamod:HauntingEcho","hexamod:Hexaguard"],"picked":"hexamod:RadiantFlame","floor":10},{"not_picked":["hexamod:GhostShield","hexamod:SpectersWail"],"picked":"hexamod:ThirdSeal","floor":11},{"not_picked":["hexamod:SpectralAdrenaline","hexamod:AdvancingGuard"],"picked":"hexamod:Hexaguard","floor":13},{"not_picked":["hexamod:GhostLash","hexamod:ApocalypseNow"],"picked":"hexamod:SpectralAdrenaline","floor":13},{"not_picked":["hexamod:StepThrough","hexamod:BacktrackSmack"],"picked":"hexamod:Firestarter","floor":14},{"not_picked":["hexamod:InspiringFlames","hexamod:ThermalTransfer"],"picked":"hexamod:NightmareGuise","floor":14},{"not_picked":["hexamod:BacktrackSmack","hexamod:GhostLash"],"picked":"hexamod:HeatCrush","floor":15},{"not_picked":["hexamod:NecessarySacrifice","hexamod:GiftsFromTheDead"],"picked":"hexamod:Haunt","floor":15},{"not_picked":["hexamod:GiftsFromTheDead","hexamod:TurnItUp"],"picked":"hexamod:VolcanoVisage","floor":16},{"not_picked":["hexamod:ApocalypseNow","hexamod:HexaLevel"],"picked":"hexamod:EmpoweringStance","floor":16},{"not_picked":["hexamod:GhostflameBarrier","hexamod:ThirdSeal"],"picked":"hexamod:Hexaguard+1","floor":19},{"not_picked":["hexamod:BacktrackSmack","hexamod:Hexaguard"],"picked":"hexamod:GhostShield+1","floor":19},{"not_picked":["hexamod:RetreatToShadows+1","hexamod:HeatCrush"],"picked":"hexamod:FlamesFromBeyond+1","floor":20},{"not_picked":["hexamod:GhostLash","hexamod:ShieldOfDarkness+1"],"picked":"hexamod:RainOfEmbers+1","floor":20},{"not_picked":["hexamod:BurningTouch","hexamod:DynamicBlow"],"picked":"hexamod:SoulSteal","floor":22},{"not_picked":["hexamod:SkipABeat","hexamod:GhostLash+1","hexamod:AdvancingGuard+1"],"picked":"SKIP","floor":22},{"not_picked":["hexamod:GhostLash","hexamod:SpectralSpark","hexamod:FirstSeal"],"picked":"SKIP","floor":23},{"not_picked":["hexamod:SwordOfDarkness+1","hexamod:Hexaguard","hexamod:Firestarter"],"picked":"SKIP","floor":23},{"not_picked":["hexamod:HeatMetal","hexamod:StepThrough+1"],"picked":"hexamod:SearingWound","floor":25},{"not_picked":["hexamod:PowerFromBeyond","hexamod:DynamicBlow"],"picked":"hexamod:PhantomCloak","floor":26},{"not_picked":["hexamod:NightmareStrike","hexamod:EmpoweredFlame+1","hexamod:ThermalTransfer"],"picked":"SKIP","floor":26},{"not_picked":["hexamod:RainOfEmbers","hexamod:SkipABeat","hexamod:Incineration+1"],"picked":"SKIP","floor":27},{"not_picked":["hexamod:BurningTouch","hexamod:RainOfEmbers","hexamod:GhostflameBarrier"],"picked":"SKIP","floor":27},{"not_picked":["hexamod:RainOfEmbers+1","hexamod:BurningTouch"],"picked":"hexamod:Hexaguard+1","floor":29},{"not_picked":["hexamod:CrushingStance","hexamod:GhostLash"],"picked":"hexamod:SecondSeal","floor":31},{"not_picked":["hexamod:GhostflameBarrier","hexamod:HeatMetal","hexamod:CatchUp"],"picked":"SKIP","floor":31},{"not_picked":["hexamod:GhostLash","hexamod:BurningTouch+1"],"picked":"hexamod:SpectersWail","floor":32},{"not_picked":["hexamod:Firestarter","hexamod:NightmareStrike","hexamod:GhostLash"],"picked":"SKIP","floor":32},{"not_picked":["hexamod:StepThrough","hexamod:GhostShield+1","hexamod:AdvancingGuard"],"picked":"SKIP","floor":32},{"not_picked":["hexamod:GhostflameInferno","hexamod:VolcanoVisage"],"picked":"hexamod:TimeOfNeed","floor":33},{"not_picked":["hexamod:VolcanoVisage","hexamod:CrushingStance"],"picked":"hexamod:UnleashSpirits","floor":33},{"not_picked":["hexamod:HauntingEcho","hexamod:ExtraCrispy"],"picked":"hexamod:FourthSeal","floor":36},{"not_picked":["hexamod:HauntingEcho+1","hexamod:GhostLash+1","hexamod:FastForward"],"picked":"SKIP","floor":36},{"not_picked":["hexamod:EmpoweredFlame+1","hexamod:Again+1"],"picked":"hexamod:GhostShield+1","floor":38},{"not_picked":["hexamod:GhostflameBarrier","hexamod:SpectralSpark","hexamod:ChargedBarrage+1"],"picked":"SKIP","floor":38},{"not_picked":["hexamod:BacktrackSmack","hexamod:HauntingEcho+1","hexamod:NightmareGuise+1"],"picked":"SKIP","floor":38},{"not_picked":["hexamod:HauntingEcho","hexamod:RainOfEmbers+1","hexamod:SpectersWail+1"],"picked":"SKIP","floor":39},{"not_picked":["hexamod:ChargedBarrage+1","hexamod:Hexaguard","hexamod:CrushingStance"],"picked":"SKIP","floor":39},{"not_picked":["hexamod:FlamesFromBeyond","hexamod:EmpoweredFlame+1","hexamod:ThermalTransfer"],"picked":"SKIP","floor":39},{"not_picked":["hexamod:NightmareGuise+1","hexamod:HeatCrush+1"],"picked":"hexamod:EtherealExpedition+1","floor":40},{"not_picked":["hexamod:SpectersWail","hexamod:Firestarter"],"picked":"hexamod:ExtraCrispy+1","floor":40},{"not_picked":["hexamod:ThermalTransfer","hexamod:ShieldOfDarkness"],"picked":"hexamod:GhostflameBarrier","floor":43},{"not_picked":["hexamod:BurningTouch+1","hexamod:HeatMetal+1"],"picked":"hexamod:UnlimitedPower","floor":43},{"not_picked":["hexamod:SecondSeal","hexamod:GhostShield"],"picked":"hexamod:HeatCrush","floor":44},{"not_picked":["hexamod:NightmareGuise","hexamod:SpectralAdrenaline+1","hexamod:RainOfEmbers"],"picked":"SKIP","floor":44},{"not_picked":["hexamod:GhostLash+1","hexamod:NightmareGuise","hexamod:CatchUp"],"picked":"SKIP","floor":46},{"not_picked":["hexamod:ThermalTransfer+1","hexamod:NightmareStrike","hexamod:CatchUp"],"picked":"SKIP","floor":46},{"not_picked":["hexamod:SkipABeat+1","hexamod:ThermalTransfer"],"picked":"hexamod:RetreatToShadows+1","floor":47},{"not_picked":["hexamod:NightmareStrike","hexamod:SecondSeal","hexamod:SuperheatedStrike+1"],"picked":"SKIP","floor":47},{"not_picked":["hexamod:FastForward+1","hexamod:CatchUp+1","hexamod:FlamesFromBeyond"],"picked":"SKIP","floor":47}],"player_experience":250722,"relics_obtained":[{"floor":6,"key":"hexamod:InflammatoryLetter"},{"floor":7,"key":"Turnip"},{"floor":9,"key":"Mango"},{"floor":25,"key":"Pantograph"},{"floor":29,"key":"Prayer Wheel"},{"floor":29,"key":"Bottled Lightning"},{"floor":37,"key":"War Paint"},{"floor":41,"key":"Potion Belt"},{"floor":44,"key":"Boot"},{"floor":46,"key":"Dream Catcher"}],"event_choices":[{"damage_healed":0,"gold_gain":0,"player_choice":"Got Potions","damage_taken":0,"max_hp_gain":0,"max_hp_loss":0,"event_name":"Lab","floor":5,"gold_loss":0},{"damage_healed":0,"gold_gain":0,"player_choice":"Read","damage_taken":0,"max_hp_gain":0,"max_hp_loss":0,"event_name":"The Library","floor":21,"gold_loss":0,"cards_obtained":["hexamod:NightmareStrike"]}],"is_beta":true,"boss_relics":[{"not_picked":["Busted Crown","Empty Cage"],"picked":"Philosopher\u0027s Stone"},{"not_picked":["Black Star","Runic Pyramid"],"picked":"Fusion Hammer"}],"items_purged_floors":[22],"is_endless":false,"potions_floor_spawned":[3,6,9,10,15,19,20,26,27,29,39,46,47],"ascension_level":1}}