{"host":"g01l53quoe6lrer0","time":1609967471,"event":{"mods":["2.2 Compatiblity","AchievementEnabler","BaseMod","Colored Map","Highlight Path","Keyboard Shortcuts","Minty Spire (QoL Compilation)","Permanent Neow","StSLib","SuperFastMode","everything is the same but u backflip on backflip"],"gold_per_floor":[116,116,136,152,164,164,192,206,232,232,242,242,257,275,275,275,275],"floor_reached":16,"playtime":611,"items_purged":[],"score":138,"play_id":"b48fd487-c744-450b-9da4-49d6125d2071","local_time":"20210107061111","is_ascension_mode":true,"campfire_choices":[{"data":"Neutralize","floor":6,"key":"SMITH"},{"data":"Terror","floor":10,"key":"SMITH"},{"floor":15,"key":"REST"}],"circlet_count":0,"master_deck":["Strike_G","Strike_G","Strike_G+1","Strike_G","Strike_G","Defend_G+1","Defend_G","Defend_G","Defend_G","Defend_G","Survivor","Neutralize+1","Terror+1","Underhanded Strike","Crippling Poison","PiercingWail","Dagger Spray","Choke","Expertise"],"relics":["Ring of the Snake","Matryoshka","Art of War","Strawberry"],"acts_visited":["Exordium"],"potions_floor_usage":[7,8,14,16],"damage_taken":[{"damage":0,"enemies":"2 Louse","floor":1,"turns":4},{"damage":0,"enemies":"Small Slimes","floor":3,"turns":2},{"damage":0,"enemies":"Cultist","floor":4,"turns":3},{"damage":2,"enemies":"Looter","floor":5,"turns":4},{"damage":27,"enemies":"Gremlin Nob","floor":7,"turns":4},{"damage":3,"enemies":"Exordium Wildlife","floor":8,"turns":6},{"damage":0,"enemies":"2 Fungi Beasts","floor":11,"turns":3},{"damage":0,"enemies":"Lots of Slimes","floor":13,"turns":1},{"damage":10,"enemies":"Blue Slaver","floor":14,"turns":4},{"damage":55,"enemies":"Slime Boss","floor":16,"turns":13}],"seed_played":"1721346923004289516","potions_obtained":[{"floor":4,"key":"DistilledChaos"},{"floor":5,"key":"Ancient Potion"},{"floor":7,"key":"Regen Potion"},{"floor":8,"key":"Poison Potion"},{"floor":14,"key":"Fruit Juice"}],"is_trial":false,"path_per_floor":["M","?","M","M","M","R","E","M","T","R","M","?","M","M","R","B"],"character_chosen":"THE_SILENT","items_purchased":[],"campfire_rested":1,"item_purchase_floors":[],"current_hp_per_floor":[63,49,49,49,47,47,20,32,39,39,39,32,32,27,51,0,0],"gold":275,"neow_bonus":"THREE_CARDS","is_daily":false,"chose_seed":false,"campfire_upgraded":2,"win_rate":0.0,"timestamp":1609967471,"path_taken":["M","?","M","M","M","R","E","M","T","R","M","?","M","?","R","BOSS"],"items_purchased_type":[],"build_version":"2020-12-22","purchased_purges":0,"victory":false,"max_hp_per_floor":[70,70,70,70,70,70,70,70,77,77,77,77,77,82,82,82,82],"card_choices":[{"not_picked":["Deflect","Sucker Punch"],"picked":"Terror","floor":0},{"not_picked":["Sucker Punch","Flying Knee"],"picked":"Underhanded Strike","floor":1},{"not_picked":["Backflip","Endless Agony"],"picked":"Crippling Poison","floor":3},{"not_picked":["Sucker Punch","Slice"],"picked":"PiercingWail","floor":4},{"not_picked":["Prepared","Tactician","Slice"],"picked":"SKIP","floor":5},{"not_picked":["Slice","Quick Slash"],"picked":"Dagger Spray","floor":7},{"not_picked":["Sucker Punch","All Out Attack","Underhanded Strike"],"picked":"SKIP","floor":8},{"not_picked":["Heel Hook","Wraith Form v2"],"picked":"Choke","floor":11},{"not_picked":["Crippling Poison","Terror","Underhanded Strike"],"picked":"SKIP","floor":13},{"not_picked":["Prepared","Distraction"],"picked":"Expertise","floor":14}],"player_experience":46396,"relics_obtained":[{"floor":7,"key":"Matryoshka"},{"floor":9,"key":"Art of War"},{"floor":9,"key":"Strawberry"}],"event_choices":[{"damage_healed":0,"gold_gain":0,"player_choice":"Entered Light","damage_taken":14,"max_hp_gain":0,"max_hp_loss":0,"event_name":"Shining Light","floor":2,"gold_loss":0,"cards_upgraded":["Strike_G","Defend_G"]},{"damage_healed":0,"gold_gain":0,"player_choice":"Damaged","damage_taken":7,"max_hp_gain":0,"max_hp_loss":0,"event_name":"Wheel of Change","floor":12,"gold_loss":0}],"is_beta":false,"boss_relics":[],"items_purged_floors":[],"is_endless":false,"potions_floor_spawned":[4,5,7,8,14],"killed_by":"Slime Boss","ascension_level":6}}