{"host":"ji1fk25fd1ga4ji1","time":1609937832,"event":{"mods":["2.2 Compatiblity","BaseMod","Colored Map","DeckTracker","Minty Spire (QoL Compilation)","Permanent Neow","Quick Restart","StSLib","SuperFastMode"],"gold_per_floor":[110,110,125,141,159,159,173,208,208,208,228,104,139,139,139,139,139],"floor_reached":16,"playtime":210,"items_purged":["Defend_R"],"score":118,"play_id":"1e54b8e3-f7c0-4cae-875e-41dcd0550cb9","local_time":"20210106215712","is_ascension_mode":true,"campfire_choices":[{"data":"Clash","floor":6,"key":"SMITH"},{"data":"Perfected Strike","floor":10,"key":"SMITH"},{"data":"Inflame","floor":15,"key":"SMITH"}],"circlet_count":0,"master_deck":["Strike_R","Strike_R","Strike_R","Strike_R","Strike_R","Bash","Clothesline","Clash+1","Perfected Strike+1","Inflame+1","Twin Strike"],"relics":["Burning Blood","Oddly Smooth Stone","Mercury Hourglass","InkBottle"],"acts_visited":["Exordium"],"potions_floor_usage":[16],"damage_taken":[{"damage":1,"enemies":"Jaw Worm","floor":1,"turns":3},{"damage":1,"enemies":"Cultist","floor":3,"turns":3},{"damage":12,"enemies":"Small Slimes","floor":4,"turns":3},{"damage":12,"enemies":"3 Louse","floor":5,"turns":4},{"damage":10,"enemies":"Gremlin Gang","floor":7,"turns":4},{"damage":10,"enemies":"Gremlin Nob","floor":8,"turns":3},{"damage":6,"enemies":"Blue Slaver","floor":11,"turns":2},{"damage":12,"enemies":"Lagavulin","floor":13,"turns":4},{"damage":24,"enemies":"The Guardian","floor":16,"turns":4}],"seed_played":"-9075618247040478363","potions_obtained":[{"floor":4,"key":"LiquidBronze"},{"floor":8,"key":"Fire Potion"},{"floor":13,"key":"SmokeBomb"}],"is_trial":false,"path_per_floor":["M","?","M","M","M","R","M","E","T","R","M","$","E","?","R","B"],"character_chosen":"IRONCLAD","items_purchased":["Twin Strike"],"campfire_rested":0,"item_purchase_floors":[12],"current_hp_per_floor":[61,61,66,60,54,54,50,46,46,46,46,46,40,33,33,9,9],"gold":139,"neow_bonus":"REMOVE_TWO","is_daily":false,"chose_seed":false,"campfire_upgraded":3,"win_rate":0.0,"timestamp":1609937832,"path_taken":["M","?","M","M","M","R","M","E","T","R","?","$","E","?","R","BOSS"],"items_purchased_type":["Card"],"build_version":"2020-12-22","purchased_purges":1,"victory":false,"max_hp_per_floor":[80,80,80,80,80,80,80,80,80,80,80,80,80,80,80,80,80],"card_choices":[{"not_picked":["Flex","Shockwave","Iron Wave"],"picked":"SKIP","floor":1},{"not_picked":["Intimidate","Iron Wave","Sentinel"],"picked":"SKIP","floor":3},{"not_picked":["Combust","Sword Boomerang"],"picked":"Clothesline","floor":4},{"not_picked":["Anger","True Grit"],"picked":"Clash","floor":5},{"not_picked":["Sword Boomerang","Twin Strike"],"picked":"Perfected Strike","floor":7},{"not_picked":["Havoc","Corruption","Shrug It Off"],"picked":"SKIP","floor":8},{"not_picked":["Whirlwind","Power Through"],"picked":"Inflame","floor":11},{"not_picked":["Heavy Blade","Shrug It Off","Hemokinesis"],"picked":"SKIP","floor":13}],"player_experience":802610,"relics_obtained":[{"floor":8,"key":"Oddly Smooth Stone"},{"floor":9,"key":"Mercury Hourglass"},{"floor":13,"key":"InkBottle"}],"event_choices":[{"damage_healed":0,"gold_gain":0,"player_choice":"Ignored","damage_taken":0,"max_hp_gain":0,"max_hp_loss":0,"event_name":"WeMeetAgain","floor":2,"gold_loss":0},{"cards_removed":["Defend_R"],"damage_healed":0,"gold_gain":0,"player_choice":"Card Removal","damage_taken":7,"max_hp_gain":0,"max_hp_loss":0,"event_name":"Golden Wing","floor":14,"gold_loss":0}],"is_beta":false,"boss_relics":[],"items_purged_floors":[12],"is_endless":false,"potions_floor_spawned":[4,8,13],"killed_by":"The Guardian","ascension_level":1}}