{"host":"w5vfr18i2ft1pzo2","time":1609972006,"event":{"mods":["Act Like it!","Aspiration","BaseMod","Better Third Choice","BetterRewards","Colored Map","Colored Powertips","Conspire","Curses Come First","DNKmod","Defuse TimeMaze Blight","Dota2Spire","Elementarium","Energized Spire","Evolution","Force Act Four","Friendly Minions","Gensokyo","GifTheSpireLib","Gold Saver","GungeonMod","Halation","Hallownest","Hubris","Hyrulean Relics","Infinite Spire","Jedi Mod","Marisa????????","Minty Spire (QoL Compilation)","MostiFishMod","Prisma Mod","Remilia??????","Replay The Spire","SacredBarkPlus","Small Relic Pack","Spicy Shops","Spikes Relics","StSLib","Stuff the Spire","SuperFastMode","Synergy Search","The Blue Laboratory","The Servant 0.9.4","TheWitcher","Trackpad","Treasure Hunter","Uncapped","Wandering Minibosses","Yakumo Yukari mod","noobMod","vexMod","??????REMEMod"],"gold_per_floor":[985,985,1002,673,691,726,747,783,824,850,875,897,912,944,944,1048,1048,1064,1074,1097,690,704,737,737,787,787,787,1603,1658,1658,1633,1633,1744,1744,2014,2014,2029,2029,2328,2485,2789,2802,2825,2858,2906,2906,2906,2919,2919,3074,3074,3074,2834,2992,3154],"floor_reached":56,"playtime":2528,"items_purged":["Defend_P","MasterReality+1"],"score":2560,"play_id":"d617ef36-19fb-4695-9f0f-25640671fa3a","local_time":"20210107062646","is_ascension_mode":true,"campfire_choices":[{"floor":15,"key":"RECALL"},{"data":"MostiFishMod:PathToVictory","floor":24,"key":"SMITH"},{"data":"Eruption","floor":27,"key":"SMITH"},{"data":"EmptyMind","floor":32,"key":"SMITH"},{"data":"ReplayTheSpireMod:Echoes of Time","floor":49,"key":"SMITH"},{"floor":52,"key":"REST"}],"circlet_count":0,"master_deck":["AscendersBane","Strike_P+1","Strike_P+1","Strike_P+1","Defend_P+1","Eruption+1","Vigilance+1","EmptyMind+1","Devotion+1","StuffTheSpire:FreeRealEstate+1","TH:DeckOfManyThings+1","REME_CRH+1","TH:CursedSword+1","FlurryOfBlows+1","MostiFishMod:PathToVictory+1","MostiFishMod:PathToVictory+1","FollowUp+1","MentalFortress+1","CutThroughFate+1","TH:DeckOfManyThings+1","TH:DeckOfManyThings+1","MostiFishMod:Nomercy+1","CutThroughFate+1","CutThroughFate+1","Gensokyo:TurboGranny+1","JustLucky+1","TH:DeckOfManyThings+1","LikeWater+1","TH:DeckOfManyThings+1","MostiFishMod:StarLaLaLa+1","MostiFishMod:CyberBuddha+1","TH:CursedSword+1","Omniscience+1","CutThroughFate+1","LikeWater+1","ShadowRift+1","StuffTheSpire:MirrorStance+1","Blur+1","CutThroughFate+1","ReachHeaven+1","MostiFishMod:Nomercy+1","TH:BikiniMail+1","ReplayTheSpireMod:Echoes of Time+1","TH:ElvenBoots+1","Vault+1","TH:DeckOfManyThings+1","Scrawl+1","TH:CursedSword+1","ReachHeaven+1"],"relics":["PureWater","EVO:Axolotl","DaveBox","ice","REME_ComplimentaryCards","NeowsBlessing","SynthV:TestCard","DSteel32","Hallownest:DreamNailRelic","SnailShell","Replay:Wax Seal","Matryoshka","Snack Pack","ReplayTheSpireMod:TigerMarble","PatriotShield","DemoMod:GlassGuonStoneRelic","BrkXgEgg","Dota2Spire:HandOfMidas","vexMod:BarristanHead","LugNut","wanderingMiniBosses:MasterThiefsPresence","Torii","halation:PinkSoulGem","StuffTheSpire:Barrel","Black Star","hubris:Towel","ReplayTheSpireMod:Ninjato","Dota2Spire:PhaseBoots","Bag of Marbles","hubris:Potato","DemoMod:NanoMachines","DemoMod:Armor","Oddly Smooth Stone","hubris:DisguiseKit","DemoMod:JetPack","Thread and Needle"],"acts_visited":["Hallownest:Greenpath","Gensokyo:Gensokyoer","Hallownest:KingdomsEdge","TheEnding"],"potions_floor_usage":[10,16,35,41,44],"damage_taken":[{"damage":0,"enemies":"Hallownest:monsterHuskWarrior","floor":1,"turns":1},{"damage":0,"enemies":"Hallownest:monsterHuskGuard","floor":3,"turns":1},{"damage":0,"enemies":"2_ Uuma","floor":5,"turns":1},{"damage":0,"enemies":"Hallownest:eliteVengeflyKing","floor":6,"turns":4},{"damage":0,"enemies":"Hallownest:1_Baldur_1_Crawlid_1_Warrior","floor":7,"turns":5},{"damage":0,"enemies":"Hallownest:eliteMossKnight","floor":8,"turns":2},{"damage":0,"enemies":"Hallownest:monsterFoolEater","floor":9,"turns":3},{"damage":0,"enemies":"Hallownest:monsterFoolEater","floor":10,"turns":1},{"damage":0,"enemies":"Hallownest:2_Tiktiks_1_Baldur_1_Crawlid","floor":11,"turns":2},{"damage":0,"enemies":"Hallownest:monsterAspidMother","floor":12,"turns":1},{"damage":0,"enemies":"Hallownest:Wandering_and_Horned","floor":13,"turns":2},{"damage":0,"enemies":"Hallownest:eliteVengeflyKing","floor":14,"turns":2},{"damage":22,"enemies":"Hallownest:BossHornet","floor":16,"turns":4},{"damage":2,"enemies":"Gensokyo:AngelMirror","floor":18,"turns":1},{"damage":0,"enemies":"Gensokyo:CosmicMonolith","floor":19,"turns":2},{"damage":0,"enemies":"Gensokyo:Wraith","floor":20,"turns":3},{"damage":0,"enemies":"Gensokyo:Swordslinger","floor":22,"turns":1},{"damage":0,"enemies":"Gensokyo:Reisen","floor":23,"turns":2},{"damage":0,"enemies":"Gensokyo:Slime_Group","floor":25,"turns":2},{"damage":0,"enemies":"Gensokyo:Mirror_and_Dog","floor":28,"turns":3},{"damage":0,"enemies":"Gensokyo:Koishi","floor":29,"turns":2},{"damage":0,"enemies":"Gensokyo:Eiki","floor":33,"turns":1},{"damage":0,"enemies":"Hallownest:3_Siblings","floor":35,"turns":2},{"damage":0,"enemies":"Hallownest:2_Littles","floor":37,"turns":3},{"damage":0,"enemies":"Hallownest:Xero_Hu_Marmu","floor":39,"turns":2},{"damage":0,"enemies":"Hallownest:eliteHiveKnight","floor":40,"turns":1},{"damage":0,"enemies":"Hallownest:2_Soldiers_and_1_Guardian","floor":41,"turns":3},{"damage":0,"enemies":"Hallownest:monsterPrimalAspid","floor":42,"turns":1},{"damage":0,"enemies":"Nightmare","floor":44,"turns":1},{"damage":0,"enemies":"Hallownest:2_Wandering_and_1_Horned","floor":48,"turns":1},{"damage":0,"enemies":"Hallownest:Radiance","floor":50,"turns":2},{"damage":0,"enemies":"Shield and Spear","floor":54,"turns":2},{"damage":0,"enemies":"The Heart","floor":55,"turns":7}],"seed_played":"8648408602774732604","potions_obtained":[{"floor":5,"key":"blueLaboratory:PyrophylliteBrew"},{"floor":10,"key":"FairyPotion"},{"floor":12,"key":"blueLaboratory:RememoryPotion"},{"floor":13,"key":"StancePotion"},{"floor":20,"key":"Adrenaline Potion"},{"floor":22,"key":"GamblersBrew"},{"floor":28,"key":"StancePotion"},{"floor":39,"key":"blueLaboratory:FruitPunch"},{"floor":41,"key":"blueLaboratory:Moonshine"},{"floor":44,"key":"blueLaboratory:HorrorPotion"}],"is_trial":false,"path_per_floor":["M","?","M","$","M","E","M","E","T","M","M","M","M","E","R","B",null,"M","M","M","COS","M","E","R","M","T","R","M","E","?","?","R","B",null,"M","?","M","?","M","E","M","M","T","NM","T","AVR","$","M","R","B",null,"R","$","E","B",null],"character_chosen":"WATCHER","items_purchased":["StuffTheSpire:FreeRealEstate","SnailShell","hubris:DisguiseKit"],"campfire_rested":1,"item_purchase_floors":[4,4,53],"current_hp_per_floor":[65,65,65,65,65,65,65,65,65,69,72,72,72,72,72,54,68,68,72,72,72,72,72,72,72,72,72,72,72,72,72,72,72,72,72,72,72,72,72,72,72,72,72,74,74,74,74,74,74,74,74,74,74,74,74],"gold":3154,"neow_bonus":"THREE_ENEMY_KILL","is_daily":false,"chose_seed":false,"campfire_upgraded":4,"win_rate":0.0,"timestamp":1609972006,"path_taken":["M","?","?","$","M","E","M","E","T","M","M","?","M","E","R","BOSS","M","?","M","COS","M","E","R","M","T","R","?","E","?","?","R","BOSS","M","?","M","?","M","E","M","M","T","NM","?","AVR","?","?","R","BOSS","R","$","E","BOSS"],"items_purchased_type":["Card","Relic","Relic"],"build_version":"2020-12-22","purchased_purges":2,"victory":true,"max_hp_per_floor":[72,72,72,72,72,72,72,72,72,72,72,72,72,72,72,72,72,72,72,72,72,72,72,72,72,72,72,72,72,72,72,72,72,72,72,72,72,72,72,72,72,72,72,74,74,74,74,74,74,74,74,74,74,74,74],"card_choices":[{"not_picked":["ClearTheMind","ThirdEye"],"picked":"EmptyMind","floor":1},{"not_picked":["Consecrate","Evaluate","REME_Repentance","Worship"],"picked":"Devotion","floor":3},{"not_picked":["Replay:AtTheReady","JustLucky","FearNoEvil","Replay:ManipulateFuture","Replay:Vibes"],"picked":"SKIP","floor":5},{"not_picked":["TH:CopperCoins","TH:TreasureMap","TH:ArmorSpikes"],"picked":"TH:DeckOfManyThings","floor":6},{"not_picked":["Replay:Anticipation","Protect","ClearTheMind","SashWhip","Replay:Battleflow"],"picked":"SKIP","floor":6},{"not_picked":["DeceiveReality","ClearTheMind","Replay:BluntJabs","Prostrate"],"picked":"REME_CRH","floor":7},{"not_picked":["TH:CopperCoins","TH:Mimic","TH:EnergyPotion"],"picked":"TH:CursedSword","floor":8},{"not_picked":["Replay:BluntJabs","REME_Repentance","BattleHymn","Alpha"],"picked":"FlurryOfBlows","floor":8},{"not_picked":["TalkToTheHand","Replay:Vibes","Swivel","Wallop"],"picked":"MostiFishMod:PathToVictory","floor":9},{"not_picked":["ThirdEye","Replay:ManipulateFuture","FearNoEvil","Worship"],"picked":"MostiFishMod:PathToVictory","floor":10},{"not_picked":["Replay:Battleflow","BowlingBash","Replay:AtTheReady","Halt"],"picked":"FollowUp","floor":11},{"not_picked":["REME_EmptyShield","EmptyBody","FollowUp","Prostrate"],"picked":"MentalFortress","floor":12},{"not_picked":["EmptyFist","BattleHymn","Replay:ManipulateFuture","LikeWater"],"picked":"CutThroughFate","floor":13},{"not_picked":["TH:BikiniMail","TH:EnergyPotion","TH:Mimic"],"picked":"TH:DeckOfManyThings","floor":14},{"not_picked":["Crescendo","JustLucky","EmptyBody","SandsOfTime","Conclude"],"picked":"SKIP","floor":14},{"not_picked":["TH:CopperCoins","TH:ArmorSpikes","TH:ElvenBoots"],"picked":"TH:DeckOfManyThings","floor":16},{"not_picked":["MostiFishMod:Moonprays","ConjureBlade","Alpha","Scrawl"],"picked":"MasterReality","floor":16},{"not_picked":["Replay:BluntJabs+1","SashWhip","DeceiveReality","WreathOfFlame+1"],"picked":"MostiFishMod:Nomercy","floor":18},{"not_picked":["FlurryOfBlows","Consecrate","BowlingBash","Halt+1"],"picked":"CutThroughFate","floor":19},{"not_picked":["JustLucky","Replay:AtTheReady+1","Replay:ManipulateFuture","FearNoEvil"],"picked":"CutThroughFate+1","floor":20},{"not_picked":["Protect","REME_Repentance","Collect","REME_WorshipGod+1"],"picked":"JustLucky+1","floor":22},{"not_picked":["TH:CopperCoins","TH:BikiniMail","TH:Mimic"],"picked":"TH:DeckOfManyThings","floor":23},{"not_picked":["FlurryOfBlows","FlyingSleeves","ClearTheMind","Vengeance"],"picked":"LikeWater+1","floor":23},{"not_picked":["Evaluate","Perseverance","FearNoEvil","Prostrate","Indignation"],"picked":"SKIP","floor":25},{"not_picked":["TH:CursedSword","TH:CopperCoins","TH:BikiniMail"],"picked":"TH:DeckOfManyThings","floor":26},{"not_picked":["ThirdEye","REME_Repentance","ForeignInfluence+1","ClearTheMind"],"picked":"MostiFishMod:StarLaLaLa+1","floor":28},{"not_picked":["Consecrate","Evaluate","MentalFortress","TalkToTheHand"],"picked":"MostiFishMod:CyberBuddha+1","floor":29},{"not_picked":["TH:ElvenBoots","TH:ArmorSpikes","TH:EnergyPotion","TH:PixieDust"],"picked":"SKIP","floor":29},{"not_picked":["TH:ElvenBoots","TH:BikiniMail","TH:ArmorSpikes"],"picked":"TH:CursedSword","floor":33},{"not_picked":["MostiFishMod:DustFall+1","REME_EmptyShield+1","REME_CRH+1","ConjureBlade+1"],"picked":"Omniscience+1","floor":33},{"not_picked":["EmptyBody+1","PathToVictory","SashWhip+1","Evaluate"],"picked":"CutThroughFate","floor":35},{"not_picked":["FearNoEvil+1","SashWhip","ClearTheMind+1","InnerPeace"],"picked":"LikeWater","floor":37},{"not_picked":["ThirdEye","SignatureMove+1","Vengeance","Replay:BluntJabs+1","REME_Repentance"],"picked":"SKIP","floor":39},{"not_picked":["Protect","WreathOfFlame","FearNoEvil","PathToVictory+1"],"picked":"CutThroughFate+1","floor":40},{"not_picked":["TH:ElvenBoots","TH:Mimic","TH:PixieDust","TH:EnergyPotion"],"picked":"SKIP","floor":40},{"not_picked":["Evaluate+1","MentalFortress","EmptyFist","ThirdEye+1"],"picked":"ReachHeaven+1","floor":41},{"not_picked":["ClearTheMind","ConjureBlade+1","Protect","BowlingBash+1"],"picked":"MostiFishMod:Nomercy+1","floor":42},{"not_picked":["TH:EnergyPotion","TH:ArmorSpikes","TH:PixieDust"],"picked":"TH:BikiniMail","floor":43},{"not_picked":["infinitespire:FinalStrike","infinitespire:Fortify"],"picked":"ReplayTheSpireMod:Echoes of Time","floor":44},{"not_picked":["TH:CopperCoins","TH:ArmorSpikes","TH:Mimic"],"picked":"TH:ElvenBoots","floor":44},{"not_picked":["Evaluate","EmptyFist+1","FollowUp+1","Crescendo+1"],"picked":"Vault+1","floor":44},{"not_picked":["TH:PixieDust","TH:ArmorSpikes","TH:CursedSword"],"picked":"TH:DeckOfManyThings","floor":45},{"not_picked":["Halt+1","Replay:BluntJabs","JustLucky","Conclude+1"],"picked":"Scrawl+1","floor":48},{"not_picked":["TH:ArmorSpikes","TH:ElvenBoots","TH:CopperCoins"],"picked":"TH:CursedSword","floor":54},{"not_picked":["Replay:ManipulateFuture+1","Crescendo","FlyingSleeves+1","ThirdEye","PrismaMod:ChloeCheapDefendTwo"],"picked":"ReachHeaven+1","floor":54}],"player_experience":239772,"relics_obtained":[{"floor":1,"key":"SynthV:TestCard"},{"floor":6,"key":"Replay:Wax Seal"},{"floor":8,"key":"Matryoshka"},{"floor":9,"key":"Snack Pack"},{"floor":14,"key":"ReplayTheSpireMod:TigerMarble"},{"floor":23,"key":"Dota2Spire:HandOfMidas"},{"floor":26,"key":"vexMod:BarristanHead"},{"floor":26,"key":"LugNut"},{"floor":28,"key":"wanderingMiniBosses:MasterThiefsPresence"},{"floor":29,"key":"Torii"},{"floor":40,"key":"ReplayTheSpireMod:Ninjato"},{"floor":40,"key":"Dota2Spire:PhaseBoots"},{"floor":43,"key":"Bag of Marbles"},{"floor":44,"key":"hubris:Potato"},{"floor":44,"key":"DemoMod:NanoMachines"},{"floor":45,"key":"Oddly Smooth Stone"},{"floor":54,"key":"DemoMod:JetPack"},{"floor":54,"key":"Thread and Needle"}],"event_choices":[],"is_beta":false,"boss_relics":[{"not_picked":["HolyWater","hubris:Backtick"],"picked":"PatriotShield"},{"not_picked":["relicPack:ShieldShield","conspire:RoyalGoblet"],"picked":"Black Star"}],"items_purged_floors":[4,46],"is_endless":false,"potions_floor_spawned":[5,6,10,11,12,13,20,22,23,28,33,39,41,44,54],"ascension_level":11}}