{"host":"uyrebrj0204enqpc","time":1609972887,"event":{"mods":["Act Like it!","Bard","BaseMod","Block Reminder","Challenge The Spire","Colored Map","Colored Powertips","DeckTracker","Downfall","GifTheSpireLib","HexUI Lib","Highlight Path","Hubris","Infinite Spire","Minty Spire (QoL Compilation)","Pale of the Ancients","Quick Restart","Random Character Button","Relic Sorter","Relic Stats","Replay The Spire","Shop Mod","StSLib","The Blue Laboratory","The Bug Knight","The Cursed","The Jungle","The Marked","Wandering Minibosses"],"gold_per_floor":[110,128,203,203,221,251,251,277,277,277,277,265,284,295,295,295,295,295],"floor_reached":16,"playtime":556,"items_purged":[],"score":129,"play_id":"023ce8cc-60a7-48fe-86d5-0d202162447f","local_time":"20210106174127","is_ascension_mode":true,"campfire_choices":[{"data":"Guardian:ArmoredProtocol","floor":7,"key":"SMITH"},{"floor":10,"key":"REST"},{"data":"Guardian:Harden","floor":15,"key":"SMITH"}],"circlet_count":0,"master_deck":["Guardian:Strike_Guardian","Guardian:Strike_Guardian","Guardian:Strike_Guardian","Guardian:Strike_Guardian","Guardian:Defend_Guardian","Guardian:Defend_Guardian","Guardian:Defend_Guardian","Guardian:Defend_Guardian","Guardian:CurlUp","Guardian:TwinSlam","Guardian:Emergency","Guardian:RollAttack+1","Guardian:Harden+1","Guardian:ArmoredProtocol+1","Guardian:BronzeArmor","Guardian:ShieldSpikes"],"relics":["Guardian:ModeShifter","StoneCalendar","Ice Cream","Smiling Mask","Counterbalance"],"acts_visited":["Exordium"],"potions_floor_usage":[6,16,16],"damage_taken":[{"damage":19,"enemies":"Cultist","floor":1,"turns":6},{"damage":2,"enemies":"Jaw Worm","floor":2,"turns":4},{"damage":4,"enemies":"Small Slimes","floor":5,"turns":2},{"damage":15,"enemies":"Gremlin Nob","floor":6,"turns":5},{"damage":18,"enemies":"Replay:BlueRogue","floor":8,"turns":7},{"damage":9,"enemies":"Exordium Thugs","floor":12,"turns":4},{"damage":0,"enemies":"Looter","floor":13,"turns":3},{"damage":5,"enemies":"3 Louse","floor":14,"turns":4},{"damage":25,"enemies":"Slime Boss","floor":16,"turns":8}],"seed_played":"3492551609984019290","potions_obtained":[{"floor":1,"key":"Weak Potion"},{"floor":13,"key":"champ:CounterPotion"},{"floor":14,"key":"blueLaboratory:TrueEctoplasm"}],"is_trial":false,"path_per_floor":["M","M","?","?","M","E","R","E","T","R","?","M","M","M","R","B"],"character_chosen":"GUARDIAN","items_purchased":[],"campfire_rested":1,"item_purchase_floors":[],"current_hp_per_floor":[61,59,48,48,44,29,29,11,11,35,35,26,26,21,21,0,0,0],"gold":295,"neow_bonus":"ONE_RARE_RELIC","is_daily":false,"chose_seed":false,"campfire_upgraded":2,"win_rate":0.0,"timestamp":1609972887,"path_taken":["M","?","?","?","M","E","R","E","T","R","?","M","M","?","R","BOSS"],"items_purchased_type":[],"build_version":"2020-12-22","purchased_purges":0,"victory":false,"max_hp_per_floor":[80,80,80,80,80,80,80,80,80,80,80,80,80,80,80,80,80,80],"relic_stats":{"counters":[9,43],"StoneCalendar":[133],"Smiling Mask":0,"obtain_stats":[{"Ice Cream":6,"Counterbalance":9,"Guardian:ModeShifter":0,"StoneCalendar":0,"Smiling Mask":8},{"Ice Cream":4,"Counterbalance":5,"Guardian:ModeShifter":0,"StoneCalendar":0,"Smiling Mask":5},{"Ice Cream":17,"Counterbalance":24,"Guardian:ModeShifter":0,"StoneCalendar":0,"Smiling Mask":24}]},"card_choices":[{"not_picked":["Guardian:Gem_Red","Guardian:Gem_Green"],"picked":"Guardian:Emergency","floor":1},{"not_picked":["Guardian:DecasProtection","Guardian:PrimingBeam"],"picked":"Guardian:RollAttack","floor":2},{"not_picked":["Guardian:ChargeUp","Guardian:TemporalShield"],"picked":"Guardian:Harden","floor":5},{"not_picked":["Guardian:VentSteam","Guardian:Planning"],"picked":"Guardian:ArmoredProtocol","floor":6},{"not_picked":["Guardian:Planning","Guardian:VentSteam","Guardian:CrystalBeam"],"picked":"SKIP","floor":8},{"not_picked":["Guardian:Planning","Guardian:VentSteam","Guardian:TimeSifter"],"picked":"SKIP","floor":12},{"not_picked":["Guardian:ArmoredProtocol","Guardian:CrystalBeam"],"picked":"Guardian:BronzeArmor","floor":13},{"not_picked":["Guardian:Gem_Purple","Guardian:PrimingBeam"],"picked":"Guardian:ShieldSpikes","floor":14}],"player_experience":1042852,"relics_obtained":[{"floor":6,"key":"Ice Cream"},{"floor":8,"key":"Smiling Mask"},{"floor":9,"key":"Counterbalance"}],"event_choices":[{"damage_healed":0,"gold_gain":75,"player_choice":"Gather Gold","damage_taken":11,"max_hp_gain":0,"max_hp_loss":0,"event_name":"World of Goop","floor":3,"gold_loss":0}],"is_beta":false,"boss_relics":[],"items_purged_floors":[],"is_endless":false,"potions_floor_spawned":[1,13,14],"killed_by":"Slime Boss","ascension_level":3}}