{"host":"da4a6z8aof69aasy","time":1609954202,"event":{"mods":["AchievementEnabler","BaseMod","Block Reminder","Colored Powertips","DeckTracker","Highlight Path","Minty Spire (QoL Compilation)","Permanent Neow","Relic Stats","StSLib"],"gold_per_floor":[115,132,132,143,143,168,93,93,120,131,146,175,175,185,185,256,256,275,286,286,305,305,305,305,305,376,403,418,58,84,94,94,173,173,193,218,234,289,289,317,317,349,374,374,374,63,63,89,89,89,89,89,89,119,119],"floor_reached":56,"playtime":6915,"items_purged":["Strike_R","Armaments"],"score":2229,"play_id":"a57aef4d-fec6-4688-84dd-276b9e70c3ee","local_time":"20210106193002","is_ascension_mode":true,"campfire_choices":[{"data":"Bludgeon","floor":8,"key":"SMITH"},{"data":"Bash","floor":13,"key":"SMITH"},{"data":"Clothesline","floor":15,"key":"SMITH"},{"data":"Pommel Strike","floor":23,"key":"SMITH"},{"data":"Perfected Strike","floor":25,"key":"SMITH"},{"data":"Disarm","floor":32,"key":"SMITH"},{"data":"1","floor":41,"key":"LIFT"},{"data":"2","floor":45,"key":"LIFT"},{"data":"3","floor":47,"key":"LIFT"},{"floor":49,"key":"RECALL"},{"data":"Limit Break","floor":52,"key":"SMITH"}],"circlet_count":0,"master_deck":["AscendersBane","Strike_R+1","Strike_R+1","Strike_R+1","Strike_R+1","Defend_R+1","Defend_R+1","Defend_R+1","Defend_R+1","Bash+1","Perfected Strike+1","Pommel Strike+1","Bludgeon+1","Clothesline+1","Reaper","Blood for Blood+1","Bludgeon+1","Ghostly Armor","Disarm+1","Limit Break+1","Heavy Blade+1"],"relics":["Coffee Dripper","Regal Pillow","InkBottle","Red Skull","The Courier","Snecko Eye","Kunai","Molten Egg 2","Bag of Preparation","Lantern","ClockworkSouvenir","PreservedInsect","Prayer Wheel","Busted Crown","Girya","Dead Branch","Sundial","Blue Candle","FossilizedHelix","Meat on the Bone","Toy Ornithopter"],"acts_visited":["Exordium","TheCity","TheBeyond","TheEnding"],"potions_floor_usage":[6,12,27,27,55],"damage_taken":[{"damage":0,"enemies":"Cultist","floor":1,"turns":2},{"damage":7,"enemies":"Jaw Worm","floor":2,"turns":2},{"damage":0,"enemies":"Small Slimes","floor":4,"turns":2},{"damage":27,"enemies":"3 Sentries","floor":6,"turns":8},{"damage":0,"enemies":"3 Louse","floor":10,"turns":2},{"damage":0,"enemies":"2 Fungi Beasts","floor":11,"turns":2},{"damage":0,"enemies":"Gremlin Nob","floor":12,"turns":2},{"damage":1,"enemies":"Looter","floor":14,"turns":2},{"damage":0,"enemies":"Hexaghost","floor":16,"turns":8},{"damage":7,"enemies":"3 Byrds","floor":18,"turns":6},{"damage":0,"enemies":"Shell Parasite","floor":19,"turns":2},{"damage":6,"enemies":"Chosen and Byrds","floor":21,"turns":4},{"damage":15,"enemies":"Book of Stabbing","floor":27,"turns":5},{"damage":16,"enemies":"Snake Plant","floor":28,"turns":2},{"damage":0,"enemies":"Slavers","floor":30,"turns":2},{"damage":0,"enemies":"3 Cultists","floor":31,"turns":2},{"damage":19,"enemies":"Automaton","floor":33,"turns":6},{"damage":0,"enemies":"Orb Walker","floor":35,"turns":1},{"damage":3,"enemies":"Mind Bloom Boss Battle","floor":36,"turns":6},{"damage":0,"enemies":"3 Shapes","floor":37,"turns":6},{"damage":3,"enemies":"2 Orb Walkers","floor":38,"turns":4},{"damage":5,"enemies":"Reptomancer","floor":40,"turns":3},{"damage":1,"enemies":"Nemesis","floor":42,"turns":5},{"damage":0,"enemies":"Giant Head","floor":48,"turns":6},{"damage":37,"enemies":"Donu and Deca","floor":50,"turns":7},{"damage":0,"enemies":"Shield and Spear","floor":54,"turns":3},{"damage":64,"enemies":"The Heart","floor":55,"turns":7}],"seed_played":"4485828466574375057","potions_obtained":[{"floor":2,"key":"SteroidPotion"},{"floor":11,"key":"SkillPotion"},{"floor":14,"key":"Explosive Potion"},{"floor":18,"key":"SpeedPotion"},{"floor":27,"key":"CultistPotion"},{"floor":33,"key":"LiquidMemories"},{"floor":37,"key":"Regen Potion"},{"floor":42,"key":"Swift Potion"},{"floor":54,"key":"GamblersBrew"}],"is_trial":false,"path_per_floor":["M","M","?","M","?","E","$","R","T","M","M","E","R","M","R","B",null,"M","M","T","M","?","R","?","R","T","E","M","$","E","M","R","B",null,"M","?","M","?","?","E","R","E","T","?","R","$","R","E","R","B",null,"R","$","E","B",null],"character_chosen":"IRONCLAD","items_purchased":["Lantern","ClockworkSouvenir","PreservedInsect","FossilizedHelix"],"campfire_rested":0,"item_purchase_floors":[29,29,29,46],"current_hp_per_floor":[68,61,38,38,38,11,11,11,11,11,11,11,11,10,10,10,59,61,65,65,69,69,69,69,69,69,60,44,44,56,70,70,59,71,75,75,75,75,70,65,65,69,69,69,69,69,69,75,75,63,72,72,72,75,23],"gold":119,"neow_bonus":"BOSS_RELIC","is_daily":false,"chose_seed":false,"campfire_upgraded":7,"win_rate":0.0,"timestamp":1609954202,"path_taken":["M","M","?","M","?","E","$","R","T","?","M","E","R","M","R","BOSS","M","M","?","M","?","R","?","R","T","E","M","$","E","M","R","BOSS","M","?","M","?","?","E","R","E","T","?","R","?","R","E","R","BOSS","R","$","E","BOSS"],"items_purchased_type":["Relic","Relic","Relic","Relic"],"build_version":"2020-12-22","purchased_purges":2,"victory":true,"max_hp_per_floor":[75,75,75,75,75,75,75,75,75,75,75,75,75,75,75,75,75,75,75,75,75,75,75,75,75,75,75,75,75,75,75,75,75,75,75,75,75,75,75,75,75,75,75,75,75,75,75,75,75,75,75,75,75,75,75],"relic_stats":{"Regal Pillow":0,"counters":[27,107],"Dead Branch":[56],"Blue Candle":[1],"PreservedInsect":370,"Bag of Preparation":[28],"Busted Crown":24,"Sundial":[6],"Snecko Eye":[154,150,154,149],"Prayer Wheel":3,"Kunai":[41],"obtain_stats":[{"Girya":36,"Regal Pillow":5,"Lantern":29,"Dead Branch":38,"Blue Candle":42,"The Courier":12,"PreservedInsect":29,"Bag of Preparation":27,"Burning Blood":0,"ClockworkSouvenir":29,"Busted Crown":34,"Sundial":40,"Snecko Eye":17,"Molten Egg 2":26,"Prayer Wheel":30,"Coffee Dripper":0,"Kunai":20,"InkBottle":6,"Red Skull":9,"FossilizedHelix":46,"Toy Ornithopter":54,"Meat on the Bone":48},{"Girya":19,"Regal Pillow":3,"Lantern":14,"Dead Branch":21,"Blue Candle":23,"The Courier":7,"PreservedInsect":14,"Bag of Preparation":13,"Burning Blood":0,"ClockworkSouvenir":14,"Busted Crown":17,"Sundial":22,"Snecko Eye":9,"Molten Egg 2":12,"Prayer Wheel":15,"Coffee Dripper":0,"Kunai":11,"InkBottle":4,"Red Skull":4,"FossilizedHelix":23,"Toy Ornithopter":26,"Meat on the Bone":24},{"Girya":66,"Regal Pillow":6,"Lantern":49,"Dead Branch":76,"Blue Candle":84,"The Courier":20,"PreservedInsect":49,"Bag of Preparation":47,"Burning Blood":0,"ClockworkSouvenir":49,"Busted Crown":59,"Sundial":79,"Snecko Eye":30,"Molten Egg 2":42,"Prayer Wheel":51,"Coffee Dripper":0,"Kunai":38,"InkBottle":14,"Red Skull":14,"FossilizedHelix":84,"Toy Ornithopter":100,"Meat on the Bone":90}],"InkBottle":[39],"Toy Ornithopter":0,"Meat on the Bone":12},"card_choices":[{"not_picked":["Rage","Seeing Red"],"picked":"Perfected Strike","floor":1},{"not_picked":["Armaments","Headbutt"],"picked":"Pommel Strike","floor":2},{"not_picked":["Rage","Thunderclap"],"picked":"Perfected Strike","floor":4},{"not_picked":["Sever Soul","Anger"],"picked":"Bludgeon","floor":6},{"not_picked":["Body Slam","Sever Soul"],"picked":"Armaments","floor":10},{"not_picked":["Havoc","Thunderclap"],"picked":"Clothesline","floor":11},{"not_picked":["Armaments","Barricade","Blood for Blood"],"picked":"SKIP","floor":12},{"not_picked":["Dual Wield","Flex","Body Slam"],"picked":"SKIP","floor":14},{"not_picked":["Feed","Corruption"],"picked":"Reaper","floor":16},{"not_picked":["Sword Boomerang","Bloodletting","Wild Strike"],"picked":"SKIP","floor":18},{"not_picked":["Armaments","Sword Boomerang","Hemokinesis+1"],"picked":"SKIP","floor":19},{"not_picked":["Body Slam","Dropkick"],"picked":"Blood for Blood+1","floor":21},{"not_picked":["Sever Soul+1","Heavy Blade+1"],"picked":"Bludgeon+1","floor":27},{"not_picked":["Seeing Red","Evolve","Blood for Blood+1"],"picked":"SKIP","floor":28},{"not_picked":["Flex","Anger+1"],"picked":"Ghostly Armor","floor":30},{"not_picked":["Power Through","Anger+1"],"picked":"Disarm","floor":31},{"not_picked":["Armaments+1","Flex","Immolate+1"],"picked":"SKIP","floor":31},{"not_picked":["Immolate+1","Brutality"],"picked":"Limit Break","floor":33},{"not_picked":["Cleave+1"],"picked":"SKIP","floor":35},{"not_picked":["Iron Wave+1"],"picked":"SKIP","floor":35},{"not_picked":["Sentinel"],"picked":"SKIP","floor":37},{"not_picked":["Entrench"],"picked":"SKIP","floor":37},{"not_picked":["Flex+1"],"picked":"SKIP","floor":40},{"not_picked":["Combust"],"picked":"SKIP","floor":42},{"not_picked":["True Grit"],"picked":"SKIP","floor":48},{"not_picked":[],"picked":"Heavy Blade+1","floor":54}],"player_experience":2015659,"relics_obtained":[{"floor":6,"key":"InkBottle"},{"floor":9,"key":"Red Skull"},{"floor":12,"key":"The Courier"},{"floor":20,"key":"Kunai"},{"floor":26,"key":"Molten Egg 2"},{"floor":27,"key":"Bag of Preparation"},{"floor":30,"key":"Prayer Wheel"},{"floor":36,"key":"Girya"},{"floor":38,"key":"Dead Branch"},{"floor":40,"key":"Sundial"},{"floor":42,"key":"Blue Candle"},{"floor":48,"key":"Meat on the Bone"},{"floor":54,"key":"Toy Ornithopter"}],"event_choices":[{"damage_healed":0,"gold_gain":0,"player_choice":"Entered Light","damage_taken":23,"max_hp_gain":0,"max_hp_loss":0,"event_name":"Shining Light","floor":3,"gold_loss":0,"cards_upgraded":["Strike_R","Defend_R"]},{"cards_removed":["Perfected Strike"],"damage_healed":0,"gold_gain":0,"player_choice":"Gave Card","damage_taken":0,"relics_obtained":["Regal Pillow"],"max_hp_gain":0,"max_hp_loss":0,"event_name":"WeMeetAgain","floor":5,"gold_loss":0},{"damage_healed":0,"gold_gain":0,"player_choice":"Ignored","damage_taken":0,"max_hp_gain":0,"max_hp_loss":0,"event_name":"Ghosts","floor":22,"gold_loss":0},{"damage_healed":0,"gold_gain":0,"player_choice":"Simplicity","damage_taken":0,"max_hp_gain":0,"max_hp_loss":0,"event_name":"Back to Basics","floor":24,"gold_loss":0,"cards_upgraded":["Strike_R","Strike_R","Strike_R","Defend_R","Defend_R","Defend_R"]},{"damage_healed":0,"gold_gain":0,"player_choice":"Fight","damage_taken":0,"max_hp_gain":0,"max_hp_loss":0,"event_name":"MindBloom","floor":36,"gold_loss":0},{"damage_healed":0,"gold_gain":0,"player_choice":"Fight","damage_taken":0,"max_hp_gain":0,"max_hp_loss":0,"event_name":"Mysterious Sphere","floor":38,"gold_loss":0},{"damage_healed":0,"gold_gain":0,"player_choice":"Memory 2","damage_taken":5,"max_hp_gain":0,"max_hp_loss":0,"event_name":"SensoryStone","floor":39,"gold_loss":0},{"damage_healed":0,"gold_gain":0,"player_choice":"Ignored","damage_taken":0,"max_hp_gain":0,"max_hp_loss":0,"event_name":"Tomb of Lord Red Mask","floor":44,"gold_loss":0}],"is_beta":false,"boss_relics":[{"not_picked":["Cursed Key","Fusion Hammer"],"picked":"Snecko Eye"},{"not_picked":["Runic Cube","SacredBark"],"picked":"Busted Crown"}],"items_purged_floors":[7,46],"is_endless":false,"potions_floor_spawned":[2,11,14,18,27,33,36,37,42,48,54],"ascension_level":15}}