{"host":"4nheqd2tld5ixkgx","time":1609944092,"event":{"mods":["BaseMod","GifTheSpireLib","Minty Spire (QoL Compilation)","StSLib","The Cursed"],"gold_per_floor":[112,112,126,126,126,159,159,159,159,193,211,223,234,254,254,355,355,367,367,547,565,576,482,482,482],"floor_reached":24,"playtime":1358,"items_purged":[],"score":258,"play_id":"50e2eaad-9d08-40ed-b874-d177bd6274c7","local_time":"20210106234132","is_ascension_mode":false,"campfire_choices":[{"data":"TheCursedMod:FleshFromBone","floor":7,"key":"SMITH"},{"data":"TheCursedMod:SpitefulPlan","floor":15,"key":"SMITH"}],"circlet_count":0,"master_deck":["TheCursedMod:Strike_TheCursed","TheCursedMod:Strike_TheCursed","TheCursedMod:Strike_TheCursed","TheCursedMod:Strike_TheCursed","TheCursedMod:Defend_TheCursed","TheCursedMod:Defend_TheCursed","TheCursedMod:CursedWand+1","TheCursedMod:CleanUpWorkshop+1","TheCursedMod:Dregs","TheCursedMod:FleshFromBone+1","TheCursedMod:Obscuration+1","TheCursedMod:StingEye","TheCursedMod:SpitefulPlan+1","TheCursedMod:SpitefulStrike","TheCursedMod:CircleOfBlood","TheCursedMod:CircleOfFlame","TheCursedMod:SpitefulStrike","TheCursedMod:StunningStrike","TheCursedMod:TacticalStrike","Deep Breath","TheCursedMod:LuckyCharm","TheCursedMod:EmpowerCircles+1","TheCursedMod:CircleOfCorruption","TheCursedMod:HellfireBreathing"],"relics":["TheCursedMod:BlackMagic101","NeowsBlessing","Happy Flower","HornCleat","Shuriken","Philosopher\u0027s Stone"],"acts_visited":["Exordium","TheCity"],"potions_floor_usage":[10,10,16,22,24],"damage_taken":[{"damage":0,"enemies":"Small Slimes","floor":1,"turns":1},{"damage":0,"enemies":"2 Louse","floor":3,"turns":1},{"damage":0,"enemies":"Gremlin Nob","floor":6,"turns":1},{"damage":0,"enemies":"Lagavulin","floor":10,"turns":8},{"damage":0,"enemies":"Cultist","floor":11,"turns":4},{"damage":2,"enemies":"Looter","floor":12,"turns":3},{"damage":1,"enemies":"Large Slime","floor":13,"turns":5},{"damage":0,"enemies":"Lots of Slimes","floor":14,"turns":2},{"damage":22,"enemies":"Slime Boss","floor":16,"turns":9},{"damage":11,"enemies":"2 Thieves","floor":18,"turns":4},{"damage":0,"enemies":"Spheric Guardian","floor":21,"turns":3},{"damage":18,"enemies":"Cultist and Chosen","floor":22,"turns":6},{"damage":33,"enemies":"Gremlin Leader","floor":24,"turns":4}],"seed_played":"4285287790014041020","potions_obtained":[{"floor":1,"key":"BlessingOfTheForge"},{"floor":3,"key":"GamblersBrew"},{"floor":14,"key":"Fire Potion"},{"floor":21,"key":"Weak Potion"},{"floor":22,"key":"SteroidPotion"}],"is_trial":false,"path_per_floor":["M","?","M","?","?","E","R","?","T","E","M","M","M","M","R","B",null,"M","?","?","M","M","$","E"],"character_chosen":"THE_CURSED","items_purchased":["TheCursedMod:CircleOfCorruption","TheCursedMod:HellfireBreathing"],"campfire_rested":0,"item_purchase_floors":[23,23],"current_hp_per_floor":[75,68,68,68,53,53,53,53,53,53,53,51,56,62,62,44,75,64,64,39,43,29,29,0,0],"gold":482,"neow_bonus":"THREE_ENEMY_KILL","is_daily":false,"chose_seed":false,"campfire_upgraded":2,"win_rate":0.0,"timestamp":1609944092,"path_taken":["M","?","M","?","?","E","R","?","T","E","?","M","M","M","R","BOSS","M","?","?","?","M","$","E"],"items_purchased_type":["Card","Card"],"build_version":"2020-12-22","purchased_purges":0,"victory":false,"max_hp_per_floor":[75,75,75,75,75,75,75,75,75,75,75,75,75,75,75,75,75,75,75,75,75,75,75,75,75],"card_choices":[{"not_picked":["TheCursedMod:SpreadPlague","TheCursedMod:SmokeScreen"],"picked":"TheCursedMod:FleshFromBone","floor":1},{"not_picked":["TheCursedMod:RapidMovement","TheCursedMod:CursedMace"],"picked":"TheCursedMod:Obscuration","floor":3},{"not_picked":["TheCursedMod:FleshFromBone","TheCursedMod:Wield"],"picked":"TheCursedMod:StingEye","floor":6},{"not_picked":["TheCursedMod:DoubleShield","TheCursedMod:Stigma"],"picked":"TheCursedMod:SpitefulPlan","floor":10},{"not_picked":["TheCursedMod:WearCloak","TheCursedMod:DoubleShield"],"picked":"TheCursedMod:SpitefulStrike","floor":11},{"not_picked":["TheCursedMod:RavingStaff","TheCursedMod:EmpowerCircles"],"picked":"TheCursedMod:CircleOfBlood","floor":12},{"not_picked":["TheCursedMod:UltimatePain","TheCursedMod:Wield"],"picked":"TheCursedMod:CircleOfFlame","floor":13},{"not_picked":["TheCursedMod:FleshFromBone","TheCursedMod:CircleOfFocus"],"picked":"TheCursedMod:SpitefulStrike","floor":14},{"not_picked":["TheCursedMod:ForbiddenAlchemy","TheCursedMod:ShockAndAwe"],"picked":"TheCursedMod:StunningStrike","floor":16},{"not_picked":["TheCursedMod:VitalStrike","TheCursedMod:Obscuration"],"picked":"TheCursedMod:TacticalStrike","floor":18},{"not_picked":["TheCursedMod:AshesToAshes+1","TheCursedMod:WearCloak"],"picked":"TheCursedMod:LuckyCharm","floor":21},{"not_picked":["TheCursedMod:ReleasedStrength","TheCursedMod:CursedBlade"],"picked":"TheCursedMod:EmpowerCircles+1","floor":22}],"player_experience":205815,"relics_obtained":[{"floor":6,"key":"Happy Flower"},{"floor":9,"key":"HornCleat"},{"floor":10,"key":"Shuriken"}],"event_choices":[{"cards_removed":["TheCursedMod:Defend_TheCursed"],"damage_healed":0,"gold_gain":0,"player_choice":"Card Removal","damage_taken":7,"max_hp_gain":0,"max_hp_loss":0,"event_name":"Golden Wing","floor":2,"gold_loss":0},{"damage_healed":0,"gold_gain":0,"player_choice":"Grow","damage_taken":0,"max_hp_gain":0,"max_hp_loss":0,"event_name":"Living Wall","floor":4,"gold_loss":0,"cards_upgraded":["TheCursedMod:Obscuration"]},{"damage_healed":0,"gold_gain":0,"player_choice":"Entered Light","damage_taken":15,"max_hp_gain":0,"max_hp_loss":0,"event_name":"Shining Light","floor":5,"gold_loss":0,"cards_upgraded":["TheCursedMod:CleanUpWorkshop","TheCursedMod:CursedWand"]},{"cards_removed":["TheCursedMod:Defend_TheCursed"],"damage_healed":0,"gold_gain":0,"player_choice":"Purged","damage_taken":0,"max_hp_gain":0,"max_hp_loss":0,"event_name":"Purifier","floor":8,"gold_loss":0},{"damage_healed":0,"gold_gain":0,"player_choice":"Ignored","damage_taken":0,"max_hp_gain":0,"max_hp_loss":0,"event_name":"Ghosts","floor":19,"gold_loss":0},{"damage_healed":0,"gold_gain":180,"player_choice":"GOLD GOLD CARD ","damage_taken":25,"max_hp_gain":0,"max_hp_loss":0,"event_name":"Knowing Skull","floor":20,"potions_obtained":[],"gold_loss":0,"cards_obtained":["Deep Breath"]}],"is_beta":false,"boss_relics":[{"not_picked":["TheCursedMod:BlackMagicAdvanced","SlaversCollar"],"picked":"Philosopher\u0027s Stone"}],"items_purged_floors":[],"is_endless":false,"potions_floor_spawned":[1,3,14,21,22],"killed_by":"Gremlin Leader","ascension_level":0}}