{"host":"jkgg7n5hn1slsm35","time":1609922301,"event":{"mods":["Aspiration","BaseMod","BetterRewards","Conspire","Googly Eyes","Gremlin Skip","Halation","Highlight Path","Hubris","Infinite Spire","Minty Spire (QoL Compilation)","Permanent Neow","StSLib","SuperFastMode","vexMod"],"gold_per_floor":[109,123,123,123,73,73,99,99,99,99,109,137,137,163,163,287,287,304,338,338,367,393,393,444,444],"floor_reached":24,"playtime":488,"items_purged":[],"score":364,"play_id":"7526cc3a-65f3-4540-98fd-546d592abbd7","local_time":"20210106093821","daily_mods":["SealedDeck","Heirloom","Time Dilation","DeadlyEvents","Elite Swarm","Lethality"],"is_ascension_mode":false,"campfire_choices":[{"data":"Entrench","floor":6,"key":"SMITH"},{"data":"Metallicize","floor":8,"key":"SMITH"},{"data":"Feed","floor":13,"key":"SMITH"},{"data":"Pummel","floor":15,"key":"SMITH"},{"data":"Iron Wave","floor":23,"key":"SMITH"}],"circlet_count":0,"master_deck":["Pommel Strike","Entrench+1","Pommel Strike","Twin Strike","Cleave","Pummel+1","Cleave","Iron Wave","Shrug It Off","Metallicize+1","Iron Wave+1","Feed+1","Limit Break+1","Entrench+1","Body Slam+1"],"relics":["Burning Blood","vexMod:RedPlottingStone","Toxic Egg 2","conspire:Flyswatter","vexMod:ConsolationPrize","hubris:TinFlute","halation:Prosthetics"],"acts_visited":["Exordium","TheCity"],"potions_floor_usage":[12,22,24],"damage_taken":[{"damage":16,"enemies":"infinitespire:Voidling","floor":1,"turns":2},{"damage":0,"enemies":"conspire:RoseBush","floor":2,"turns":2},{"damage":0,"enemies":"Gremlin Nob","floor":7,"turns":2},{"damage":0,"enemies":"2 Louse","floor":11,"turns":1},{"damage":12,"enemies":"Lagavulin","floor":12,"turns":4},{"damage":0,"enemies":"Gremlin Nob","floor":14,"turns":2},{"damage":19,"enemies":"The Guardian","floor":16,"turns":5},{"damage":0,"enemies":"conspire:FuzzyDice","floor":18,"turns":3},{"damage":15,"enemies":"3 Byrds","floor":19,"turns":3},{"damage":16,"enemies":"Cultist and Chosen","floor":21,"turns":4},{"damage":12,"enemies":"Chosen and Byrds","floor":22,"turns":5},{"damage":67,"enemies":"Nightmare","floor":24,"turns":7}],"seed_played":"-6893255879369892885","potions_obtained":[{"floor":2,"key":"LiquidMemories"},{"floor":12,"key":"GamblersBrew"},{"floor":14,"key":"FearPotion"},{"floor":16,"key":"FearPotion"},{"floor":19,"key":"Regen Potion"}],"is_trial":true,"path_per_floor":["M","M","?","?","?","R","E","R","T","$","M","E","R","E","R","B",null,"M","M","?","M","M","R","NM"],"character_chosen":"IRONCLAD","items_purchased":[],"campfire_rested":0,"item_purchase_floors":[],"current_hp_per_floor":[70,76,76,80,80,80,80,80,80,80,80,74,74,84,84,71,49,53,48,53,47,59,59,0,0],"gold":444,"neow_bonus":"","is_daily":false,"chose_seed":false,"campfire_upgraded":5,"win_rate":0.0,"timestamp":1609922301,"path_taken":["M","?","?","?","?","R","?","R","T","$","M","E","R","E","R","BOSS","M","M","?","M","M","R","NM"],"items_purchased_type":[],"build_version":"2020-12-22","purchased_purges":0,"victory":false,"max_hp_per_floor":[80,80,80,80,80,80,80,80,80,80,80,80,80,84,84,84,49,53,57,57,61,65,65,65,65],"card_choices":[{"not_picked":["Perfected Strike","Cleave","Blood for Blood"],"picked":"SKIP","floor":1},{"not_picked":["Blood for Blood","Uppercut","Combust"],"picked":"SKIP","floor":2},{"not_picked":["Reaper","Exhume+1","Bludgeon"],"picked":"SKIP","floor":7},{"not_picked":["hubris:ReadiedAction+1","Rupture"],"picked":"Iron Wave","floor":11},{"not_picked":["hubris:StunningStrike","Brutality"],"picked":"Feed","floor":12},{"not_picked":["Immolate","Bludgeon"],"picked":"Limit Break+1","floor":14},{"not_picked":["Whirlwind+1","Intimidate+1","Searing Blow"],"picked":"SKIP","floor":18},{"not_picked":["Evolve+1","Clothesline"],"picked":"Entrench+1","floor":19},{"not_picked":["Seeing Red+1","Sever Soul","Spot Weakness+1"],"picked":"SKIP","floor":21},{"not_picked":["Cleave","Heavy Blade+1"],"picked":"Body Slam+1","floor":22}],"player_experience":1820053,"relics_obtained":[{"floor":7,"key":"Toxic Egg 2"},{"floor":9,"key":"conspire:Flyswatter"},{"floor":12,"key":"vexMod:ConsolationPrize"},{"floor":14,"key":"hubris:TinFlute"}],"event_choices":[{"cards_removed":["True Grit"],"damage_healed":0,"gold_gain":0,"player_choice":"Card Removal","damage_taken":0,"max_hp_gain":0,"max_hp_loss":0,"event_name":"The Cleric","floor":5,"gold_loss":50}],"is_beta":false,"boss_relics":[{"not_picked":["vexMod:NewClearReactor","infinitespire:Burning Sword"],"picked":"halation:Prosthetics"}],"items_purged_floors":[],"is_endless":true,"potions_floor_spawned":[2,12,14,16,19],"killed_by":"Nightmare","ascension_level":0}}