{"host":"p4v0hquynnreu717","time":1609955220,"event":{"mods":["BaseMod","Better Vampires","DeckTracker","Googly Eyes","Minty Spire (QoL Compilation)","Quick Restart","StSLib","SuperFastMode"],"gold_per_floor":[119,44,44,44,62,62,80,95,144,156,156,186,86,106,106,182,182,199,249,174,174,106,106,119,137,137,137,137,137],"floor_reached":28,"playtime":867,"items_purged":["Strike_B","Decay"],"score":382,"play_id":"b1875df8-67fe-4fba-b901-a69a2be655b8","local_time":"20210107014700","is_ascension_mode":true,"campfire_choices":[{"data":"Coolheaded","floor":6.0,"key":"SMITH"},{"floor":11.0,"key":"REST"},{"data":"Creative AI","floor":15.0,"key":"SMITH"},{"floor":27,"key":"REST"}],"circlet_count":0,"master_deck":["AscendersBane","Zap+1","Dualcast+1","Hologram","Coolheaded+1","Ball Lightning","Creative AI+1","Biased Cognition","Streamline","Multi-Cast","Sweeping Beam","Recycle","Stack","Gash","Heatsinks","Glacier+1"],"relics":["Cracked Core","Happy Flower","Oddly Smooth Stone","Pandora\u0027s Box","Nilry\u0027s Codex","Singing Bowl"],"acts_visited":["Exordium","TheCity"],"potions_floor_usage":[16,16,25],"damage_taken":[{"damage":2.0,"enemies":"Jaw Worm","floor":1.0,"turns":3.0},{"damage":7.0,"enemies":"Small Slimes","floor":5.0,"turns":3.0},{"damage":0.0,"enemies":"Cultist","floor":7.0,"turns":3.0},{"damage":22.0,"enemies":"Gremlin Gang","floor":8.0,"turns":3.0},{"damage":4.0,"enemies":"Exordium Wildlife","floor":10.0,"turns":2.0},{"damage":19.0,"enemies":"3 Sentries","floor":12.0,"turns":4.0},{"damage":4.0,"enemies":"2 Fungi Beasts","floor":14.0,"turns":3.0},{"damage":3,"enemies":"Slime Boss","floor":16,"turns":8},{"damage":5,"enemies":"Shell Parasite","floor":18,"turns":5},{"damage":13,"enemies":"3 Byrds","floor":24,"turns":3},{"damage":5,"enemies":"Sentry and Sphere","floor":25,"turns":8},{"damage":0,"enemies":"Snake Plant","floor":28,"turns":1}],"seed_played":"4121995902498171574","potions_obtained":[{"floor":1.0,"key":"CultistPotion"},{"floor":8.0,"key":"FocusPotion"},{"floor":14.0,"key":"EntropicBrew"}],"is_trial":false,"path_per_floor":["M","$","?","?","M","R","M","M","T","M","R","E","$","M","R","B",null,"M","?","?","$","$","?","M","M","T","R","M"],"character_chosen":"DEFECT","items_purchased":["Heatsinks"],"campfire_rested":2,"item_purchase_floors":[22],"current_hp_per_floor":[62,62,43,43,36,36,36,14,14,10,29,10,10,6,6,3,49,44,44,44,44,44,23,10,5,5,24,24,24],"gold":137,"neow_bonus":"REMOVE_TWO","is_daily":false,"chose_seed":false,"campfire_upgraded":2,"win_rate":0.0,"timestamp":1609955220,"path_taken":["M","$","?","?","M","R","M","M","T","?","R","E","$","?","R","BOSS","M","?","?","?","$","?","M","?","T","R","?"],"items_purchased_type":["Card"],"build_version":"2020-12-22","purchased_purges":2,"victory":false,"max_hp_per_floor":[64,64,64,64,64,64,64,64,64,64,64,64,64,64,64,64,64,64,64,64,64,64,64,64,64,64,64,64,64],"card_choices":[{"not_picked":["BootSequence","Sweeping Beam"],"picked":"Hologram","floor":1.0},{"not_picked":["Ball Lightning","Redo"],"picked":"Coolheaded","floor":5.0},{"not_picked":["Barrage","Gash"],"picked":"Ball Lightning","floor":7.0},{"not_picked":["Hologram","Rip and Tear"],"picked":"Creative AI","floor":8.0},{"not_picked":["Leap","Conserve Battery","Rebound"],"picked":"SKIP","floor":10.0},{"not_picked":["Conserve Battery","White Noise"],"picked":"Biased Cognition","floor":12.0},{"not_picked":["Capacitor","Go for the Eyes"],"picked":"Streamline","floor":14.0},{"not_picked":["Biased Cognition","Hyperbeam"],"picked":"Multi-Cast","floor":16},{"not_picked":["Streamline","Stack","Consume"],"picked":"SKIP","floor":18},{"not_picked":["Leap","Steam"],"picked":"Glacier+1","floor":24},{"not_picked":["Ball Lightning","Redo","Turbo"],"picked":"SKIP","floor":25}],"player_experience":760147,"relics_obtained":[{"floor":9.0,"key":"Happy Flower"},{"floor":12.0,"key":"Oddly Smooth Stone"},{"floor":23,"key":"Nilry\u0027s Codex"},{"floor":26,"key":"Singing Bowl"}],"event_choices":[{"damage_healed":0.0,"max_hp_gain":0.0,"max_hp_loss":0.0,"gold_gain":0.0,"event_name":"Shining Light","player_choice":"Entered Light","floor":3.0,"gold_loss":0.0,"damage_taken":19.0,"cards_upgraded":["Dualcast","Zap"]},{"damage_healed":0.0,"max_hp_gain":0.0,"max_hp_loss":0.0,"gold_gain":0.0,"event_name":"Wheel of Change","player_choice":"Cursed","floor":4.0,"gold_loss":0.0,"damage_taken":0.0,"cards_obtained":["Decay"]},{"damage_healed":0,"gold_gain":50,"player_choice":"Stole From Cult","damage_taken":0,"max_hp_gain":0,"max_hp_loss":0,"event_name":"Nest","floor":19,"gold_loss":0},{"cards_removed":["Sweeping Beam"],"damage_healed":0,"gold_gain":0,"player_choice":"Gave Gold","damage_taken":0,"max_hp_gain":0,"max_hp_loss":0,"event_name":"Beggar","floor":20,"gold_loss":75},{"damage_healed":0,"gold_gain":0,"player_choice":"Obtained Book","damage_taken":21,"max_hp_gain":0,"max_hp_loss":0,"event_name":"Cursed Tome","floor":23,"gold_loss":0}],"is_beta":false,"boss_relics":[{"not_picked":["Tiny House","SacredBark"],"picked":"Pandora\u0027s Box"}],"items_purged_floors":[2,13],"is_endless":false,"potions_floor_spawned":[1,8,14,18,24],"killed_by":"Snake Plant","ascension_level":15}}