{"host":"dmdprxj8bosbz96f","time":1609964503,"event":{"mods":["AchievementEnabler","BaseMod","Colored Map","DeckTracker","Minty Spire (QoL Compilation)","Permanent Neow","Quick Restart","SuperFastMode","everything is the same but u backflip on backflip"],"gold_per_floor":[112,13,13,79,97,97,117,144,144,194,209,229,554,586,586,586,586],"floor_reached":16,"playtime":465,"items_purged":["Defend_G"],"score":140,"play_id":"fce7b09d-149c-4d2b-918f-fe419ee32e8a","local_time":"20210107052143","is_ascension_mode":true,"campfire_choices":[{"data":"Prepared","floor":6.0,"key":"SMITH"},{"floor":15.0,"key":"REST"}],"circlet_count":0,"master_deck":["Strike_G+1","Strike_G+1","Strike_G","Strike_G","Strike_G","Defend_G","Defend_G","Defend_G","Defend_G","Survivor","Neutralize","Dagger Throw","Prepared+1","Blade Dance","Distraction","Acrobatics","Adrenaline","Deflect","Prepared","Regret","Well Laid Plans"],"relics":["Ring of the Snake","Blood Vial","SsserpentHead","Whetstone","Strawberry","Meat on the Bone"],"acts_visited":["Exordium"],"potions_floor_usage":[],"damage_taken":[{"damage":0.0,"enemies":"Small Slimes","floor":1.0,"turns":3.0},{"damage":0.0,"enemies":"Cultist","floor":4.0,"turns":3.0},{"damage":1.0,"enemies":"Jaw Worm","floor":5.0,"turns":2.0},{"damage":0.0,"enemies":"3 Louse","floor":7.0,"turns":3.0},{"damage":42.0,"enemies":"Lagavulin","floor":8.0,"turns":7.0},{"damage":10.0,"enemies":"Red Slaver","floor":11.0,"turns":2.0},{"damage":3.0,"enemies":"Lots of Slimes","floor":12.0,"turns":4.0},{"damage":20.0,"enemies":"3 Sentries","floor":14.0,"turns":7.0},{"damage":0,"enemies":"The Guardian","floor":16,"turns":1}],"seed_played":"-7732558831991849174","potions_obtained":[{"floor":5.0,"key":"AttackPotion"},{"floor":7.0,"key":"Explosive Potion"},{"floor":11.0,"key":"Dexterity Potion"},{"floor":14.0,"key":"FairyPotion"}],"is_trial":false,"path_per_floor":["M","$","?","M","M","R","M","E","T","?","M","M","?","E","R","B"],"character_chosen":"THE_SILENT","items_purchased":["Prepared"],"campfire_rested":1,"item_purchase_floors":[2],"current_hp_per_floor":[70,70,70,70,69,69,70,28,35,35,27,26,26,8,31,33,33],"gold":586,"neow_bonus":"RANDOM_COMMON_RELIC","is_daily":false,"chose_seed":false,"campfire_upgraded":1,"win_rate":0.0,"timestamp":1609964503,"path_taken":["M","$","?","?","M","R","M","E","T","?","M","M","?","E","R","BOSS"],"items_purchased_type":["Card"],"build_version":"2020-12-22","purchased_purges":1,"victory":false,"max_hp_per_floor":[70,70,70,70,70,70,70,70,77,77,77,77,77,77,77,77,77],"card_choices":[{"not_picked":["Flying Knee","Prepared"],"picked":"Dagger Throw","floor":1.0},{"not_picked":["Dash","Quick Slash"],"picked":"Blade Dance","floor":4.0},{"not_picked":["Backstab","Sucker Punch"],"picked":"Distraction","floor":5.0},{"not_picked":["Distraction","Dash"],"picked":"Acrobatics","floor":7.0},{"not_picked":["Quick Slash","Dagger Throw"],"picked":"Adrenaline","floor":8.0},{"not_picked":["Dodge and Roll","Terror"],"picked":"Deflect","floor":11.0},{"not_picked":["Flying Knee","Escape Plan"],"picked":"Prepared","floor":12.0},{"not_picked":["Setup","Backstab"],"picked":"Well Laid Plans","floor":14.0}],"player_experience":168588,"relics_obtained":[{"floor":8.0,"key":"Whetstone"},{"floor":9.0,"key":"Strawberry"},{"floor":14.0,"key":"Meat on the Bone"}],"event_choices":[{"damage_healed":0.0,"max_hp_gain":0.0,"max_hp_loss":0.0,"gold_gain":0.0,"event_name":"FaceTrader","player_choice":"Trade","floor":3.0,"gold_loss":0.0,"damage_taken":0.0,"relics_obtained":["SsserpentHead"]},{"damage_healed":0.0,"max_hp_gain":0.0,"max_hp_loss":0.0,"gold_gain":0.0,"event_name":"Dead Adventurer","player_choice":"Searched \u00270\u0027 times","floor":10.0,"gold_loss":0.0,"damage_taken":0.0},{"damage_healed":0.0,"max_hp_gain":0.0,"max_hp_loss":0.0,"gold_gain":275.0,"event_name":"Golden Shrine","player_choice":"Desecrate","floor":13.0,"gold_loss":0.0,"damage_taken":0.0,"cards_obtained":["Regret"]}],"is_beta":false,"boss_relics":[],"items_purged_floors":[2],"is_endless":false,"potions_floor_spawned":[5,7,11,14],"killed_by":"The Guardian","ascension_level":5}}