{"host":"5dk97cf2ubw2v967","time":1609930913,"event":{"mods":["AlwaysNeverKeys","BaseMod","Better Altar","Better Vampires","Block Reminder","Colored Powertips","Downfall","Googly Eyes","Highlight Path","Minty Spire (QoL Compilation)","Permanent Neow","Potion Indicator Mod","Quick Restart","Relic Filter","Relic Stats","Say the Spire","Spicy Shops","StSLib","Waifu the Spire","everything is the same but u backflip on backflip"],"gold_per_floor":[349,364,3,14,26,26,49,49,49,49,49,82,7,0,17,91,91,91,110,110,121,121,147,182,226,250,275,137,175,205,33,52,129,129,129,146,249,260,11,23,23,56,56,69,102,102,102,135,153,153,153,179,3,3,3],"floor_reached":56,"playtime":3977,"items_purged":["Normality","Guardian:Strike_Guardian","Guardian:Strike_Guardian"],"score":2515,"play_id":"a88641dc-d3e2-4c9d-b899-7959231b1a35","local_time":"20210106110153","is_ascension_mode":true,"campfire_choices":[{"floor":1,"key":"RECALL"},{"data":"Guardian:Harden","floor":6,"key":"SMITH"},{"data":"Guardian:TwinSlam","floor":8,"key":"SMITH"},{"data":"Guardian:SphericShield","floor":10,"key":"SMITH"},{"data":"Guardian:CurlUp","floor":13,"key":"SMITH"},{"data":"Guardian:CompilePackage","floor":18,"key":"SMITH"},{"floor":28,"key":"REST"},{"data":"Guardian:PolyBeam","floor":35,"key":"SMITH"},{"floor":46,"key":"REST"},{"floor":54,"key":"REST"}],"circlet_count":0,"master_deck":["AscendersBane","Guardian:Defend_Guardian","Guardian:Defend_Guardian+1","Guardian:Defend_Guardian+1","Guardian:CurlUp+1","Guardian:TwinSlam+1","Guardian:Harden+1","Guardian:SphericShield+1","Guardian:SpikerProtocol+1","Guardian:Orbwalk+1","Guardian:Repulse+1","Guardian:CompilePackage+1","Guardian:GuardianWhirl+1","Guardian:PolyBeam+1","Guardian:ExploitGems+1","Guardian:AncientConstruct+1","Guardian:CompilePackage+1","expansioncontent:DashGenerateEvil+1","Guardian:CompilePackage","expansioncontent:LastStand+1","expansioncontent:Collect+1","Guardian:DecasProtection+1","Guardian:TemporalShield+1","Guardian:EvasiveProtocol+1"],"relics":["Guardian:ModeShifter","Frozen Egg 2","Ancient Tea Set","downfall:ShatteredFragment","StrikeDummy","downfall:HeartBlessingRed","Busted Crown","MawBank","Nunchaku","downfall:HeartBlessingGreen","downfall:HeartBlessingBlue","Art of War","Membership Card","Philosopher\u0027s Stone","DollysMirror","Guardian:StasisCodex","Sundial","War Paint","Whetstone","Toxic Egg 2","Akabeko","Vajra"],"acts_visited":["Exordium","TheCity","TheBeyond","TheEnding"],"potions_floor_usage":[12,16,23,25,29,31,33,42,45,48,55],"damage_taken":[{"damage":3,"enemies":"2 Louse","floor":2,"turns":3},{"damage":0,"enemies":"downfall:FleeingMerchant","floor":3,"turns":4},{"damage":0,"enemies":"Small Slimes","floor":4,"turns":4},{"damage":1,"enemies":"Cultist","floor":5,"turns":4},{"damage":2,"enemies":"Lagavulin","floor":12,"turns":8},{"damage":0,"enemies":"downfall:FleeingMerchant","floor":14,"turns":4},{"damage":1,"enemies":"2 Fungi Beasts","floor":15,"turns":3},{"damage":28,"enemies":"downfall:Ironclad","floor":16,"turns":10},{"damage":6,"enemies":"Shell Parasite","floor":19,"turns":4},{"damage":0,"enemies":"Cultist and Chosen","floor":21,"turns":3},{"damage":6,"enemies":"Book of Stabbing","floor":23,"turns":5},{"damage":0,"enemies":"Gremlin Leader","floor":25,"turns":4},{"damage":0,"enemies":"Centurion and Healer","floor":26,"turns":4},{"damage":11,"enemies":"Snecko","floor":27,"turns":4},{"damage":14,"enemies":"Book of Stabbing","floor":29,"turns":5},{"damage":0,"enemies":"3 Cultists","floor":30,"turns":3},{"damage":4,"enemies":"downfall:FleeingMerchant","floor":31,"turns":4},{"damage":0,"enemies":"Sentry and Sphere","floor":32,"turns":3},{"damage":0,"enemies":"downfall:Defect","floor":33,"turns":8},{"damage":2,"enemies":"3 Shapes","floor":36,"turns":1},{"damage":0,"enemies":"downfall:FleeingMerchant","floor":37,"turns":1},{"damage":4,"enemies":"3 Darklings","floor":38,"turns":2},{"damage":18,"enemies":"4 Shapes","floor":40,"turns":2},{"damage":0,"enemies":"Giant Head","floor":42,"turns":6},{"damage":0,"enemies":"Writhing Mass","floor":44,"turns":5},{"damage":18,"enemies":"Nemesis","floor":45,"turns":4},{"damage":0,"enemies":"Reptomancer","floor":48,"turns":5},{"damage":0,"enemies":"Jaw Worm Horde","floor":49,"turns":1},{"damage":16,"enemies":"downfall:Silent","floor":50,"turns":11},{"damage":23,"enemies":"downfall:CharBossMerchant","floor":52,"turns":9},{"damage":28,"enemies":"downfall:NeowBoss","floor":55,"turns":20}],"seed_played":"-4659800612526198220","potions_obtained":[{"floor":5,"key":"DistilledChaos"},{"floor":12,"key":"sneckomod:MuddlingPotion"},{"floor":15,"key":"GamblersBrew"},{"floor":21,"key":"Guardian:AcceleratePotion"},{"floor":23,"key":"SneckoOil"},{"floor":27,"key":"FearPotion"},{"floor":29,"key":"GamblersBrew"},{"floor":32,"key":"Strength Potion"},{"floor":42,"key":"DuplicationPotion"},{"floor":48,"key":"Dexterity Potion"}],"is_trial":false,"path_per_floor":["R","M","$","M","M","R","T","R","?","R","?","E","R","$","M","B",null,"R","M","?","M","?","E","T","E","M","M","R","E","M","$","M","B",null,"R","M","$","M","$","M","T","E","?","M","E","R","?","E","M","B",null,"E","$","R","B",null],"character_chosen":"GUARDIAN","items_purchased":["Frozen Egg 2","Membership Card","DollysMirror","expansioncontent:DashGenerateEvil","Guardian:StasisCodex","PowerPotion","DuplicationPotion","SpeedPotion","Vajra","Guardian:EvasiveProtocol+1"],"campfire_rested":3,"item_purchase_floors":[3,31,37,37,39,39,53,53,53,53],"current_hp_per_floor":[65,62,62,62,61,61,61,61,37,37,37,35,35,35,34,6,56,56,50,38,38,38,32,32,32,32,21,55,41,41,37,37,37,71,71,69,69,65,65,47,47,47,47,47,29,53,48,48,48,42,72,49,49,73,45],"gold":3,"neow_bonus":"TWO_FIFTY_GOLD","is_daily":false,"chose_seed":false,"campfire_upgraded":6,"win_rate":0.0,"timestamp":1609930913,"path_taken":["R","M","$","M","M","R","T","R","?","R","?","E","R","$","M","BOSS","R","M","?","?","?","E","T","E","?","M","R","E","M","$","M","BOSS","R","M","$","M","$","M","T","E","?","M","E","R","?","E","M","BOSS","E","$","R","BOSS"],"items_purchased_type":["Relic","Relic","Relic","Card","Relic","Potion","Potion","Potion","Relic","Card"],"build_version":"2020-12-22","purchased_purges":3,"victory":true,"max_hp_per_floor":[72,72,72,72,72,72,72,72,72,72,72,72,72,72,72,72,72,72,72,72,72,72,72,72,72,72,72,82,82,82,82,82,82,82,82,82,82,82,82,82,82,82,82,82,82,82,82,82,82,82,82,82,82,82,82],"relic_stats":{"Nunchaku":[28],"Busted Crown":50,"counters":[31,154],"Sundial":[12],"Art of War":[1],"Whetstone":["Guardian:GuardianWhirl","expansioncontent:DashGenerateEvil"],"War Paint":["Guardian:ExploitGems","Guardian:Defend_Guardian"],"MawBank":96,"obtain_stats":[{"downfall:ShatteredFragment":9,"downfall:HeartBlessingRed":13,"Guardian:ModeShifter":0,"Vajra":53,"downfall:HeartBlessingGreen":28,"Guardian:StasisCodex":39,"Whetstone":45,"Frozen Egg 2":3,"War Paint":42,"Ancient Tea Set":7,"MawBank":23,"Akabeko":52,"Nunchaku":25,"Busted Crown":17,"downfall:HeartBlessingBlue":28,"DollysMirror":37,"Sundial":41,"Philosopher\u0027s Stone":34,"Art of War":29,"Membership Card":31,"Toxic Egg 2":48,"StrikeDummy":12},{"downfall:ShatteredFragment":4,"downfall:HeartBlessingRed":5,"Guardian:ModeShifter":0,"Vajra":30,"downfall:HeartBlessingGreen":14,"Guardian:StasisCodex":22,"Whetstone":26,"Frozen Egg 2":2,"War Paint":24,"Ancient Tea Set":4,"MawBank":11,"Akabeko":30,"Nunchaku":12,"Busted Crown":8,"downfall:HeartBlessingBlue":14,"DollysMirror":21,"Sundial":23,"Philosopher\u0027s Stone":19,"Art of War":15,"Membership Card":17,"Toxic Egg 2":27,"StrikeDummy":5},{"downfall:ShatteredFragment":15,"downfall:HeartBlessingRed":23,"Guardian:ModeShifter":0,"Vajra":134,"downfall:HeartBlessingGreen":64,"Guardian:StasisCodex":91,"Whetstone":108,"Frozen Egg 2":7,"War Paint":99,"Ancient Tea Set":15,"MawBank":52,"Akabeko":134,"Nunchaku":56,"Busted Crown":40,"downfall:HeartBlessingBlue":64,"DollysMirror":89,"Sundial":93,"Philosopher\u0027s Stone":87,"Art of War":69,"Membership Card":76,"Toxic Egg 2":113,"StrikeDummy":23}]},"card_choices":[{"not_picked":["Guardian:Gem_White","Guardian:MultiBeam"],"picked":"Guardian:Gem_Yellow","floor":2},{"not_picked":["Guardian:Suspension","Guardian:PrimingBeam"],"picked":"Guardian:Harden","floor":3},{"not_picked":["Guardian:PiercingHide","Guardian:WalkerClaw"],"picked":"Guardian:Gem_White","floor":4},{"not_picked":["Guardian:Suspension","Guardian:WalkerClaw"],"picked":"Guardian:SphericShield","floor":5},{"not_picked":["Guardian:HyperBeam_Guardian","Guardian:EvasiveProtocol+1"],"picked":"Guardian:SpikerProtocol+1","floor":12},{"not_picked":["Guardian:RollAttack","Guardian:Planning"],"picked":"Guardian:Orbwalk+1","floor":14},{"not_picked":["Guardian:ChargeCore","Guardian:PiercingHide"],"picked":"Guardian:Repulse+1","floor":15},{"not_picked":["Guardian:Gem_Synthetic","Guardian:HyperBeam_Guardian"],"picked":"Guardian:CompilePackage","floor":16},{"not_picked":[],"picked":"Guardian:GuardianWhirl","floor":19},{"not_picked":[],"picked":"Guardian:PolyBeam","floor":21},{"not_picked":[],"picked":"Guardian:ExploitGems","floor":23},{"not_picked":["Guardian:PiercingHide"],"picked":"SKIP","floor":25},{"not_picked":["Guardian:RefractedBeam"],"picked":"SKIP","floor":26},{"not_picked":[],"picked":"Guardian:Gem_Red","floor":27},{"not_picked":["Guardian:VentSteam"],"picked":"SKIP","floor":29},{"not_picked":["Guardian:Reroute"],"picked":"SKIP","floor":30},{"not_picked":["Guardian:TemporalShield"],"picked":"SKIP","floor":31},{"not_picked":["Guardian:PrimingBeam"],"picked":"SKIP","floor":32},{"not_picked":[],"picked":"Guardian:AncientConstruct+1","floor":33},{"not_picked":["Guardian:Planning"],"picked":"SKIP","floor":36},{"not_picked":[],"picked":"Guardian:Gem_Lightblue","floor":37},{"not_picked":["Guardian:PrimingBeam"],"picked":"SKIP","floor":38},{"not_picked":["Guardian:FuturePlans+1"],"picked":"SKIP","floor":40},{"not_picked":[],"picked":"Guardian:CompilePackage","floor":42},{"not_picked":["Guardian:PrismaticBeam+1"],"picked":"SKIP","floor":44},{"not_picked":["Guardian:Gem_Yellow"],"picked":"SKIP","floor":45},{"not_picked":[],"picked":"expansioncontent:LastStand+1","floor":47},{"not_picked":[],"picked":"expansioncontent:Collect+1","floor":47},{"not_picked":[],"picked":"Guardian:DecasProtection+1","floor":48},{"not_picked":[],"picked":"Guardian:TemporalShield+1","floor":49},{"not_picked":["Guardian:Planning+1"],"picked":"SKIP","floor":52}],"player_experience":1314347,"relics_obtained":[{"floor":7,"key":"Ancient Tea Set"},{"floor":12,"key":"StrikeDummy"},{"floor":23,"key":"MawBank"},{"floor":25,"key":"Nunchaku"},{"floor":29,"key":"Art of War"},{"floor":41,"key":"Sundial"},{"floor":42,"key":"War Paint"},{"floor":45,"key":"Whetstone"},{"floor":48,"key":"Toxic Egg 2"},{"floor":52,"key":"Akabeko"}],"event_choices":[],"is_beta":false,"boss_relics":[{"not_picked":["Ectoplasm","Astrolabe"],"picked":"Busted Crown"},{"not_picked":["Fusion Hammer","Runic Dome"],"picked":"Philosopher\u0027s Stone"}],"items_purged_floors":[3,37,39],"is_endless":false,"potions_floor_spawned":[5,12,15,21,23,27,29,32,42,44,48],"ascension_level":20}}