{"host":"s41rn2jhghpwfrvz","time":1609905238,"event":{"mods":["BaseMod","Minty Spire (QoL Compilation)","Quick Restart","Relic Stats","SuperFastMode"],"gold_per_floor":[115,115,125,142,162,194,206,235,260,289,289,289,317,335,335,412,412,424,424,424,424,441,467,467,480,527,556,584,258,285,309,309,393,393,409,409,480,512,16,48,48,77,77,111,111,146,174,2,2,2,2,2,2,2,31,31],"floor_reached":57,"playtime":2056,"items_purged":["Conserve Battery"],"score":3914,"play_id":"81623306-b756-4d96-8047-90f864b55bf3","local_time":"20210106055358","daily_mods":["SealedDeck","Diverse","DeadlyEvents"],"is_ascension_mode":true,"campfire_choices":[{"data":"TalkToTheHand","floor":12,"key":"SMITH"},{"data":"Blade Dance","floor":15,"key":"SMITH"},{"data":"Pommel Strike","floor":24,"key":"SMITH"},{"data":"Terror","floor":32,"key":"SMITH"},{"data":"Offering","floor":41,"key":"SMITH"},{"floor":49,"key":"RECALL"},{"data":"Finesse","floor":53,"key":"SMITH"}],"circlet_count":0,"master_deck":["AscendersBane","Terror+1","TalkToTheHand+1","Shrug It Off+1","Blade Dance+1","Berserk+1","Acrobatics+1","Blade Dance+1","Offering+1","Finesse+1","MasterReality+1"],"relics":["Burning Blood","Frozen Egg 2","Meat on the Bone","Strawberry","Omamori","Empty Cage","HornCleat","WingedGreaves","Akabeko","CeramicFish","Happy Flower","Calipers","Lantern","Runic Cube","StrikeDummy","Shuriken","Bag of Preparation","Oddly Smooth Stone","Mercury Hourglass","Molten Egg 2","TungstenRod","War Paint","Blood Vial","Red Skull","TheAbacus"],"acts_visited":["Exordium","TheCity","TheBeyond","TheEnding"],"potions_floor_usage":[6,10,27,30,38,56],"damage_taken":[{"damage":1,"enemies":"Small Slimes","floor":1,"turns":3},{"damage":0,"enemies":"Cultist","floor":3,"turns":2},{"damage":0,"enemies":"Jaw Worm","floor":4,"turns":2},{"damage":0,"enemies":"Blue Slaver","floor":5,"turns":2},{"damage":20,"enemies":"3 Sentries","floor":6,"turns":11},{"damage":1,"enemies":"Looter","floor":7,"turns":3},{"damage":0,"enemies":"Gremlin Nob","floor":8,"turns":3},{"damage":21,"enemies":"3 Sentries","floor":10,"turns":8},{"damage":0,"enemies":"Lagavulin","floor":13,"turns":4},{"damage":0,"enemies":"3 Louse","floor":14,"turns":3},{"damage":0,"enemies":"The Guardian","floor":16,"turns":7},{"damage":3,"enemies":"Chosen","floor":18,"turns":5},{"damage":11,"enemies":"Shell Parasite","floor":22,"turns":3},{"damage":5,"enemies":"Book of Stabbing","floor":23,"turns":4},{"damage":6,"enemies":"Sentry and Sphere","floor":25,"turns":5},{"damage":63,"enemies":"Slavers","floor":27,"turns":8},{"damage":1,"enemies":"Book of Stabbing","floor":28,"turns":4},{"damage":41,"enemies":"Slavers","floor":30,"turns":9},{"damage":13,"enemies":"Cultist and Chosen","floor":31,"turns":5},{"damage":5,"enemies":"Collector","floor":33,"turns":6},{"damage":17,"enemies":"3 Shapes","floor":35,"turns":4},{"damage":31,"enemies":"Reptomancer","floor":38,"turns":3},{"damage":6,"enemies":"Nemesis","floor":40,"turns":3},{"damage":6,"enemies":"Giant Head","floor":42,"turns":2},{"damage":5,"enemies":"Reptomancer","floor":44,"turns":1},{"damage":5,"enemies":"Giant Head","floor":46,"turns":2},{"damage":5,"enemies":"Reptomancer","floor":47,"turns":1},{"damage":5,"enemies":"Time Eater","floor":50,"turns":7},{"damage":5,"enemies":"Donu and Deca","floor":51,"turns":5},{"damage":5,"enemies":"Shield and Spear","floor":55,"turns":5},{"damage":5,"enemies":"The Heart","floor":56,"turns":8}],"seed_played":"2974315971850594831","potions_obtained":[{"floor":4,"key":"SkillPotion"},{"floor":6,"key":"ColorlessPotion"},{"floor":7,"key":"SteroidPotion"},{"floor":10,"key":"AttackPotion"},{"floor":27,"key":"DistilledChaos"},{"floor":30,"key":"DistilledChaos"},{"floor":38,"key":"SmokeBomb"},{"floor":40,"key":"AttackPotion"},{"floor":46,"key":"Weak Potion"}],"is_trial":true,"path_per_floor":["M","?","M","M","M","E","M","E","T","E","?","R","E","M","R","B",null,"M","$","?","T","M","E","R","M","T","E","E","$","E","M","R","B",null,"M","?","T","E","$","E","R","E","T","E","?","E","E","$","R","B","B",null,"R","$","E","B",null],"character_chosen":"IRONCLAD","items_purchased":["Calipers","Bag of Preparation","Finesse","Oddly Smooth Stone","TheAbacus"],"campfire_rested":0,"item_purchase_floors":[29,39,39,39,48],"current_hp_per_floor":[73,73,75,75,75,61,66,72,72,64,57,57,63,69,69,75,80,82,82,82,82,77,78,78,78,78,33,50,50,27,32,32,45,73,62,62,62,49,49,49,49,49,49,50,50,51,54,54,54,57,60,77,77,77,80,82],"gold":31,"neow_bonus":"","is_daily":false,"chose_seed":false,"campfire_upgraded":6,"win_rate":0.0,"timestamp":1609905238,"path_taken":["M","?","?","?","M","E","M","E","T","?","?","R","E","M","R","BOSS","M","$","?","?","M","E","R","M","T","E","E","$","E","?","R","BOSS","M","?","?","?","$","E","R","E","T","E","?","E","?","$","R","BOSS","BOSS","R","$","E","BOSS"],"items_purchased_type":["Relic","Relic","Card","Relic","Relic"],"build_version":"2020-12-22","purchased_purges":1,"victory":true,"max_hp_per_floor":[75,75,75,75,75,75,75,75,75,82,82,82,82,82,82,82,82,82,82,82,82,82,82,82,82,82,82,82,82,82,82,82,82,82,82,82,82,82,82,82,82,82,82,82,82,82,82,82,82,82,82,82,82,82,82,82],"relic_stats":{"Happy Flower":[20],"counters":[31,138],"CeramicFish":36,"Bag of Preparation":[18],"War Paint":["Acrobatics","Shrug It Off"],"Burning Blood":168,"Mercury Hourglass":[105],"Blood Vial":10,"TheAbacus":[606],"Shuriken":[79],"obtain_stats":[{"Lantern":30,"Calipers":29,"CeramicFish":27,"Bag of Preparation":39,"Empty Cage":17,"Burning Blood":0,"Blood Vial":46,"HornCleat":21,"TheAbacus":48,"Strawberry":10,"WingedGreaves":23,"Red Skull":47,"Runic Cube":34,"Happy Flower":28,"Oddly Smooth Stone":39,"Omamori":13,"Frozen Egg 2":6,"War Paint":44,"Akabeko":26,"Mercury Hourglass":40,"Shuriken":38,"Molten Egg 2":42,"StrikeDummy":37,"TungstenRod":43,"Meat on the Bone":8},{"Lantern":18,"Calipers":17,"CeramicFish":16,"Bag of Preparation":22,"Empty Cage":11,"Burning Blood":0,"Blood Vial":26,"HornCleat":12,"TheAbacus":27,"Strawberry":8,"WingedGreaves":14,"Red Skull":27,"Runic Cube":20,"Happy Flower":17,"Oddly Smooth Stone":22,"Omamori":9,"Frozen Egg 2":5,"War Paint":25,"Akabeko":15,"Mercury Hourglass":23,"Shuriken":22,"Molten Egg 2":24,"StrikeDummy":21,"TungstenRod":24,"Meat on the Bone":7},{"Lantern":86,"Calipers":77,"CeramicFish":73,"Bag of Preparation":104,"Empty Cage":48,"Burning Blood":0,"Blood Vial":112,"HornCleat":53,"TheAbacus":113,"Strawberry":34,"WingedGreaves":60,"Red Skull":113,"Runic Cube":97,"Happy Flower":77,"Oddly Smooth Stone":104,"Omamori":38,"Frozen Egg 2":20,"War Paint":110,"Akabeko":65,"Mercury Hourglass":107,"Shuriken":104,"Molten Egg 2":109,"StrikeDummy":101,"TungstenRod":109,"Meat on the Bone":26}],"TungstenRod":7,"Meat on the Bone":72,"Runic Cube":[15]},"card_choices":[{"not_picked":["Rampage","Calculated Gamble","Choke"],"picked":"SKIP","floor":1},{"not_picked":["InnerPeace","ClearTheMind"],"picked":"Blade Dance","floor":3},{"not_picked":["Cold Snap","Lockon","Protect"],"picked":"SKIP","floor":4},{"not_picked":["Protect","Anger","Catalyst"],"picked":"SKIP","floor":5},{"not_picked":["Finisher","Heavy Blade","Amplify"],"picked":"SKIP","floor":6},{"not_picked":["Terror","Undo","Beam Cell"],"picked":"SKIP","floor":7},{"not_picked":["Iron Wave","Self Repair+1","Sword Boomerang"],"picked":"SKIP","floor":8},{"not_picked":["Sanctity","Conserve Battery"],"picked":"Berserk+1","floor":10},{"not_picked":["CrushJoints","Night Terror","Dropkick"],"picked":"SKIP","floor":13},{"not_picked":["Coolheaded","Steam","Sword Boomerang"],"picked":"SKIP","floor":14},{"not_picked":["Clash","ForeignInfluence","Infernal Blade"],"picked":"SKIP","floor":18},{"not_picked":["Crescendo","Coolheaded+1","JustLucky"],"picked":"SKIP","floor":22},{"not_picked":["Turbo","Flame Barrier","BattleHymn+1"],"picked":"SKIP","floor":23},{"not_picked":["Turbo","Flame Barrier","BattleHymn+1"],"picked":"SKIP","floor":23},{"not_picked":["Uppercut","Coolheaded"],"picked":"Acrobatics","floor":25},{"not_picked":["Clothesline","Perseverance","Dodge and Roll"],"picked":"SKIP","floor":27},{"not_picked":["Combust+1","Footwork+1","Thunderclap+1"],"picked":"SKIP","floor":28},{"not_picked":["Ragnarok","Electrodynamics+1","Reboot"],"picked":"SKIP","floor":30},{"not_picked":["Rebound","White Noise"],"picked":"Blade Dance+1","floor":31},{"not_picked":["Reboot","Phantasmal Killer"],"picked":"Offering","floor":33},{"not_picked":["Acrobatics","Sucker Punch","FollowUp+1"],"picked":"SKIP","floor":35},{"not_picked":["Predator+1","FollowUp+1","Dash+1"],"picked":"SKIP","floor":38},{"not_picked":["Multi-Cast","Streamline+1","PiercingWail"],"picked":"SKIP","floor":40},{"not_picked":["Multi-Cast","Streamline+1","PiercingWail"],"picked":"SKIP","floor":40},{"not_picked":["PathToVictory","Ragnarok+1","Clash+1"],"picked":"SKIP","floor":42},{"not_picked":["Prepared","BowlingBash+1"],"picked":"MasterReality+1","floor":44},{"not_picked":["Streamline+1","Cleave+1","Crescendo"],"picked":"SKIP","floor":46},{"not_picked":["ConjureBlade","Intimidate","Dagger Throw+1"],"picked":"SKIP","floor":47},{"not_picked":["Fusion","EmptyBody+1","Barrage+1"],"picked":"SKIP","floor":55}],"player_experience":1654380,"relics_obtained":[{"floor":6,"key":"Frozen Egg 2"},{"floor":8,"key":"Meat on the Bone"},{"floor":10,"key":"Strawberry"},{"floor":13,"key":"Omamori"},{"floor":21,"key":"HornCleat"},{"floor":23,"key":"WingedGreaves"},{"floor":26,"key":"Akabeko"},{"floor":27,"key":"CeramicFish"},{"floor":28,"key":"Happy Flower"},{"floor":30,"key":"Lantern"},{"floor":37,"key":"StrikeDummy"},{"floor":38,"key":"Shuriken"},{"floor":40,"key":"Mercury Hourglass"},{"floor":42,"key":"Molten Egg 2"},{"floor":43,"key":"TungstenRod"},{"floor":44,"key":"War Paint"},{"floor":46,"key":"Blood Vial"},{"floor":47,"key":"Red Skull"}],"event_choices":[{"cards_removed":["Heatsinks"],"damage_healed":0,"gold_gain":0,"player_choice":"Card Removal","damage_taken":0,"max_hp_gain":0,"max_hp_loss":0,"event_name":"Wheel of Change","floor":2,"gold_loss":0},{"cards_removed":["Masterful Stab"],"damage_healed":0,"gold_gain":0,"player_choice":"Card Removal","damage_taken":7,"max_hp_gain":0,"max_hp_loss":0,"event_name":"Golden Wing","floor":11,"gold_loss":0},{"cards_removed":["PiercingWail"],"damage_healed":0,"gold_gain":0,"player_choice":"Elegance","damage_taken":0,"max_hp_gain":0,"max_hp_loss":0,"event_name":"Back to Basics","floor":20,"gold_loss":0},{"cards_removed":["Pommel Strike"],"damage_healed":0,"gold_gain":0,"player_choice":"Removed Attack","damage_taken":0,"max_hp_gain":0,"max_hp_loss":0,"event_name":"Falling","floor":36,"gold_loss":0},{"damage_healed":0,"gold_gain":0,"player_choice":"Ignored","damage_taken":0,"max_hp_gain":0,"max_hp_loss":0,"event_name":"SecretPortal","floor":45,"gold_loss":0}],"is_beta":false,"boss_relics":[{"not_picked":["SacredBark","Philosopher\u0027s Stone"],"picked":"Empty Cage"},{"not_picked":["Runic Dome","Tiny House"],"picked":"Runic Cube"}],"items_purged_floors":[39],"is_endless":false,"potions_floor_spawned":[4,6,7,10,13,22,27,30,31,33,38,40,44,46,55],"ascension_level":20}}