{"host":"qojc688juf5ijsln","time":1609936421,"event":{"mods":["AchievementEnabler","BaseMod","BetterRewards","Colored Powertips","Highlight Path","Minty Spire (QoL Compilation)","Quick Restart","Shop Mod","StSLib"],"gold_per_floor":[113,124,124,124,136,136,146,158,158,158,176,76,111,126,126,229,229,241,256,256,180,196,196,223,239,239,239,254,129,129,129,129],"floor_reached":31,"playtime":3509,"items_purged":["Strike_G","Strike_G","Strike_G"],"score":259,"play_id":"5411eab0-9c81-4f49-adef-4d3bc0fdad6c","local_time":"20210106203341","is_ascension_mode":false,"campfire_choices":[{"data":"Crippling Poison","floor":6,"key":"SMITH"},{"data":"Bouncing Flask","floor":10,"key":"SMITH"},{"floor":15,"key":"REST"},{"floor":23,"key":"REST"}],"circlet_count":0,"master_deck":["Defend_G","Defend_G","Defend_G","Defend_G","Defend_G","Survivor","Neutralize","Poisoned Stab","Catalyst","Dark Shackles","Deadly Poison","Crippling Poison+1","Bouncing Flask+1","Bane","Poisoned Stab","Deadly Poison","Catalyst","Well Laid Plans+1","Poisoned Stab+1"],"relics":["Ring of the Snake","FossilizedHelix","Sling","Snake Skull","Bottled Flame","Black Star","Molten Egg 2","Matryoshka","Blood Vial","Toxic Egg 2","Nloth\u0027s Gift"],"acts_visited":["Exordium","TheCity"],"potions_floor_usage":[16,22,22],"damage_taken":[{"damage":0,"enemies":"Small Slimes","floor":1,"turns":3},{"damage":0,"enemies":"2 Louse","floor":2,"turns":2},{"damage":0,"enemies":"Cultist","floor":5,"turns":3},{"damage":0,"enemies":"Looter","floor":7,"turns":2},{"damage":6,"enemies":"Exordium Wildlife","floor":8,"turns":4},{"damage":2,"enemies":"Lots of Slimes","floor":11,"turns":2},{"damage":10,"enemies":"3 Sentries","floor":13,"turns":6},{"damage":0,"enemies":"Blue Slaver","floor":14,"turns":3},{"damage":44,"enemies":"The Guardian","floor":16,"turns":7},{"damage":3,"enemies":"Chosen","floor":18,"turns":3},{"damage":4,"enemies":"3 Byrds","floor":19,"turns":3},{"damage":14,"enemies":"Centurion and Healer","floor":22,"turns":4},{"damage":23,"enemies":"Slavers","floor":24,"turns":4},{"damage":25,"enemies":"3 Cultists","floor":25,"turns":5},{"damage":10,"enemies":"Snake Plant","floor":28,"turns":3},{"damage":6,"enemies":"Centurion and Healer","floor":31,"turns":1}],"seed_played":"8187946639949201515","potions_obtained":[{"floor":2,"key":"AttackPotion"},{"floor":5,"key":"EssenceOfSteel"},{"floor":8,"key":"SneckoOil"},{"floor":19,"key":"Explosive Potion"}],"is_trial":false,"path_per_floor":["M","M","?","?","M","R","M","M","T","R","M","$","E","M","R","B",null,"M","M","?","$","M","R","E","M","T","?","M","$","?","M"],"character_chosen":"THE_SILENT","items_purchased":["Sling","Snake Skull","Poisoned Stab","Catalyst","Catalyst"],"campfire_rested":2,"item_purchase_floors":[0,0,0,0,21],"current_hp_per_floor":[70,70,63,63,63,63,63,57,57,57,55,55,45,45,66,22,70,67,63,50,50,36,58,35,10,10,10,2,2,2,0,0],"gold":129,"neow_bonus":"","is_daily":false,"chose_seed":false,"campfire_upgraded":2,"win_rate":0.0,"timestamp":1609936421,"path_taken":["M","M","?","?","M","R","M","M","T","R","?","$","E","M","R","BOSS","M","M","?","$","M","R","E","M","T","?","?","$","?","M"],"items_purchased_type":["Relic","Relic","Card","Card","Card"],"build_version":"2020-12-22","purchased_purges":3,"victory":false,"max_hp_per_floor":[70,70,70,70,70,70,70,70,70,70,70,70,70,70,70,70,70,70,70,75,75,75,75,75,75,75,75,75,75,75,75,75],"card_choices":[{"not_picked":["Distraction","Bane"],"picked":"Deadly Poison","floor":1},{"not_picked":["Deflect","Dodge and Roll"],"picked":"Crippling Poison","floor":2},{"not_picked":["Slice","Dodge and Roll","Expertise"],"picked":"SKIP","floor":5},{"not_picked":["Dagger Throw","Blur","Predator"],"picked":"SKIP","floor":7},{"not_picked":["Deadly Poison","Crippling Poison"],"picked":"Bouncing Flask","floor":8},{"not_picked":["Flechettes","Endless Agony","Deadly Poison"],"picked":"SKIP","floor":11},{"not_picked":["Escape Plan","Caltrops"],"picked":"Bane","floor":13},{"not_picked":["Heel Hook","Quick Slash"],"picked":"Poisoned Stab","floor":14},{"not_picked":["Backflip+1","Outmaneuver","Quick Slash"],"picked":"SKIP","floor":18},{"not_picked":["Slice+1","PiercingWail"],"picked":"Deadly Poison","floor":19},{"not_picked":["All Out Attack","Choke+1"],"picked":"Well Laid Plans+1","floor":22},{"not_picked":["Quick Slash+1","Expertise"],"picked":"Poisoned Stab+1","floor":24},{"not_picked":["Quick Slash+1","Bane+1","Terror"],"picked":"SKIP","floor":25},{"not_picked":["Blade Dance+1","Dagger Throw+1","Terror+1"],"picked":"SKIP","floor":28}],"player_experience":65552,"relics_obtained":[{"floor":9,"key":"Mummified Hand"},{"floor":13,"key":"Bottled Flame"},{"floor":24,"key":"Molten Egg 2"},{"floor":24,"key":"Matryoshka"},{"floor":26,"key":"Blood Vial"},{"floor":26,"key":"Toxic Egg 2"}],"event_choices":[{"cards_removed":["Strike_G"],"damage_healed":0,"gold_gain":0,"player_choice":"Card Removal","damage_taken":7,"max_hp_gain":0,"max_hp_loss":0,"event_name":"Golden Wing","floor":3,"gold_loss":0},{"cards_removed":["Strike_G"],"damage_healed":0,"gold_gain":0,"player_choice":"Card Removal","damage_taken":0,"max_hp_gain":0,"max_hp_loss":0,"event_name":"Wheel of Change","floor":4,"gold_loss":0},{"damage_healed":0,"gold_gain":0,"player_choice":"Shed Blood","damage_taken":18,"max_hp_gain":5,"max_hp_loss":0,"event_name":"Forgotten Altar","floor":20,"gold_loss":0},{"damage_healed":0,"gold_gain":0,"player_choice":"Ignored","damage_taken":0,"max_hp_gain":0,"max_hp_loss":0,"event_name":"NoteForYourself","floor":27,"gold_loss":0},{"damage_healed":0,"gold_gain":0,"player_choice":"Traded Relic","damage_taken":0,"relics_obtained":["Nloth\u0027s Gift"],"max_hp_gain":0,"max_hp_loss":0,"event_name":"N\u0027loth","floor":30,"relics_lost":["Mummified Hand"],"gold_loss":0}],"is_beta":false,"boss_relics":[{"not_picked":["Tiny House","SlaversCollar"],"picked":"Black Star"}],"items_purged_floors":[0,12,29],"is_endless":false,"potions_floor_spawned":[2,5,8,11,13,19,25],"killed_by":"Centurion and Healer","ascension_level":0}}