{"host":"y3h3n3f7seyagppx","time":1609953635,"event":{"mods":["BaseMod","Colored Map","Colored Powertips","DeckTracker","Minty Spire (QoL Compilation)","Random Character Button","Rare Cards Sparkle","Relic Sorter","Relic Stats","StSLib"],"gold_per_floor":[116,133,147,157,170,202,202,202,282,282,332,345,363,392,392,470,470,485,53,66,84,95,126,126,158,158,177,177,205,239,254,254,325,325,339,354,368,413,142,175,175,189,189,189,218,235,235,253,253,253,253,253,253,2,28,28],"floor_reached":57,"playtime":9263,"items_purged":["Bash","Strike_R"],"score":2926,"play_id":"35478d43-79c5-4eba-94a7-ab40f52c0a28","local_time":"20210106122035","is_ascension_mode":true,"campfire_choices":[{"data":"Carnage","floor":8,"key":"SMITH"},{"data":"Armaments","floor":10,"key":"SMITH"},{"data":"Uppercut","floor":15,"key":"SMITH"},{"data":"Barricade","floor":24,"key":"SMITH"},{"floor":32,"key":"REST"},{"floor":41,"key":"RECALL"},{"floor":44,"key":"REST"},{"floor":49,"key":"REST"},{"floor":53,"key":"REST"}],"circlet_count":0,"master_deck":["AscendersBane","Defend_R","Defend_R","Defend_R","Defend_R","Anger","Armaments+1","Battle Trance","Uppercut+1","Evolve","Carnage+1","Brutality","Immolate","Second Wind+1","Iron Wave+1","Immolate+1","Disarm+1","Shockwave+1","True Grit+1","Sentinel+1","Barricade+1","Shrug It Off+1","Shrug It Off+1","Battle Trance+1","Disarm+1","Warcry+1","Body Slam+1","Bloodletting+1","Feed+1","Entrench+1","True Grit+1","Dark Embrace+1","Burning Pact+1","Warcry+1","Barricade","Body Slam+1","Metallicize+1","Flame Barrier+1"],"relics":["Burning Blood","Thread and Needle","Self Forming Clay","Toxic Egg 2","StoneCalendar","Astrolabe","Orrery","Toy Ornithopter","Juzu Bracelet","Darkstone Periapt","Nunchaku","Red Mask","Bottled Lightning","Fusion Hammer","Bird Faced Urn","Whetstone","Anchor","Bag of Marbles","Centennial Puzzle","Mango"],"acts_visited":["Exordium","TheCity","TheBeyond","TheEnding"],"potions_floor_usage":[6,18,23,27,33,40,42,56],"damage_taken":[{"damage":7,"enemies":"Jaw Worm","floor":1,"turns":6},{"damage":2,"enemies":"Cultist","floor":2,"turns":3},{"damage":0,"enemies":"Small Slimes","floor":3,"turns":3},{"damage":8,"enemies":"Exordium Wildlife","floor":4,"turns":4},{"damage":3,"enemies":"2 Fungi Beasts","floor":5,"turns":3},{"damage":20,"enemies":"Gremlin Nob","floor":6,"turns":4},{"damage":9,"enemies":"Lots of Slimes","floor":12,"turns":4},{"damage":5,"enemies":"Red Slaver","floor":13,"turns":3},{"damage":20,"enemies":"Lagavulin","floor":14,"turns":4},{"damage":21,"enemies":"Hexaghost","floor":16,"turns":8},{"damage":14,"enemies":"Shell Parasite","floor":18,"turns":6},{"damage":1,"enemies":"Chosen","floor":20,"turns":6},{"damage":3,"enemies":"Snecko","floor":21,"turns":4},{"damage":7,"enemies":"Centurion and Healer","floor":22,"turns":6},{"damage":16,"enemies":"Slavers","floor":23,"turns":3},{"damage":10,"enemies":"Gremlin Leader","floor":25,"turns":7},{"damage":15,"enemies":"Sentry and Sphere","floor":27,"turns":6},{"damage":1,"enemies":"Masked Bandits","floor":29,"turns":2},{"damage":29,"enemies":"Slavers","floor":30,"turns":4},{"damage":1,"enemies":"3 Cultists","floor":31,"turns":3},{"damage":11,"enemies":"Automaton","floor":33,"turns":6},{"damage":5,"enemies":"Orb Walker","floor":35,"turns":3},{"damage":4,"enemies":"3 Shapes","floor":36,"turns":7},{"damage":3,"enemies":"3 Darklings","floor":37,"turns":5},{"damage":32,"enemies":"2 Orb Walkers","floor":38,"turns":6},{"damage":0,"enemies":"Giant Head","floor":40,"turns":7},{"damage":7,"enemies":"Transient","floor":42,"turns":6},{"damage":18,"enemies":"Nemesis","floor":45,"turns":13},{"damage":0,"enemies":"4 Shapes","floor":46,"turns":7},{"damage":0,"enemies":"Spire Growth","floor":48,"turns":5},{"damage":19,"enemies":"Donu and Deca","floor":50,"turns":7},{"damage":19,"enemies":"Awakened One","floor":51,"turns":19},{"damage":15,"enemies":"Shield and Spear","floor":55,"turns":17},{"damage":53,"enemies":"The Heart","floor":56,"turns":8}],"seed_played":"-3692056361929989710","potions_obtained":[{"floor":3,"key":"DistilledChaos"},{"floor":6,"key":"Regen Potion"},{"floor":13,"key":"SteroidPotion"},{"floor":20,"key":"Block Potion"},{"floor":21,"key":"LiquidMemories"},{"floor":23,"key":"Dexterity Potion"},{"floor":31,"key":"GamblersBrew"},{"floor":33,"key":"Fruit Juice"},{"floor":40,"key":"BloodPotion"},{"floor":42,"key":"DistilledChaos"}],"is_trial":false,"path_per_floor":["M","M","M","M","M","E","?","R","T","R","?","M","M","E","R","B",null,"M","$","M","M","M","E","R","E","T","M","?","?","E","M","R","B",null,"M","M","M","?","$","E","R","M","T","R","E","M","?","M","R","B","B",null,"R","$","E","B",null],"character_chosen":"IRONCLAD","items_purchased":["Orrery","Toy Ornithopter","Shrug It Off+1","Whetstone","Centennial Puzzle","Flame Barrier+1"],"campfire_rested":4,"item_purchase_floors":[19,19,19,39,54,54],"current_hp_per_floor":[67,68,68,66,68,54,47,47,47,47,41,38,39,25,25,10,54,61,61,66,68,67,62,62,58,58,54,35,40,17,22,43,43,66,67,69,72,46,46,68,68,82,82,82,80,86,81,90,90,85,82,91,94,94,103,71],"gold":28,"neow_bonus":"ONE_RARE_RELIC","is_daily":false,"chose_seed":false,"campfire_upgraded":4,"win_rate":0.0,"timestamp":1609953635,"path_taken":["M","M","M","M","M","E","?","R","T","R","?","M","M","E","R","BOSS","M","$","M","M","M","E","R","E","T","M","?","?","E","M","R","BOSS","M","M","M","?","$","E","R","M","T","R","E","M","?","M","R","BOSS","BOSS","R","$","E","BOSS"],"items_purchased_type":["Relic","Relic","Card","Relic","Relic","Card"],"build_version":"2020-12-22","purchased_purges":2,"victory":true,"max_hp_per_floor":[68,68,68,68,68,68,68,68,68,68,68,68,68,68,68,68,68,68,68,68,68,68,68,68,68,68,68,73,73,73,73,73,73,73,73,73,73,73,73,82,82,82,82,82,86,86,86,90,90,90,94,94,94,94,108,108],"relic_stats":{"Darkstone Periapt":0,"counters":[34,205],"Self Forming Clay":[285],"Astrolabe":["Second Wind","Iron Wave","Immolate"],"StoneCalendar":[248],"Juzu Bracelet":1,"Whetstone":["Body Slam","Feed"],"Burning Blood":183,"Nunchaku":[14],"Centennial Puzzle":[6],"Bird Faced Urn":[53],"obtain_stats":[{"Darkstone Periapt":25,"Self Forming Clay":6,"Astrolabe":17,"Thread and Needle":0,"StoneCalendar":14,"Mango":55,"Juzu Bracelet":23,"Whetstone":39,"Burning Blood":0,"Nunchaku":26,"Anchor":40,"Centennial Puzzle":54,"Bird Faced Urn":38,"Orrery":19,"Fusion Hammer":34,"Red Mask":29,"Bag of Marbles":45,"Bottled Lightning":30,"Toxic Egg 2":9,"Toy Ornithopter":19},{"Darkstone Periapt":16,"Self Forming Clay":6,"Astrolabe":10,"Thread and Needle":0,"StoneCalendar":9,"Mango":33,"Juzu Bracelet":15,"Whetstone":25,"Burning Blood":0,"Nunchaku":16,"Anchor":26,"Centennial Puzzle":32,"Bird Faced Urn":25,"Orrery":11,"Fusion Hammer":21,"Red Mask":18,"Bag of Marbles":28,"Bottled Lightning":19,"Toxic Egg 2":6,"Toy Ornithopter":11},{"Darkstone Periapt":74,"Self Forming Clay":23,"Astrolabe":42,"Thread and Needle":0,"StoneCalendar":34,"Mango":197,"Juzu Bracelet":67,"Whetstone":116,"Burning Blood":0,"Nunchaku":74,"Anchor":123,"Centennial Puzzle":180,"Bird Faced Urn":116,"Orrery":48,"Fusion Hammer":95,"Red Mask":82,"Bag of Marbles":142,"Bottled Lightning":86,"Toxic Egg 2":23,"Toy Ornithopter":48}],"Toy Ornithopter":25},"card_choices":[{"not_picked":["Warcry","Headbutt"],"picked":"Anger","floor":1},{"not_picked":["Anger","Evolve"],"picked":"Armaments","floor":2},{"not_picked":["Anger","Wild Strike"],"picked":"Battle Trance","floor":3},{"not_picked":["Clothesline","Flex"],"picked":"Uppercut","floor":4},{"not_picked":["Thunderclap","Sentinel"],"picked":"Evolve","floor":5},{"not_picked":["Dark Embrace","Clash"],"picked":"Carnage","floor":6},{"not_picked":["Twin Strike","Rupture","Headbutt"],"picked":"SKIP","floor":12},{"not_picked":["Blood for Blood","Flex+1","Dropkick"],"picked":"SKIP","floor":13},{"not_picked":["Flex+1","Heavy Blade"],"picked":"Brutality","floor":14},{"not_picked":["Fiend Fire","Brutality"],"picked":"Immolate","floor":16},{"not_picked":["Wild Strike","Cleave"],"picked":"Disarm+1","floor":18},{"not_picked":["Bloodletting+1","Flex+1"],"picked":"Shockwave+1","floor":19},{"not_picked":["Perfected Strike+1","Warcry+1"],"picked":"True Grit+1","floor":19},{"not_picked":["Armaments+1","Rage+1"],"picked":"Sentinel+1","floor":19},{"not_picked":["Shockwave+1","Iron Wave"],"picked":"Barricade","floor":19},{"not_picked":["Heavy Blade","Blood for Blood","Whirlwind"],"picked":"SKIP","floor":20},{"not_picked":["Sever Soul","Flex+1"],"picked":"Shrug It Off+1","floor":21},{"not_picked":["Sentinel+1","Dropkick"],"picked":"Battle Trance+1","floor":22},{"not_picked":["Ghostly Armor+1","Rupture","Sever Soul"],"picked":"SKIP","floor":23},{"not_picked":["Clothesline","Cleave+1"],"picked":"Disarm+1","floor":25},{"not_picked":["Clash","Rupture"],"picked":"Warcry+1","floor":27},{"not_picked":["Headbutt","Feed"],"picked":"Body Slam","floor":29},{"not_picked":["Pummel+1","Cleave","Hemokinesis"],"picked":"SKIP","floor":30},{"not_picked":["Thunderclap","Warcry+1"],"picked":"Bloodletting+1","floor":31},{"not_picked":["Limit Break+1","Juggernaut"],"picked":"Feed","floor":33},{"not_picked":["Clothesline","True Grit+1"],"picked":"Entrench+1","floor":35},{"not_picked":["Wild Strike","Anger"],"picked":"True Grit+1","floor":36},{"not_picked":["Fiend Fire","Flex+1"],"picked":"Dark Embrace+1","floor":37},{"not_picked":["Sword Boomerang+1","Shockwave+1"],"picked":"Burning Pact+1","floor":38},{"not_picked":["True Grit+1","Heavy Blade"],"picked":"Warcry+1","floor":40},{"not_picked":["Hemokinesis","Spot Weakness+1","Rage+1"],"picked":"SKIP","floor":42},{"not_picked":["Warcry+1","Burning Pact+1"],"picked":"Barricade","floor":45},{"not_picked":["Shrug It Off+1","Flex+1"],"picked":"Body Slam+1","floor":46},{"not_picked":["Cleave","Barricade"],"picked":"Metallicize+1","floor":48},{"not_picked":["Uppercut","Sever Soul","Ghostly Armor+1"],"picked":"SKIP","floor":55}],"player_experience":20380061,"relics_obtained":[{"floor":6,"key":"Self Forming Clay"},{"floor":9,"key":"Toxic Egg 2"},{"floor":14,"key":"StoneCalendar"},{"floor":23,"key":"Juzu Bracelet"},{"floor":25,"key":"Darkstone Periapt"},{"floor":26,"key":"Nunchaku"},{"floor":29,"key":"Red Mask"},{"floor":30,"key":"Bottled Lightning"},{"floor":38,"key":"Bird Faced Urn"},{"floor":40,"key":"Anchor"},{"floor":45,"key":"Bag of Marbles"},{"floor":55,"key":"Mango"}],"event_choices":[{"cards_removed":["Strike_R"],"damage_healed":0,"gold_gain":0,"player_choice":"Card Removal","damage_taken":7,"max_hp_gain":0,"max_hp_loss":0,"event_name":"Golden Wing","floor":7,"gold_loss":0},{"damage_healed":0,"gold_gain":50,"player_choice":"Touch","damage_taken":6,"max_hp_gain":0,"max_hp_loss":0,"event_name":"FaceTrader","floor":11,"gold_loss":0},{"damage_healed":0,"gold_gain":0,"player_choice":"Shed Blood","damage_taken":24,"max_hp_gain":5,"max_hp_loss":0,"event_name":"Forgotten Altar","floor":28,"gold_loss":0},{"damage_healed":0,"gold_gain":0,"player_choice":"Fought Bandits","damage_taken":0,"max_hp_gain":0,"max_hp_loss":0,"event_name":"Masked Bandits","floor":29,"gold_loss":0},{"damage_healed":0,"gold_gain":0,"player_choice":"Fight","damage_taken":0,"max_hp_gain":0,"max_hp_loss":0,"event_name":"Mysterious Sphere","floor":38,"gold_loss":0},{"damage_healed":0,"gold_gain":0,"player_choice":"Bought 0 Potions","damage_taken":0,"max_hp_gain":0,"max_hp_loss":0,"event_name":"The Woman in Blue","floor":47,"gold_loss":0}],"is_beta":false,"boss_relics":[{"not_picked":["SacredBark","Runic Cube"],"picked":"Astrolabe"},{"not_picked":["Mark of Pain","Busted Crown"],"picked":"Fusion Hammer"}],"items_purged_floors":[19,39],"is_endless":false,"potions_floor_spawned":[3,6,13,20,21,23,25,31,33,40,42,45,48],"ascension_level":20}}