{"host":"ktg5lwritr12xyhv","time":1609939545,"event":{"mods":["ATMod(阿瑾Mod)","Aspiration","BaseMod","Challenge The Spire","Conspire","Downfall","Hermit","Minty Spire (QoL Compilation)","Quick Restart","Relic Stats","Replay The Spire","Robot Space Explorer","RumiaBox-露米娅的神秘盒子","SIMod","Spicy Shops","StSLib","The Alterego","The Dragon Tamer","vexMod","篝火指南"],"gold_per_floor":[99,114,64,80,113,141,164,139,157,220,220,220,233,249,261,292,304,400,400,250,260,276,145,245,312,312,323,103,153,153,188,113,141,154,249,249,249,263,275,325,335,155,155,165,165,215,250,21,143,157,174,174,174,202,79,79,79],"floor_reached":58,"playtime":2783,"items_purged":["RobotSpaceExplorer:Defend","RobotSpaceExplorer:Strike","RobotSpaceExplorer:Strike","RobotSpaceExplorer:GlueSpray+1"],"score":1441,"play_id":"cb088329-8c6e-4676-95fa-9d7bc05d544a","local_time":"20210106212545","is_ascension_mode":false,"campfire_choices":[{"data":"AT_FamilyPortrait","floor":1.0,"key":"SMITH"},{"data":"RobotSpaceExplorer:Accelerator","floor":20.0,"key":"SMITH"},{"floor":30.0,"key":"RECALL"},{"data":"RobotSpaceExplorer:PowerCollector","floor":32.0,"key":"SMITH"},{"data":"RobotSpaceExplorer:Autoloader","floor":37.0,"key":"SMITH"},{"data":"RobotSpaceExplorer:Multitool","floor":45.0,"key":"SMITH"},{"data":"RobotSpaceExplorer:StarDust","floor":56,"key":"SMITH"}],"circlet_count":0,"master_deck":["AT_FamilyPortrait+1","RobotSpaceExplorer:SurgingStrike+1","RobotSpaceExplorer:Electroshield+1","RobotSpaceExplorer:PowerGlove+1","RobotSpaceExplorer:FrostMissile+1","RobotSpaceExplorer:Pulsar+1","RobotSpaceExplorer:GearShield+1","RobotSpaceExplorer:Pulsar+1","RobotSpaceExplorer:SwiftStep+1","RobotSpaceExplorer:SwiftStep+1","RobotSpaceExplorer:PowerGlove+1","RobotSpaceExplorer:StunGrenade+1","RobotSpaceExplorer:ToxicBomb+1","RobotSpaceExplorer:Autoloader+1","RobotSpaceExplorer:Probe+1","RobotSpaceExplorer:Accelerator+1","RobotSpaceExplorer:DoubleBlock+1","RobotSpaceExplorer:JunkDive+1","RobotSpaceExplorer:PowerCollector+1","RobotSpaceExplorer:MiniBoosters+1","RobotSpaceExplorer:SlimeMissile+1","RobotSpaceExplorer:StunGrenade+1","RobotSpaceExplorer:ShovelStrike+1","RobotSpaceExplorer:PowerCollector+1","RobotSpaceExplorer:FreezeRay+1","RobotSpaceExplorer:Ammunition+1","RobotSpaceExplorer:TurboDodge+1","RobotSpaceExplorer:GearShield+1","RobotSpaceExplorer:Arsenal+1","RobotSpaceExplorer:ScrapMissile+1","RobotSpaceExplorer:SurgingShield+1","RobotSpaceExplorer:SurgingShield+1","RobotSpaceExplorer:Blitz+1","RobotSpaceExplorer:Explosion+1","RobotSpaceExplorer:Comet+1","RobotSpaceExplorer:Multitool+1","RobotSpaceExplorer:HighVoltage+1","RobotSpaceExplorer:Blaster+1","RobotSpaceExplorer:Explosion+1","RobotSpaceExplorer:Autoloader+1","RobotSpaceExplorer:ScrapToss+1","RobotSpaceExplorer:StarDust+1","RobotSpaceExplorer:Probe","RobotSpaceExplorer:Ammunition","RobotSpaceExplorer:Discharger+1","Midas Touch","Discovery","ReplayTheSpireMod:Trickstab"],"relics":["AT_ATBox","Busted Crown","AT_SunfireAegis","Centennial Puzzle","Orichalcum","ZombieArmy","Coffee Dripper","downfall:CloakOfManyFaces","CultistMask","FaceOfCleric","NlothsMask","GremlinMask","SsserpentHead","MagicDraw1","Ancient Tea Set","Iron Hammer","ReplayTheSpireMod:DimensionalGlitch","Replay:Wax Seal","SumBook","Whetstone","aspiration:Lifesprig","Toolbox","Blood Vial","ReplayTheSpireMod:ShopPack"],"acts_visited":["Exordium","TheCity","TheBeyond","TheEnding"],"potions_floor_usage":[47,57,57],"damage_taken":[{"damage":0.0,"enemies":"Jaw Worm","floor":2.0,"turns":4.0},{"damage":0.0,"enemies":"downfall:FleeingMerchant","floor":3.0,"turns":4.0},{"damage":0.0,"enemies":"2 Louse","floor":4.0,"turns":2.0},{"damage":0.0,"enemies":"conspire:MimicChest","floor":5.0,"turns":3.0},{"damage":11.0,"enemies":"3 Sentries","floor":6.0,"turns":6.0},{"damage":0.0,"enemies":"Small Slimes","floor":9.0,"turns":2.0},{"damage":0.0,"enemies":"2 Fungi Beasts","floor":13.0,"turns":3.0},{"damage":0.0,"enemies":"Lots of Slimes","floor":14.0,"turns":4.0},{"damage":0.0,"enemies":"Exordium Thugs","floor":15.0,"turns":4.0},{"damage":2.0,"enemies":"Replay:BlueRogue","floor":16.0,"turns":6.0},{"damage":0.0,"enemies":"Red Slaver","floor":17.0,"turns":4.0},{"damage":19.0,"enemies":"downfall:Defect","floor":18.0,"turns":6.0},{"damage":2.0,"enemies":"Spheric Guardian","floor":21.0,"turns":3.0},{"damage":0.0,"enemies":"Chosen","floor":22.0,"turns":5.0},{"damage":0.0,"enemies":"downfall:FleeingMerchant","floor":23.0,"turns":4.0},{"damage":0.0,"enemies":"downfall:FaceTrader","floor":24.0,"turns":4.0},{"damage":26.0,"enemies":"Snake Plant","floor":25.0,"turns":4.0},{"damage":0.0,"enemies":"Cultist and Chosen","floor":27.0,"turns":5.0},{"damage":0.0,"enemies":"downfall:FleeingMerchant","floor":28.0,"turns":4.0},{"damage":5.0,"enemies":"Replay:Snechameleon","floor":31.0,"turns":3.0},{"damage":0.0,"enemies":"Gremlin Leader","floor":33.0,"turns":2.0},{"damage":1.0,"enemies":"Sentry and Sphere","floor":34.0,"turns":3.0},{"damage":7.0,"enemies":"downfall:Watcher","floor":35.0,"turns":5.0},{"damage":0.0,"enemies":"Orb Walker","floor":38.0,"turns":3.0},{"damage":3.0,"enemies":"3 Shapes","floor":39.0,"turns":3.0},{"damage":0.0,"enemies":"3 Darklings","floor":41.0,"turns":2.0},{"damage":0.0,"enemies":"downfall:FleeingMerchant","floor":42.0,"turns":4.0},{"damage":15.0,"enemies":"Transient","floor":44.0,"turns":5.0},{"damage":0,"enemies":"Reptomancer","floor":47,"turns":4},{"damage":0,"enemies":"downfall:FleeingMerchant","floor":49,"turns":2},{"damage":0,"enemies":"Jaw Worm Horde","floor":50,"turns":3},{"damage":1,"enemies":"4 Shapes","floor":51,"turns":2},{"damage":34,"enemies":"downfall:Silent","floor":52,"turns":3},{"damage":19,"enemies":"downfall:CharBossMerchant","floor":54,"turns":4},{"damage":0,"enemies":"downfall:NeowBoss","floor":57,"turns":10}],"seed_played":"-756291635144039858","potions_obtained":[{"floor":2.0,"key":"ColorlessPotion"},{"floor":5.0,"key":"Swift Potion"},{"floor":10.0,"key":"Regen Potion"},{"floor":13.0,"key":"RobotSpaceExplorer:LiquidFusion"},{"floor":24.0,"key":"RobotSpaceExplorer:PlasmaFlask"},{"floor":31.0,"key":"hexamod:EctoCoolerPotion"},{"floor":34.0,"key":"Doom Potion"},{"floor":38.0,"key":"LiquidMemories"},{"floor":39.0,"key":"Slimebound:ThreeZeroPotion"},{"floor":47,"key":"Block Potion"}],"is_trial":false,"path_per_floor":["R","M","$","M","?","E","T","?","M","?","PTL","PTL","M","M","M","E","M","B",null,"R","M","M","$","?","M","T","M","$","T","R","E","R","E","M","B",null,"R","M","M","?","M","$","T","M","R","?","E","R","$","M","M","B",null,"E","$","R","B",null],"character_chosen":"RobotSpaceExplorer","items_purchased":["RobotSpaceExplorer:PowerGlove","RobotSpaceExplorer:MiniBoosters","RobotSpaceExplorer:FreezeRay","Replay:Wax Seal","RobotSpaceExplorer:StarDust","aspiration:Lifesprig","Toolbox","ReplayTheSpireMod:ShopPack"],"campfire_rested":0,"item_purchase_floors":[3,23,28,42,48,49,49,55],"current_hp_per_floor":[75,75,75,75,75,64,64,64,64,46,46,46,46,46,46,44,56,37,75,85,83,83,83,83,58,58,59,60,60,60,56,56,57,57,51,92,92,93,91,91,92,93,93,79,79,79,80,80,81,82,82,49,102,84,84,84,86],"gold":79,"neow_bonus":"BOSS_RELIC","is_daily":false,"chose_seed":false,"campfire_upgraded":6,"win_rate":0.0,"timestamp":1609939545,"path_taken":["R","M","$","M","?","E","T","?","M","?","PTL","PTL","M","?","M","E","M","BOSS","R","M","M","$","?","?","T","M","$","?","R","E","R","E","M","BOSS","R","M","M","?","M","$","T","M","R","?","E","R","?","M","M","BOSS","E","$","R","BOSS"],"items_purchased_type":["Card","Card","Card","Relic","Card","Relic","Relic","Relic"],"build_version":"2020-12-22","purchased_purges":4,"victory":true,"max_hp_per_floor":[75,75,75,75,75,75,75,75,75,75,75,75,75,75,75,75,75,75,75,85,85,85,85,85,86,86,87,88,88,88,89,89,90,91,92,92,92,93,94,94,95,96,96,97,97,97,98,98,99,100,101,102,102,103,103,103,104],"relic_stats":{"Blood Vial":1,"SsserpentHead":250,"Centennial Puzzle":[36],"Busted Crown":78,"FaceOfCleric":19,"counters":[35,135],"Whetstone":[],"Orichalcum":[72],"obtain_stats":[{"aspiration:Lifesprig":49,"AT_ATBox":0,"downfall:HeartBlessingGreen":20,"GremlinMask":24,"Whetstone":47,"Ancient Tea Set":31,"MagicDraw1":29,"Blood Vial":54,"SsserpentHead":24,"Centennial Puzzle":6,"FaceOfCleric":24,"downfall:HeartBlessingBlue":20,"Toolbox":49,"Iron Hammer":33,"downfall:CloakOfManyFaces":24,"Replay:Wax Seal":42,"ZombieArmy":16,"SumBook":43,"downfall:HeartBlessingRed":32,"RobotSpaceExplorer:RoboCore":0,"Orichalcum":10,"Busted Crown":0,"CultistMask":24,"Coffee Dripper":19,"AT_SunfireAegis":5,"ReplayTheSpireMod:DimensionalGlitch":36,"NlothsMask":24,"ReplayTheSpireMod:ShopPack":55},{"aspiration:Lifesprig":30,"AT_ATBox":0,"downfall:HeartBlessingGreen":12,"GremlinMask":16,"Whetstone":29,"Ancient Tea Set":20,"MagicDraw1":19,"Blood Vial":34,"SsserpentHead":16,"Centennial Puzzle":5,"FaceOfCleric":16,"downfall:HeartBlessingBlue":12,"Toolbox":30,"Iron Hammer":21,"downfall:CloakOfManyFaces":16,"Replay:Wax Seal":27,"ZombieArmy":10,"SumBook":27,"downfall:HeartBlessingRed":20,"RobotSpaceExplorer:RoboCore":0,"Orichalcum":6,"Busted Crown":0,"CultistMask":16,"Coffee Dripper":12,"AT_SunfireAegis":4,"ReplayTheSpireMod:DimensionalGlitch":23,"NlothsMask":16,"ReplayTheSpireMod:ShopPack":34},{"aspiration:Lifesprig":113,"AT_ATBox":0,"downfall:HeartBlessingGreen":48,"GremlinMask":64,"Whetstone":111,"Ancient Tea Set":80,"MagicDraw1":77,"Blood Vial":125,"SsserpentHead":64,"Centennial Puzzle":19,"FaceOfCleric":64,"downfall:HeartBlessingBlue":48,"Toolbox":113,"Iron Hammer":82,"downfall:CloakOfManyFaces":64,"Replay:Wax Seal":102,"ZombieArmy":38,"SumBook":102,"downfall:HeartBlessingRed":80,"RobotSpaceExplorer:RoboCore":0,"Orichalcum":21,"Busted Crown":0,"CultistMask":64,"Coffee Dripper":48,"AT_SunfireAegis":13,"ReplayTheSpireMod:DimensionalGlitch":90,"NlothsMask":64,"ReplayTheSpireMod:ShopPack":125}]},"card_choices":[{"not_picked":[],"picked":"RobotSpaceExplorer:SurgingStrike","floor":2.0},{"not_picked":[],"picked":"RobotSpaceExplorer:Electroshield","floor":3.0},{"not_picked":[],"picked":"RobotSpaceExplorer:FrostMissile","floor":4.0},{"not_picked":[],"picked":"RobotSpaceExplorer:Pulsar","floor":5.0},{"not_picked":[],"picked":"RobotSpaceExplorer:GearShield","floor":6.0},{"not_picked":[],"picked":"RobotSpaceExplorer:Pulsar","floor":9.0},{"not_picked":[],"picked":"RobotSpaceExplorer:SwiftStep","floor":10.0},{"not_picked":[],"picked":"RobotSpaceExplorer:SwiftStep","floor":10.0},{"not_picked":[],"picked":"RobotSpaceExplorer:PowerGlove","floor":13.0},{"not_picked":[],"picked":"RobotSpaceExplorer:StunGrenade","floor":14.0},{"not_picked":[],"picked":"RobotSpaceExplorer:ToxicBomb","floor":15.0},{"not_picked":[],"picked":"RobotSpaceExplorer:Autoloader","floor":16.0},{"not_picked":[],"picked":"RobotSpaceExplorer:Probe","floor":17.0},{"not_picked":[],"picked":"RobotSpaceExplorer:Accelerator","floor":18.0},{"not_picked":[],"picked":"RobotSpaceExplorer:DoubleBlock","floor":21.0},{"not_picked":[],"picked":"RobotSpaceExplorer:JunkDive","floor":22.0},{"not_picked":[],"picked":"RobotSpaceExplorer:PowerCollector","floor":23.0},{"not_picked":[],"picked":"RobotSpaceExplorer:SlimeMissile","floor":24.0},{"not_picked":[],"picked":"RobotSpaceExplorer:StunGrenade","floor":25.0},{"not_picked":[],"picked":"RobotSpaceExplorer:ShovelStrike+1","floor":27.0},{"not_picked":[],"picked":"RobotSpaceExplorer:PowerCollector","floor":28.0},{"not_picked":[],"picked":"RobotSpaceExplorer:Ammunition","floor":31.0},{"not_picked":[],"picked":"RobotSpaceExplorer:TurboDodge","floor":33.0},{"not_picked":[],"picked":"RobotSpaceExplorer:GearShield","floor":34.0},{"not_picked":[],"picked":"RobotSpaceExplorer:Arsenal","floor":35.0},{"not_picked":[],"picked":"RobotSpaceExplorer:ScrapMissile","floor":38.0},{"not_picked":[],"picked":"RobotSpaceExplorer:SurgingShield","floor":39.0},{"not_picked":[],"picked":"RobotSpaceExplorer:SurgingShield+1","floor":41.0},{"not_picked":[],"picked":"RobotSpaceExplorer:Blitz+1","floor":42.0},{"not_picked":[],"picked":"RobotSpaceExplorer:GlueSpray+1","floor":44.0},{"not_picked":[],"picked":"RobotSpaceExplorer:ScrapToss+1","floor":47},{"not_picked":[],"picked":"RobotSpaceExplorer:Probe","floor":49},{"not_picked":["RobotSpaceExplorer:StunGrenade"],"picked":"SKIP","floor":50},{"not_picked":[],"picked":"RobotSpaceExplorer:Ammunition","floor":51},{"not_picked":[],"picked":"RobotSpaceExplorer:Discharger+1","floor":54},{"not_picked":[],"picked":"Midas Touch","floor":55},{"not_picked":[],"picked":"Discovery","floor":55},{"not_picked":[],"picked":"ReplayTheSpireMod:Trickstab","floor":55}],"player_experience":227950,"relics_obtained":[{"floor":5.0,"key":"AT_SunfireAegis"},{"floor":6.0,"key":"Centennial Puzzle"},{"floor":10.0,"key":"Orichalcum"},{"floor":16.0,"key":"ZombieArmy"},{"floor":24.0,"key":"downfall:CloakOfManyFaces"},{"floor":29.0,"key":"MagicDraw1"},{"floor":31.0,"key":"Ancient Tea Set"},{"floor":33.0,"key":"Iron Hammer"},{"floor":43.0,"key":"SumBook"},{"floor":47,"key":"Whetstone"},{"floor":54,"key":"Blood Vial"}],"event_choices":[{"damage_healed":0.0,"max_hp_gain":0.0,"max_hp_loss":0.0,"gold_gain":0.0,"event_name":"conspire:Investor","player_choice":"Leave","floor":40.0,"gold_loss":0.0,"damage_taken":0.0}],"is_beta":false,"boss_relics":[{"not_picked":["Pandora\u0027s Box","aspiration:WatcherSkillbook"],"picked":"Coffee Dripper"},{"not_picked":["aspiration:RitualDagger","Kintsugi"],"picked":"ReplayTheSpireMod:DimensionalGlitch"}],"items_purged_floors":[23,28,42,48],"is_endless":false,"potions_floor_spawned":[2,5,13,15,16,24,31,34,38,39,44,47],"ascension_level":0}}