{"host":"uzcks4yhskks9i02","time":1609896783,"event":{"mods":["BaseMod","Minty Spire (QoL Compilation)","Quick Restart"],"gold_per_floor":[110,122,139,64,80,80,105,118,118,134,134,169,184,131,131,229,229,248,248,258,258,132,132,166,182,182,197,212,212,212,212],"floor_reached":30,"playtime":1188,"items_purged":["Decay"],"score":447,"play_id":"7af46f30-ba27-4dfd-95bd-4f3d88939ec9","local_time":"20210105183303","is_ascension_mode":true,"campfire_choices":[{"data":"Fiend Fire","floor":6.0,"key":"SMITH"},{"data":"Feed","floor":11.0,"key":"SMITH"},{"data":"Perfected Strike","floor":15.0,"key":"SMITH"},{"data":"Dual Wield","floor":23.0,"key":"SMITH"}],"circlet_count":0,"master_deck":["AscendersBane","Strike_R","Strike_R","Strike_R","Strike_R","Strike_R","Defend_R","Defend_R","Defend_R","Defend_R","Bash","Fiend Fire+1","Perfected Strike+1","Headbutt","Barricade","Twin Strike","Feed+1","Ghostly Armor","Feel No Pain","Perfected Strike","Combust","Perfected Strike","Warcry","Armaments","Twin Strike","Dual Wield+1","Dual Wield","Rupture","Infernal Blade","Wild Strike"],"relics":["Burning Blood","FossilizedHelix","Gremlin Horn","MealTicket","Mark of Pain","Turnip","Pear","Torii","Gambling Chip"],"acts_visited":["Exordium","TheCity"],"potions_floor_usage":[],"damage_taken":[{"damage":3.0,"enemies":"2 Louse","floor":1.0,"turns":3.0},{"damage":9.0,"enemies":"Jaw Worm","floor":2.0,"turns":3.0},{"damage":2.0,"enemies":"Small Slimes","floor":3.0,"turns":3.0},{"damage":6.0,"enemies":"2 Fungi Beasts","floor":5.0,"turns":4.0},{"damage":25.0,"enemies":"Lagavulin","floor":7.0,"turns":7.0},{"damage":10.0,"enemies":"Exordium Thugs","floor":8.0,"turns":4.0},{"damage":0.0,"enemies":"Exordium Wildlife","floor":10.0,"turns":3.0},{"damage":16.0,"enemies":"Gremlin Nob","floor":12.0,"turns":4.0},{"damage":0.0,"enemies":"Blue Slaver","floor":13.0,"turns":2.0},{"damage":53.0,"enemies":"The Guardian","floor":16.0,"turns":8.0},{"damage":18.0,"enemies":"2 Thieves","floor":18.0,"turns":4.0},{"damage":11.0,"enemies":"Shell Parasite","floor":20.0,"turns":3.0},{"damage":56.0,"enemies":"Gremlin Leader","floor":24.0,"turns":7.0},{"damage":19.0,"enemies":"Snecko","floor":25.0,"turns":3.0},{"damage":52.0,"enemies":"Centurion and Healer","floor":27.0,"turns":5.0},{"damage":24.0,"enemies":"Snake Plant","floor":28.0,"turns":3.0},{"damage":29,"enemies":"Shelled Parasite and Fungi","floor":30,"turns":4}],"seed_played":"-2628292012879330899","potions_obtained":[{"floor":1.0,"key":"Fire Potion"},{"floor":5.0,"key":"EssenceOfSteel"},{"floor":7.0,"key":"Regen Potion"},{"floor":8.0,"key":"BloodPotion"},{"floor":16.0,"key":"EntropicBrew"},{"floor":24.0,"key":"BloodPotion"}],"is_trial":false,"path_per_floor":["M","M","M","$","M","R","E","M","T","M","R","E","M","$","R","B",null,"M","?","M","?","$","R","E","M","T","M","M","T","M"],"character_chosen":"IRONCLAD","items_purchased":["Perfected Strike","Twin Strike","Dual Wield"],"campfire_rested":0,"item_purchase_floors":[14,22,22],"current_hp_per_floor":[75,72,76,76,76,76,57,56,56,62,62,52,58,73,73,30,73,61,61,56,56,71,71,50,37,37,14,16,16,0,0],"gold":212,"neow_bonus":"THREE_RARE_CARDS","is_daily":false,"chose_seed":false,"campfire_upgraded":4,"win_rate":0.0,"timestamp":1609896783,"path_taken":["M","M","M","$","M","R","E","M","T","M","R","E","M","$","R","BOSS","M","?","M","?","$","R","E","M","T","M","M","?","M"],"items_purchased_type":["Card","Card","Card"],"build_version":"2020-12-22","purchased_purges":1,"victory":false,"max_hp_per_floor":[80,80,80,80,80,80,80,83,83,83,83,83,83,83,83,87,87,87,87,87,87,87,87,97,97,97,101,101,101,105,105],"card_choices":[{"not_picked":["Demon Form","Bludgeon"],"picked":"Fiend Fire","floor":0.0},{"not_picked":["Cleave","Iron Wave"],"picked":"Perfected Strike","floor":1.0},{"not_picked":["Anger","Armaments"],"picked":"Headbutt","floor":2.0},{"not_picked":["Armaments","Clothesline"],"picked":"Barricade","floor":3.0},{"not_picked":["Wild Strike","Clash"],"picked":"Twin Strike","floor":5.0},{"not_picked":["Havoc","Clash"],"picked":"Feed","floor":7.0},{"not_picked":["Rupture","Headbutt"],"picked":"Ghostly Armor","floor":8.0},{"not_picked":["Clash","Flex"],"picked":"Feel No Pain","floor":10.0},{"not_picked":["Shrug It Off","Whirlwind"],"picked":"Perfected Strike","floor":12.0},{"not_picked":["Cleave","Headbutt"],"picked":"Combust","floor":13.0},{"not_picked":["Whirlwind","Thunderclap"],"picked":"Warcry","floor":18.0},{"not_picked":["Clash","Carnage"],"picked":"Armaments","floor":20.0},{"not_picked":["Second Wind","Seeing Red"],"picked":"Dual Wield","floor":24.0},{"not_picked":["Rage","Iron Wave"],"picked":"Rupture","floor":25.0},{"not_picked":["Hemokinesis","Feed"],"picked":"Infernal Blade","floor":27.0},{"not_picked":["Flex+1","True Grit"],"picked":"Wild Strike","floor":28.0}],"player_experience":485863,"relics_obtained":[{"floor":7.0,"key":"FossilizedHelix"},{"floor":9.0,"key":"Gremlin Horn"},{"floor":12.0,"key":"MealTicket"},{"floor":24.0,"key":"Pear"},{"floor":26.0,"key":"Torii"},{"floor":29.0,"key":"Gambling Chip"}],"event_choices":[{"damage_healed":0.0,"max_hp_gain":0.0,"max_hp_loss":0.0,"gold_gain":0.0,"event_name":"The Mausoleum","player_choice":"Opened","floor":19.0,"gold_loss":0.0,"damage_taken":0.0,"relics_obtained":["Turnip"]},{"damage_healed":0.0,"max_hp_gain":0.0,"max_hp_loss":0.0,"gold_gain":0.0,"event_name":"Ghosts","player_choice":"Ignored","floor":21.0,"gold_loss":0.0,"damage_taken":0.0}],"is_beta":false,"boss_relics":[{"not_picked":["Sozu","Coffee Dripper"],"picked":"Mark of Pain"}],"items_purged_floors":[4],"is_endless":false,"potions_floor_spawned":[1,5,7,8,16,24,25],"killed_by":"Shelled Parasite and Fungi","ascension_level":12}}