{"host":"hjkuipvvowcpo8la","time":1609943842,"event":{"mods":["AchievementEnabler","BaseMod","Block Reminder","CapriCore","Colored Map","Colored Powertips","Highlight Path","Minty Spire (QoL Compilation)","Permanent Neow","Quick Restart","Rare Cards Sparkle","StSLib"],"gold_per_floor":[110,130,130,26,39,69,69,104,128,128,93,93,126,143,143,143,240,240,256,256,276,49,64,64,95,95,95,95,112,125,125,151,151,249,249,259,314,328,342,360,360,391,416,455,502,532,563,122,141,141,141,141,141,13,39,39],"floor_reached":57,"playtime":3274,"items_purged":["Shame","Strike_G","Defend_G"],"score":1503,"play_id":"20cecaf5-74ea-44af-b5d7-24258b15f9aa","local_time":"20210106153722","is_ascension_mode":true,"campfire_choices":[{"data":"Neutralize","floor":7.0,"key":"SMITH"},{"floor":15.0,"key":"REST"},{"data":"Noxious Fumes","floor":16.0,"key":"SMITH"},{"data":"Leg Sweep","floor":24.0,"key":"SMITH"},{"data":"Well Laid Plans","floor":26.0,"key":"SMITH"},{"data":"Quick Slash","floor":31.0,"key":"SMITH"},{"data":"Quick Slash","floor":33.0,"key":"SMITH"},{"floor":41.0,"key":"RECALL"},{"floor":50,"key":"REST"},{"floor":53,"key":"REST"}],"circlet_count":0,"master_deck":["Strike_G+1","Defend_G+1","Defend_G","Defend_G+1","Defend_G","Survivor+1","Neutralize+1","Backflip+1","Quick Slash+1","Swift Strike+1","Leg Sweep+1","Quick Slash+1","Noxious Fumes+1","Terror+1","Cloak And Dagger+1","After Image","Dagger Throw+1","Dagger Throw+1","Tools of the Trade+1","PiercingWail+1","Backflip+1","PiercingWail+1","Deadly Poison+1","Well Laid Plans+1","Malaise+1","Deadly Poison+1","Blade Dance+1","Malaise+1","Acrobatics+1","Deadly Poison+1","Backflip+1","After Image","Blur+1","Backflip+1","Footwork","Prepared+1","Noxious Fumes","Catalyst+1"],"relics":["Black Star","Pen Nib","Smiling Mask","Whetstone","Lantern","Akabeko","Toxic Egg 2","Bronze Scales","Astrolabe","Ancient Tea Set","Happy Flower","Regal Pillow","Kunai","Dream Catcher","Juzu Bracelet","Paper Crane","Fusion Hammer","Torii","MawBank","Bottled Flame","PreservedInsect","War Paint","Bottled Tornado","Tough Bandages","Boot","Bottled Lightning"],"acts_visited":["Exordium","TheCity","TheBeyond","TheEnding"],"potions_floor_usage":[56,56,56],"damage_taken":[{"damage":0.0,"enemies":"2 Louse","floor":1.0,"turns":3.0},{"damage":3.0,"enemies":"Cultist","floor":2.0,"turns":5.0},{"damage":0.0,"enemies":"Small Slimes","floor":5.0,"turns":4.0},{"damage":24.0,"enemies":"Lagavulin","floor":6.0,"turns":9.0},{"damage":14.0,"enemies":"Gremlin Nob","floor":8.0,"turns":4.0},{"damage":9.0,"enemies":"3 Sentries","floor":13.0,"turns":6.0},{"damage":0.0,"enemies":"Looter","floor":14.0,"turns":2.0},{"damage":8.0,"enemies":"The Guardian","floor":17.0,"turns":8.0},{"damage":3.0,"enemies":"3 Byrds","floor":19.0,"turns":3.0},{"damage":0.0,"enemies":"Shell Parasite","floor":21.0,"turns":3.0},{"damage":0.0,"enemies":"Snake Plant","floor":23.0,"turns":3.0},{"damage":10.0,"enemies":"Slavers","floor":25.0,"turns":5.0},{"damage":7.0,"enemies":"Centurion and Healer","floor":29.0,"turns":5.0},{"damage":0.0,"enemies":"Chosen and Byrds","floor":30.0,"turns":4.0},{"damage":3.0,"enemies":"Book of Stabbing","floor":32.0,"turns":5.0},{"damage":0.0,"enemies":"Automaton","floor":34.0,"turns":9.0},{"damage":3.0,"enemies":"3 Darklings","floor":36.0,"turns":5.0},{"damage":0.0,"enemies":"2 Orb Walkers","floor":37.0,"turns":1.0},{"damage":0.0,"enemies":"Orb Walker","floor":38.0,"turns":3.0},{"damage":2.0,"enemies":"Transient","floor":39.0,"turns":5.0},{"damage":0.0,"enemies":"3 Darklings","floor":40.0,"turns":5.0},{"damage":1.0,"enemies":"Giant Head","floor":42.0,"turns":7.0},{"damage":1.0,"enemies":"4 Shapes","floor":43.0,"turns":10.0},{"damage":2.0,"enemies":"Reptomancer","floor":45.0,"turns":5.0},{"damage":0.0,"enemies":"Maw","floor":46.0,"turns":8.0},{"damage":8,"enemies":"Writhing Mass","floor":47,"turns":6},{"damage":1,"enemies":"Spire Growth","floor":49,"turns":5},{"damage":0,"enemies":"Time Eater","floor":51,"turns":14},{"damage":10,"enemies":"Shield and Spear","floor":55,"turns":5},{"damage":19,"enemies":"The Heart","floor":56,"turns":9}],"seed_played":"-162737112849092342","potions_obtained":[{"floor":2.0,"key":"Energy Potion"},{"floor":5.0,"key":"Explosive Potion"},{"floor":6.0,"key":"PowerPotion"},{"floor":17.0,"key":"Fruit Juice"},{"floor":21.0,"key":"Strength Potion"},{"floor":25.0,"key":"CultistPotion"},{"floor":37.0,"key":"BlessingOfTheForge"},{"floor":42.0,"key":"SteroidPotion"},{"floor":45.0,"key":"Ancient Potion"}],"is_trial":false,"path_per_floor":["M","M","?","$","M","E","R","E","T","?","?","T","E","M","R","R","B",null,"M","?","M","$","M","R","E","R","T","?","M","M","R","E","R","B",null,"M","?","M","M","M","R","E","M","T","E","M","M","$","M","R","B",null,"R","$","E","B",null],"character_chosen":"THE_SILENT","items_purchased":["Leg Sweep","Quick Slash","Happy Flower","PiercingWail+1","Footwork","Tough Bandages","Prepared+1","Catalyst+1"],"campfire_rested":3,"item_purchase_floors":[4,4,22,22,48,48,48,54],"current_hp_per_floor":[70,67,67,67,67,43,43,29,29,15,32,32,23,23,44,44,36,70,67,67,67,67,67,67,62,62,62,75,68,68,68,65,65,65,75,72,72,72,70,70,70,69,68,68,66,66,58,58,57,75,75,75,75,75,65,46],"gold":39,"neow_bonus":"BOSS_RELIC","is_daily":false,"chose_seed":false,"campfire_upgraded":6,"win_rate":0.0,"timestamp":1609943842,"path_taken":["M","M","?","?","M","E","R","E","T","?","?","?","E","M","R","R","BOSS","M","?","M","$","M","R","E","R","T","?","M","?","R","E","R","BOSS","M","?","M","M","M","R","E","M","T","E","M","M","$","M","R","BOSS","R","$","E","BOSS"],"items_purchased_type":["Card","Card","Relic","Card","Card","Relic","Card","Card"],"build_version":"2020-12-22","purchased_purges":3,"victory":true,"max_hp_per_floor":[70,70,70,70,70,70,70,70,70,70,70,70,70,70,70,70,70,70,70,70,70,70,70,70,75,75,75,75,75,75,75,75,75,75,75,75,75,75,75,75,75,75,75,75,75,75,75,75,75,75,75,75,75,75,75,75],"card_choices":[{"not_picked":["Prepared","Cloak And Dagger"],"picked":"Backflip","floor":1.0},{"not_picked":["Accuracy","Flying Knee"],"picked":"Quick Slash","floor":2.0},{"not_picked":["Expertise","Blade Dance","Tactician"],"picked":"SKIP","floor":5.0},{"not_picked":["Outmaneuver","Tactician","Leg Sweep"],"picked":"SKIP","floor":6.0},{"not_picked":["Terror","Slice"],"picked":"Noxious Fumes","floor":8.0},{"not_picked":["Acrobatics+1","Blade Dance+1"],"picked":"Terror+1","floor":13.0},{"not_picked":["Acrobatics+1","Infinite Blades"],"picked":"Cloak And Dagger+1","floor":14.0},{"not_picked":["Die Die Die","Malaise+1"],"picked":"After Image","floor":17.0},{"not_picked":["Flying Knee","Sucker Punch"],"picked":"PiercingWail+1","floor":19.0},{"not_picked":["Acrobatics+1","Dodge and Roll+1"],"picked":"Backflip+1","floor":21.0},{"not_picked":["Blade Dance+1","Dodge and Roll+1"],"picked":"Deadly Poison+1","floor":23.0},{"not_picked":["Acrobatics+1","Predator+1"],"picked":"Well Laid Plans","floor":25.0},{"not_picked":["Bane+1","Setup+1"],"picked":"Malaise+1","floor":29.0},{"not_picked":["Poisoned Stab","Outmaneuver+1"],"picked":"Deadly Poison+1","floor":30.0},{"not_picked":["Riddle With Holes","Sucker Punch"],"picked":"Blade Dance+1","floor":32.0},{"not_picked":["Die Die Die","A Thousand Cuts"],"picked":"Malaise+1","floor":34.0},{"not_picked":["Deflect+1","Underhanded Strike+1"],"picked":"Acrobatics+1","floor":36.0},{"not_picked":["Backstab","Deflect+1"],"picked":"Deadly Poison+1","floor":38.0},{"not_picked":["Blade Dance+1","Finisher"],"picked":"Backflip+1","floor":39.0},{"not_picked":["Escape Plan+1","Cloak And Dagger+1","Dodge and Roll+1"],"picked":"SKIP","floor":40.0},{"not_picked":["Cloak And Dagger+1","Endless Agony+1","Backstab+1"],"picked":"SKIP","floor":42.0},{"not_picked":["Cloak And Dagger+1","Endless Agony+1","Backstab+1"],"picked":"SKIP","floor":42.0},{"not_picked":["Prepared+1","Flechettes"],"picked":"After Image","floor":43.0},{"not_picked":["Doppelganger+1","Poisoned Stab+1"],"picked":"Blur+1","floor":45.0},{"not_picked":["Bane","Infinite Blades+1","All Out Attack"],"picked":"SKIP","floor":46.0},{"not_picked":["Tactician+1","Skewer+1"],"picked":"Backflip+1","floor":47},{"not_picked":["Expertise+1","Cloak And Dagger+1","Quick Slash"],"picked":"SKIP","floor":49},{"not_picked":["Outmaneuver+1","Reflex+1"],"picked":"Noxious Fumes","floor":53},{"not_picked":["Backflip+1","Heel Hook","Cloak And Dagger+1"],"picked":"SKIP","floor":55}],"player_experience":269287,"relics_obtained":[{"floor":6.0,"key":"Pen Nib"},{"floor":6.0,"key":"Smiling Mask"},{"floor":8.0,"key":"Whetstone"},{"floor":8.0,"key":"Lantern"},{"floor":12.0,"key":"Blue Candle"},{"floor":13.0,"key":"Toxic Egg 2"},{"floor":13.0,"key":"Bronze Scales"},{"floor":25.0,"key":"Regal Pillow"},{"floor":25.0,"key":"Kunai"},{"floor":27.0,"key":"Dream Catcher"},{"floor":32.0,"key":"Juzu Bracelet"},{"floor":32.0,"key":"Paper Crane"},{"floor":37.0,"key":"Torii"},{"floor":42.0,"key":"MawBank"},{"floor":42.0,"key":"Bottled Flame"},{"floor":44.0,"key":"PreservedInsect"},{"floor":45.0,"key":"War Paint"},{"floor":45.0,"key":"Bottled Tornado"},{"floor":55,"key":"Boot"},{"floor":55,"key":"Bottled Lightning"}],"event_choices":[{"damage_healed":0.0,"max_hp_gain":0.0,"max_hp_loss":0.0,"gold_gain":0.0,"event_name":"Match and Keep!","player_choice":"1 cards matched","floor":3.0,"gold_loss":0.0,"damage_taken":0.0,"cards_obtained":["Swift Strike"]},{"damage_healed":0.0,"max_hp_gain":0.0,"max_hp_loss":0.0,"gold_gain":0.0,"event_name":"Shining Light","player_choice":"Entered Light","floor":10.0,"gold_loss":0.0,"damage_taken":14.0,"cards_upgraded":["Backflip","Defend_G"]},{"damage_healed":17.0,"max_hp_gain":0.0,"max_hp_loss":0.0,"gold_gain":0.0,"event_name":"The Cleric","player_choice":"Healed","floor":11.0,"gold_loss":35.0,"damage_taken":0.0},{"damage_healed":0.0,"max_hp_gain":0.0,"max_hp_loss":0.0,"gold_gain":0.0,"event_name":"Addict","player_choice":"Stole Relic","floor":20.0,"gold_loss":0.0,"damage_taken":0.0,"relics_obtained":["Ancient Tea Set"],"cards_obtained":["Shame"]},{"damage_healed":13.0,"max_hp_gain":0.0,"max_hp_loss":0.0,"gold_gain":0.0,"event_name":"Wheel of Change","player_choice":"Full Heal","floor":28.0,"gold_loss":0.0,"damage_taken":0.0},{"damage_healed":0.0,"max_hp_gain":0.0,"max_hp_loss":0.0,"gold_gain":0.0,"event_name":"Mysterious Sphere","player_choice":"Fight","floor":37.0,"gold_loss":0.0,"damage_taken":0.0}],"is_beta":false,"boss_relics":[{"not_picked":["Calling Bell","Tiny House"],"picked":"Astrolabe"},{"not_picked":["Velvet Choker","SacredBark"],"picked":"Fusion Hammer"}],"items_purged_floors":[22,48,54],"is_endless":false,"potions_floor_spawned":[2,5,6,17,21,25,29,32,37,42,45,46,49,55],"ascension_level":1}}