{"host":"9b7hrp48q3pna783","time":1609926214,"event":{"mods":["BaseMod","Colored Map","Colored Powertips","Highlight Path","Minty Spire (QoL Compilation)","Relic Stats"],"gold_per_floor":[115,115,169,194,212,212,14,14,14],"floor_reached":8,"playtime":231,"items_purged":["Strike_G"],"score":48,"play_id":"3827e33a-f051-4805-8f2a-331163b59b00","local_time":"20210106044334","is_ascension_mode":true,"campfire_choices":[{"data":"Acrobatics","floor":6,"key":"SMITH"}],"circlet_count":0,"master_deck":["Strike_G","Strike_G","Strike_G","Strike_G","Defend_G","Defend_G","Defend_G","Defend_G","Defend_G","Survivor","Neutralize","Cloak And Dagger","Acrobatics+1"],"relics":["Ring of the Snake","NeowsBlessing","Golden Idol","Smiling Mask","Membership Card"],"acts_visited":["Exordium"],"potions_floor_usage":[8],"damage_taken":[{"damage":0,"enemies":"Small Slimes","floor":1,"turns":1},{"damage":0,"enemies":"Jaw Worm","floor":4,"turns":1},{"damage":0,"enemies":"2 Louse","floor":5,"turns":1},{"damage":56,"enemies":"Lagavulin","floor":8,"turns":14}],"seed_played":"7799068092810164307","potions_obtained":[{"floor":5,"key":"LiquidMemories"}],"is_trial":false,"path_per_floor":["M","?","T","M","M","R","$","E"],"character_chosen":"THE_SILENT","items_purchased":["Membership Card"],"campfire_rested":0,"item_purchase_floors":[7],"current_hp_per_floor":[70,53,53,53,53,53,53,0,0],"gold":14,"neow_bonus":"THREE_ENEMY_KILL","is_daily":false,"chose_seed":false,"campfire_upgraded":1,"win_rate":0.0,"timestamp":1609926214,"path_taken":["M","?","?","M","M","R","$","E"],"items_purchased_type":["Relic"],"build_version":"2020-12-22","purchased_purges":1,"victory":false,"max_hp_per_floor":[70,70,70,70,70,70,70,70,70],"relic_stats":{"counters":[4,17],"Golden Idol":9,"Smiling Mask":25,"obtain_stats":[{"NeowsBlessing":0,"Golden Idol":2,"Membership Card":7,"Smiling Mask":3,"Ring of the Snake":0},{"NeowsBlessing":0,"Golden Idol":1,"Membership Card":3,"Smiling Mask":1,"Ring of the Snake":0},{"NeowsBlessing":0,"Golden Idol":1,"Membership Card":3,"Smiling Mask":1,"Ring of the Snake":0}],"Ring of the Snake":[8]},"card_choices":[{"not_picked":["Heel Hook","Deflect"],"picked":"Cloak And Dagger","floor":1},{"not_picked":["Dagger Spray","Masterful Stab"],"picked":"Acrobatics","floor":4},{"not_picked":["Quick Slash","Crippling Poison","Dodge and Roll"],"picked":"SKIP","floor":5}],"player_experience":77109,"relics_obtained":[{"floor":3,"key":"Smiling Mask"}],"event_choices":[{"damage_healed":0,"gold_gain":0,"player_choice":"Take Damage","damage_taken":17,"relics_obtained":["Golden Idol"],"max_hp_gain":0,"max_hp_loss":0,"event_name":"Golden Idol","floor":2,"gold_loss":0}],"is_beta":false,"boss_relics":[],"items_purged_floors":[7],"is_endless":false,"potions_floor_spawned":[5],"killed_by":"Lagavulin","ascension_level":1}}