{"host":"mnljlkge2zm8bbif","time":1609953410,"event":{"mods":["Aspiration","BaseMod","Beaked The Cultist","Better Third Choice","BetterRewards","CCEM","Challenge The Spire","Displayed Cursed Tome","Gremlin Mod","Hubris","Minty Spire (QoL Compilation)","Relic Stats","Replay The Spire","Robot Space Explorer","Shop Mod","Spicy Shops","StSLib","The Marked"],"gold_per_floor":[109,109,123,135,135,135,162,162,162,16,16,30,30,47,47,142,142,161,161,161,161,178,207,222,233,259,259,259,278,278,289,289,389,389,401,23,42,59,79,79,79,79,131,31,41,60,90,110,110,110,110,110,9,44,44,44],"floor_reached":55,"playtime":3021,"items_purged":[],"score":796,"play_id":"48ac4a56-51cf-4c34-9a7b-1daae9dea2c0","local_time":"20210106121650","is_ascension_mode":false,"campfire_choices":[{"floor":6.0,"key":"REST"},{"data":"theMarked:Defy","floor":8.0,"key":"SMITH"},{"floor":11.0,"key":"RECALL"},{"data":"theMarked:EternalStudent","floor":15.0,"key":"SMITH"},{"floor":27.0,"key":"REST"},{"floor":30.0,"key":"REST"},{"floor":32.0,"key":"REST"},{"data":"theMarked:SoldierForm","floor":42.0,"key":"SMITH"},{"data":"theMarked:Defy","floor":49.0,"key":"SMITH"},{"data":"theMarked:BindingBlade","floor":52.0,"key":"SMITH"}],"circlet_count":0,"master_deck":["theMarked:Strike+1","theMarked:Strike+1","theMarked:Strike+1","theMarked:Strike+1","theMarked:Strike+1","theMarked:Defend+1","theMarked:Defend+1","theMarked:Defend+1","theMarked:Defend+1","theMarked:SoldierOfQuellstein","theMarked:ElementalBlade","theMarked:Defy+1","theMarked:ParalyzingBlade","theMarked:WastefulAttack","theMarked:AttractMetal","theMarked:WastefulAttack+1","theMarked:HeritageOfTheMarked","theMarked:Overthink","theMarked:ChainLightning","theMarked:ChainLightning","Mayhem","Mind Blast","Mind Blast+1","theMarked:Reabsorb","theMarked:BanishingWave","theMarked:EternalStudent+1","theMarked:SoldierForm+1","theMarked:WastefulDefense+1","RitualDagger","theMarked:SoldierOfQuellstein","theMarked:Frustration","theMarked:ShockingTouch","theMarked:Parkour","theMarked:Generate","theMarked:BindingBlade+1","theMarked:Opportunist+1","theMarked:HeightenedSenses","theMarked:TurnInvisible","theMarked:Defy+1","theMarked:TwofoldDefense+1","theMarked:ContemptForTheProud","theMarked:ContemptForTheProud","theMarked:ElementalBlade","theMarked:PowerFlow+1","theMarked:StartUp","theMarked:Aftermath+1","Midas Touch","Apotheosis","Swift Strike","ReplayTheSpireMod:IOU","theMarked:ResourceFulStrike+1","theMarked:ResourceFulStrike+1","theMarked:EmpowerWeapon+1","theMarked:Electrocute+1","theMarked:Aftermath+1","theMarked:Frustration","theMarked:WardOff","theMarked:ResourceFulStrike+1"],"relics":["theMarked:ArtifactOfAir","Blue Doll","Omamori","Boot","Orrery","ReplayTheSpireMod:ShopPack","hubris:Icosahedron","hubris:Towel","Oddly Smooth Stone","Lantern","CCEMRelics:TransientCore","Simple Rune","hubris:ToyBattleship","hubris:BlackHole","White Beast Statue","Replay:Wax Seal","aspiration:Nostalgia","beaked:MendingPlumage","hubris:MysteriousPyramids","Calipers","Orichalcum"],"acts_visited":["Exordium","TheCity","TheBeyond","TheEnding"],"potions_floor_usage":[55],"damage_taken":[{"damage":0.0,"enemies":"2 Louse","floor":1.0,"turns":1.0},{"damage":0.0,"enemies":"Jaw Worm","floor":3.0,"turns":1.0},{"damage":0.0,"enemies":"Small Slimes","floor":4.0,"turns":2.0},{"damage":0.0,"enemies":"Gremlin Nob","floor":7.0,"turns":2.0},{"damage":7.0,"enemies":"Exordium Wildlife","floor":12.0,"turns":2.0},{"damage":0.0,"enemies":"3 Louse","floor":14.0,"turns":2.0},{"damage":31.0,"enemies":"Slime Boss","floor":16.0,"turns":8.0},{"damage":13.0,"enemies":"3 Byrds","floor":18.0,"turns":6.0},{"damage":10.0,"enemies":"2 Thieves","floor":22.0,"turns":2.0},{"damage":37.0,"enemies":"Slavers","floor":23.0,"turns":5.0},{"damage":10.0,"enemies":"Cultist and Chosen","floor":24.0,"turns":4.0},{"damage":9.0,"enemies":"Centurion and Healer","floor":25.0,"turns":4.0},{"damage":6.0,"enemies":"3 Cultists","floor":29.0,"turns":3.0},{"damage":36.0,"enemies":"Shelled Parasite and Fungi","floor":31.0,"turns":3.0},{"damage":27.0,"enemies":"hubris:MusketHawk","floor":33.0,"turns":8.0},{"damage":3.0,"enemies":"3 Shapes","floor":35.0,"turns":2.0},{"damage":0.0,"enemies":"Orb Walker","floor":37.0,"turns":2.0},{"damage":8.0,"enemies":"Jaw Worm Horde","floor":38.0,"turns":2.0},{"damage":0.0,"enemies":"Maw","floor":39.0,"turns":5.0},{"damage":0.0,"enemies":"4 Shapes","floor":45.0,"turns":2.0},{"damage":18.0,"enemies":"3 Darklings","floor":46.0,"turns":2.0},{"damage":9.0,"enemies":"Reptomancer","floor":47.0,"turns":3.0},{"damage":18.0,"enemies":"Maw","floor":48.0,"turns":4.0},{"damage":48.0,"enemies":"Time Eater","floor":50.0,"turns":6.0},{"damage":3.0,"enemies":"Shield and Spear","floor":54.0,"turns":3.0},{"damage":207,"enemies":"The Heart","floor":55,"turns":8}],"seed_played":"1259313709904456694","potions_obtained":[{"floor":1.0,"key":"Block Potion"},{"floor":4.0,"key":"Energy Potion"},{"floor":18.0,"key":"Cursed Concoction"},{"floor":31.0,"key":"Reflective Coating"},{"floor":33.0,"key":"Strength Potion"},{"floor":35.0,"key":"ColorlessPotion"},{"floor":37.0,"key":"Fire Potion"},{"floor":38.0,"key":"FearPotion"},{"floor":39.0,"key":"Milkshake"},{"floor":45.0,"key":"Milkshake"},{"floor":46.0,"key":"Block Potion"},{"floor":47.0,"key":"DuplicationPotion"},{"floor":54.0,"key":"Strength Potion"}],"is_trial":false,"path_per_floor":["M","?","M","M","?","R","E","R","T","$","R","M","?","M","R","B",null,"M","?","?","?","M","E","M","M","T","R","?","M","R","M","R","B",null,"M","$","M","M","M","?","?","R","T","$","M","M","E","M","R","B",null,"R","$","E","B"],"character_chosen":"THE_DEFAULT","items_purchased":["Blue Doll","Omamori","Boot","Orrery","ReplayTheSpireMod:ShopPack","theMarked:WastefulAttack+1","theMarked:HeritageOfTheMarked","theMarked:Overthink","theMarked:ChainLightning","Lantern","White Beast Statue","theMarked:ContemptForTheProud","theMarked:ElementalBlade","theMarked:PowerFlow+1","aspiration:Nostalgia","hubris:MysteriousPyramids","theMarked:Aftermath+1","theMarked:Frustration","theMarked:WardOff"],"campfire_rested":4,"item_purchase_floors":[0,0,0,0,0,0,0,0,0,10,36,36,36,36,44,44,53,53,53],"current_hp_per_floor":[38,38,38,38,38,59,59,59,59,59,59,52,57,57,57,26,75,67,61,61,61,57,26,22,19,19,45,45,45,72,42,71,50,96,99,99,105,103,109,107,97,97,97,97,112,103,120,121,121,89,124,124,124,128,0,0],"gold":44,"neow_bonus":"","is_daily":false,"chose_seed":false,"campfire_upgraded":5,"win_rate":0.0,"timestamp":1609953410,"path_taken":["M","?","M","M","?","R","E","R","T","$","R","M","?","M","R","BOSS","M","?","?","?","M","E","?","M","T","R","?","M","R","M","R","BOSS","M","$","M","?","M","?","?","R","T","$","M","M","E","M","R","BOSS","R","$","E","BOSS"],"items_purchased_type":["Relic","Relic","Relic","Relic","Relic","Card","Card","Card","Card","Relic","Relic","Card","Card","Card","Relic","Relic","Card","Card","Card"],"build_version":"2020-12-22","purchased_purges":0,"victory":false,"max_hp_per_floor":[70,70,70,70,70,70,70,70,70,70,70,70,75,75,75,75,75,76,76,76,76,81,83,86,89,89,89,89,93,93,97,97,96,96,101,101,106,111,113,107,107,107,107,107,112,117,121,124,124,124,124,124,124,128,126,126],"relic_stats":{"counters":[102,371],"Orichalcum":[30],"Boot":[22],"obtain_stats":[{"TwistedFunnel":0,"Calipers":0,"Vajra":23,"Whetstone":0,"Ginger":0,"hubris:MysteriousPyramids":44,"Boot":0,"Old Coin":6,"Blood Vial":26,"Replay:Ringing Soul":41,"hubris:HerbalPaste":0,"DollysMirror":42,"RobotSpaceExplorer:BottledGravity":54,"beaked:SacredDeck":17,"Replay:Wax Seal":43,"Ring of Hypnosis":4,"Happy Flower":0,"aspiration:Nostalgia":0,"hubris:SphereOfDissonance":43,"Oddly Smooth Stone":7,"RobotSpaceExplorer:RingOfTheNewt":27,"aspiration:SeaSaltIceCream":0,"Paper Crane":3,"Akabeko":8,"hubris:Zylophone":10,"RobotSpaceExplorer:FoglandsKnife":28,"CCEMRelics:FestiveHat":12,"Onion Ring":9,"hubris:PeanutButter":48,"Simple Rune":23,"hubris:TenFootPole":24,"hubris:ToyBattleship":26,"Grinning Jar":34,"Mirror":29,"NlothsMask":24,"Darkstone Periapt":24,"Regal Pillow":0,"Lantern":10,"RobotSpaceExplorer:PlasmaHourglass":9,"StoneCalendar":42,"Blue Doll":0,"Snake Skull":12,"Juzu Bracelet":0,"Bag of Preparation":7,"Replay:Multitool":53,"hubris:EmptyBottle":0,"Smiling Mask":31,"Pet Ghost":54,"Burning Blood":0,"CCEMRelics:TransientCore":17,"hubris:BlackHole":34,"Dream Catcher":0,"Replay:Bandana":20,"hubris:Backtick":34,"hubris:Icosahedron":2,"hubris:CuriousFeather":38,"WingedGreaves":40,"Red Mask":19,"Chemical X":0,"aspiration:FutureDiary":17,"CCEMRelics:PaperClip":0,"Ring of the Snake":0,"Gremlin Food":9,"CCEMRelics:Barrel":43,"Lee\u0027s Waffle":45,"hubris:64BitClover":29,"RobotSpaceExplorer:RoboCore":0,"Omamori":0,"hubris:Towel":21,"Orichalcum":54,"Medical Kit":0,"White Beast Statue":36,"Strange Spoon":28,"theMarked:ArtifactOfAir":0,"Anchor":12,"hubris:Spice":0,"Orrery":0,"Ring of Fury":4,"ChewingGum":34,"hubris:BundleOfHerbs":10,"Snack Pack":9,"Durian":12,"beaked:MendingPlumage":44,"FossilizedHelix":38,"ReplayTheSpireMod:ShopPack":0},{"TwistedFunnel":0,"Calipers":42,"Vajra":27,"Whetstone":16,"Ginger":47,"hubris:MysteriousPyramids":95,"Boot":76,"Old Coin":20,"Blood Vial":12,"Replay:Ringing Soul":36,"hubris:HerbalPaste":47,"DollysMirror":36,"RobotSpaceExplorer:BottledGravity":75,"beaked:SacredDeck":23,"Replay:Wax Seal":95,"Ring of Hypnosis":18,"Happy Flower":42,"aspiration:Nostalgia":42,"hubris:SphereOfDissonance":36,"Oddly Smooth Stone":80,"RobotSpaceExplorer:RingOfTheNewt":61,"aspiration:SeaSaltIceCream":42,"Paper Crane":18,"Akabeko":52,"hubris:Zylophone":21,"RobotSpaceExplorer:FoglandsKnife":61,"CCEMRelics:FestiveHat":53,"Onion Ring":46,"hubris:PeanutButter":73,"Simple Rune":86,"hubris:TenFootPole":12,"hubris:ToyBattleship":88,"Grinning Jar":64,"Mirror":29,"NlothsMask":27,"Darkstone Periapt":61,"Regal Pillow":0,"Lantern":80,"RobotSpaceExplorer:PlasmaHourglass":52,"StoneCalendar":36,"Blue Doll":76,"Snake Skull":21,"Juzu Bracelet":16,"Bag of Preparation":46,"Replay:Multitool":74,"hubris:EmptyBottle":0,"Smiling Mask":15,"Pet Ghost":41,"Burning Blood":42,"CCEMRelics:TransientCore":55,"hubris:BlackHole":91,"Dream Catcher":0,"Replay:Bandana":11,"hubris:Backtick":64,"hubris:Icosahedron":77,"hubris:CuriousFeather":67,"WingedGreaves":69,"Red Mask":25,"Chemical X":47,"aspiration:FutureDiary":9,"CCEMRelics:PaperClip":42,"Ring of the Snake":0,"Gremlin Food":5,"CCEMRelics:Barrel":70,"Lee\u0027s Waffle":71,"hubris:64BitClover":13,"RobotSpaceExplorer:RoboCore":0,"Omamori":76,"hubris:Towel":11,"Orichalcum":101,"Medical Kit":47,"White Beast Statue":92,"Strange Spoon":61,"theMarked:ArtifactOfAir":0,"Anchor":21,"hubris:Spice":0,"Orrery":76,"Ring of Fury":18,"ChewingGum":31,"hubris:BundleOfHerbs":21,"Snack Pack":21,"Durian":21,"beaked:MendingPlumage":95,"FossilizedHelix":34,"ReplayTheSpireMod:ShopPack":76},{"TwistedFunnel":0,"Calipers":156,"Vajra":88,"Whetstone":52,"Ginger":171,"hubris:MysteriousPyramids":343,"Boot":279,"Old Coin":66,"Blood Vial":35,"Replay:Ringing Soul":126,"hubris:HerbalPaste":171,"DollysMirror":126,"RobotSpaceExplorer:BottledGravity":274,"beaked:SacredDeck":81,"Replay:Wax Seal":343,"Ring of Hypnosis":61,"Happy Flower":156,"aspiration:Nostalgia":156,"hubris:SphereOfDissonance":126,"Oddly Smooth Stone":285,"RobotSpaceExplorer:RingOfTheNewt":219,"aspiration:SeaSaltIceCream":156,"Paper Crane":61,"Akabeko":188,"hubris:Zylophone":69,"RobotSpaceExplorer:FoglandsKnife":219,"CCEMRelics:FestiveHat":191,"Onion Ring":168,"hubris:PeanutButter":266,"Simple Rune":310,"hubris:TenFootPole":35,"hubris:ToyBattleship":318,"Grinning Jar":232,"Mirror":96,"NlothsMask":88,"Darkstone Periapt":219,"Regal Pillow":0,"Lantern":285,"RobotSpaceExplorer:PlasmaHourglass":188,"StoneCalendar":126,"Blue Doll":279,"Snake Skull":69,"Juzu Bracelet":52,"Bag of Preparation":168,"Replay:Multitool":269,"hubris:EmptyBottle":0,"Smiling Mask":46,"Pet Ghost":150,"Burning Blood":156,"CCEMRelics:TransientCore":200,"hubris:BlackHole":332,"Dream Catcher":0,"Replay:Bandana":31,"hubris:Backtick":232,"hubris:Icosahedron":280,"hubris:CuriousFeather":243,"WingedGreaves":248,"Red Mask":84,"Chemical X":171,"aspiration:FutureDiary":26,"CCEMRelics:PaperClip":156,"Ring of the Snake":0,"Gremlin Food":10,"CCEMRelics:Barrel":253,"Lee\u0027s Waffle":256,"hubris:64BitClover":38,"RobotSpaceExplorer:RoboCore":0,"Omamori":279,"hubris:Towel":31,"Orichalcum":363,"Medical Kit":171,"White Beast Statue":334,"Strange Spoon":219,"theMarked:ArtifactOfAir":0,"Anchor":69,"hubris:Spice":0,"Orrery":279,"Ring of Fury":61,"ChewingGum":105,"hubris:BundleOfHerbs":69,"Snack Pack":69,"Durian":69,"beaked:MendingPlumage":343,"FossilizedHelix":114,"ReplayTheSpireMod:ShopPack":279}]},"card_choices":[{"not_picked":["theMarked:ElectricStrings","theMarked:WastefulAttack"],"picked":"theMarked:ElementalBlade","floor":0.0},{"not_picked":["theMarked:ContemptForTheProud","theMarked:HeritageOfTheMarked"],"picked":"theMarked:Defy","floor":0.0},{"not_picked":["theMarked:WardOff","theMarked:Improvise"],"picked":"theMarked:ParalyzingBlade","floor":0.0},{"not_picked":["theMarked:Static","theMarked:ResourceFulStrike"],"picked":"theMarked:WastefulAttack","floor":0.0},{"not_picked":["theMarked:TwofoldDefense","theMarked:MysticalArsenal"],"picked":"theMarked:AttractMetal","floor":0.0},{"not_picked":["Thinking Ahead","Apotheosis"],"picked":"Mayhem","floor":0.0},{"not_picked":["Secret Weapon","Master of Strategy"],"picked":"Mind Blast","floor":0.0},{"not_picked":["Deep Breath","Survey Options"],"picked":"Mind Blast","floor":0.0},{"not_picked":["theMarked:ResourceFulStrike","theMarked:Electrify"],"picked":"theMarked:Reabsorb","floor":1.0},{"not_picked":["theMarked:ResourceFulStrike","theMarked:Aftermath"],"picked":"theMarked:BanishingWave","floor":3.0},{"not_picked":["theMarked:BanishingStrike","theMarked:Static","theMarked:WastefulAttack"],"picked":"SKIP","floor":4.0},{"not_picked":["theMarked:HeightenedSenses","theMarked:Reabsorb","theMarked:Aftermath"],"picked":"SKIP","floor":7.0},{"not_picked":["theMarked:Improvise","theMarked:SwordAndMagic"],"picked":"theMarked:EternalStudent","floor":12.0},{"not_picked":["theMarked:WastefulAttack","theMarked:MysticalArsenal","theMarked:WardOff"],"picked":"SKIP","floor":14.0},{"not_picked":["theMarked:SuspiciousRaven","theMarked:BindingBlade"],"picked":"theMarked:SoldierForm","floor":16.0},{"not_picked":["theMarked:BanishingWave","theMarked:SwordAndMagic"],"picked":"theMarked:WastefulDefense+1","floor":18.0},{"not_picked":["theMarked:SwordAndMagic+1","theMarked:EmpowerWeapon"],"picked":"theMarked:Parkour","floor":22.0},{"not_picked":["theMarked:TunnelVision+1","theMarked:PowerFlow"],"picked":"theMarked:Generate","floor":23.0},{"not_picked":["theMarked:Aftermath","theMarked:Improvise"],"picked":"theMarked:BindingBlade","floor":24.0},{"not_picked":["theMarked:WastefulAttack","theMarked:BanishingWave"],"picked":"theMarked:Opportunist+1","floor":25.0},{"not_picked":["theMarked:Frustration+1","theMarked:Overcharge"],"picked":"theMarked:HeightenedSenses","floor":29.0},{"not_picked":["theMarked:AttractMetal","theMarked:RepellingDischarge+1"],"picked":"theMarked:TurnInvisible","floor":31.0},{"not_picked":["theMarked:TurnInvisible","theMarked:Vacuum"],"picked":"theMarked:Defy","floor":33.0},{"not_picked":["theMarked:EnhanceMovement","theMarked:Improvise"],"picked":"theMarked:TwofoldDefense+1","floor":35.0},{"not_picked":["theMarked:WastefulDefense+1","theMarked:TwofoldDefense+1"],"picked":"theMarked:StartUp","floor":37.0},{"not_picked":["theMarked:RepellingDischarge","theMarked:TunnelVision+1","theMarked:PowerFlow"],"picked":"SKIP","floor":38.0},{"not_picked":["theMarked:Static","theMarked:SuspiciousRaven"],"picked":"theMarked:Aftermath+1","floor":39.0},{"not_picked":["hubris:Insight","Survey Options"],"picked":"Midas Touch","floor":41.0},{"not_picked":["Purity","Panache"],"picked":"Apotheosis","floor":41.0},{"not_picked":["Sadistic Nature","hubris:Insight"],"picked":"Swift Strike","floor":41.0},{"not_picked":["theMarked:DeterminationOfTheMarked+1","theMarked:ComboAttacks"],"picked":"theMarked:ResourceFulStrike+1","floor":45.0},{"not_picked":["theMarked:WastefulDefense+1","theMarked:SwordAndMagic+1"],"picked":"theMarked:ResourceFulStrike+1","floor":46.0},{"not_picked":["theMarked:ReduceFriction","theMarked:Parkour"],"picked":"theMarked:EmpowerWeapon+1","floor":47.0},{"not_picked":["theMarked:ElectricStrings","theMarked:WardOff"],"picked":"theMarked:Electrocute+1","floor":48.0},{"not_picked":["theMarked:TwofoldDefense","theMarked:Overthink+1"],"picked":"theMarked:ResourceFulStrike+1","floor":54.0}],"player_experience":437876,"relics_obtained":[{"floor":7.0,"key":"Oddly Smooth Stone"},{"floor":23.0,"key":"Simple Rune"},{"floor":26.0,"key":"hubris:ToyBattleship"},{"floor":43.0,"key":"Replay:Wax Seal"},{"floor":47.0,"key":"Calipers"},{"floor":54.0,"key":"Orichalcum"}],"event_choices":[{"damage_healed":0.0,"max_hp_gain":5.0,"max_hp_loss":0.0,"gold_gain":0.0,"event_name":"Big Fish","player_choice":"Donut","floor":13.0,"gold_loss":0.0,"damage_taken":0.0},{"damage_healed":0.0,"max_hp_gain":0.0,"max_hp_loss":0.0,"gold_gain":0.0,"event_name":"betterThird:BetterNest","player_choice":"Dagger","floor":19.0,"gold_loss":0.0,"damage_taken":6.0,"cards_obtained":["RitualDagger"]},{"damage_healed":0.0,"max_hp_gain":0.0,"max_hp_loss":9.0,"gold_gain":0.0,"event_name":"betterThird:BetterWriting","player_choice":"Simplicity","floor":20.0,"gold_loss":0.0,"damage_taken":0.0},{"damage_healed":0.0,"max_hp_gain":0.0,"max_hp_loss":0.0,"gold_gain":0.0,"event_name":"Match and Keep!","player_choice":"3 cards matched","floor":21.0,"gold_loss":0.0,"damage_taken":0.0,"cards_obtained":["theMarked:SoldierOfQuellstein","theMarked:Frustration","theMarked:ShockingTouch"]},{"damage_healed":0.0,"max_hp_gain":0.0,"max_hp_loss":0.0,"gold_gain":0.0,"event_name":"Match and Keep!","player_choice":"3 cards matched","floor":21.0,"gold_loss":0.0,"damage_taken":0.0,"cards_obtained":["theMarked:SoldierOfQuellstein","theMarked:Frustration","theMarked:ShockingTouch"]},{"damage_healed":0.0,"max_hp_gain":0.0,"max_hp_loss":0.0,"gold_gain":0.0,"event_name":"Accursed Blacksmith","player_choice":"Forge","floor":28.0,"gold_loss":0.0,"damage_taken":0.0,"cards_upgraded":["Mind Blast"]},{"damage_healed":0.0,"max_hp_gain":0.0,"max_hp_loss":6.0,"gold_gain":0.0,"event_name":"Winding Halls","player_choice":"Max HP","floor":40.0,"gold_loss":0.0,"damage_taken":0.0},{"damage_healed":0.0,"max_hp_gain":0.0,"max_hp_loss":0.0,"gold_gain":0.0,"event_name":"SensoryStone","player_choice":"Memory 3","floor":41.0,"gold_loss":0.0,"damage_taken":10.0}],"is_beta":false,"boss_relics":[{"not_picked":["aspiration:DefectSkillbook","aspiration:PoetsPen_weak"],"picked":"CCEMRelics:TransientCore"},{"not_picked":["aspiration:FutureDiary","hubris:GrandSneckoEye"],"picked":"hubris:BlackHole"}],"items_purged_floors":[],"is_endless":false,"potions_floor_spawned":[1,4,18,31,33,35,37,38,39,45,46,47,48,54],"killed_by":"The Heart","ascension_level":0}}