{"host":"4cz9gr89nglr7k8k","time":1609952825,"event":{"mods":["BaseMod","Minty Spire (QoL Compilation)","Relic Stats","Slay-I"],"gold_per_floor":[116,266,266,266,286,286,344,344,344,344,24,39,69,69,69,146,146,156,78,128,142,142,142,170,180,180,180,180],"floor_reached":27,"playtime":609,"items_purged":[],"score":434,"play_id":"7a203120-2c64-4626-bfc1-1088dab5e159","local_time":"20210106180705","is_ascension_mode":true,"campfire_choices":[{"floor":6,"key":"REST"},{"floor":8,"key":"REST"},{"floor":10,"key":"REST"},{"floor":15,"key":"REST"},{"floor":23,"key":"REST"}],"circlet_count":0,"master_deck":["AscendersBane","Strike_R","Strike_R","Strike_R","Strike_R","Strike_R","Defend_R+1","Defend_R","Defend_R","Defend_R+1","Bash","Wild Strike+1","Doubt","Disarm","Ghostly Armor","Wild Strike+1","Sword Boomerang","Perfected Strike","Immolate","Clothesline+1","Metallicize","Infernal Blade","Power Through+1","Clash"],"relics":["Burning Blood","Ancient Tea Set","Potion Belt","Darkstone Periapt","Vajra","DollysMirror","Odd Mushroom","Velvet Choker","Toy Ornithopter","Bottled Tornado"],"acts_visited":["Exordium","TheCity"],"potions_floor_usage":[16,24,25],"damage_taken":[{"damage":13,"enemies":"2 Louse","floor":1,"turns":3},{"damage":9,"enemies":"Jaw Worm","floor":5,"turns":3},{"damage":48,"enemies":"Gremlin Nob","floor":7,"turns":5},{"damage":0,"enemies":"Small Slimes","floor":12,"turns":2},{"damage":27,"enemies":"The Mushroom Lair","floor":13,"turns":4},{"damage":38,"enemies":"Slime Boss","floor":16,"turns":8},{"damage":25,"enemies":"3 Byrds","floor":18,"turns":5},{"damage":18,"enemies":"Shell Parasite","floor":21,"turns":5},{"damage":23,"enemies":"Book of Stabbing","floor":24,"turns":3},{"damage":30,"enemies":"3 Cultists","floor":25,"turns":5},{"damage":22,"enemies":"Centurion and Healer","floor":27,"turns":4}],"seed_played":"5332716176233367466","potions_obtained":[{"floor":7,"key":"CultistPotion"},{"floor":18,"key":"Strength Potion"},{"floor":24,"key":"LiquidMemories"},{"floor":25,"key":"DuplicationPotion"}],"is_trial":false,"path_per_floor":["M","?","?","?","M","R","?","R","T","R","$","M","?","?","R","B",null,"M","$","?","M","?","R","E","M","T","M"],"character_chosen":"IRONCLAD","items_purchased":["Vajra","DollysMirror","Metallicize"],"campfire_rested":5,"item_purchase_floors":[11,11,19],"current_hp_per_floor":[61,61,66,66,63,80,38,62,62,80,80,80,59,35,59,27,67,48,48,48,36,30,54,37,18,18,0,0],"gold":180,"neow_bonus":"RANDOM_COMMON_RELIC","is_daily":false,"chose_seed":false,"campfire_upgraded":0,"win_rate":0.0,"timestamp":1609952825,"path_taken":["M","?","?","?","M","R","?","R","T","R","?","?","?","?","R","BOSS","M","$","?","?","?","R","E","M","T","?"],"items_purchased_type":["Relic","Relic","Card"],"build_version":"2020-12-22","purchased_purges":0,"victory":false,"max_hp_per_floor":[75,75,80,80,80,80,80,80,80,80,80,80,80,80,80,80,80,80,80,80,80,80,80,80,80,80,80,80],"relic_stats":{"Darkstone Periapt":0,"counters":[11,47],"obtain_stats":[{"Potion Belt":7,"Darkstone Periapt":9,"DollysMirror":11,"Vajra":11,"Velvet Choker":17,"Odd Mushroom":13,"Bottled Tornado":26,"Ancient Tea Set":0,"Burning Blood":0,"Toy Ornithopter":24},{"Potion Belt":3,"Darkstone Periapt":3,"DollysMirror":3,"Vajra":3,"Velvet Choker":6,"Odd Mushroom":5,"Bottled Tornado":10,"Ancient Tea Set":0,"Burning Blood":0,"Toy Ornithopter":9},{"Potion Belt":11,"Darkstone Periapt":11,"DollysMirror":11,"Vajra":11,"Velvet Choker":25,"Odd Mushroom":17,"Bottled Tornado":43,"Ancient Tea Set":0,"Burning Blood":0,"Toy Ornithopter":38}],"Burning Blood":54,"Toy Ornithopter":5},"card_choices":[{"not_picked":["Blood for Blood","Battle Trance"],"picked":"Wild Strike","floor":1},{"not_picked":["Heavy Blade","Headbutt"],"picked":"Disarm","floor":5},{"not_picked":["Evolve","Warcry"],"picked":"Ghostly Armor","floor":7},{"not_picked":["Searing Blow","Wild Strike"],"picked":"Sword Boomerang","floor":12},{"not_picked":["Headbutt","Body Slam"],"picked":"Perfected Strike","floor":13},{"not_picked":["Feed","Exhume"],"picked":"Immolate","floor":16},{"not_picked":["Heavy Blade","Anger"],"picked":"Clothesline+1","floor":18},{"not_picked":["Sword Boomerang","Reckless Charge"],"picked":"Infernal Blade","floor":21},{"not_picked":["Feed","Pommel Strike"],"picked":"Power Through+1","floor":24},{"not_picked":["Clothesline","Armaments"],"picked":"Clash","floor":25}],"player_experience":1478688,"relics_obtained":[{"floor":7,"key":"Potion Belt"},{"floor":9,"key":"Darkstone Periapt"},{"floor":13,"key":"Odd Mushroom"},{"floor":24,"key":"Toy Ornithopter"},{"floor":26,"key":"Bottled Tornado"}],"event_choices":[{"damage_healed":0,"gold_gain":150,"player_choice":"AGREE","damage_taken":0,"max_hp_gain":0,"max_hp_loss":0,"event_name":"Liars Game","floor":2,"gold_loss":0,"cards_obtained":["Doubt"]},{"damage_healed":0,"gold_gain":0,"player_choice":"Donut","damage_taken":0,"max_hp_gain":5,"max_hp_loss":0,"event_name":"Big Fish","floor":3,"gold_loss":0},{"damage_healed":0,"gold_gain":0,"player_choice":"Grow","damage_taken":0,"max_hp_gain":0,"max_hp_loss":0,"event_name":"Living Wall","floor":4,"gold_loss":0,"cards_upgraded":["Wild Strike"]},{"damage_healed":0,"gold_gain":0,"player_choice":"Searched \u00272\u0027 times","damage_taken":0,"max_hp_gain":0,"max_hp_loss":0,"event_name":"Dead Adventurer","floor":7,"gold_loss":0},{"damage_healed":0,"gold_gain":0,"player_choice":"Fought Mushrooms","damage_taken":0,"max_hp_gain":0,"max_hp_loss":0,"event_name":"Mushrooms","floor":13,"gold_loss":0},{"damage_healed":0,"gold_gain":0,"player_choice":"Entered Light","damage_taken":24,"max_hp_gain":0,"max_hp_loss":0,"event_name":"Shining Light","floor":14,"gold_loss":0,"cards_upgraded":["Defend_R","Defend_R"]},{"damage_healed":0,"gold_gain":100,"player_choice":"Bet on Murderer","damage_taken":0,"max_hp_gain":0,"max_hp_loss":0,"event_name":"The Joust","floor":20,"gold_loss":50},{"damage_healed":0,"gold_gain":0,"player_choice":"","damage_taken":6,"max_hp_gain":0,"max_hp_loss":0,"event_name":"Knowing Skull","floor":22,"potions_obtained":[],"gold_loss":0,"cards_obtained":[]}],"is_beta":false,"boss_relics":[{"not_picked":["Philosopher\u0027s Stone","Runic Pyramid"],"picked":"Velvet Choker"}],"items_purged_floors":[],"is_endless":false,"potions_floor_spawned":[7,18,24,25],"killed_by":"Centurion and Healer","ascension_level":20}}