{"host":"56ghxnzsglgdq727","time":1609915760,"event":{"mods":["AchievementEnabler","BaseMod","Downfall","Minty Spire (QoL Compilation)","StSLib"],"gold_per_floor":[99,118,218,218,218,143,169,188,247,172,184,198,198,108,128,225,225,225,238,238,323,335,350,397,423,435,435,435,465,390,404,423,523,523,523,535,553,98,117,133,133,183,183,7,7,19,39,51,68,68,68],"floor_reached":50,"playtime":3663,"items_purged":["champ:Execute","champ:Defend","champ:Defend"],"score":629,"play_id":"68a5c7e7-179b-4f01-907e-dd74a5007892","local_time":"20210106014920","is_ascension_mode":true,"campfire_choices":[{"floor":1,"key":"RECALL"},{"data":"champ:ArenaPreparation","floor":6,"key":"SMITH"},{"data":"champ:GladiatorStyle","floor":10,"key":"SMITH"},{"data":"champ:ArenaPreparation","floor":13,"key":"SMITH"},{"data":"champ:CrownThrow","floor":18,"key":"SMITH"},{"floor":30,"key":"REST"},{"data":"champ:StrikeOfGenius","floor":35,"key":"SMITH"},{"floor":43,"key":"REST"}],"circlet_count":0,"master_deck":["champ:Strike","champ:Strike","champ:Strike","champ:Defend","champ:Taunt+1","champ:GladiatorStyle+1","champ:CrookedStrike","champ:GladiatorStyle","champ:CrownThrow+1","champ:LastStand","champ:PreciseThrust","champ:Balance","champ:StrikeOfGenius+1","champ:ShieldWall+1","champ:ViciousMockery","champ:CrookedStrike","champ:CrownThrow+1","champ:EnchantCrown","champ:HoldFirm","champ:Balance+1","champ:FlashCut","champ:BladeFlurry+1","champ:PreciseThrust","champ:BringItOn","champ:MurderStrike","expansioncontent:Flail"],"relics":["champ:ChampionCrownUpgraded","War Paint","downfall:BrokenWingStatue","downfall:HeartBlessingRed","Mummified Hand","downfall:HeartBlessingBlue","Strawberry","Omamori","TungstenRod","downfall:HeartBlessingGreen","Empty Cage","Torii","StrikeDummy","champ:GladiatorsBookOfMartialProwess","Mango"],"acts_visited":["Exordium","TheCity","TheBeyond"],"potions_floor_usage":[8,16,16,23,40,42,46,49],"damage_taken":[{"damage":15,"enemies":"Jaw Worm","floor":2,"turns":4},{"damage":48,"enemies":"Small Slimes","floor":8,"turns":3},{"damage":73,"enemies":"Lagavulin Event","floor":9,"turns":6},{"damage":7,"enemies":"2 Louse","floor":11,"turns":2},{"damage":17,"enemies":"Large Slime","floor":12,"turns":3},{"damage":26,"enemies":"downfall:FleeingMerchant","floor":14,"turns":4},{"damage":7,"enemies":"Exordium Wildlife","floor":15,"turns":3},{"damage":68,"enemies":"downfall:Silent","floor":16,"turns":6},{"damage":36,"enemies":"3 Byrds","floor":19,"turns":3},{"damage":17,"enemies":"Shell Parasite","floor":22,"turns":4},{"damage":28,"enemies":"Snake Plant","floor":23,"turns":6},{"damage":39,"enemies":"Gremlin Leader","floor":25,"turns":7},{"damage":34,"enemies":"Centurion and Healer","floor":26,"turns":5},{"damage":70,"enemies":"Slavers","floor":29,"turns":7},{"damage":59,"enemies":"Snecko","floor":31,"turns":8},{"damage":20,"enemies":"Shelled Parasite and Fungi","floor":32,"turns":2},{"damage":32,"enemies":"downfall:Defect","floor":33,"turns":6},{"damage":23,"enemies":"3 Shapes","floor":36,"turns":3},{"damage":11,"enemies":"Orb Walker","floor":37,"turns":3},{"damage":2,"enemies":"downfall:FleeingMerchant","floor":38,"turns":4},{"damage":55,"enemies":"Maw","floor":39,"turns":9},{"damage":11,"enemies":"Sphere and 2 Shapes","floor":40,"turns":6},{"damage":27,"enemies":"Mind Bloom Boss Battle","floor":42,"turns":9},{"damage":6,"enemies":"downfall:FleeingMerchant","floor":44,"turns":4},{"damage":2,"enemies":"Jaw Worm Horde","floor":46,"turns":3},{"damage":46,"enemies":"Maw","floor":47,"turns":9},{"damage":0,"enemies":"Writhing Mass","floor":48,"turns":3},{"damage":2,"enemies":"Spire Growth","floor":49,"turns":5},{"damage":19,"enemies":"downfall:Watcher","floor":50,"turns":9}],"seed_played":"-1671779148962347663","potions_obtained":[{"floor":2,"key":"PowerPotion"},{"floor":11,"key":"Slimebound:ThreeZeroPotion"},{"floor":15,"key":"DuplicationPotion"},{"floor":19,"key":"Regen Potion"},{"floor":22,"key":"SteroidPotion"},{"floor":33,"key":"ColorlessPotion"},{"floor":37,"key":"Ancient Potion"},{"floor":40,"key":"hexamod:EctoCoolerPotion"},{"floor":45,"key":"CultistPotion"},{"floor":45,"key":"PowerPotion"},{"floor":47,"key":"Fire Potion"},{"floor":49,"key":"sneckomod:MuddlingPotion"}],"is_trial":false,"path_per_floor":["R","M","?","?","?","R","T","M","?","R","M","M","R","$","M","B",null,"R","M","?","?","M","M","T","E","M","?","?","E","R","M","M","B",null,"R","M","M","$","M","M","T","?","R","$","?","M","M","M","M","B"],"character_chosen":"THE_CHAMP","items_purchased":["Torii","champ:PreciseThrust","Mango","expansioncontent:Flail"],"campfire_rested":2,"item_purchase_floors":[38,38,44,44],"current_hp_per_floor":[90,85,85,85,90,90,90,90,40,50,48,46,46,46,44,30,105,105,105,105,87,84,90,97,71,68,68,68,8,41,11,17,25,112,112,92,84,85,35,29,29,8,41,57,57,58,15,15,16,0,0],"gold":68,"neow_bonus":"RANDOM_COMMON_RELIC","is_daily":false,"chose_seed":false,"campfire_upgraded":5,"win_rate":0.0,"timestamp":1609915760,"path_taken":["R","M","?","?","?","R","T","M","?","R","M","?","R","?","M","BOSS","R","M","?","?","M","M","T","E","M","?","?","E","R","?","M","BOSS","R","M","M","$","M","M","T","?","R","$","?","M","?","M","M","BOSS"],"items_purchased_type":["Relic","Card","Relic","Card"],"build_version":"2020-12-22","purchased_purges":3,"victory":false,"max_hp_per_floor":[90,90,90,90,95,95,95,95,95,105,105,105,105,105,105,105,105,105,105,105,105,105,105,112,112,112,112,112,112,112,112,112,112,112,112,112,112,112,112,112,112,112,112,126,126,126,126,126,126,126,126],"card_choices":[{"not_picked":["champ:Lariat","champ:RecklessLeap"],"picked":"champ:ArenaPreparation","floor":2},{"not_picked":["champ:DefensiveShout","champ:FalseCounter"],"picked":"champ:GladiatorStyle","floor":8},{"not_picked":["champ:Backstep","champ:FlashCut"],"picked":"champ:ArenaPreparation","floor":11},{"not_picked":["champ:EnGarde","champ:Haymaker"],"picked":"champ:CrookedStrike","floor":12},{"not_picked":["champ:GutPunch","champ:HeartStrike"],"picked":"champ:GladiatorStyle","floor":14},{"not_picked":["champ:StanceDance","champ:RisingSlash"],"picked":"champ:CrownThrow","floor":15},{"not_picked":["champ:EnchantShield","champ:EnchantSword"],"picked":"champ:LastStand","floor":16},{"not_picked":["champ:CrookedStrike","champ:Balance"],"picked":"champ:PreciseThrust","floor":19},{"not_picked":["champ:SkillfulDodge","champ:EnGarde+1","champ:FocusedBerserking+1"],"picked":"SKIP","floor":22},{"not_picked":["champ:AdrenalArmor","champ:FanOfKnives"],"picked":"champ:Balance","floor":23},{"not_picked":["champ:PerfectedStrike","champ:PreciseThrust+1"],"picked":"champ:StrikeOfGenius","floor":25},{"not_picked":["champ:RageSigil","champ:GladiatorsShout"],"picked":"champ:ShieldWall+1","floor":26},{"not_picked":["champ:Circumvent+1","champ:RisingSlash"],"picked":"champ:EnchantCrown","floor":29},{"not_picked":["champ:RageSigil+1","champ:PerfectedStrike","champ:BladeFlurry+1"],"picked":"SKIP","floor":31},{"not_picked":["champ:CrookedStrike","champ:ShieldSigil","champ:TornadoPunch"],"picked":"SKIP","floor":32},{"not_picked":["champ:StrikeOfGenius","champ:MurderStrike"],"picked":"champ:HoldFirm","floor":33},{"not_picked":["champ:CrookedStrike","champ:PerfectedStrike+1"],"picked":"champ:Balance+1","floor":36},{"not_picked":["champ:Lariat+1","champ:ShieldSigil"],"picked":"champ:FlashCut","floor":37},{"not_picked":["champ:SwordSigil+1","champ:RageSigil"],"picked":"champ:BladeFlurry+1","floor":38},{"not_picked":["champ:PerfectedStrike","champ:StanceDance+1","champ:AdrenalArmor"],"picked":"SKIP","floor":39},{"not_picked":["champ:PerfectedStrike","champ:Haymaker"],"picked":"champ:BringItOn","floor":40},{"not_picked":["champ:GladiatorStyle","champ:BerserkersShout"],"picked":"champ:MurderStrike","floor":42},{"not_picked":["champ:Backstep+1","champ:StanceDance+1","champ:ShieldSigil+1"],"picked":"SKIP","floor":44},{"not_picked":["champ:PerfectedStrike","champ:HeartStrike","champ:GladiatorsShout+1"],"picked":"SKIP","floor":46},{"not_picked":["champ:AdrenalArmor+1","champ:EnchantShield","champ:ShieldSigil+1"],"picked":"SKIP","floor":47},{"not_picked":["champ:FanOfKnives","champ:GladiatorsShout","champ:PerfectedStrike+1"],"picked":"SKIP","floor":48},{"not_picked":["champ:BringItOn","champ:CrookedStrike","champ:Haymaker+1"],"picked":"SKIP","floor":49}],"player_experience":168018,"relics_obtained":[{"floor":9,"key":"Mummified Hand"},{"floor":24,"key":"Strawberry"},{"floor":25,"key":"Omamori"},{"floor":29,"key":"TungstenRod"},{"floor":41,"key":"StrikeDummy"},{"floor":42,"key":"champ:GladiatorsBookOfMartialProwess"}],"event_choices":[{"damage_healed":0,"gold_gain":0,"player_choice":"Donut","damage_taken":0,"max_hp_gain":5,"max_hp_loss":0,"event_name":"Big Fish","floor":5,"gold_loss":0},{"damage_healed":0,"gold_gain":0,"cards_transformed":["champ:Strike","champ:Defend"],"player_choice":"Became Test Subject","damage_taken":0,"max_hp_gain":0,"max_hp_loss":0,"event_name":"Drug Dealer","floor":27,"gold_loss":0,"cards_obtained":["champ:ViciousMockery","champ:CrookedStrike"]},{"damage_healed":0,"gold_gain":0,"player_choice":"Copied","damage_taken":0,"max_hp_gain":0,"max_hp_loss":0,"event_name":"Duplicator","floor":28,"gold_loss":0,"cards_obtained":["champ:CrownThrow"]},{"damage_healed":0,"gold_gain":0,"player_choice":"Got Potions","damage_taken":0,"max_hp_gain":0,"max_hp_loss":0,"event_name":"Lab","floor":45,"gold_loss":0}],"is_beta":false,"boss_relics":[{"not_picked":["Pandora\u0027s Box","SlaversCollar"],"picked":"champ:ChampionCrownUpgraded"},{"not_picked":["Tiny House","Velvet Choker"],"picked":"Empty Cage"}],"items_purged_floors":[14,38,44],"is_endless":false,"potions_floor_spawned":[2,11,15,19,22,33,37,39,40,47,49],"killed_by":"downfall:Watcher","ascension_level":1}}