{"host":"2lo6hma6kymb0g9i","time":1609939339,"event":{"mods":["BaseMod","Colored Map","DeckTracker","Minty Spire (QoL Compilation)"],"gold_per_floor":[109,126,126,126,135,135,173,199,199,212,248,270,308,342,342,427,436,446,467,392,392,403,403,423,450,476,502,332,359,359,374,374,461,461,476,485,510,120,179,179,204,0,0,0,0,0,11,29,29,29,29],"floor_reached":50,"playtime":3296,"items_purged":["Strike_R","Pain","Strike_R"],"score":1170,"play_id":"404fbd5b-545c-4687-90e3-893b81fe8b3b","local_time":"20210106222219","is_ascension_mode":true,"campfire_choices":[{"data":"Fire Breathing","floor":6.0,"key":"SMITH"},{"data":"Pommel Strike","floor":15.0,"key":"SMITH"},{"data":"Shrug It Off","floor":23.0,"key":"SMITH"},{"data":"Evolve","floor":30.0,"key":"SMITH"},{"data":"Wild Strike","floor":32.0,"key":"SMITH"},{"floor":40.0,"key":"RECALL"},{"floor":44,"key":"REST"},{"floor":49,"key":"REST"}],"circlet_count":0,"master_deck":["AscendersBane","Strike_R","Strike_R","Defend_R+1","Defend_R+1","Defend_R+1","Defend_R+1","Bash","Flex","Fire Breathing+1","Headbutt+1","Wild Strike","Pommel Strike+1","Shrug It Off+1","Shrug It Off+1","Impervious","CurseOfTheBell","Wild Strike+1","Seeing Red","Uppercut+1","Evolve+1","Second Wind","Exhume","Panacea","Fire Breathing+1","Warcry+1"],"relics":["Burning Blood","NeowsBlessing","CeramicFish","WarpedTongs","Blood Vial","HornCleat","Whetstone","Odd Mushroom","Meat on the Bone","Calling Bell","Juzu Bracelet","Kunai","FossilizedHelix","War Paint","Akabeko","Fusion Hammer","Gambling Chip","Shuriken","DollysMirror","TungstenRod","Eternal Feather","Red Mask"],"acts_visited":["Exordium","TheCity","TheBeyond"],"potions_floor_usage":[50,50],"damage_taken":[{"damage":0.0,"enemies":"Small Slimes","floor":1.0,"turns":1.0},{"damage":0.0,"enemies":"2 Louse","floor":2.0,"turns":1.0},{"damage":1.0,"enemies":"Gremlin Nob","floor":7.0,"turns":1.0},{"damage":3.0,"enemies":"Cultist","floor":8.0,"turns":3.0},{"damage":6.0,"enemies":"Looter","floor":10.0,"turns":2.0},{"damage":23.0,"enemies":"Lagavulin","floor":11.0,"turns":7.0},{"damage":0.0,"enemies":"Exordium Wildlife","floor":12.0,"turns":3.0},{"damage":3.0,"enemies":"The Mushroom Lair","floor":13.0,"turns":4.0},{"damage":3.0,"enemies":"Gremlin Nob","floor":14.0,"turns":3.0},{"damage":33.0,"enemies":"Slime Boss","floor":16.0,"turns":6.0},{"damage":3.0,"enemies":"Chosen","floor":18.0,"turns":4.0},{"damage":28.0,"enemies":"2 Thieves","floor":19.0,"turns":5.0},{"damage":24.0,"enemies":"Shelled Parasite and Fungi","floor":22.0,"turns":7.0},{"damage":6.0,"enemies":"Centurion and Healer","floor":24.0,"turns":7.0},{"damage":12.0,"enemies":"Gremlin Leader","floor":25.0,"turns":8.0},{"damage":12.0,"enemies":"Snake Plant","floor":27.0,"turns":4.0},{"damage":2.0,"enemies":"Chosen and Byrds","floor":29.0,"turns":5.0},{"damage":0.0,"enemies":"Sentry and Sphere","floor":31.0,"turns":6.0},{"damage":46.0,"enemies":"Collector","floor":33.0,"turns":13.0},{"damage":0.0,"enemies":"3 Shapes","floor":35.0,"turns":4.0},{"damage":18.0,"enemies":"Mind Bloom Boss Battle","floor":37.0,"turns":6.0},{"damage":0.0,"enemies":"2 Orb Walkers","floor":39.0,"turns":5.0},{"damage":0.0,"enemies":"Reptomancer","floor":41.0,"turns":5.0},{"damage":27,"enemies":"3 Darklings","floor":47,"turns":4},{"damage":0,"enemies":"Jaw Worm Horde","floor":48,"turns":4},{"damage":76,"enemies":"Awakened One","floor":50,"turns":6}],"seed_played":"2902772077869652979","potions_obtained":[{"floor":1.0,"key":"Dexterity Potion"},{"floor":8.0,"key":"PowerPotion"},{"floor":10.0,"key":"SkillPotion"},{"floor":25.0,"key":"Explosive Potion"},{"floor":27.0,"key":"Swift Potion"},{"floor":29.0,"key":"Explosive Potion"},{"floor":35.0,"key":"SneckoOil"},{"floor":41.0,"key":"Fire Potion"}],"is_trial":false,"path_per_floor":["M","M","?","?","?","R","E","M","T","M","E","M","?","E","R","B",null,"M","M","$","?","M","R","M","E","T","M","$","M","R","M","R","B",null,"M","?","?","$","?","R","E","?","T","R","?","?","M","M","R","B"],"character_chosen":"IRONCLAD","items_purchased":["Evolve","DollysMirror","HeartOfIron"],"campfire_rested":2,"item_purchase_floors":[28,38,38],"current_hp_per_floor":[74,75,57,34,34,34,39,44,44,46,31,39,44,49,49,36,65,70,50,50,50,46,46,48,44,44,52,52,58,58,66,66,40,66,74,74,63,63,71,71,75,75,75,75,75,71,50,58,71,0,0],"gold":29,"neow_bonus":"THREE_ENEMY_KILL","is_daily":false,"chose_seed":false,"campfire_upgraded":5,"win_rate":0.0,"timestamp":1609939339,"path_taken":["M","M","?","?","?","R","E","M","T","M","E","?","?","E","R","BOSS","M","M","$","?","M","R","M","E","T","M","?","M","R","M","R","BOSS","M","?","?","$","?","R","E","?","T","R","?","?","M","M","R","BOSS"],"items_purchased_type":["Card","Relic","Potion"],"build_version":"2020-12-22","purchased_purges":3,"victory":false,"max_hp_per_floor":[75,75,75,75,75,75,75,75,75,75,75,75,75,75,75,75,75,75,75,75,75,75,75,75,75,75,75,75,75,75,75,75,75,75,75,75,75,75,75,75,75,75,75,75,75,71,71,71,71,71,71],"card_choices":[{"not_picked":["Clothesline","Sword Boomerang"],"picked":"Flex","floor":1.0},{"not_picked":["Flame Barrier","Body Slam"],"picked":"Fire Breathing","floor":2.0},{"not_picked":["Anger","Armaments"],"picked":"Headbutt","floor":7.0},{"not_picked":["Heavy Blade","Rupture"],"picked":"Wild Strike","floor":8.0},{"not_picked":["Armaments","Perfected Strike","Anger"],"picked":"SKIP","floor":10.0},{"not_picked":["Juggernaut","Burning Pact"],"picked":"Pommel Strike","floor":11.0},{"not_picked":["Cleave","Thunderclap"],"picked":"Shrug It Off","floor":12.0},{"not_picked":["Armaments","Cleave"],"picked":"Shrug It Off","floor":13.0},{"not_picked":["Rupture","Second Wind","Cleave"],"picked":"SKIP","floor":14.0},{"not_picked":["Immolate","Brutality"],"picked":"Impervious","floor":16.0},{"not_picked":["Feel No Pain","Cleave","Iron Wave"],"picked":"SKIP","floor":18.0},{"not_picked":["Anger","Bloodletting"],"picked":"Wild Strike","floor":19.0},{"not_picked":["Cleave","Clothesline","Entrench"],"picked":"SKIP","floor":22.0},{"not_picked":["Havoc","Wild Strike"],"picked":"Seeing Red","floor":24.0},{"not_picked":["Heavy Blade+1","Sentinel","Hemokinesis"],"picked":"SKIP","floor":25.0},{"not_picked":["True Grit","Bludgeon"],"picked":"Uppercut+1","floor":27.0},{"not_picked":["Clash","Bloodletting"],"picked":"Second Wind","floor":29.0},{"not_picked":["Pommel Strike","Iron Wave","Anger"],"picked":"SKIP","floor":31.0},{"not_picked":["Juggernaut","Barricade"],"picked":"Exhume","floor":33.0},{"not_picked":["Dark Embrace","Sentinel","Burning Pact"],"picked":"SKIP","floor":35.0},{"not_picked":["Trip","Forethought"],"picked":"Panacea","floor":36.0},{"not_picked":["True Grit","Sever Soul+1"],"picked":"Warcry+1","floor":39.0},{"not_picked":["Reaper","Hemokinesis+1","Havoc"],"picked":"SKIP","floor":41.0},{"not_picked":["Flex+1","True Grit","Clothesline+1"],"picked":"SKIP","floor":47},{"not_picked":["Infernal Blade","Wild Strike","Clothesline"],"picked":"SKIP","floor":48}],"player_experience":929070,"relics_obtained":[{"floor":7.0,"key":"Blood Vial"},{"floor":9.0,"key":"HornCleat"},{"floor":11.0,"key":"Whetstone"},{"floor":13.0,"key":"Odd Mushroom"},{"floor":14.0,"key":"Meat on the Bone"},{"floor":17.0,"key":"Juzu Bracelet"},{"floor":17.0,"key":"Kunai"},{"floor":17.0,"key":"FossilizedHelix"},{"floor":25.0,"key":"War Paint"},{"floor":26.0,"key":"Akabeko"},{"floor":37.0,"key":"Gambling Chip"},{"floor":37.0,"key":"Shuriken"},{"floor":39.0,"key":"TungstenRod"},{"floor":41.0,"key":"Eternal Feather"}],"event_choices":[{"damage_healed":0.0,"max_hp_gain":0.0,"max_hp_loss":0.0,"gold_gain":0.0,"event_name":"Scrap Ooze","player_choice":"Success","floor":3.0,"gold_loss":0.0,"damage_taken":18.0,"relics_obtained":["CeramicFish"]},{"damage_healed":0.0,"max_hp_gain":0.0,"max_hp_loss":0.0,"gold_gain":0.0,"event_name":"Shining Light","player_choice":"Entered Light","floor":4.0,"gold_loss":0.0,"damage_taken":23.0,"cards_upgraded":["Defend_R","Defend_R"]},{"damage_healed":0.0,"max_hp_gain":0.0,"max_hp_loss":0.0,"gold_gain":0.0,"event_name":"Accursed Blacksmith","player_choice":"Rummage","floor":5.0,"gold_loss":0.0,"damage_taken":0.0,"relics_obtained":["WarpedTongs"],"cards_obtained":["Pain"]},{"damage_healed":0.0,"max_hp_gain":0.0,"max_hp_loss":0.0,"gold_gain":0.0,"event_name":"Mushrooms","player_choice":"Fought Mushrooms","floor":13.0,"gold_loss":0.0,"damage_taken":0.0},{"damage_healed":0.0,"max_hp_gain":0.0,"max_hp_loss":0.0,"gold_gain":0.0,"event_name":"Upgrade Shrine","player_choice":"Upgraded","floor":21.0,"gold_loss":0.0,"damage_taken":0.0,"cards_upgraded":["Shrug It Off"]},{"damage_healed":0.0,"max_hp_gain":0.0,"max_hp_loss":0.0,"gold_gain":0.0,"event_name":"SensoryStone","player_choice":"Memory 1","floor":36.0,"gold_loss":0.0,"damage_taken":0.0},{"damage_healed":0.0,"max_hp_gain":0.0,"max_hp_loss":0.0,"gold_gain":0.0,"event_name":"MindBloom","player_choice":"Fight","floor":37.0,"gold_loss":0.0,"damage_taken":0.0},{"damage_healed":0.0,"max_hp_gain":0.0,"max_hp_loss":0.0,"gold_gain":0.0,"event_name":"Mysterious Sphere","player_choice":"Fight","floor":39.0,"gold_loss":0.0,"damage_taken":0.0},{"damage_healed":0.0,"max_hp_gain":0.0,"max_hp_loss":0.0,"gold_gain":0.0,"event_name":"Tomb of Lord Red Mask","player_choice":"Paid","floor":42.0,"gold_loss":204.0,"damage_taken":0.0,"relics_obtained":["Red Mask"]},{"cards_removed":["Strike_R"],"damage_healed":0,"gold_gain":0,"player_choice":"Removed Attack","damage_taken":0,"max_hp_gain":0,"max_hp_loss":0,"event_name":"Falling","floor":45,"gold_loss":0},{"damage_healed":0,"gold_gain":0,"player_choice":"Max HP","damage_taken":0,"max_hp_gain":0,"max_hp_loss":4,"event_name":"Winding Halls","floor":46,"gold_loss":0}],"is_beta":false,"boss_relics":[{"not_picked":["SlaversCollar","Ectoplasm"],"picked":"Calling Bell"},{"not_picked":["Runic Cube","Pandora\u0027s Box"],"picked":"Fusion Hammer"}],"items_purged_floors":[20,28,38],"is_endless":false,"potions_floor_spawned":[1,8,10,11,12,25,27,29,35,41,47],"killed_by":"Awakened One","ascension_level":20}}