{"host":"94qggqh0xz0sp6ai","time":1609971107,"event":{"mods":["Abigail Mod","Act Like it!","BaseMod","CapriCore","Downfall","Friendly Minions","Gensokyo","Hermit","Jorbs\u0027s Wanderer Trilogy","Koishi","Marisa（霧雨　魔理沙）","Minty Spire (QoL Compilation)","Permanent Neow","Reimu（博??梦）","StSLib","The Alterego","The Construct","The Cursed","The Hierophant","The Immortal","The Marked","The Servant 0.9.4","TheBandit","Waifu the Spire"],"gold_per_floor":[112,112,112,132,132,132,150,150,150,165,192,192,211,239,239,318,318,333,348,348,366,366,366,398,415,461,461,376,394,394,394],"floor_reached":30,"playtime":938,"items_purged":[],"score":630,"play_id":"64a63c28-58dc-430c-8d4c-34534851420d","local_time":"20210106161147","is_ascension_mode":true,"campfire_choices":[{"data":"Sunlight","floor":6,"key":"SMITH"},{"data":"Moondial","floor":8,"key":"SMITH"},{"data":"SilverBlades","floor":12,"key":"SMITH"},{"data":"Solidify","floor":15,"key":"SMITH"},{"data":"SurpressingFire","floor":23,"key":"SMITH"},{"data":"FlawlessForm","floor":27,"key":"SMITH"}],"circlet_count":0,"master_deck":["AscendersBane","Strike_S","Strike_S","Strike_S","Strike_S","Defend_S","Defend_S","Defend_S","Defend_S","KidneyShot","Exchange","Sunlight+1","Ricochet","Solidify+1","Revamp","ShatteredReality","Moondial+1","InstantArmor","BottledTime","SurpressingFire+1","Contraction","SilverBlades+1","MoonPhase","SurpressingFire","Sunlight","Desolation","Sabotage","RealityMarble","FlawlessForm+1","BottledTime"],"relics":["SplendidAttire","Question Card","Gremlin Horn","Ornamental Fan","Dream Catcher","Mango","MealTicket","Tiny Chest","Strawberry"],"acts_visited":["Exordium","TheCity"],"potions_floor_usage":[11,14,14,19,24,25,30],"damage_taken":[{"damage":0,"enemies":"Small Slimes","floor":1,"turns":2},{"damage":1,"enemies":"Jaw Worm","floor":4,"turns":3},{"damage":0,"enemies":"2 Louse","floor":7,"turns":1},{"damage":0,"enemies":"Looter","floor":10,"turns":2},{"damage":0,"enemies":"3 Sentries","floor":11,"turns":4},{"damage":0,"enemies":"3 Louse","floor":13,"turns":2},{"damage":0,"enemies":"Gremlin Nob","floor":14,"turns":3},{"damage":4,"enemies":"The Guardian","floor":16,"turns":9},{"damage":0,"enemies":"3 Byrds","floor":18,"turns":4},{"damage":7,"enemies":"Chosen","floor":19,"turns":4},{"damage":0,"enemies":"3 Cultists","floor":21,"turns":2},{"damage":30,"enemies":"Slavers","floor":24,"turns":4},{"damage":0,"enemies":"Snecko","floor":25,"turns":5},{"damage":0,"enemies":"Cultist and Chosen","floor":29,"turns":7},{"damage":44,"enemies":"Book of Stabbing","floor":30,"turns":6}],"seed_played":"-8126987628061418494","potions_obtained":[{"floor":4,"key":"Energy Potion"},{"floor":7,"key":"EntropicBrew"},{"floor":11,"key":"GrandPatriotsElixir:ReiMu"},{"floor":14,"key":"PowerPotion"},{"floor":18,"key":"AttackPotion"},{"floor":24,"key":"Fire Potion"},{"floor":29,"key":"Block Potion"}],"is_trial":false,"path_per_floor":["M","?","?","M","T","R","M","R","T","M","E","R","M","E","R","B",null,"M","M","?","M","?","R","E","M","T","R","?","M","E"],"character_chosen":"THE_SERVANT","items_purchased":[],"campfire_rested":0,"item_purchase_floors":[],"current_hp_per_floor":[54,49,49,48,48,48,48,48,48,48,48,48,48,62,62,58,70,70,63,42,42,58,58,28,28,28,28,35,35,0,0],"gold":394,"neow_bonus":"ONE_RANDOM_RARE_CARD","is_daily":false,"chose_seed":false,"campfire_upgraded":6,"win_rate":0.0,"timestamp":1609971107,"path_taken":["M","?","?","M","?","R","M","R","T","M","E","R","?","E","R","BOSS","M","M","?","M","?","R","E","M","T","R","?","M","E"],"items_purchased_type":[],"build_version":"2020-12-22","purchased_purges":0,"victory":false,"max_hp_per_floor":[60,60,60,60,60,60,60,60,60,60,60,60,60,74,74,74,74,74,74,79,79,79,79,79,79,79,79,86,86,86,86],"card_choices":[{"not_picked":["Rearm","Spin"],"picked":"Ricochet","floor":1},{"not_picked":["Alleviate","Ricochet","ShatteredReality"],"picked":"BottledTime","floor":4},{"not_picked":["Read","LightFlow","Alleviate"],"picked":"SurpressingFire","floor":7},{"not_picked":["Spin","Reset","FastForward"],"picked":"Contraction","floor":10},{"not_picked":["Advance","FloweringNight","Replace"],"picked":"SilverBlades","floor":11},{"not_picked":["ShatteredReality","Moonlight","ShiftingGears"],"picked":"MoonPhase","floor":13},{"not_picked":["ShiftingGears","ShatteredReality","Defy"],"picked":"SurpressingFire","floor":14},{"not_picked":["ForgedInTime","TrueSight","Solidify"],"picked":"Sunlight","floor":16},{"not_picked":["Defy","Potential","Read"],"picked":"Desolation","floor":18},{"not_picked":["TimeWarp","Potential","Spin"],"picked":"Sabotage","floor":19},{"not_picked":["Rearm+1","Revamp+1","Unruled","Potential"],"picked":"SKIP","floor":21},{"not_picked":["Deadline+1","Spin","Replace"],"picked":"RealityMarble","floor":24},{"not_picked":["Ricochet","Potential","Deadline"],"picked":"FlawlessForm","floor":25},{"not_picked":["FastForward","Revamp","Spin"],"picked":"BottledTime","floor":29}],"player_experience":1353506,"relics_obtained":[{"floor":5,"key":"Gremlin Horn"},{"floor":9,"key":"Ornamental Fan"},{"floor":11,"key":"Dream Catcher"},{"floor":14,"key":"Mango"},{"floor":24,"key":"MealTicket"},{"floor":26,"key":"Tiny Chest"}],"event_choices":[{"damage_healed":0,"gold_gain":0,"player_choice":"Success","damage_taken":5,"relics_obtained":["Question Card"],"max_hp_gain":0,"max_hp_loss":0,"event_name":"Scrap Ooze","floor":2,"gold_loss":0},{"damage_healed":0,"gold_gain":0,"player_choice":"Shed Blood","damage_taken":26,"max_hp_gain":5,"max_hp_loss":0,"event_name":"Forgotten Altar","floor":20,"gold_loss":0},{"damage_healed":16,"gold_gain":0,"player_choice":"Heal","damage_taken":0,"max_hp_gain":0,"max_hp_loss":0,"event_name":"The Library","floor":22,"gold_loss":0},{"damage_healed":0,"gold_gain":0,"player_choice":"Obtained Relic","damage_taken":0,"relics_obtained":["Strawberry"],"max_hp_gain":0,"max_hp_loss":0,"event_name":"Addict","floor":28,"gold_loss":85}],"is_beta":false,"boss_relics":[{"not_picked":["Pandora\u0027s Box","RedLine:ReiMu"],"picked":"SplendidAttire"}],"items_purged_floors":[],"is_endless":false,"potions_floor_spawned":[4,7,11,14,18,24,29],"killed_by":"Book of Stabbing","ascension_level":19}}