{"host":"mfnyjbfkyfsz33u9","time":1609934888,"event":{"mods":["2.2 Compatiblity","BaseMod","Colored Powertips","Downfall","Marisa£¨Ùöéë¡¡Øª×âÞÞ£©","Minty Spire (QoL Compilation)","Rare Cards Sparkle","Replay The Spire","StSLib","SuperFastMode","The Cursed"],"gold_per_floor":[113,188,208,54,54,93,93,137,137,137,0,14,28,42,42,173,173,194,173,173,173,173,199,199,214,214,241,241,241],"floor_reached":28,"playtime":782,"items_purged":[],"score":306,"play_id":"e5d195cb-3ef7-4d9a-99f3-ccf15bda3536","local_time":"20210106210808","is_ascension_mode":true,"campfire_choices":[{"data":"After Image","floor":7.0,"key":"SMITH"},{"data":"Prepared","floor":10.0,"key":"SMITH"},{"data":"Finisher","floor":15.0,"key":"SMITH"},{"floor":24.0,"key":"REST"}],"circlet_count":0,"master_deck":["Strike_G","Strike_G","Strike_G","Strike_G","Strike_G","Defend_G","Defend_G","Defend_G","Defend_G","Defend_G","Survivor","Neutralize","Dagger Spray","Finisher+1","After Image+1","Prepared+1","Adrenaline","ReplayTheSpireMod:The Works","Toxin Wave","Unload","CurseOfTheBell","Blade Dance","RitualDagger","Fluid Movement"],"relics":["Ring of the Snake","NeowsBlessing","Bloody Idol","Sundial","Tough Bandages","Shuriken","Calling Bell","Lantern","Paper Crane","Counterbalance","Calipers","Bottled Lightning","Bottled Flame"],"acts_visited":["Exordium","TheCity"],"potions_floor_usage":[27,27],"damage_taken":[{"damage":0.0,"enemies":"Small Slimes","floor":1.0,"turns":1.0},{"damage":0.0,"enemies":"Cultist","floor":3.0,"turns":1.0},{"damage":0.0,"enemies":"Lagavulin","floor":6.0,"turns":1.0},{"damage":6.0,"enemies":"Gremlin Nob","floor":8.0,"turns":5.0},{"damage":0.0,"enemies":"Jaw Worm","floor":12.0,"turns":4.0},{"damage":0.0,"enemies":"Exordium Wildlife","floor":13.0,"turns":5.0},{"damage":6.0,"enemies":"Large Slime","floor":14.0,"turns":6.0},{"damage":46.0,"enemies":"Fading Forest","floor":16.0,"turns":11.0},{"damage":0.0,"enemies":"Spheric Guardian","floor":18.0,"turns":3.0},{"damage":0.0,"enemies":"2 Thieves","floor":19.0,"turns":5.0},{"damage":39.0,"enemies":"Gremlin Leader","floor":23.0,"turns":8.0},{"damage":23.0,"enemies":"Snake Plant","floor":25.0,"turns":8.0},{"damage":22,"enemies":"Slavers","floor":27,"turns":5},{"damage":20,"enemies":"Sentry and Sphere","floor":28,"turns":3}],"seed_played":"7623268880237593891","potions_obtained":[{"floor":3.0,"key":"EssenceOfSteel"},{"floor":6.0,"key":"Reflective Coating"},{"floor":14.0,"key":"SkillPotion"},{"floor":16.0,"key":"DistilledChaos"},{"floor":23.0,"key":"hexamod:EctoCoolerPotion"},{"floor":25.0,"key":"Poison Potion"}],"is_trial":false,"path_per_floor":["M","?","M","$","?","E","R","E","T","R","$","M","M","M","R","B",null,"M","M","?","?","?","E","R","M","T","E","M"],"character_chosen":"THE_SILENT","items_purchased":["After Image","Adrenaline"],"campfire_rested":1,"item_purchase_floors":[4,11],"current_hp_per_floor":[70,63,63,63,46,46,46,40,40,40,40,40,40,34,34,8,70,70,70,70,64,64,30,51,33,33,16,0,0],"gold":241,"neow_bonus":"THREE_ENEMY_KILL","is_daily":false,"chose_seed":false,"campfire_upgraded":3,"win_rate":0.0,"timestamp":1609934888,"path_taken":["M","?","?","$","?","E","R","E","T","R","?","M","M","M","R","BOSS","M","M","?","?","?","E","R","M","T","E","M"],"items_purchased_type":["Card","Card"],"build_version":"2020-12-22","purchased_purges":0,"victory":false,"max_hp_per_floor":[70,70,70,70,70,70,70,70,70,70,70,70,70,70,70,70,70,70,70,70,70,70,70,70,70,70,70,70,70],"card_choices":[{"not_picked":["Deadly Poison","Deflect"],"picked":"Dagger Spray","floor":1.0},{"not_picked":["Sucker Punch","Prepared"],"picked":"Finisher","floor":3.0},{"not_picked":["Quick Slash","Dagger Spray","ReplayTheSpireMod:Tripwire"],"picked":"SKIP","floor":6.0},{"not_picked":["Outmaneuver","Dagger Spray"],"picked":"Prepared","floor":8.0},{"not_picked":["Deadly Poison","Backflip"],"picked":"ReplayTheSpireMod:The Works","floor":12.0},{"not_picked":["Prepared","Bane","Poisoned Stab"],"picked":"SKIP","floor":13.0},{"not_picked":["All Out Attack","Bane"],"picked":"Toxin Wave","floor":14.0},{"not_picked":["Adrenaline","Replay:Bag of Tricks"],"picked":"Unload","floor":16.0},{"not_picked":["Dodge and Roll","Acrobatics"],"picked":"Blade Dance","floor":18.0},{"not_picked":["Draining Mist","Sucker Punch","Outmaneuver"],"picked":"SKIP","floor":19.0},{"not_picked":["Poisoned Stab","Finisher"],"picked":"Fluid Movement","floor":23.0},{"not_picked":["ReplayTheSpireMod:Tripwire","Bane","ReplayTheSpireMod:The Works+1"],"picked":"SKIP","floor":25.0},{"not_picked":["Quick Slash","ReplayTheSpireMod:Tripwire","Fluid Movement+1"],"picked":"SKIP","floor":27}],"player_experience":20877,"relics_obtained":[{"floor":6.0,"key":"Sundial"},{"floor":8.0,"key":"Tough Bandages"},{"floor":9.0,"key":"Shuriken"},{"floor":17.0,"key":"Lantern"},{"floor":17.0,"key":"Paper Crane"},{"floor":17.0,"key":"Counterbalance"},{"floor":23.0,"key":"Calipers"},{"floor":26.0,"key":"Bottled Lightning"},{"floor":27,"key":"Bottled Flame"}],"event_choices":[{"damage_healed":0.0,"max_hp_gain":0.0,"max_hp_loss":0.0,"gold_gain":75.0,"event_name":"FaceTrader","player_choice":"Touch","floor":2.0,"gold_loss":0.0,"damage_taken":7.0},{"damage_healed":0.0,"max_hp_gain":0.0,"max_hp_loss":0.0,"gold_gain":0.0,"event_name":"Golden Idol","player_choice":"Take Damage","floor":5.0,"gold_loss":0.0,"damage_taken":17.0,"relics_obtained":["Golden Idol"]},{"damage_healed":0.0,"max_hp_gain":0.0,"max_hp_loss":0.0,"gold_gain":0.0,"event_name":"Forgotten Altar","player_choice":"Gave Idol","floor":20.0,"relics_lost":["Golden Idol"],"gold_loss":0.0,"damage_taken":0.0,"relics_obtained":["Bloody Idol"]},{"damage_healed":0.0,"max_hp_gain":0.0,"max_hp_loss":0.0,"gold_gain":0.0,"event_name":"Nest","player_choice":"Joined the Cult","floor":21.0,"gold_loss":0.0,"damage_taken":6.0,"cards_obtained":["RitualDagger"]}],"is_beta":false,"boss_relics":[{"not_picked":["Replay:Bronze Core","Replay:Ancient Bell"],"picked":"Calling Bell"}],"items_purged_floors":[],"is_endless":false,"potions_floor_spawned":[3,6,14,16,23,25],"killed_by":"Sentry and Sphere","ascension_level":1}}