{"host":"hwrdjx5eod2cxh09","time":1609948391,"event":{"mods":["AchievementEnabler","BaseMod","Bestiary","Minty Spire (QoL Compilation)","Relic Stats"],"gold_per_floor":[113,128,203,216,232,243,88,88,88,121,140,140,174,192,192,192,192],"floor_reached":16,"playtime":773,"items_purged":["Strike_G"],"score":114,"play_id":"e751f4db-bae7-4249-937c-10f824bde8fe","local_time":"20210107005311","is_ascension_mode":false,"campfire_choices":[{"floor":8,"key":"REST"},{"floor":12,"key":"REST"},{"data":"Leg Sweep","floor":15,"key":"SMITH"}],"circlet_count":0,"master_deck":["Strike_G","Strike_G","Strike_G","Strike_G","Defend_G","Defend_G","Defend_G","Defend_G","Defend_G","Survivor","Neutralize","Blade Dance","Dagger Spray","PiercingWail","Acrobatics","Accuracy","Footwork","Cloak And Dagger","Leg Sweep+1","Expertise","Backflip"],"relics":["Ring of the Snake","Omamori","Snake Skull","Question Card"],"acts_visited":["Exordium"],"potions_floor_usage":[13,16,16,16],"damage_taken":[{"damage":7,"enemies":"Small Slimes","floor":1,"turns":7},{"damage":0,"enemies":"2 Louse","floor":2,"turns":2},{"damage":0,"enemies":"Jaw Worm","floor":4,"turns":4},{"damage":12,"enemies":"Large Slime","floor":5,"turns":9},{"damage":3,"enemies":"3 Louse","floor":6,"turns":3},{"damage":16,"enemies":"Lagavulin","floor":10,"turns":10},{"damage":17,"enemies":"Gremlin Gang","floor":11,"turns":5},{"damage":36,"enemies":"Gremlin Nob","floor":13,"turns":5},{"damage":0,"enemies":"Blue Slaver","floor":14,"turns":4},{"damage":22,"enemies":"Hexaghost","floor":16,"turns":14}],"seed_played":"-5110493464918231649","potions_obtained":[{"floor":5,"key":"Strength Potion"},{"floor":10,"key":"ColorlessPotion"},{"floor":11,"key":"EssenceOfSteel"},{"floor":14,"key":"FearPotion"}],"is_trial":false,"path_per_floor":["M","M","?","M","M","M","$","R","T","E","M","R","E","M","R","B"],"character_chosen":"THE_SILENT","items_purchased":["Footwork"],"campfire_rested":2,"item_purchase_floors":[7],"current_hp_per_floor":[70,70,59,59,47,44,44,67,67,51,34,57,21,21,21,0,0],"gold":192,"neow_bonus":"TEN_PERCENT_HP_BONUS","is_daily":false,"chose_seed":false,"campfire_upgraded":1,"win_rate":0.0,"timestamp":1609948391,"path_taken":["M","M","?","M","M","M","$","R","T","E","M","R","E","M","R","BOSS"],"items_purchased_type":["Card"],"build_version":"2020-12-22","purchased_purges":1,"victory":false,"max_hp_per_floor":[77,77,77,77,77,77,77,77,77,77,77,77,77,77,77,77,77],"relic_stats":{"counters":[10,63],"Snake Skull":[3],"Question Card":1,"obtain_stats":[{"Snake Skull":10,"Omamori":9,"Question Card":13,"Ring of the Snake":0},{"Snake Skull":6,"Omamori":5,"Question Card":8,"Ring of the Snake":0},{"Snake Skull":35,"Omamori":25,"Question Card":45,"Ring of the Snake":0}],"Ring of the Snake":[20]},"card_choices":[{"not_picked":["Quick Slash","Accuracy"],"picked":"Blade Dance","floor":1},{"not_picked":["Deflect","Dodge and Roll"],"picked":"Dagger Spray","floor":2},{"not_picked":["Flying Knee","Deadly Poison"],"picked":"PiercingWail","floor":4},{"not_picked":["Masterful Stab","Distraction"],"picked":"Acrobatics","floor":5},{"not_picked":["Dodge and Roll","Sucker Punch"],"picked":"Accuracy","floor":6},{"not_picked":["Reflex","Quick Slash"],"picked":"Cloak And Dagger","floor":10},{"not_picked":["Tools of the Trade","Dagger Spray"],"picked":"Leg Sweep","floor":11},{"not_picked":["Quick Slash","Flechettes"],"picked":"Expertise","floor":13},{"not_picked":["Prepared","Catalyst","Poisoned Stab"],"picked":"Backflip","floor":14}],"player_experience":185867,"relics_obtained":[{"floor":9,"key":"Omamori"},{"floor":10,"key":"Snake Skull"},{"floor":13,"key":"Question Card"}],"event_choices":[{"damage_healed":0,"gold_gain":75,"player_choice":"Gather Gold","damage_taken":11,"max_hp_gain":0,"max_hp_loss":0,"event_name":"World of Goop","floor":3,"gold_loss":0}],"is_beta":false,"boss_relics":[],"items_purged_floors":[7],"is_endless":false,"potions_floor_spawned":[5,10,11,14],"killed_by":"Hexaghost","ascension_level":0}}