{"host":"ryuep8ewa00k39z9","time":1609969030,"event":{"mods":["AchievementEnabler","BaseMod","Best Route Mod","Colored Map","Colored Powertips","Displayed Cursed Tome","Highlight Path","Minty Spire (QoL Compilation)","Quick Restart","SuperFastMode"],"gold_per_floor":[117,67,67,242,242,242,274,274,274,293,309,71,98,115,115,211,211,224,237,248,248,248,248,282,282,282,282,308,320,353,364,364,462,462,480,136,136,146,146,179,207,251,263,275,275],"floor_reached":44,"playtime":2370,"items_purged":["Strike_B","Strike_B"],"score":808,"play_id":"ce1d65d6-b6bb-428b-8319-1a90caa0c53a","local_time":"20210106153710","is_ascension_mode":true,"campfire_choices":[{"data":"Dualcast","floor":6.0,"key":"SMITH"},{"data":"Doom and Gloom","floor":8.0,"key":"SMITH"},{"data":"Fission","floor":15.0,"key":"SMITH"},{"data":"Defragment","floor":23.0,"key":"SMITH"},{"data":"Fusion","floor":25.0,"key":"SMITH"},{"data":"Reboot","floor":27.0,"key":"SMITH"},{"floor":32.0,"key":"REST"}],"circlet_count":0,"master_deck":["Strike_B","Defend_B","Defend_B","Zap","Dualcast+1","Doom and Gloom+1","Glacier","Melter","Fission+1","Fusion+1","Reboot+1","Capacitor","Consume+1","Genetic Algorithm","Defragment+1","Reinforced Body","Hyperbeam","Meteor Strike+1"],"relics":["Cracked Core","NeowsBlessing","Anchor","StoneCalendar","Akabeko","Cursed Key","Centennial Puzzle","Sundial","Strawberry","Inserter","White Beast Statue","MawBank","Eternal Feather"],"acts_visited":["Exordium","TheCity","TheBeyond"],"potions_floor_usage":[44],"damage_taken":[{"damage":0.0,"enemies":"Jaw Worm","floor":1.0,"turns":1.0},{"damage":0.0,"enemies":"Gremlin Nob","floor":7.0,"turns":1.0},{"damage":0.0,"enemies":"2 Louse","floor":10.0,"turns":1.0},{"damage":0.0,"enemies":"Small Slimes","floor":11.0,"turns":3.0},{"damage":8.0,"enemies":"Lagavulin","floor":13.0,"turns":7.0},{"damage":0.0,"enemies":"2 Fungi Beasts","floor":14.0,"turns":2.0},{"damage":16.0,"enemies":"The Guardian","floor":16.0,"turns":8.0},{"damage":2.0,"enemies":"Shell Parasite","floor":18.0,"turns":3.0},{"damage":0.0,"enemies":"Spheric Guardian","floor":19.0,"turns":1.0},{"damage":2.0,"enemies":"Cultist and Chosen","floor":20.0,"turns":3.0},{"damage":15.0,"enemies":"Slavers","floor":24.0,"turns":6.0},{"damage":1.0,"enemies":"Book of Stabbing","floor":28.0,"turns":5.0},{"damage":0.0,"enemies":"Centurion and Healer","floor":29.0,"turns":3.0},{"damage":24.0,"enemies":"Slavers","floor":30.0,"turns":3.0},{"damage":0.0,"enemies":"Sentry and Sphere","floor":31.0,"turns":2.0},{"damage":57.0,"enemies":"Collector","floor":33.0,"turns":11.0},{"damage":6.0,"enemies":"Orb Walker","floor":35.0,"turns":3.0},{"damage":9.0,"enemies":"3 Darklings","floor":38.0,"turns":4.0},{"damage":12.0,"enemies":"Nemesis","floor":40.0,"turns":9.0},{"damage":9.0,"enemies":"Writhing Mass","floor":41.0,"turns":7.0},{"damage":14.0,"enemies":"Giant Head","floor":42.0,"turns":10.0},{"damage":21,"enemies":"Nemesis","floor":44,"turns":2}],"seed_played":"3668467196919512834","potions_obtained":[{"floor":13.0,"key":"EssenceOfSteel"},{"floor":14.0,"key":"Fruit Juice"},{"floor":19.0,"key":"AttackPotion"},{"floor":24.0,"key":"Fruit Juice"},{"floor":30.0,"key":"ColorlessPotion"},{"floor":35.0,"key":"SkillPotion"},{"floor":38.0,"key":"Block Potion"},{"floor":40.0,"key":"Ancient Potion"},{"floor":41.0,"key":"Block Potion"},{"floor":42.0,"key":"FearPotion"}],"is_trial":false,"path_per_floor":["M","?","?","?","?","R","E","R","T","M","M","$","E","M","R","B",null,"M","M","M","?","?","R","E","R","T","R","E","M","E","M","R","B",null,"M","$","?","M","?","E","M","E","T","E"],"character_chosen":"DEFECT","items_purchased":["Fission","White Beast Statue"],"campfire_rested":1,"item_purchase_floors":[12,36],"current_hp_per_floor":[68,68,68,68,61,61,61,61,61,61,61,61,53,58,58,42,71,69,69,67,67,67,67,57,57,57,57,56,56,39,39,66,9,71,65,65,65,56,56,44,35,21,21,0,0],"gold":275,"neow_bonus":"THREE_ENEMY_KILL","is_daily":false,"chose_seed":false,"campfire_upgraded":6,"win_rate":0.0,"timestamp":1609969030,"path_taken":["M","?","?","?","?","R","E","R","T","M","M","$","E","M","R","BOSS","M","M","M","?","?","R","E","R","T","R","E","M","E","M","R","BOSS","M","$","?","?","?","E","?","E","T","E"],"items_purchased_type":["Card","Relic"],"build_version":"2020-12-22","purchased_purges":2,"victory":false,"max_hp_per_floor":[75,75,75,75,75,75,75,75,75,75,75,75,75,80,80,80,80,80,80,80,80,80,80,85,85,85,85,85,85,92,92,92,92,92,92,92,92,92,92,92,92,92,92,92,92],"card_choices":[{"not_picked":["Go for the Eyes","Sweeping Beam","Force Field"],"picked":"SKIP","floor":1.0},{"not_picked":["Go for the Eyes","Gash"],"picked":"Doom and Gloom","floor":7.0},{"not_picked":["Reprogram","Steam"],"picked":"Glacier","floor":10.0},{"not_picked":["Gash","Redo"],"picked":"Melter","floor":11.0},{"not_picked":["Barrage","All For One"],"picked":"Fusion","floor":13.0},{"not_picked":["Compile Driver","Leap","Turbo"],"picked":"SKIP","floor":14.0},{"not_picked":["Buffer","Seek"],"picked":"Reboot","floor":16.0},{"not_picked":["Barrage","Ball Lightning+1"],"picked":"Capacitor","floor":18.0},{"not_picked":["Capacitor","Coolheaded"],"picked":"Consume+1","floor":19.0},{"not_picked":["Aggregate+1","Redo+1"],"picked":"Genetic Algorithm","floor":20.0},{"not_picked":["Cold Snap","Beam Cell+1","Rebound"],"picked":"SKIP","floor":24.0},{"not_picked":["Genetic Algorithm+1","All For One"],"picked":"Hyperbeam","floor":28.0},{"not_picked":["BootSequence","Tempest+1","Turbo"],"picked":"SKIP","floor":29.0},{"not_picked":["Rebound","Turbo","Gash"],"picked":"SKIP","floor":30.0},{"not_picked":["Turbo","Force Field+1","Cold Snap+1"],"picked":"SKIP","floor":31.0},{"not_picked":["Echo Form","All For One"],"picked":"Meteor Strike","floor":33.0},{"not_picked":["Beam Cell","Reinforced Body","Steam"],"picked":"SKIP","floor":35.0},{"not_picked":["Rebound+1","Lockon+1","Compile Driver"],"picked":"SKIP","floor":38.0},{"not_picked":["Hologram","Hello World+1","Stack+1"],"picked":"SKIP","floor":40.0},{"not_picked":["Leap","Turbo+1","Beam Cell"],"picked":"SKIP","floor":41.0},{"not_picked":["Defragment","Skim+1","Streamline+1"],"picked":"SKIP","floor":42.0}],"player_experience":3915561,"relics_obtained":[{"floor":7.0,"key":"Anchor"},{"floor":9.0,"key":"StoneCalendar"},{"floor":13.0,"key":"Akabeko"},{"floor":24.0,"key":"Centennial Puzzle"},{"floor":28.0,"key":"Sundial"},{"floor":30.0,"key":"Strawberry"},{"floor":40.0,"key":"MawBank"},{"floor":42.0,"key":"Eternal Feather"}],"event_choices":[{"cards_removed":["Strike_B"],"damage_healed":0.0,"max_hp_gain":0.0,"max_hp_loss":0.0,"gold_gain":0.0,"event_name":"The Cleric","player_choice":"Card Removal","floor":2.0,"gold_loss":50.0,"damage_taken":0.0},{"cards_removed":["Defend_B"],"damage_healed":0.0,"max_hp_gain":0.0,"max_hp_loss":0.0,"gold_gain":0.0,"event_name":"Living Wall","player_choice":"Forget","floor":3.0,"gold_loss":0.0,"damage_taken":0.0},{"damage_healed":0.0,"max_hp_gain":0.0,"max_hp_loss":0.0,"gold_gain":175.0,"event_name":"Liars Game","player_choice":"AGREE","floor":4.0,"gold_loss":0.0,"damage_taken":0.0,"cards_obtained":["Doubt"]},{"cards_removed":["Doubt"],"damage_healed":0.0,"max_hp_gain":0.0,"max_hp_loss":0.0,"gold_gain":0.0,"event_name":"Golden Wing","player_choice":"Card Removal","floor":5.0,"gold_loss":0.0,"damage_taken":7.0},{"damage_healed":0.0,"max_hp_gain":0.0,"max_hp_loss":0.0,"gold_gain":0.0,"event_name":"The Library","player_choice":"Read","floor":21.0,"gold_loss":0.0,"damage_taken":0.0,"cards_obtained":["Defragment"]},{"damage_healed":0.0,"max_hp_gain":0.0,"max_hp_loss":0.0,"gold_gain":0.0,"cards_transformed":["Defend_B"],"event_name":"Transmorgrifier","player_choice":"Transformed","floor":22.0,"gold_loss":0.0,"damage_taken":0.0,"cards_obtained":["Reinforced Body"]},{"damage_healed":0.0,"max_hp_gain":0.0,"max_hp_loss":0.0,"gold_gain":0.0,"event_name":"Accursed Blacksmith","player_choice":"Forge","floor":37.0,"gold_loss":0.0,"damage_taken":0.0,"cards_upgraded":["Meteor Strike"]},{"damage_healed":0.0,"max_hp_gain":0.0,"max_hp_loss":0.0,"gold_gain":0.0,"event_name":"SecretPortal","player_choice":"Ignored","floor":39.0,"gold_loss":0.0,"damage_taken":0.0}],"is_beta":false,"boss_relics":[{"not_picked":["Ectoplasm","Black Star"],"picked":"Cursed Key"},{"not_picked":["Nuclear Battery","FrozenCore"],"picked":"Inserter"}],"items_purged_floors":[12,36],"is_endless":false,"potions_floor_spawned":[13,14,19,24,30,35,38,40,41,42],"killed_by":"Nemesis","ascension_level":8}}