{"host":"Qube","time":1609962993,"event":{"mods":["AchievementEnabler","BaseMod","Colored Map","Colored Powertips","Minty Spire (QoL Compilation)","Quick Restart","Random Character Button","StSLib"],"gold_per_floor":[117,117,117,117,128,128,161,174,174,174,191,191,201,236,236,314,314,332,88,98,23,23,23,35,35,35,54,71,81,81,124,124,211,211,222,256,256,100,121,121,101,132,132,169,169,197,0,23,23,23],"floor_reached":51,"playtime":2136,"items_purged":["Rupture","Clothesline+1"],"score":1488,"play_id":"5657e31e-fe55-43cd-ade9-e2384f052411","local_time":"20210106115633","is_ascension_mode":true,"campfire_choices":[{"data":"Heavy Blade","floor":6.0,"key":"SMITH"},{"data":"Shrug It Off","floor":10.0,"key":"SMITH"},{"data":"Intimidate","floor":12.0,"key":"SMITH"},{"data":"Power Through","floor":15.0,"key":"SMITH"},{"data":"True Grit","floor":23.0,"key":"SMITH"},{"data":"Battle Trance","floor":25.0,"key":"SMITH"},{"data":"Corruption","floor":32.0,"key":"SMITH"},{"data":"Dark Embrace","floor":40.0,"key":"SMITH"},{"data":"Sentinel","floor":45.0,"key":"SMITH"},{"data":"Feel No Pain","floor":49.0,"key":"SMITH"}],"circlet_count":0,"master_deck":["AscendersBane","Bash","Inflame+1","Heavy Blade+1","Shrug It Off+1","Intimidate+1","Feed","Power Through+1","Impervious","True Grit+1","Rampage","Immolate","Pommel Strike","Battle Trance+1","Flex","Shockwave+1","Pummel","Heavy Blade","Corruption+1","RitualDagger","Inflame+1","Barricade+1","Shrug It Off","Power Through","Dark Embrace+1","Sentinel+1","Havoc+1","Entrench","Feel No Pain+1","Shrug It Off"],"relics":["Burning Blood","NeowsBlessing","Mercury Hourglass","Pen Nib","Eternal Feather","Bottled Lightning","Pandora\u0027s Box","Brimstone","Torii","CeramicFish","Philosopher\u0027s Stone","Gambling Chip","Meat on the Bone","Mango","Smiling Mask"],"acts_visited":["Exordium","TheCity","TheBeyond"],"potions_floor_usage":[50],"damage_taken":[{"damage":0.0,"enemies":"2 Louse","floor":1.0,"turns":1.0},{"damage":0.0,"enemies":"Small Slimes","floor":5.0,"turns":1.0},{"damage":0.0,"enemies":"Gremlin Nob","floor":7.0,"turns":1.0},{"damage":0.0,"enemies":"Jaw Worm","floor":8.0,"turns":2.0},{"damage":4.0,"enemies":"Red Slaver","floor":11.0,"turns":4.0},{"damage":0.0,"enemies":"3 Louse","floor":13.0,"turns":2.0},{"damage":0.0,"enemies":"3 Sentries","floor":14.0,"turns":5.0},{"damage":21.0,"enemies":"Slime Boss","floor":16.0,"turns":13.0},{"damage":2.0,"enemies":"Chosen","floor":18.0,"turns":4.0},{"damage":2.0,"enemies":"Shell Parasite","floor":20.0,"turns":2.0},{"damage":14.0,"enemies":"Cultist and Chosen","floor":24.0,"turns":4.0},{"damage":0.0,"enemies":"Centurion and Healer","floor":27.0,"turns":3.0},{"damage":0.0,"enemies":"Sentry and Sphere","floor":28.0,"turns":3.0},{"damage":0.0,"enemies":"Snecko","floor":29.0,"turns":3.0},{"damage":0.0,"enemies":"Slavers","floor":31.0,"turns":2.0},{"damage":20.0,"enemies":"Automaton","floor":33.0,"turns":5.0},{"damage":0.0,"enemies":"Orb Walker","floor":35.0,"turns":2.0},{"damage":16.0,"enemies":"Mind Bloom Boss Battle","floor":36.0,"turns":5.0},{"damage":0.0,"enemies":"3 Shapes","floor":39.0,"turns":5.0},{"damage":84.0,"enemies":"Nemesis","floor":42.0,"turns":7.0},{"damage":19.0,"enemies":"Reptomancer","floor":44.0,"turns":5.0},{"damage":1.0,"enemies":"Maw","floor":46.0,"turns":4.0},{"damage":0.0,"enemies":"Sphere and 2 Shapes","floor":48.0,"turns":3.0},{"damage":9,"enemies":"Donu and Deca","floor":50,"turns":6}],"seed_played":"-5262589633341341557","potions_obtained":[{"floor":1.0,"key":"Block Potion"},{"floor":7.0,"key":"AttackPotion"},{"floor":11.0,"key":"HeartOfIron"},{"floor":18.0,"key":"SmokeBomb"},{"floor":20.0,"key":"PowerPotion"},{"floor":29.0,"key":"BlessingOfTheForge"},{"floor":31.0,"key":"DistilledChaos"},{"floor":35.0,"key":"DuplicationPotion"},{"floor":39.0,"key":"SteroidPotion"},{"floor":41.0,"key":"FairyPotion"},{"floor":48.0,"key":"CultistPotion"}],"is_trial":false,"path_per_floor":["M","?","?","T","M","R","E","M","T","R","M","R","M","E","R","B",null,"M","$","M","?","?","R","M","R","T","M","M","M","?","E","R","B",null,"M","?","?","$","M","R","?","E","T","E","R","M","$","M","R","B",null],"character_chosen":"IRONCLAD","items_purchased":["Brimstone","Power Through","Dark Embrace","Entrench","Feel No Pain"],"campfire_rested":0,"item_purchase_floors":[19,38,38,47,47],"current_hp_per_floor":[74,74,67,67,73,73,75,75,75,75,75,75,78,81,81,69,80,87,87,87,87,87,87,82,90,90,93,93,93,87,93,93,79,90,93,83,83,83,89,93,93,15,29,28,43,60,60,66,84,81],"gold":23,"neow_bonus":"THREE_ENEMY_KILL","is_daily":false,"chose_seed":false,"campfire_upgraded":10,"win_rate":0.0,"timestamp":1609962993,"path_taken":["M","?","?","?","M","R","E","?","T","R","M","R","M","E","R","BOSS","M","$","M","?","?","R","M","R","T","M","M","M","?","E","R","BOSS","M","?","?","$","?","R","?","E","T","E","R","M","$","M","R","BOSS"],"items_purchased_type":["Relic","Card","Card","Card","Card"],"build_version":"2020-12-18","purchased_purges":2,"victory":true,"max_hp_per_floor":[75,75,75,75,75,75,75,75,75,75,75,75,78,81,81,84,84,87,87,87,87,87,87,90,90,90,93,93,93,93,93,93,93,93,93,93,93,93,93,93,93,93,107,107,107,107,107,107,107,107],"card_choices":[{"not_picked":["Anger","Flex"],"picked":"Inflame","floor":1.0},{"not_picked":["Sword Boomerang","Perfected Strike"],"picked":"Heavy Blade","floor":5.0},{"not_picked":["Wild Strike","Dropkick"],"picked":"Shrug It Off","floor":7.0},{"not_picked":["Clash","Combust"],"picked":"Intimidate","floor":8.0},{"not_picked":["Flame Barrier","Havoc"],"picked":"Feed","floor":11.0},{"not_picked":["Wild Strike","Havoc","Clothesline"],"picked":"SKIP","floor":13.0},{"not_picked":["Clash","Dual Wield"],"picked":"Power Through","floor":14.0},{"not_picked":["Brutality","Barricade"],"picked":"Impervious","floor":16.0},{"not_picked":["Fire Breathing","Headbutt+1"],"picked":"Flex","floor":18.0},{"not_picked":["Shrug It Off","True Grit"],"picked":"Shockwave+1","floor":20.0},{"not_picked":["Thunderclap+1","Twin Strike"],"picked":"Pummel","floor":24.0},{"not_picked":["Clash","Perfected Strike"],"picked":"Heavy Blade","floor":27.0},{"not_picked":["Warcry","Rage+1","Headbutt"],"picked":"SKIP","floor":28.0},{"not_picked":["Twin Strike","Cleave"],"picked":"Corruption","floor":29.0},{"not_picked":["Anger","Cleave"],"picked":"Inflame+1","floor":31.0},{"not_picked":["Bludgeon","Offering"],"picked":"Barricade","floor":33.0},{"not_picked":["Headbutt","Cleave","Thunderclap"],"picked":"SKIP","floor":35.0},{"not_picked":["Sever Soul","Hemokinesis"],"picked":"Shrug It Off","floor":36.0},{"not_picked":["Shockwave+1","True Grit"],"picked":"Clothesline+1","floor":39.0},{"not_picked":["Clothesline+1","Inflame+1","Thunderclap"],"picked":"SKIP","floor":42.0},{"not_picked":["Reaper","Metallicize"],"picked":"Sentinel","floor":44.0},{"not_picked":["Sever Soul+1","Heavy Blade+1"],"picked":"Havoc+1","floor":46.0},{"not_picked":["Evolve","Body Slam"],"picked":"Shrug It Off","floor":48.0}],"player_experience":820187,"relics_obtained":[{"floor":4.0,"key":"Mercury Hourglass"},{"floor":7.0,"key":"Pen Nib"},{"floor":9.0,"key":"Eternal Feather"},{"floor":14.0,"key":"Bottled Lightning"},{"floor":26.0,"key":"Torii"},{"floor":31.0,"key":"CeramicFish"},{"floor":36.0,"key":"Gambling Chip"},{"floor":42.0,"key":"Meat on the Bone"},{"floor":43.0,"key":"Mango"},{"floor":44.0,"key":"Smiling Mask"}],"event_choices":[{"damage_healed":0.0,"max_hp_gain":0.0,"max_hp_loss":0.0,"gold_gain":0.0,"event_name":"Living Wall","player_choice":"Grow","floor":2.0,"gold_loss":0.0,"damage_taken":0.0,"cards_upgraded":["Inflame"]},{"cards_removed":["Strike_R"],"damage_healed":0.0,"max_hp_gain":0.0,"max_hp_loss":0.0,"gold_gain":0.0,"event_name":"Golden Wing","player_choice":"Card Removal","floor":3.0,"gold_loss":0.0,"damage_taken":7.0},{"cards_removed":["Blood for Blood"],"damage_healed":0.0,"max_hp_gain":0.0,"max_hp_loss":0.0,"gold_gain":0.0,"event_name":"Beggar","player_choice":"Gave Gold","floor":21.0,"gold_loss":75.0,"damage_taken":0.0},{"cards_removed":["Anger"],"damage_healed":0.0,"max_hp_gain":0.0,"max_hp_loss":0.0,"gold_gain":0.0,"event_name":"Back to Basics","player_choice":"Elegance","floor":22.0,"gold_loss":0.0,"damage_taken":0.0},{"damage_healed":0.0,"max_hp_gain":0.0,"max_hp_loss":0.0,"gold_gain":0.0,"event_name":"Nest","player_choice":"Joined the Cult","floor":30.0,"gold_loss":0.0,"damage_taken":6.0,"cards_obtained":["RitualDagger"]},{"damage_healed":0.0,"max_hp_gain":0.0,"max_hp_loss":0.0,"gold_gain":0.0,"event_name":"MindBloom","player_choice":"Fight","floor":36.0,"gold_loss":0.0,"damage_taken":0.0},{"damage_healed":0.0,"max_hp_gain":0.0,"max_hp_loss":0.0,"gold_gain":0.0,"event_name":"Upgrade Shrine","player_choice":"Upgraded","floor":37.0,"gold_loss":0.0,"damage_taken":0.0,"cards_upgraded":["Barricade"]},{"damage_healed":0.0,"max_hp_gain":0.0,"max_hp_loss":0.0,"gold_gain":0.0,"event_name":"The Woman in Blue","player_choice":"Bought 1 Potion","floor":41.0,"gold_loss":0.0,"damage_taken":0.0}],"is_beta":true,"boss_relics":[{"not_picked":["Mark of Pain","Runic Dome"],"picked":"Pandora\u0027s Box"},{"not_picked":["Coffee Dripper","Astrolabe"],"picked":"Philosopher\u0027s Stone"}],"items_purged_floors":[19,47],"is_endless":false,"potions_floor_spawned":[1,7,11,18,20,29,31,35,39,48],"ascension_level":16}}