{"host":"l2dnabsh5e0fsksb","time":1609943062,"event":{"mods":["2.2 Compatiblity","BaseMod","Downfall","Minty Spire (QoL Compilation)","Quick Restart","StSLib"],"gold_per_floor":[99,116,116,132,149,179,204,36,36,21,38,56,56,70,82,186,186,36,59,77,88,103,103,181,281,281,296,322,333,333,368,388,388,388,388],"floor_reached":33,"playtime":1631,"items_purged":[],"score":377,"play_id":"27900c47-3fbc-4ed8-a8aa-9d9595f5ffd5","local_time":"20210107005422","is_ascension_mode":true,"campfire_choices":[{"data":"champ:RecklessLeap","floor":1.0,"key":"SMITH"},{"floor":9.0,"key":"RECALL"},{"data":"champ:BerserkerStyle","floor":13.0,"key":"SMITH"},{"data":"champ:CheapShot","floor":18.0,"key":"SMITH"},{"data":"champ:Encircle","floor":23.0,"key":"SMITH"},{"floor":30.0,"key":"REST"}],"circlet_count":0,"master_deck":["champ:Strike","champ:Strike","champ:Strike","champ:Defend","champ:Defend","champ:Defend","champ:Defend","champ:Execute","champ:Taunt","champ:RecklessLeap+1","champ:BringItOn","champ:AdrenalArmor","champ:Encircle+1","champ:BerserkerStyle+1","champ:BringItOn","champ:BerserkersShout","champ:DeathBlow","champ:StanceDance","champ:EnragedBash+1","champ:ArenaPreparation","champ:HeartStrike","champ:CheapShot+1","champ:CrookedStrike+1","champ:FanOfKnives+1","champ:RageSigil+1","champ:BringItOn+1"],"relics":["champ:ChampionCrown","MealTicket","Vajra","SlaversCollar","downfall:HeartBlessingRed","downfall:HeartBlessingBlue","Ginger","Blue Candle","Whetstone","Toxic Egg 2"],"acts_visited":["Exordium","TheCity"],"potions_floor_usage":[33],"damage_taken":[{"damage":6.0,"enemies":"Cultist","floor":2.0,"turns":4.0},{"damage":25.0,"enemies":"Jaw Worm","floor":4.0,"turns":2.0},{"damage":29.0,"enemies":"Small Slimes","floor":5.0,"turns":3.0},{"damage":69.0,"enemies":"3 Sentries","floor":6.0,"turns":7.0},{"damage":42.0,"enemies":"downfall:FleeingMerchant","floor":8.0,"turns":4.0},{"damage":46.0,"enemies":"downfall:FleeingMerchant","floor":10.0,"turns":4.0},{"damage":31.0,"enemies":"Blue Slaver","floor":11.0,"turns":3.0},{"damage":25.0,"enemies":"Lots of Slimes","floor":12.0,"turns":3.0},{"damage":70.0,"enemies":"Large Slime","floor":14.0,"turns":6.0},{"damage":64.0,"enemies":"Gremlin Gang","floor":15.0,"turns":4.0},{"damage":75.0,"enemies":"downfall:Defect","floor":16.0,"turns":5.0},{"damage":85.0,"enemies":"downfall:FleeingMerchant","floor":19.0,"turns":5.0},{"damage":50.0,"enemies":"Chosen","floor":20.0,"turns":3.0},{"damage":72.0,"enemies":"3 Byrds","floor":21.0,"turns":5.0},{"damage":52.0,"enemies":"Shelled Parasite and Fungi","floor":22.0,"turns":5.0},{"damage":69.0,"enemies":"Centurion and Healer","floor":27.0,"turns":6.0},{"damage":55.0,"enemies":"Snake Plant","floor":29.0,"turns":3.0},{"damage":74.0,"enemies":"Slavers","floor":31.0,"turns":4.0},{"damage":43,"enemies":"Chosen and Byrds","floor":32,"turns":6},{"damage":19,"enemies":"downfall:Silent","floor":33,"turns":1}],"seed_played":"8150115332643245225","potions_obtained":[{"floor":2.0,"key":"champ:TechniquePotion"},{"floor":12.0,"key":"Fruit Juice"},{"floor":14.0,"key":"SneckoOil"},{"floor":15.0,"key":"Explosive Potion"},{"floor":16.0,"key":"Weak Potion"},{"floor":20.0,"key":"SkillPotion"},{"floor":22.0,"key":"LiquidBronze"},{"floor":32,"key":"champ:TechniquePotion"}],"is_trial":false,"path_per_floor":["R","M","?","M","M","E","T","$","R","$","M","M","R","M","M","B",null,"R","$","M","M","M","R","T","?","?","M","T","M","R","E","M","B"],"character_chosen":"THE_CHAMP","items_purchased":["Vajra","Ginger"],"campfire_rested":1,"item_purchase_floors":[8,19],"current_hp_per_floor":[81,80,80,80,80,56,56,61,61,73,73,73,73,61,45,21,77,87,92,90,74,63,63,63,63,63,44,44,25,56,26,8,0,0,0],"gold":388,"neow_bonus":"THREE_CARDS","is_daily":false,"chose_seed":false,"campfire_upgraded":4,"win_rate":0.0,"timestamp":1609943062,"path_taken":["R","M","?","M","M","E","T","$","R","$","?","M","R","M","M","BOSS","R","$","M","M","M","R","T","?","?","M","?","M","R","E","M","BOSS"],"items_purchased_type":["Relic","Relic"],"build_version":"2020-12-22","purchased_purges":0,"victory":false,"max_hp_per_floor":[90,90,90,90,90,90,90,90,90,90,90,90,90,90,95,95,95,105,105,105,105,105,105,105,105,105,105,105,105,105,105,105,105,105,105],"card_choices":[{"not_picked":["champ:FalseCounter","champ:GutPunch"],"picked":"champ:RecklessLeap","floor":0.0},{"not_picked":["champ:ShieldSigil","champ:RapidStrikes"],"picked":"champ:BringItOn","floor":2.0},{"not_picked":["champ:AdrenalArmor","champ:PerfectedStrike"],"picked":"champ:Encircle","floor":4.0},{"not_picked":["champ:FalseCounter","champ:SwordSigil"],"picked":"champ:BerserkerStyle","floor":5.0},{"not_picked":["champ:Riposte","champ:PerfectedStrike"],"picked":"champ:BringItOn","floor":6.0},{"not_picked":["champ:RapidStrikes","champ:DancingMaster"],"picked":"champ:BerserkersShout","floor":8.0},{"not_picked":["champ:GladiatorsShout","champ:RecklessLeap"],"picked":"champ:DeathBlow","floor":10.0},{"not_picked":["champ:SwordSigil","champ:GutPunch"],"picked":"champ:StanceDance","floor":11.0},{"not_picked":["champ:GutPunch","champ:AdrenalArmor"],"picked":"champ:EnragedBash","floor":12.0},{"not_picked":["champ:RisingSlash","champ:Aggression"],"picked":"champ:ArenaPreparation","floor":14.0},{"not_picked":["champ:ShieldSigil","champ:Balance"],"picked":"champ:HeartStrike","floor":15.0},{"not_picked":["champ:ShieldThrow","champ:Improvising"],"picked":"champ:CheapShot","floor":16.0},{"not_picked":["champ:Backstep","champ:FocusedGladiator"],"picked":"champ:CrookedStrike","floor":19.0},{"not_picked":["champ:AdrenalArmor","champ:DefensiveShout","champ:Backstep"],"picked":"SKIP","floor":20.0},{"not_picked":["champ:Circumvent+1","champ:Haymaker"],"picked":"champ:FanOfKnives+1","floor":21.0},{"not_picked":["champ:PerfectedStrike","champ:ShieldSigil","champ:BladeFlurry"],"picked":"SKIP","floor":22.0},{"not_picked":["champ:FanOfKnives","champ:CrownThrow","champ:ShieldSigil"],"picked":"SKIP","floor":27.0},{"not_picked":["champ:PerfectedStrike","champ:FocusedDefense"],"picked":"champ:RageSigil+1","floor":29.0},{"not_picked":["champ:ShieldSigil+1","champ:SwordThrow","champ:TornadoPunch"],"picked":"SKIP","floor":31.0},{"not_picked":["champ:TornadoPunch","champ:BladeFlurry"],"picked":"champ:BringItOn+1","floor":32}],"player_experience":1748405,"relics_obtained":[{"floor":6.0,"key":"MealTicket"},{"floor":24.0,"key":"Blue Candle"},{"floor":28.0,"key":"Whetstone"},{"floor":31.0,"key":"Toxic Egg 2"}],"event_choices":[{"damage_healed":0.0,"max_hp_gain":0.0,"max_hp_loss":0.0,"gold_gain":0.0,"cards_transformed":["champ:Strike"],"event_name":"Transmorgrifier","player_choice":"Transformed","floor":3.0,"gold_loss":0.0,"damage_taken":0.0,"cards_obtained":["champ:AdrenalArmor"]}],"is_beta":false,"boss_relics":[{"not_picked":["Fusion Hammer","Pandora\u0027s Box"],"picked":"SlaversCollar"}],"items_purged_floors":[],"is_endless":false,"potions_floor_spawned":[2,12,14,15,16,20,22,32],"killed_by":"downfall:Silent","ascension_level":6}}