{"host":"qr4czw4lps0sljwa","time":1609920135,"event":{"mods":["BaseMod","Downfall","Minty Spire (QoL Compilation)","StSLib"],"gold_per_floor":[99,99,274,274,274,274,274,274,274,274,274,274,274],"floor_reached":11,"playtime":287,"items_purged":[],"score":55,"play_id":"ac46c59b-00c2-4d0a-8ae2-488e4eabae78","local_time":"20210106000215","is_ascension_mode":false,"campfire_choices":[{"data":"champ:Taunt","floor":1,"key":"SMITH"},{"data":"champ:GladiatorsShout","floor":6,"key":"SMITH"},{"data":"champ:Execute","floor":8,"key":"SMITH"}],"circlet_count":0,"master_deck":["champ:Strike","champ:Strike","champ:Strike","champ:Strike","champ:Defend","champ:Defend+1","champ:Defend+1","champ:Defend","champ:Execute+1","champ:Taunt+1","champ:GladiatorsShout+1","Doubt","champ:SkillfulDodge+1","champ:FlashCut"],"relics":["champ:ChampionCrown","downfall:HeartsMalice","War Paint"],"acts_visited":["Exordium"],"potions_floor_usage":[],"damage_taken":[{"damage":0,"enemies":"Cultist","floor":2,"turns":1},{"damage":0,"enemies":"Small Slimes","floor":5,"turns":1},{"damage":0,"enemies":"Jaw Worm","floor":10,"turns":1},{"damage":24,"enemies":"3 Sentries","floor":11,"turns":3}],"seed_played":"5397371457824353743","potions_obtained":[{"floor":4,"key":"downfall:CursedFountainPotion"}],"is_trial":false,"path_per_floor":["R","M","?","?","M","R","T","R","?","M","E"],"character_chosen":"THE_CHAMP","items_purchased":[],"campfire_rested":0,"item_purchase_floors":[],"current_hp_per_floor":[90,90,90,90,90,90,90,90,90,90,66,66,66],"gold":274,"neow_bonus":"THREE_ENEMY_KILL","is_daily":false,"chose_seed":false,"campfire_upgraded":3,"win_rate":0.0,"timestamp":1609920135,"path_taken":["R","M","?","?","?","R","T","R","?","M","E"],"items_purchased_type":[],"build_version":"2020-12-22","purchased_purges":0,"victory":false,"max_hp_per_floor":[90,90,90,90,90,90,90,90,90,90,90,90,90],"card_choices":[{"not_picked":["champ:CrookedStrike","champ:PerfectedStrike"],"picked":"champ:GladiatorsShout","floor":2},{"not_picked":["champ:Haymaker","champ:BerserkersShout"],"picked":"champ:SkillfulDodge","floor":5},{"not_picked":["champ:Encircle","champ:EndlessRage"],"picked":"champ:FlashCut","floor":10}],"player_experience":195273,"relics_obtained":[{"floor":7,"key":"War Paint"}],"event_choices":[{"damage_healed":0,"gold_gain":0,"player_choice":"Upgraded","damage_taken":0,"max_hp_gain":0,"max_hp_loss":0,"event_name":"Upgrade Shrine","floor":9,"gold_loss":0,"cards_upgraded":["champ:SkillfulDodge"]}],"is_beta":false,"boss_relics":[],"items_purged_floors":[],"is_endless":false,"potions_floor_spawned":[],"killed_by":"3 Sentries","ascension_level":0}}