{"host":"0m7uut7ws4kj19nt","time":1609924942,"event":{"mods":["AchievementEnabler","BaseMod","Minty Spire (QoL Compilation)","Replay The Spire","StSLib","The Cursed","The Necromancer"],"gold_per_floor":[110,285,300,315,335,367,379,379,379,404,418,418,115,127,127,228,228,241,254,254,274,288,288,301,319,319,319,319,319,319],"floor_reached":29,"playtime":1269,"items_purged":[],"score":313,"play_id":"ce94550c-da42-476a-8aa8-64ff4d747f0a","local_time":"20210106162222","is_ascension_mode":true,"campfire_choices":[{"floor":8.0,"key":"REST"},{"floor":15.0,"key":"REST"},{"data":"Glass Knife","floor":23,"key":"SMITH"},{"data":"RitualDagger","floor":28,"key":"SMITH"}],"circlet_count":0,"master_deck":["Strike_G+1","Strike_G+1","Strike_G+1","Strike_G+1","Strike_G+1","Defend_G+1","Defend_G+1","Defend_G+1","Defend_G+1","Defend_G+1","Survivor","Neutralize","Unload+1","Flying Knee","Doubt","Endless Agony+1","Dash","Phantasmal Killer+1","Deflect+1","Underhanded Strike","ReplayTheSpireMod:Tripwire+1","Dark Shackles","Dodge and Roll","Storm of Steel","Blade Dance","Cloak And Dagger+1","Glass Knife+1","Calculated Gamble","Outmaneuver","Overencumbered","RitualDagger+1"],"relics":["Ring of the Snake","Gremlin Food","Art of War","Bag of Marbles","Guide Book","Cursed Key","Pear"],"acts_visited":["Exordium","TheCity"],"potions_floor_usage":[19],"damage_taken":[{"damage":1.0,"enemies":"2 Louse","floor":1.0,"turns":3.0},{"damage":4.0,"enemies":"Small Slimes","floor":3.0,"turns":4.0},{"damage":1.0,"enemies":"Jaw Worm","floor":4.0,"turns":3.0},{"damage":5.0,"enemies":"Large Slime","floor":5.0,"turns":7.0},{"damage":17.0,"enemies":"Gremlin Nob","floor":6.0,"turns":5.0},{"damage":5.0,"enemies":"2 Fungi Beasts","floor":7.0,"turns":4.0},{"damage":3.0,"enemies":"3 Sentries","floor":10.0,"turns":7.0},{"damage":3.0,"enemies":"Lots of Slimes","floor":11.0,"turns":4.0},{"damage":0.0,"enemies":"Looter","floor":14.0,"turns":1.0},{"damage":16.0,"enemies":"Hexaghost","floor":16.0,"turns":10.0},{"damage":12.0,"enemies":"3 Byrds","floor":18.0,"turns":6.0},{"damage":4,"enemies":"Shell Parasite","floor":19,"turns":2},{"damage":2,"enemies":"Snake Plant","floor":21,"turns":3},{"damage":18,"enemies":"Shelled Parasite and Fungi","floor":22,"turns":6},{"damage":13,"enemies":"Sentry and Sphere","floor":24,"turns":4},{"damage":0,"enemies":"Snecko","floor":25,"turns":4},{"damage":20,"enemies":"Cultist and Chosen","floor":29,"turns":4}],"seed_played":"3392116823028452580","potions_obtained":[{"floor":3.0,"key":"Weak Potion"},{"floor":4.0,"key":"Dexterity Potion"},{"floor":6.0,"key":"Fire Potion"},{"floor":7.0,"key":"Dexterity Potion"},{"floor":10.0,"key":"LiquidBronze"},{"floor":19,"key":"BlessingOfTheForge"},{"floor":21,"key":"Elixir"}],"is_trial":false,"path_per_floor":["M","?","M","M","M","E","M","R","T","E","M","?","$","M","R","B",null,"M","M","?","M","M","R","M","M","T","?","R","M"],"character_chosen":"THE_SILENT","items_purchased":["Guide Book","ReplayTheSpireMod:Tripwire+1","Dark Shackles"],"campfire_rested":2,"item_purchase_floors":[13,13,13],"current_hp_per_floor":[44,44,40,39,34,17,12,33,33,30,27,27,27,27,48,32,61,49,45,45,43,25,25,12,12,22,16,16,0,0],"gold":319,"neow_bonus":"THREE_RARE_CARDS","is_daily":false,"chose_seed":false,"campfire_upgraded":2,"win_rate":0.0,"timestamp":1609924942,"path_taken":["M","?","M","M","M","E","M","R","T","E","M","?","$","M","R","BOSS","M","M","?","M","M","R","M","M","T","?","R","M"],"items_purchased_type":["Relic","Card","Card"],"build_version":"2020-12-22","purchased_purges":0,"victory":false,"max_hp_per_floor":[70,70,70,70,70,70,70,70,70,70,70,70,70,70,70,70,70,70,70,70,70,70,70,70,70,80,80,80,80,80],"card_choices":[{"not_picked":["Phantasmal Killer","Doppelganger"],"picked":"Unload","floor":0.0},{"not_picked":["Leg Sweep","Choke"],"picked":"Flying Knee","floor":1.0},{"not_picked":["Draining Mist","Blur"],"picked":"Endless Agony","floor":3.0},{"not_picked":["Cloak And Dagger","Underhanded Strike"],"picked":"Dash","floor":4.0},{"not_picked":["Hidden Blade","Well Laid Plans","Dagger Throw"],"picked":"SKIP","floor":5.0},{"not_picked":["Eviscerate","Backstab"],"picked":"Phantasmal Killer","floor":6.0},{"not_picked":["Bane","Terror"],"picked":"Deflect","floor":7.0},{"not_picked":["Flying Knee","Dagger Throw","Reflex"],"picked":"SKIP","floor":10.0},{"not_picked":["Cloak And Dagger","Dodge and Roll"],"picked":"Underhanded Strike","floor":11.0},{"not_picked":["Hidden Blade","Masterful Stab"],"picked":"Dodge and Roll","floor":14.0},{"not_picked":["Grand Finale","ReplayTheSpireMod:From All Sides"],"picked":"Storm of Steel","floor":16.0},{"not_picked":["Sucker Punch","Deflect"],"picked":"Blade Dance","floor":18.0},{"not_picked":["Terror","Hidden Blade+1"],"picked":"Cloak And Dagger+1","floor":19},{"not_picked":["Dodge and Roll","ReplayTheSpireMod:Exploit Weakness","Deadly Poison+1"],"picked":"SKIP","floor":21},{"not_picked":["PiercingWail","Backflip"],"picked":"Glass Knife","floor":22},{"not_picked":["Flechettes","Flying Knee"],"picked":"Calculated Gamble","floor":24},{"not_picked":["Sucker Punch","ReplayTheSpireMod:The Works"],"picked":"Outmaneuver","floor":25}],"player_experience":135466,"relics_obtained":[{"floor":6.0,"key":"Gremlin Food"},{"floor":9.0,"key":"Art of War"},{"floor":10.0,"key":"Bag of Marbles"},{"floor":26,"key":"Pear"}],"event_choices":[{"damage_healed":0.0,"max_hp_gain":0.0,"max_hp_loss":0.0,"gold_gain":175.0,"event_name":"Liars Game","player_choice":"AGREE","floor":2.0,"gold_loss":0.0,"damage_taken":0.0,"cards_obtained":["Doubt"]},{"damage_healed":0.0,"max_hp_gain":0.0,"max_hp_loss":0.0,"gold_gain":0.0,"event_name":"Golden Idol","player_choice":"Ignored","floor":12.0,"gold_loss":0.0,"damage_taken":0.0},{"damage_healed":0,"gold_gain":0,"player_choice":"Simplicity","damage_taken":0,"max_hp_gain":0,"max_hp_loss":0,"event_name":"Back to Basics","floor":20,"gold_loss":0,"cards_upgraded":["Strike_G","Strike_G","Strike_G","Strike_G","Strike_G","Defend_G","Defend_G","Defend_G","Defend_G","Defend_G"]},{"damage_healed":0,"gold_gain":0,"player_choice":"Joined the Cult","damage_taken":6,"max_hp_gain":0,"max_hp_loss":0,"event_name":"Nest","floor":27,"gold_loss":0,"cards_obtained":["RitualDagger"]}],"is_beta":false,"boss_relics":[{"not_picked":["HoveringKite","Fusion Hammer"],"picked":"Cursed Key"}],"items_purged_floors":[],"is_endless":false,"potions_floor_spawned":[3,4,6,7,10,19,21],"killed_by":"Cultist and Chosen","ascension_level":6}}