{"host":"o9f8b8qp367yg72z","time":1609903971,"event":{"mods":["2.2 Compatiblity","Aspiration","BaseMod","Beaked The Cultist","Clockwork Mod","Colored Map","Colored Powertips","Conjunction","Conspire","Downfall","Gold Saver","Halation","Highlight Path","Hubris","Infinite Spire","Marisa????????","Minty Spire (QoL Compilation)","Rare Cards Sparkle","Relic Stats","Replay The Spire","Shade Mod","StSLib","The Blackbeard","The Caster","The Construct","The Dragon Tamer","The Gatherer","The Hierophant","The Servant 0.9.4","The Spell Scribe","The Witch","TheVacant"],"gold_per_floor":[508,458,332,351,366,366,378,50,50,50,50,109,138,148,148,245,245,256,277,46,46,60,60,95,113,113,113,113,126,561,581,581,685,685,698,869,779,63,84,84,144,144,168,168,184,184,184,144,144,144],"floor_reached":51,"playtime":3505,"items_purged":["Strike_S","Strike_S","KidneyShot","Defend_S","Defend_S","FastForward"],"score":1013,"play_id":"1d772e87-9e46-4929-9aeb-ac0e811aa14e","local_time":"20210106143251","is_ascension_mode":false,"campfire_choices":[{"data":"Advance","floor":6.0,"key":"SMITH"},{"data":"Potential","floor":10.0,"key":"SMITH"},{"data":"Exchange","floor":15.0,"key":"SMITH"},{"data":"infinitespire:Execution","floor":23,"key":"SMITH"},{"data":"FloweringNight","floor":28,"key":"SMITH"},{"data":"TimeWarp","floor":32,"key":"SMITH"},{"data":"SurpressingFire","floor":40,"key":"SMITH"},{"data":"TimeWarp","floor":42,"key":"SMITH"},{"data":"Pot Of Greed","floor":47,"key":"SMITH"},{"data":"Pot Of Greed","floor":49,"key":"SMITH"}],"circlet_count":0,"master_deck":["Defend_S","Exchange+1","ShatteredReality","TimeWarp+1","Advance+1","Potential+1","BottledTime","Starlight","Starlight","Contraction","FloweringNight+1","infinitespire:Execution+1","TheWorld","WasteNot+1","SilverBlades+1","TheWorld","Rearm","Pot Of Greed+1","Pot Of Greed+1","PendulumOfEternity+1","TimeWarp+1","SurpressingFire+1","Pot Of Greed+1","DualDimension+1"],"relics":["Uniform","halation:IllGainedPizza","infinitespire:CursedDice","Boot","Mercury Hourglass","Bag of Preparation","halation:Sosunser","Nloth\u0027s Gift","conspire:TopHat","hubris:SphereOfDissonance","Juzu Bracelet","aspiration:TrustyKnives","Grinning Jar","halation:PeacePiece","aspiration:SecretTechniqueScroll","conspire:DeflatedDodgeball","Replay:Towering Pillar of Hats","Calipers","aspiration:ChemicalBlood","halation:QuantumPhysicsTextbook","Strawberry","halation:PinkSoulGem"],"acts_visited":["Exordium","TheCity","TheBeyond"],"potions_floor_usage":[39,45,50,50,50],"damage_taken":[{"damage":4.0,"enemies":"conspire:RoseBush","floor":1.0,"turns":5.0},{"damage":4.0,"enemies":"2 Louse","floor":4.0,"turns":3.0},{"damage":0.0,"enemies":"Small Slimes","floor":5.0,"turns":3.0},{"damage":0.0,"enemies":"Exordium Wildlife","floor":7.0,"turns":2.0},{"damage":9.0,"enemies":"3 Sentries","floor":12.0,"turns":4.0},{"damage":0.0,"enemies":"Gremlin Nob","floor":13.0,"turns":2.0},{"damage":0.0,"enemies":"Red Slaver","floor":14.0,"turns":1.0},{"damage":0.0,"enemies":"Fading Forest","floor":16.0,"turns":4.0},{"damage":0,"enemies":"Spheric Guardian","floor":18,"turns":2},{"damage":10,"enemies":"Chosen","floor":19,"turns":2},{"damage":0,"enemies":"conspire:HollyBat","floor":22,"turns":2},{"damage":0,"enemies":"Gremlin Leader","floor":24,"turns":2},{"damage":5,"enemies":"Snecko","floor":25,"turns":4},{"damage":0,"enemies":"Cultist and Chosen","floor":29,"turns":1},{"damage":0,"enemies":"3 Cultists","floor":31,"turns":1},{"damage":0,"enemies":"Collector","floor":33,"turns":2},{"damage":0,"enemies":"3 Shapes","floor":35,"turns":1},{"damage":0,"enemies":"3 Darklings","floor":39,"turns":2},{"damage":0,"enemies":"Mind Bloom Boss Battle","floor":41,"turns":4},{"damage":9,"enemies":"4 Shapes","floor":45,"turns":2},{"damage":0,"enemies":"Donu and Deca","floor":50,"turns":1}],"seed_played":"-6221806148103136506","potions_obtained":[{"floor":4.0,"key":"PowerPotion"},{"floor":5.0,"key":"Conjunction:LightningMarble"},{"floor":7.0,"key":"Weak Potion"},{"floor":41,"key":"Explosive Potion"},{"floor":45,"key":"champ:CounterPotion"},{"floor":48,"key":"PowerPotion"},{"floor":48,"key":"CultistPotion"}],"is_trial":false,"path_per_floor":["M","?","$","M","M","R","M","$","T","R","?","?","E","M","R","B",null,"M","M","$","?","M","R","E","M","T","?","R","M","$","M","R","B",null,"M","$","?","$","M","R","?","R","T","?","M","?","R","?","R","B",null],"character_chosen":"THE_SERVANT","items_purchased":["TimeWarp","halation:IllGainedPizza","BottledTime","Starlight","Bag of Preparation","Golden Egg","halation:Sosunser","WasteNot","aspiration:TrustyKnives","Grinning Jar","halation:PeacePiece","conspire:DeflatedDodgeball","Replay:Towering Pillar of Hats","SurpressingFire","Calipers","aspiration:ChemicalBlood","hexamod:EctoCoolerPotion"],"campfire_rested":0,"item_purchase_floors":[3,8,8,8,20,20,20,20,30,30,30,36,36,36,38,38,38],"current_hp_per_floor":[61,61,61,57,57,57,57,57,57,57,57,48,48,48,48,48,65,65,55,55,55,55,55,55,50,50,53,53,53,53,53,53,53,65,65,65,65,65,65,65,65,65,72,72,63,66,66,69,69,69],"gold":144,"neow_bonus":"REMOVE_CARD","is_daily":false,"chose_seed":false,"campfire_upgraded":10,"win_rate":0.0,"timestamp":1609903971,"path_taken":["M","?","$","M","M","R","M","$","T","R","?","?","E","M","R","BOSS","M","M","$","?","M","R","E","M","T","?","R","M","$","M","R","BOSS","M","$","?","?","M","R","?","R","T","?","M","?","R","?","R","BOSS"],"items_purchased_type":["Card","Relic","Card","Card","Relic","Relic","Relic","Card","Relic","Relic","Relic","Relic","Relic","Card","Relic","Relic","Potion"],"build_version":"2020-12-22","purchased_purges":6,"victory":true,"max_hp_per_floor":[65,65,65,65,65,65,65,65,65,65,65,65,65,65,65,65,65,65,65,65,65,65,65,65,65,65,65,65,65,65,65,65,65,65,65,65,65,65,65,65,65,65,72,72,72,72,72,72,72,72],"relic_stats":{"counters":[21,50],"Bag of Preparation":[22],"Nloth\u0027s Gift":2,"Juzu Bracelet":2,"Boot":[7],"obtain_stats":[{"Golden Egg":20,"Calipers":38,"Replay:Towering Pillar of Hats":36,"halation:QuantumPhysicsTextbook":41,"infinitespire:CursedDice":9,"halation:Sosunser":20,"halation:IllGainedPizza":8,"hubris:SphereOfDissonance":26,"ReplayTheSpireMod:SealedPack":17,"aspiration:TrustyKnives":30,"Uniform":0,"Bag of Preparation":20,"Juzu Bracelet":26,"aspiration:SecretTechniqueScroll":34,"Boot":12,"conspire:TopHat":24,"Mercury Hourglass":13,"Strawberry":43,"Nloth\u0027s Gift":21,"Grinning Jar":30,"conspire:DeflatedDodgeball":36,"halation:PinkSoulGem":46,"halation:PeacePiece":30,"aspiration:ChemicalBlood":38},{"Golden Egg":10,"Calipers":17,"Replay:Towering Pillar of Hats":17,"halation:QuantumPhysicsTextbook":19,"infinitespire:CursedDice":4,"halation:Sosunser":10,"halation:IllGainedPizza":4,"hubris:SphereOfDissonance":13,"ReplayTheSpireMod:SealedPack":8,"aspiration:TrustyKnives":14,"Uniform":0,"Bag of Preparation":10,"Juzu Bracelet":13,"aspiration:SecretTechniqueScroll":16,"Boot":5,"conspire:TopHat":12,"Mercury Hourglass":6,"Strawberry":19,"Nloth\u0027s Gift":10,"Grinning Jar":14,"conspire:DeflatedDodgeball":17,"halation:PinkSoulGem":20,"halation:PeacePiece":14,"aspiration:ChemicalBlood":17},{"Golden Egg":28,"Calipers":41,"Replay:Towering Pillar of Hats":41,"halation:QuantumPhysicsTextbook":47,"infinitespire:CursedDice":13,"halation:Sosunser":28,"halation:IllGainedPizza":13,"hubris:SphereOfDissonance":36,"ReplayTheSpireMod:SealedPack":24,"aspiration:TrustyKnives":37,"Uniform":0,"Bag of Preparation":28,"Juzu Bracelet":36,"aspiration:SecretTechniqueScroll":40,"Boot":17,"conspire:TopHat":32,"Mercury Hourglass":19,"Strawberry":47,"Nloth\u0027s Gift":28,"Grinning Jar":37,"conspire:DeflatedDodgeball":41,"halation:PinkSoulGem":49,"halation:PeacePiece":37,"aspiration:ChemicalBlood":41}],"Mercury Hourglass":[129]},"card_choices":[{"not_picked":["Revamp","Ricochet"],"picked":"ShatteredReality","floor":1.0},{"not_picked":["DualDimension","Sabotage"],"picked":"Advance","floor":4.0},{"not_picked":["Read","Replace"],"picked":"FastForward","floor":5.0},{"not_picked":["Rearm","Revamp"],"picked":"Potential","floor":7.0},{"not_picked":["InstantArmor","Read"],"picked":"Starlight","floor":13.0},{"not_picked":["BestPractice","Starlight"],"picked":"Contraction","floor":14.0},{"not_picked":["ForgedInTime","Duplication"],"picked":"FloweringNight","floor":16.0},{"not_picked":["infinitespire:Starlight","infinitespire:UltimateForm"],"picked":"infinitespire:Execution","floor":17},{"not_picked":["FlawlessForm","SoulSculpture"],"picked":"TheWorld","floor":17},{"not_picked":["Alleviate","Comet+1","ShatteredReality"],"picked":"SKIP","floor":18},{"not_picked":["MoonPhase","SpecialFormula","SoulSculpture"],"picked":"SKIP","floor":19},{"not_picked":["Starlight","Reset","Rewind"],"picked":"SKIP","floor":22},{"not_picked":["Potential","Advance+1"],"picked":"SilverBlades+1","floor":24},{"not_picked":["Spin+1","ShatteredReality","Rewind"],"picked":"SKIP","floor":25},{"not_picked":["Alleviate","Initiator"],"picked":"Rearm","floor":29},{"not_picked":["ShatteredReality","Ricochet+1","MoonPhase"],"picked":"SKIP","floor":31},{"not_picked":["ForgedInTime","LightFlow"],"picked":"PendulumOfEternity","floor":33},{"not_picked":["Desolation+1","SpecialFormula"],"picked":"TimeWarp","floor":35},{"not_picked":["Desolation","Unruled","Potential+1"],"picked":"SKIP","floor":39},{"not_picked":["Potential+1","ReturningBlade+1"],"picked":"DualDimension+1","floor":45}],"player_experience":346117,"relics_obtained":[{"floor":9.0,"key":"infinitespire:CursedDice"},{"floor":12.0,"key":"Boot"},{"floor":13.0,"key":"Mercury Hourglass"},{"floor":24,"key":"conspire:TopHat"},{"floor":26,"key":"hubris:SphereOfDissonance"},{"floor":41,"key":"halation:QuantumPhysicsTextbook"},{"floor":43,"key":"Strawberry"}],"event_choices":[{"cards_removed":["Strike_S"],"damage_healed":0.0,"max_hp_gain":0.0,"max_hp_loss":0.0,"gold_gain":0.0,"event_name":"The Cleric","player_choice":"Card Removal","floor":2.0,"gold_loss":50.0,"damage_taken":0.0},{"damage_healed":0.0,"max_hp_gain":0.0,"max_hp_loss":0.0,"gold_gain":30.0,"event_name":"Dead Adventurer","player_choice":"Searched \u00272\u0027 times","floor":12.0,"gold_loss":0.0,"damage_taken":0.0},{"damage_healed":0,"gold_gain":0,"player_choice":"Traded Relic","damage_taken":0,"relics_obtained":["Nloth\u0027s Gift"],"max_hp_gain":0,"max_hp_loss":0,"event_name":"N\u0027loth","floor":21,"relics_lost":["Golden Egg"],"gold_loss":0},{"damage_healed":0,"gold_gain":0,"player_choice":"Copied","damage_taken":0,"max_hp_gain":0,"max_hp_loss":0,"event_name":"Duplicator","floor":27,"gold_loss":0,"cards_obtained":["TheWorld"]},{"cards_removed":["Defend_S"],"damage_healed":0,"gold_gain":0,"player_choice":"Upgrade and Remove","damage_taken":0,"max_hp_gain":0,"max_hp_loss":0,"event_name":"Designer","floor":37,"gold_loss":90,"cards_upgraded":["PendulumOfEternity"]},{"damage_healed":0,"gold_gain":0,"player_choice":"Fight","damage_taken":0,"max_hp_gain":0,"max_hp_loss":0,"event_name":"MindBloom","floor":41,"gold_loss":0},{"damage_healed":0,"gold_gain":0,"player_choice":"Bought 3 Potions","damage_taken":0,"max_hp_gain":0,"max_hp_loss":0,"event_name":"The Woman in Blue","floor":48,"gold_loss":0}],"is_beta":false,"boss_relics":[{"not_picked":["halation:Risk","Velvet Choker"],"picked":"ReplayTheSpireMod:SealedPack"},{"not_picked":["halation:PlatinumPhoenix","aspiration:RunicSpoon"],"picked":"aspiration:SecretTechniqueScroll"}],"items_purged_floors":[3,8,20,30,36,38],"is_endless":false,"potions_floor_spawned":[4,5,7,13,18,22,25,31,33,35,41,45],"ascension_level":0}}