{"host":"684z1xpuwaoqmmh1","time":1609929335,"event":{"mods":["BaseMod","Downfall","Hermit","Jorbs\u0027s Wanderer Trilogy","Marisa????????","Minty Spire (QoL Compilation)","StSLib","The Hierophant","The Mystic"],"gold_per_floor":[199,215,232,251,251,251,251,251,283,303,228,240,259,0,10,10,10,10],"floor_reached":16,"playtime":814,"items_purged":["champ:Strike"],"score":192,"play_id":"a0516a61-ed02-40df-ab4e-0bec0826db73","local_time":"20210106123535","is_ascension_mode":true,"campfire_choices":[{"data":"champ:Taunt","floor":1.0,"key":"SMITH"},{"floor":6.0,"key":"REST"},{"floor":11.0,"key":"REST"}],"circlet_count":0,"master_deck":["AscendersBane","champ:Strike","champ:Strike","champ:Strike","champ:Defend","champ:Defend","champ:Defend","champ:Defend","champ:Execute","champ:Taunt+1","champ:BerserkerStyle","champ:GladiatorStyle","champ:Circumvent","champ:Balance","champ:GutPunch","champ:TornadoPunch","champ:FlashCut","champ:Aggression","champ:HoldFirm"],"relics":["champ:ChampionCrown","downfall:ShatteredFragment","White Beast Statue","Omamori","downfall:HeartBlessingGreen","Guardian:PocketSentry"],"acts_visited":["Exordium"],"potions_floor_usage":[16,16],"damage_taken":[{"damage":12.0,"enemies":"Cultist","floor":2.0,"turns":4.0},{"damage":11.0,"enemies":"2 Louse","floor":3.0,"turns":3.0},{"damage":11.0,"enemies":"Small Slimes","floor":4.0,"turns":5.0},{"damage":44.0,"enemies":"Gremlin Nob","floor":9.0,"turns":4.0},{"damage":10.0,"enemies":"Blue Slaver","floor":10.0,"turns":4.0},{"damage":0.0,"enemies":"2 Fungi Beasts","floor":12.0,"turns":2.0},{"damage":18.0,"enemies":"Large Slime","floor":13.0,"turns":6.0},{"damage":12.0,"enemies":"downfall:FleeingMerchant","floor":14.0,"turns":4.0},{"damage":10.0,"enemies":"Gremlin Gang","floor":15.0,"turns":3.0},{"damage":34,"enemies":"downfall:Defect","floor":16,"turns":6}],"seed_played":"3761749425574296157","potions_obtained":[{"floor":2.0,"key":"Dexterity Potion"},{"floor":8.0,"key":"hexamod:EctoCoolerPotion"},{"floor":9.0,"key":"BlessingOfTheForge"},{"floor":10.0,"key":"Guardian:BlockOnCardUsePotion"},{"floor":12.0,"key":"Swift Potion"},{"floor":13.0,"key":"LiquidMemories"},{"floor":14.0,"key":"Weak Potion"},{"floor":15,"key":"LiquidMemories"}],"is_trial":false,"path_per_floor":["R","M","M","M","?","R","T","?","E","M","R","M","M","$","M","B"],"character_chosen":"THE_CHAMP","items_purchased":["Guardian:PocketSentry"],"campfire_rested":2,"item_purchase_floors":[14],"current_hp_per_floor":[73,71,62,56,29,53,53,53,16,8,32,32,32,32,32,0,0,0],"gold":10,"neow_bonus":"HUNDRED_GOLD","is_daily":false,"chose_seed":false,"campfire_upgraded":1,"win_rate":0.0,"timestamp":1609929335,"path_taken":["R","M","?","M","?","R","T","?","E","M","R","?","M","$","M","BOSS"],"items_purchased_type":["Relic"],"build_version":"2020-12-22","purchased_purges":1,"victory":false,"max_hp_per_floor":[81,81,81,81,81,81,81,81,81,81,81,81,81,81,81,81,81,81],"card_choices":[{"not_picked":["champ:CrookedStrike","champ:Backstep"],"picked":"champ:BerserkerStyle","floor":2.0},{"not_picked":["champ:BladeFlurry","champ:FanOfKnives"],"picked":"champ:GladiatorStyle","floor":3.0},{"not_picked":["champ:BerserkersShout","champ:Shatter"],"picked":"champ:Circumvent","floor":4.0},{"not_picked":["champ:EnGarde","champ:EnragedBash"],"picked":"champ:Balance","floor":9.0},{"not_picked":["champ:PreciseThrust","champ:DefensiveShout"],"picked":"champ:GutPunch","floor":10.0},{"not_picked":["champ:GladiatorsShout","champ:BerserkersShout"],"picked":"champ:TornadoPunch","floor":12.0},{"not_picked":["champ:Haymaker","champ:PerfectedStrike"],"picked":"champ:FlashCut","floor":13.0},{"not_picked":["champ:Shatter","champ:Riposte"],"picked":"champ:Aggression","floor":14.0},{"not_picked":["champ:Haymaker","champ:DefensiveShout"],"picked":"champ:HoldFirm","floor":15}],"player_experience":2389856,"relics_obtained":[{"floor":7.0,"key":"White Beast Statue"},{"floor":9.0,"key":"Omamori"}],"event_choices":[{"damage_healed":0.0,"max_hp_gain":0.0,"max_hp_loss":0.0,"gold_gain":0.0,"event_name":"Lab","player_choice":"Got Potions","floor":8.0,"gold_loss":0.0,"damage_taken":0.0}],"is_beta":false,"boss_relics":[],"items_purged_floors":[14],"is_endless":false,"potions_floor_spawned":[2,9,10,12,13,14,15],"killed_by":"downfall:Defect","ascension_level":17}}