{"host":"Qube","time":1609917335,"event":{"mods":["AchievementEnabler","BaseMod","Colored Map","Colored Powertips","Minty Spire (QoL Compilation)","Quick Restart","Random Character Button","StSLib"],"gold_per_floor":[117,136,186,198,210,210,242,242,242,270,270,299,299,312,312,388,388,401,320,331,350,57,87,87,120,191,200,200,223,223,259,259,345,345,357,357,357,357,357],"floor_reached":38,"playtime":2538,"items_purged":[],"score":831,"play_id":"992313b8-f823-43e0-9afc-8725981b017b","local_time":"20210105231535","is_ascension_mode":true,"campfire_choices":[{"data":"Armaments","floor":6.0,"key":"SMITH"},{"data":"Offering","floor":8.0,"key":"SMITH"},{"floor":11.0,"key":"REST"},{"data":"Iron Wave","floor":15.0,"key":"SMITH"},{"floor":24.0,"key":"REST"},{"floor":30.0,"key":"REST"},{"data":"Uppercut","floor":32.0,"key":"SMITH"}],"circlet_count":0,"master_deck":["AscendersBane","Strike_R+1","Strike_R","Strike_R","Strike_R","Strike_R","Defend_R","Defend_R","Defend_R","Defend_R","Bash+1","Shrug It Off+1","Iron Wave+1","Armaments+1","Offering+1","Impervious+1","Intimidate+1","Battle Trance+1","Entrench+1","Bludgeon","Infernal Blade+1","Shockwave+1","Flame Barrier+1","RitualDagger","Carnage","Uppercut+1","Corruption"],"relics":["Burning Blood","NeowsBlessing","Toxic Egg 2","Unceasing Top","StoneCalendar","Art of War","SlaversCollar","Peace Pipe","Sling","Pen Nib","Nunchaku","CeramicFish","Gremlin Horn","Whetstone","Cursed Key"],"acts_visited":["Exordium","TheCity","TheBeyond"],"potions_floor_usage":[],"damage_taken":[{"damage":0.0,"enemies":"Jaw Worm","floor":1.0,"turns":1.0},{"damage":0.0,"enemies":"Cultist","floor":2.0,"turns":1.0},{"damage":0.0,"enemies":"2 Louse","floor":4.0,"turns":2.0},{"damage":20.0,"enemies":"Gremlin Gang","floor":5.0,"turns":11.0},{"damage":31.0,"enemies":"3 Sentries","floor":7.0,"turns":11.0},{"damage":15.0,"enemies":"Gremlin Nob","floor":10.0,"turns":4.0},{"damage":18.0,"enemies":"3 Sentries","floor":12.0,"turns":7.0},{"damage":0.0,"enemies":"Looter","floor":14.0,"turns":5.0},{"damage":20.0,"enemies":"The Guardian","floor":16.0,"turns":16.0},{"damage":11.0,"enemies":"Spheric Guardian","floor":18.0,"turns":8.0},{"damage":8.0,"enemies":"3 Byrds","floor":20.0,"turns":7.0},{"damage":19.0,"enemies":"Cultist and Chosen","floor":21.0,"turns":5.0},{"damage":21.0,"enemies":"Slavers","floor":23.0,"turns":6.0},{"damage":11.0,"enemies":"Gremlin Leader","floor":25.0,"turns":5.0},{"damage":15.0,"enemies":"Snake Plant","floor":29.0,"turns":5.0},{"damage":6.0,"enemies":"Slavers","floor":31.0,"turns":4.0},{"damage":111.0,"enemies":"Champ","floor":33.0,"turns":13.0},{"damage":6.0,"enemies":"3 Shapes","floor":35.0,"turns":5.0},{"damage":68,"enemies":"Time Eater","floor":38,"turns":6}],"seed_played":"-4126449925863664314","potions_obtained":[{"floor":5.0,"key":"Block Potion"},{"floor":10.0,"key":"FairyPotion"},{"floor":12.0,"key":"BloodPotion"},{"floor":14.0,"key":"DistilledChaos"},{"floor":21.0,"key":"Explosive Potion"},{"floor":23.0,"key":"Dexterity Potion"},{"floor":28.0,"key":"FairyPotion"},{"floor":33.0,"key":"Fire Potion"},{"floor":35.0,"key":"SteroidPotion"}],"is_trial":false,"path_per_floor":["M","M","?","M","M","R","E","R","T","E","R","E","?","M","R","B",null,"M","?","M","M","$","E","R","E","T","?","?","M","R","E","R","B",null,"M","?","?","B"],"character_chosen":"IRONCLAD","items_purchased":["Sling","Pen Nib"],"campfire_rested":3,"item_purchase_floors":[22,22],"current_hp_per_floor":[74,75,75,75,61,61,36,36,36,27,49,37,37,58,58,44,67,62,62,60,47,47,32,54,49,49,43,43,34,56,56,56,18,61,61,61,61,0,0],"gold":357,"neow_bonus":"THREE_ENEMY_KILL","is_daily":false,"chose_seed":false,"campfire_upgraded":4,"win_rate":0.0,"timestamp":1609917335,"path_taken":["M","M","?","?","M","R","E","R","T","E","R","E","?","?","R","BOSS","M","?","M","?","$","E","R","E","T","?","?","?","R","E","R","BOSS","M","?","?","BOSS"],"items_purchased_type":["Relic","Relic"],"build_version":"2020-12-18","purchased_purges":0,"victory":false,"max_hp_per_floor":[75,75,75,75,75,75,75,75,75,75,75,75,75,75,75,75,75,75,75,75,75,75,75,75,75,75,75,75,75,75,75,75,75,75,75,75,75,75,75],"card_choices":[{"not_picked":["Flex","Havoc"],"picked":"Shrug It Off","floor":1.0},{"not_picked":["Sentinel","Rupture"],"picked":"Iron Wave","floor":2.0},{"not_picked":["Sword Boomerang","Iron Wave"],"picked":"Armaments","floor":4.0},{"not_picked":["Dark Embrace","Sword Boomerang"],"picked":"Offering","floor":5.0},{"not_picked":["Reckless Charge","Twin Strike"],"picked":"Impervious+1","floor":7.0},{"not_picked":["Dropkick","Twin Strike"],"picked":"Intimidate+1","floor":10.0},{"not_picked":["Carnage","Pommel Strike"],"picked":"Battle Trance+1","floor":12.0},{"not_picked":["Second Wind+1","Armaments+1"],"picked":"Entrench+1","floor":14.0},{"not_picked":["Immolate","Juggernaut"],"picked":"Bludgeon","floor":16.0},{"not_picked":["Pommel Strike","Havoc+1"],"picked":"Infernal Blade+1","floor":18.0},{"not_picked":["Wild Strike","Clash"],"picked":"Shockwave+1","floor":20.0},{"not_picked":["Pommel Strike","Iron Wave"],"picked":"Flame Barrier+1","floor":21.0},{"not_picked":["Immolate","Heavy Blade","Searing Blow"],"picked":"SKIP","floor":23.0},{"not_picked":["Twin Strike","Heavy Blade","Pommel Strike"],"picked":"SKIP","floor":25.0},{"not_picked":["Headbutt","Sentinel+1"],"picked":"Carnage","floor":29.0},{"not_picked":["Perfected Strike","Dark Embrace"],"picked":"Uppercut","floor":31.0},{"not_picked":["Juggernaut","Bludgeon"],"picked":"Corruption","floor":33.0},{"not_picked":["Headbutt","Heavy Blade","Disarm+1"],"picked":"SKIP","floor":35.0}],"player_experience":813166,"relics_obtained":[{"floor":7.0,"key":"Toxic Egg 2"},{"floor":9.0,"key":"Unceasing Top"},{"floor":10.0,"key":"StoneCalendar"},{"floor":12.0,"key":"Art of War"},{"floor":23.0,"key":"Nunchaku"},{"floor":25.0,"key":"CeramicFish"},{"floor":26.0,"key":"Gremlin Horn"},{"floor":31.0,"key":"Whetstone"}],"event_choices":[{"damage_healed":0.0,"max_hp_gain":0.0,"max_hp_loss":0.0,"gold_gain":50.0,"event_name":"Golden Shrine","player_choice":"Pray","floor":3.0,"gold_loss":0.0,"damage_taken":0.0},{"damage_healed":0.0,"max_hp_gain":0.0,"max_hp_loss":0.0,"gold_gain":0.0,"event_name":"Accursed Blacksmith","player_choice":"Forge","floor":13.0,"gold_loss":0.0,"damage_taken":0.0,"cards_upgraded":["Shrug It Off"]},{"damage_healed":0.0,"max_hp_gain":0.0,"max_hp_loss":0.0,"gold_gain":0.0,"event_name":"WeMeetAgain","player_choice":"Paid Gold","floor":19.0,"gold_loss":81.0,"damage_taken":0.0,"relics_obtained":["Peace Pipe"]},{"damage_healed":0.0,"max_hp_gain":0.0,"max_hp_loss":0.0,"gold_gain":0.0,"event_name":"Nest","player_choice":"Joined the Cult","floor":27.0,"gold_loss":0.0,"damage_taken":6.0,"cards_obtained":["RitualDagger"]},{"damage_healed":0.0,"max_hp_gain":0.0,"max_hp_loss":0.0,"gold_gain":0.0,"event_name":"Lab","player_choice":"Got Potions","floor":28.0,"gold_loss":0.0,"damage_taken":0.0},{"damage_healed":0.0,"max_hp_gain":0.0,"max_hp_loss":0.0,"gold_gain":0.0,"event_name":"Mysterious Sphere","player_choice":"Ignored","floor":36.0,"gold_loss":0.0,"damage_taken":0.0},{"damage_healed":0.0,"max_hp_gain":0.0,"max_hp_loss":0.0,"gold_gain":0.0,"event_name":"SecretPortal","player_choice":"Took Portal","floor":37.0,"gold_loss":0.0,"damage_taken":0.0}],"is_beta":true,"boss_relics":[{"not_picked":["Ectoplasm","Runic Cube"],"picked":"SlaversCollar"},{"not_picked":["Astrolabe","Philosopher\u0027s Stone"],"picked":"Cursed Key"}],"items_purged_floors":[],"is_endless":false,"potions_floor_spawned":[5,10,12,14,21,23,31,33,35],"killed_by":"Time Eater","ascension_level":15}}