{"host":"ur405gpummdrt5xj","time":1609910660,"event":{"mods":["BaseMod","Colored Map","Highlight Path","Minty Spire (QoL Compilation)","Quick Restart"],"gold_per_floor":[119,137,62,80,91,91,118,118,118,118,18,18,18],"floor_reached":12,"playtime":406,"items_purged":["Strike_G","Strike_G"],"score":102,"play_id":"4eff7b02-27b7-4ea6-8c62-51a96fcfcb7a","local_time":"20210105212420","is_ascension_mode":true,"campfire_choices":[{"data":"Neutralize","floor":6,"key":"SMITH"},{"floor":8,"key":"REST"},{"data":"Leg Sweep","floor":10,"key":"SMITH"}],"circlet_count":0,"master_deck":["AscendersBane","Strike_G","Strike_G","Strike_G","Defend_G","Defend_G","Defend_G","Defend_G","Defend_G","Survivor","Neutralize+1","Leg Sweep+1","Backstab","Caltrops"],"relics":["Ring of the Snake","NeowsBlessing","Odd Mushroom","Ornamental Fan"],"acts_visited":["Exordium"],"potions_floor_usage":[12,12],"damage_taken":[{"damage":0,"enemies":"Jaw Worm","floor":1,"turns":1},{"damage":0,"enemies":"Small Slimes","floor":2,"turns":1},{"damage":0,"enemies":"Cultist","floor":4,"turns":1},{"damage":22,"enemies":"Large Slime","floor":5,"turns":13},{"damage":34,"enemies":"The Mushroom Lair","floor":7,"turns":6},{"damage":29,"enemies":"Lagavulin","floor":12,"turns":12}],"seed_played":"2731738998731293034","potions_obtained":[{"floor":1,"key":"Block Potion"},{"floor":5,"key":"Swift Potion"}],"is_trial":false,"path_per_floor":["M","M","$","M","M","R","?","R","T","R","$","E"],"character_chosen":"THE_SILENT","items_purchased":[],"campfire_rested":1,"item_purchase_floors":[],"current_hp_per_floor":[63,63,63,63,41,41,7,28,28,28,28,0,0],"gold":18,"neow_bonus":"THREE_ENEMY_KILL","is_daily":false,"chose_seed":false,"campfire_upgraded":2,"win_rate":0.0,"timestamp":1609910660,"path_taken":["M","M","$","M","M","R","?","R","T","R","$","E"],"items_purchased_type":[],"build_version":"2020-12-22","purchased_purges":2,"victory":false,"max_hp_per_floor":[70,70,70,70,70,70,70,70,70,70,70,70,70],"card_choices":[{"not_picked":["Dagger Throw","Underhanded Strike"],"picked":"Leg Sweep","floor":1},{"not_picked":["Deadly Poison","All Out Attack","Poisoned Stab"],"picked":"SKIP","floor":2},{"not_picked":["Flying Knee","PiercingWail"],"picked":"Backstab","floor":4},{"not_picked":["Tools of the Trade","Sucker Punch"],"picked":"Caltrops","floor":5}],"player_experience":517828,"relics_obtained":[{"floor":7,"key":"Odd Mushroom"},{"floor":9,"key":"Ornamental Fan"}],"event_choices":[{"damage_healed":0,"gold_gain":0,"player_choice":"Fought Mushrooms","damage_taken":0,"max_hp_gain":0,"max_hp_loss":0,"event_name":"Mushrooms","floor":7,"gold_loss":0}],"is_beta":false,"boss_relics":[],"items_purged_floors":[3,11],"is_endless":false,"potions_floor_spawned":[1,5],"killed_by":"Lagavulin","ascension_level":10}}