{"host":"84o9adk8f86kep7o","time":1609938315,"event":{"mods":["AchievementEnabler","BaseMod","Minty Spire (QoL Compilation)"],"gold_per_floor":[110,129,149,169,134,134,162,162,162,13,13,13,54,54,54,177,177,201,201,201,116,0,0,24,24,24,24,67,86,120,141,141,141,141],"floor_reached":33,"playtime":4429,"items_purged":[],"score":316,"play_id":"daa9cb4d-321c-4181-bb49-5a3b84762ecc","local_time":"20210106130515","is_ascension_mode":false,"campfire_choices":[{"data":"Defragment","floor":6,"key":"SMITH"},{"floor":11,"key":"REST"},{"floor":15,"key":"REST"},{"data":"Enlightenment","floor":23,"key":"SMITH"},{"data":"Static Discharge","floor":25,"key":"SMITH"},{"data":"Amplify","floor":27,"key":"SMITH"},{"floor":32,"key":"REST"}],"circlet_count":0,"master_deck":["Strike_B","Strike_B","Strike_B","Strike_B","Defend_B","Defend_B","Defend_B","Defend_B","Zap","Dualcast","Defragment+1","Barrage","Lockon","Stack","Compile Driver","Chaos","Loop","Static Discharge+1","Amplify+1","Reinforced Body+1","Storm","Enlightenment+1","Heatsinks","Steam","Coolheaded+1","Doom and Gloom","BootSequence","Skim+1"],"relics":["Cracked Core","Incense Burner","Golden Idol","FossilizedHelix","Peace Pipe","Sozu","Bag of Preparation","Centennial Puzzle","Ornamental Fan","Pear"],"acts_visited":["TheCity"],"potions_floor_usage":[16,16,31,33],"damage_taken":[{"damage":1,"enemies":"Cultist","floor":1,"turns":3},{"damage":7,"enemies":"2 Louse","floor":2,"turns":3},{"damage":9,"enemies":"Jaw Worm","floor":3,"turns":5},{"damage":5,"enemies":"Looter","floor":4,"turns":3},{"damage":36,"enemies":"Lagavulin","floor":7,"turns":6},{"damage":31,"enemies":"3 Sentries","floor":13,"turns":6},{"damage":27,"enemies":"The Guardian","floor":16,"turns":8},{"damage":0,"enemies":"Chosen","floor":18,"turns":4},{"damage":0,"enemies":"3 Byrds","floor":24,"turns":4},{"damage":33,"enemies":"Slavers","floor":28,"turns":4},{"damage":1,"enemies":"Snecko","floor":29,"turns":4},{"damage":24,"enemies":"Book of Stabbing","floor":30,"turns":3},{"damage":14,"enemies":"3 Cultists","floor":31,"turns":4},{"damage":70,"enemies":"Collector","floor":33,"turns":13}],"seed_played":"2403226751347454401","potions_obtained":[{"floor":1,"key":"DuplicationPotion"},{"floor":4,"key":"SteroidPotion"},{"floor":7,"key":"Energy Potion"},{"floor":16,"key":"DuplicationPotion"}],"is_trial":false,"path_per_floor":["M","M","M","M","?","R","E","?","T","$","R","?","E","$","R","B",null,"M","?","?","?","$","R","M","R","T","R","E","M","E","M","R","B"],"character_chosen":"DEFECT","items_purchased":["Chaos","Loop","Enlightenment","Heatsinks"],"campfire_rested":3,"item_purchase_floors":[10,10,22,22],"current_hp_per_floor":[81,74,65,60,80,80,44,44,44,44,68,61,30,30,54,27,82,82,82,82,82,82,82,82,82,82,82,49,48,34,20,47,0,0],"gold":141,"neow_bonus":"TEN_PERCENT_HP_BONUS","is_daily":false,"chose_seed":false,"campfire_upgraded":4,"win_rate":0.0,"timestamp":1609938315,"path_taken":["M","M","?","M","?","R","E","?","T","?","R","?","E","$","R","BOSS","M","?","?","?","$","R","M","R","T","R","E","M","E","M","R","BOSS"],"items_purchased_type":["Card","Card","Card","Card"],"build_version":"2020-12-22","purchased_purges":0,"victory":false,"max_hp_per_floor":[82,82,82,82,82,82,82,82,82,82,82,82,82,82,82,82,82,82,82,82,82,82,82,82,82,82,82,82,82,92,92,92,92,92],"card_choices":[{"not_picked":["Compile Driver","Gash"],"picked":"Defragment","floor":1},{"not_picked":["Coolheaded","Streamline"],"picked":"Barrage","floor":2},{"not_picked":["Streamline","Steam Power"],"picked":"Lockon","floor":3},{"not_picked":["Hello World","Sweeping Beam"],"picked":"Stack","floor":4},{"not_picked":["Go for the Eyes","Reprogram"],"picked":"Compile Driver","floor":7},{"not_picked":["Ball Lightning","Force Field"],"picked":"Static Discharge","floor":13},{"not_picked":["Multi-Cast","Fission"],"picked":"Amplify","floor":16},{"not_picked":["Scrape","Defragment+1"],"picked":"Reinforced Body+1","floor":18},{"not_picked":["Consume","Hologram"],"picked":"Steam","floor":24},{"not_picked":["Compile Driver+1","Cold Snap"],"picked":"Coolheaded+1","floor":28},{"not_picked":["Hologram","Stack"],"picked":"Doom and Gloom","floor":29},{"not_picked":["Reinforced Body+1","Go for the Eyes"],"picked":"BootSequence","floor":30},{"not_picked":["Leap","Redo"],"picked":"Skim+1","floor":31}],"player_experience":20460,"relics_obtained":[{"floor":7,"key":"Incense Burner"},{"floor":9,"key":"FossilizedHelix"},{"floor":13,"key":"Peace Pipe"},{"floor":26,"key":"Centennial Puzzle"},{"floor":28,"key":"Ornamental Fan"},{"floor":30,"key":"Pear"}],"event_choices":[{"damage_healed":20,"gold_gain":0,"player_choice":"Healed","damage_taken":0,"max_hp_gain":0,"max_hp_loss":0,"event_name":"The Cleric","floor":5,"gold_loss":35},{"damage_healed":0,"gold_gain":0,"player_choice":"Take Wound","damage_taken":0,"relics_obtained":["Golden Idol"],"max_hp_gain":0,"max_hp_loss":0,"event_name":"Golden Idol","floor":8,"gold_loss":0,"cards_obtained":["Injury"]},{"cards_removed":["Injury"],"damage_healed":0,"gold_gain":0,"player_choice":"Card Removal","damage_taken":7,"max_hp_gain":0,"max_hp_loss":0,"event_name":"Golden Wing","floor":12,"gold_loss":0},{"damage_healed":0,"gold_gain":0,"player_choice":"Ignored","damage_taken":0,"max_hp_gain":0,"max_hp_loss":0,"event_name":"Vampires","floor":19,"gold_loss":0},{"damage_healed":0,"gold_gain":0,"player_choice":"Read","damage_taken":0,"max_hp_gain":0,"max_hp_loss":0,"event_name":"The Library","floor":20,"gold_loss":0,"cards_obtained":["Storm"]},{"damage_healed":0,"gold_gain":0,"player_choice":"Obtained Relic","damage_taken":0,"relics_obtained":["Bag of Preparation"],"max_hp_gain":0,"max_hp_loss":0,"event_name":"Addict","floor":21,"gold_loss":85}],"is_beta":false,"boss_relics":[{"not_picked":["Runic Dome","SlaversCollar"],"picked":"Sozu"}],"items_purged_floors":[],"is_endless":false,"potions_floor_spawned":[1,4,7,16,18,29,30],"killed_by":"Collector","ascension_level":0}}