{"host":"ks0rgj8xgppw8yky","time":1609910221,"event":{"mods":["BaseMod","Better Match","Better Note","Better Sensory Stone","Colored Powertips","Conspire","Downfall","GungeonMod","Hubris","Jorbs\u0027s Wanderer Trilogy","Marisa????????","Minty Spire (QoL Compilation)","StSLib","The Bug Knight","The Druid","The Forsaken","The Jungle","The Servant 0.9.4"],"gold_per_floor":[111,111,73,73,73,73,104,120,120,120,120,120,67,85,85,184,184,201,201,219,0,20,20,38,38,65,65,85,85,85],"floor_reached":29,"playtime":1395,"items_purged":["Strike_G"],"score":221,"play_id":"b76fef6a-2f48-4322-a7af-98bafede074f","local_time":"20210106001701","is_ascension_mode":false,"campfire_choices":[{"data":"Caltrops","floor":6,"key":"SMITH"},{"floor":10,"key":"REST"},{"floor":12,"key":"REST"},{"data":"Poisoned Stab","floor":15,"key":"SMITH"},{"floor":23,"key":"REST"}],"circlet_count":0,"master_deck":["Strike_G","Defend_G","Defend_G","Defend_G","Defend_G","Defend_G","Survivor","Neutralize","Tools of the Trade","Poisoned Stab+1","Caltrops+1","Poisoned Stab","Deadly Poison","Deadly Poison","Glass Knife","All Out Attack","Caltrops+1","Quick Slash+1","Deflect+1","Skewer","Dodge and Roll+1"],"relics":["Ring of the Snake","hubris:Icosahedron","Bottled Flame","Gremlin Horn","conspire:SlowCooker","DemoMod:MonsterBlood","hubris:TenFootPole","DemoMod:GlassGuonStoneRelic"],"acts_visited":["Exordium","Exordium"],"potions_floor_usage":[29],"damage_taken":[{"damage":3,"enemies":"Jaw Worm","floor":1,"turns":8},{"damage":28,"enemies":"Gremlin Nob","floor":7,"turns":5},{"damage":7,"enemies":"2 Louse","floor":8,"turns":2},{"damage":5,"enemies":"Small Slimes","floor":14,"turns":4},{"damage":30,"enemies":"The Guardian","floor":16,"turns":9},{"damage":17,"enemies":"theJungle:MUSHROOMGANG","floor":18,"turns":5},{"damage":24,"enemies":"theJungle:5_Spyders","floor":20,"turns":7},{"damage":24,"enemies":"Snake Plant","floor":22,"turns":4},{"damage":36,"enemies":"theJungle:2_Snecko_Cultists","floor":24,"turns":4},{"damage":9,"enemies":"theJungle:SlimyTreeVines","floor":28,"turns":8},{"damage":2,"enemies":"theJungle:Cassacara","floor":29,"turns":2}],"seed_played":"-6145711872263846755","potions_obtained":[{"floor":8,"key":"BlessingOfTheForge"},{"floor":14,"key":"Energy Potion"},{"floor":18,"key":"SmokeBomb"}],"is_trial":false,"path_per_floor":["M","?","$","?","?","R","E","M","T","R","?","R","$","M","R","B",null,"M","?","M","$","M","R","M","?","T","?","M","E"],"character_chosen":"THE_SILENT","items_purchased":["Caltrops","Deadly Poison","DemoMod:MonsterBlood"],"campfire_rested":3,"item_purchase_floors":[3,13,21],"current_hp_per_floor":[67,67,67,60,65,65,37,30,30,52,52,74,74,69,69,39,75,58,58,34,41,17,41,5,5,5,5,2,0,0],"gold":85,"neow_bonus":"ONE_RANDOM_RARE_CARD","is_daily":false,"chose_seed":false,"campfire_upgraded":2,"win_rate":0.0,"timestamp":1609910221,"path_taken":["M","?","$","?","?","R","E","?","T","R","?","R","$","M","R","BOSS","M","?","M","$","M","R","M","?","T","?","M","E"],"items_purchased_type":["Card","Card","Relic"],"build_version":"2020-12-22","purchased_purges":1,"victory":false,"max_hp_per_floor":[70,70,70,70,75,75,75,75,75,75,75,75,75,75,75,75,75,75,75,75,82,82,82,82,82,82,82,82,82,82],"card_choices":[{"not_picked":["Flying Knee","Dash"],"picked":"Poisoned Stab","floor":1},{"not_picked":["hubris:TrickCloak","Slice"],"picked":"Poisoned Stab","floor":7},{"not_picked":["Finisher","Quick Slash"],"picked":"Deadly Poison","floor":8},{"not_picked":["hubris:SlightOfHand","conspire:DoublingDagger","Calculated Gamble"],"picked":"SKIP","floor":14},{"not_picked":["Doppelganger","Storm of Steel"],"picked":"Glass Knife","floor":16},{"not_picked":["Quick Slash","Dagger Throw"],"picked":"All Out Attack","floor":18},{"not_picked":["Expertise+1","Outmaneuver+1"],"picked":"Caltrops+1","floor":20},{"not_picked":["Setup","Underhanded Strike"],"picked":"Quick Slash+1","floor":22},{"not_picked":["Predator","Blade Dance+1"],"picked":"Deflect+1","floor":24},{"not_picked":["Blade Dance","Skewer"],"picked":"Dodge and Roll+1","floor":28}],"player_experience":957793,"relics_obtained":[{"floor":7,"key":"Bottled Flame"},{"floor":9,"key":"Gremlin Horn"},{"floor":26,"key":"hubris:TenFootPole"}],"event_choices":[{"cards_removed":["Strike_G"],"damage_healed":0,"gold_gain":0,"player_choice":"Card Removal","damage_taken":7,"max_hp_gain":0,"max_hp_loss":0,"event_name":"Golden Wing","floor":4,"gold_loss":0},{"damage_healed":0,"gold_gain":0,"player_choice":"Donut","damage_taken":0,"max_hp_gain":5,"max_hp_loss":0,"event_name":"Big Fish","floor":5,"gold_loss":0},{"cards_removed":["Strike_G"],"damage_healed":0,"gold_gain":0,"player_choice":"Purged","damage_taken":0,"max_hp_gain":0,"max_hp_loss":0,"event_name":"Purifier","floor":19,"gold_loss":0},{"damage_healed":0,"gold_gain":0,"cards_transformed":["Strike_G"],"player_choice":"Transformed","damage_taken":0,"max_hp_gain":0,"max_hp_loss":0,"event_name":"Transmorgrifier","floor":25,"gold_loss":0,"cards_obtained":["Skewer"]},{"damage_healed":0,"gold_gain":0,"player_choice":"Got Potions","damage_taken":0,"max_hp_gain":0,"max_hp_loss":0,"event_name":"Lab","floor":27,"gold_loss":0}],"is_beta":false,"boss_relics":[{"not_picked":["Coffee Dripper","WristBlade"],"picked":"conspire:SlowCooker"}],"items_purged_floors":[21],"is_endless":false,"potions_floor_spawned":[8,14,18,22],"killed_by":"theJungle:Cassacara","ascension_level":0}}