{"host":"6p0attdrtjqaih7v","time":1609908913,"event":{"mods":["2.2 Compatiblity","AchievementEnabler","Bard","BaseMod","Better Skull","Better Third Choice","Colored Powertips","Hermit","Highlight Path","Jorbs\u0027s Wanderer Trilogy","Key Reminder","Minty Spire (QoL Compilation)","Permanent Neow","Quick Restart","Random Character Button","Relic Stats","Replay The Spire","StSLib","The Construct"],"gold_per_floor":[113,128,128,0,16,45,45,45,117,137,137,137,171,189,189,263,263,274,285,38,51,70,70,103,103,157,190,201,201,201,201,201,277,277,295,295,295,310,310,310,74,74,74,74,102,324,342,67,67,67],"floor_reached":51,"playtime":2082,"items_purged":["stsjorbsmod:Amnesia","Strike_G","Decay"],"score":1368,"play_id":"6b292be7-b837-45a5-bc44-04973e5b4f81","local_time":"20210105235513","is_ascension_mode":true,"campfire_choices":[{"data":"Leg Sweep","floor":7,"key":"SMITH"},{"floor":11,"key":"REST"},{"data":"Dagger Spray","floor":15,"key":"SMITH"},{"floor":23,"key":"REST"},{"data":"Footwork","floor":25,"key":"SMITH"},{"floor":29,"key":"REST"},{"floor":32,"key":"REST"},{"data":"Crippling Poison","floor":40,"key":"SMITH"},{"data":"Bouncing Flask","floor":44,"key":"SMITH"},{"floor":49,"key":"REST"}],"circlet_count":0,"master_deck":["AscendersBane","Strike_G","Strike_G+1","Strike_G","Defend_G+1","Defend_G+1","Defend_G+1","Defend_G+1","Defend_G+1","Survivor","Neutralize","Predator+1","Quick Slash","Dagger Spray+1","Leg Sweep+1","Bouncing Flask+1","Burst+1","Bane+1","Cloak And Dagger+1","Noxious Fumes+1","Footwork+1","Crippling Poison+1","Bouncing Flask","Glass Knife+1","Malaise+1","Backflip+1","Backflip+1","Blur+1","Dagger Spray+1","ReplayTheSpireMod:From All Sides+1"],"relics":["Ring of the Snake","StoneCalendar","ReplayFunnel","Replay:Bottled Eggs","Vajra","Golden Egg","Velvet Choker","Snake Skull","Juzu Bracelet","keyreminder:keyreminder","Anchor","Red Mask","Cursed Key","Replay:Wax Seal","Bottled Lightning"],"acts_visited":["Exordium","TheCity","TheBeyond"],"potions_floor_usage":[6,16,24,24,33,38,50],"damage_taken":[{"damage":1,"enemies":"Jaw Worm","floor":1,"turns":4},{"damage":4,"enemies":"Cultist","floor":2,"turns":4},{"damage":0,"enemies":"2 Louse","floor":5,"turns":2},{"damage":14,"enemies":"3 Sentries","floor":6,"turns":7},{"damage":0,"enemies":"Looter","floor":10,"turns":3},{"damage":20,"enemies":"Lagavulin","floor":13,"turns":7},{"damage":0,"enemies":"Exordium Wildlife","floor":14,"turns":4},{"damage":16,"enemies":"Slime Boss","floor":16,"turns":7},{"damage":4,"enemies":"Spheric Guardian","floor":18,"turns":7},{"damage":8,"enemies":"3 Byrds","floor":19,"turns":6},{"damage":6,"enemies":"Snake Plant","floor":21,"turns":4},{"damage":13,"enemies":"Sentry and Sphere","floor":22,"turns":5},{"damage":18,"enemies":"Book of Stabbing","floor":24,"turns":6},{"damage":10,"enemies":"Masked Bandits","floor":27,"turns":3},{"damage":11,"enemies":"Shelled Parasite and Fungi","floor":28,"turns":5},{"damage":14,"enemies":"Collector","floor":33,"turns":7},{"damage":0,"enemies":"3 Shapes","floor":35,"turns":6},{"damage":21,"enemies":"3 Darklings","floor":38,"turns":4},{"damage":0,"enemies":"Giant Head","floor":45,"turns":7},{"damage":0,"enemies":"4 Shapes","floor":47,"turns":5},{"damage":16,"enemies":"Awakened One","floor":50,"turns":16}],"seed_played":"-4019386913087545834","potions_obtained":[{"floor":1,"key":"Adrenaline Potion"},{"floor":13,"key":"Adrenaline Potion"},{"floor":14,"key":"LiquidBronze"},{"floor":21,"key":"Block Potion"},{"floor":28,"key":"Flashbang"},{"floor":33,"key":"SpeedPotion"},{"floor":45,"key":"Dexterity Potion"},{"floor":47,"key":"BlessingOfTheForge"}],"is_trial":false,"path_per_floor":["M","M","?","$","M","E","R","?","T","M","R","T","E","M","R","B",null,"M","M","$","M","M","R","E","R","T","?","M","R","?","?","R","B",null,"M","?","?","M","?","R","$","?","T","R","E","?","M","$","R","B",null],"character_chosen":"THE_SILENT","items_purchased":["Dagger Spray","Noxious Fumes","Snake Skull","Backflip","Blur","ReplayTheSpireMod:From All Sides"],"campfire_rested":5,"item_purchase_floors":[4,20,20,41,41,48],"current_hp_per_floor":[58,54,59,59,59,45,45,24,24,24,45,45,25,25,25,9,56,52,44,44,38,25,46,28,28,28,18,7,28,28,28,49,35,62,62,62,62,41,41,41,41,41,41,41,41,41,41,41,61,45],"gold":67,"neow_bonus":"ONE_RARE_RELIC","is_daily":false,"chose_seed":false,"campfire_upgraded":5,"win_rate":0.0,"timestamp":1609908913,"path_taken":["M","M","?","$","M","E","R","?","T","M","R","?","E","?","R","BOSS","M","M","$","M","?","R","E","R","T","?","M","R","?","?","R","BOSS","M","?","?","M","?","R","$","?","T","R","E","?","M","$","R","BOSS"],"items_purchased_type":["Card","Card","Relic","Card","Card","Card"],"build_version":"2020-12-22","purchased_purges":3,"victory":true,"max_hp_per_floor":[66,66,71,71,71,71,71,71,71,71,71,71,71,71,71,71,71,71,71,71,71,71,71,71,71,71,71,71,71,71,71,71,71,71,71,71,67,67,67,67,67,67,67,67,67,67,67,67,67,67],"relic_stats":{"counters":[21,119],"StoneCalendar":[262],"Snake Skull":[176],"Juzu Bracelet":2,"Cursed Key":1,"obtain_stats":[{"ReplayFunnel":6,"Golden Egg":13,"Vajra":12,"Velvet Choker":17,"StoneCalendar":0,"Snake Skull":20,"Juzu Bracelet":24,"Cursed Key":34,"keyreminder:keyreminder":24,"Anchor":26,"Red Mask":27,"Bottled Lightning":45,"Replay:Bottled Eggs":9,"Replay:Wax Seal":43,"Ring of the Snake":0},{"ReplayFunnel":4,"Golden Egg":6,"Vajra":5,"Velvet Choker":8,"StoneCalendar":0,"Snake Skull":10,"Juzu Bracelet":13,"Cursed Key":16,"keyreminder:keyreminder":13,"Anchor":13,"Red Mask":14,"Bottled Lightning":19,"Replay:Bottled Eggs":4,"Replay:Wax Seal":18,"Ring of the Snake":0},{"ReplayFunnel":17,"Golden Egg":27,"Vajra":20,"Velvet Choker":38,"StoneCalendar":0,"Snake Skull":51,"Juzu Bracelet":66,"Cursed Key":81,"keyreminder:keyreminder":66,"Anchor":66,"Red Mask":69,"Bottled Lightning":98,"Replay:Bottled Eggs":17,"Replay:Wax Seal":91,"Ring of the Snake":0}],"Ring of the Snake":[42]},"card_choices":[{"not_picked":["Dodge and Roll","Dagger Throw"],"picked":"Predator","floor":1},{"not_picked":["Draining Mist","Flying Knee"],"picked":"Quick Slash","floor":2},{"not_picked":["Backflip","Caltrops","Outmaneuver"],"picked":"SKIP","floor":5},{"not_picked":["Prepared","Caltrops"],"picked":"Leg Sweep","floor":6},{"not_picked":["Heel Hook","Outmaneuver","PiercingWail"],"picked":"SKIP","floor":10},{"not_picked":["Sucker Punch","Backflip","Draining Mist"],"picked":"SKIP","floor":13},{"not_picked":["Prepared","Quick Slash"],"picked":"Bouncing Flask","floor":14},{"not_picked":["Glass Knife","Tools of the Trade"],"picked":"Burst","floor":16},{"not_picked":["Dagger Throw","Accuracy"],"picked":"Bane+1","floor":18},{"not_picked":["Blade Dance","Toxin Wave"],"picked":"Cloak And Dagger+1","floor":19},{"not_picked":["Tactician","Blade Dance"],"picked":"Footwork","floor":21},{"not_picked":["Deadly Poison","Backflip"],"picked":"Crippling Poison","floor":22},{"not_picked":["Flechettes","Distraction"],"picked":"Bouncing Flask","floor":24},{"not_picked":["Sucker Punch","Blade Dance"],"picked":"Glass Knife","floor":27},{"not_picked":["Underhanded Strike","Flying Knee","Caltrops"],"picked":"SKIP","floor":28},{"not_picked":["Venomology","Glass Knife"],"picked":"Malaise","floor":33},{"not_picked":["Deadly Poison+1","Prepared","Tactician"],"picked":"SKIP","floor":35},{"not_picked":["Leg Sweep","Flechettes+1"],"picked":"Backflip+1","floor":38},{"not_picked":["Backflip+1","Finisher"],"picked":"Dagger Spray+1","floor":45},{"not_picked":["Setup","Quick Slash","Outmaneuver"],"picked":"SKIP","floor":47}],"player_experience":949902,"relics_obtained":[{"floor":6,"key":"ReplayFunnel"},{"floor":9,"key":"Replay:Bottled Eggs"},{"floor":12,"key":"Vajra"},{"floor":13,"key":"Golden Egg"},{"floor":24,"key":"Juzu Bracelet"},{"floor":26,"key":"Anchor"},{"floor":27,"key":"Red Mask"},{"floor":43,"key":"Replay:Wax Seal"},{"floor":45,"key":"Bottled Lightning"}],"event_choices":[{"damage_healed":0,"gold_gain":0,"player_choice":"Donut","damage_taken":0,"max_hp_gain":5,"max_hp_loss":0,"event_name":"Big Fish","floor":3,"gold_loss":0},{"damage_healed":0,"gold_gain":0,"player_choice":"Entered Light","damage_taken":21,"max_hp_gain":0,"max_hp_loss":0,"event_name":"Shining Light","floor":8,"gold_loss":0,"cards_upgraded":["Strike_G","Predator"]},{"damage_healed":0,"gold_gain":0,"player_choice":"Fought Bandits","damage_taken":0,"max_hp_gain":0,"max_hp_loss":0,"event_name":"Masked Bandits","floor":27,"gold_loss":0},{"damage_healed":0,"gold_gain":0,"player_choice":"Ignored","damage_taken":0,"max_hp_gain":0,"max_hp_loss":0,"event_name":"The Mausoleum","floor":30,"gold_loss":0},{"damage_healed":0,"gold_gain":0,"player_choice":"Max HP","damage_taken":0,"max_hp_gain":0,"max_hp_loss":4,"event_name":"Winding Halls","floor":37,"gold_loss":0},{"cards_removed":["Strike_G"],"damage_healed":0,"gold_gain":0,"player_choice":"Removed Attack","damage_taken":0,"max_hp_gain":0,"max_hp_loss":0,"event_name":"Falling","floor":39,"gold_loss":0},{"damage_healed":0,"gold_gain":0,"player_choice":"Ignored","damage_taken":0,"max_hp_gain":0,"max_hp_loss":0,"event_name":"Mysterious Sphere","floor":42,"gold_loss":0},{"damage_healed":0,"gold_gain":222,"player_choice":"Wore Mask","damage_taken":0,"max_hp_gain":0,"max_hp_loss":0,"event_name":"Tomb of Lord Red Mask","floor":46,"gold_loss":0}],"is_beta":false,"boss_relics":[{"not_picked":["Ring of the Serpent","Honey Jar"],"picked":"Velvet Choker"},{"not_picked":["Replay:Drink Me","Ring of Chaos"],"picked":"Cursed Key"}],"items_purged_floors":[4,41,48],"is_endless":false,"potions_floor_spawned":[1,13,14,21,28,33,45,47],"ascension_level":19}}