{"host":"088jo5vb400xciyq","time":1609908407,"event":{"mods":["BaseMod","Custom Start","HololiveMod","Hubris","Infinite Spire","Koishi","Marisa????????","Minty Spire (QoL Compilation)","Rare Cards Sparkle","Shop Mod","StSLib","The Hierophant","The Servant 0.9.4"],"gold_per_floor":[85,10,30,30,30,30,45,45,94,94,106,106,132,143,143,244,244,256,256,256,355,177,177,194,229,254,274,274,274,274,274,274,376,376,388,216,216,216,234,262,278,278,278,278,311,343,406,474,474,551],"floor_reached":51,"playtime":3211,"items_purged":["Hololive_Strike","Hololive_Defend","Hololive_Defend"],"score":1023,"play_id":"b933aa39-ab3e-4c9d-8b47-0c74956a1d38","local_time":"20210105214647","is_ascension_mode":false,"campfire_choices":[{"data":"Hololive_CallAZKi","floor":6,"key":"SMITH"},{"data":"Hololive_CallArtia","floor":8,"key":"SMITH"},{"data":"Hololive_CallShiroganeNoel","floor":12,"key":"SMITH"},{"data":"Hololive_CallTokinoSora","floor":15,"key":"SMITH"},{"data":"Hololive_CallOmaruPolka","floor":23,"key":"SMITH"},{"data":"Hololive_CallTsunomakiWatame","floor":30,"key":"SMITH"},{"data":"Hololive_DDD","floor":32,"key":"SMITH"},{"data":"Hololive_Thief","floor":42,"key":"SMITH"},{"data":"Hololive_CallUsadaPekora","floor":44,"key":"SMITH"},{"data":"Hololive_CallOmaruPolka","floor":49,"key":"SMITH"}],"circlet_count":0,"master_deck":["Hololive_CallNakiriAyame","Hololive_CallAmaneKanata+1","Hololive_CallOkamiMio","Hololive_CallAkaiHaato","Hololive_CallAZKi+1","Hololive_CallArtia+1","Hololive_StrengthChampion","Hololive_CallShiroganeNoel+1","Hololive_CallKiryuuCoco","Hololive_CallYuzukiChoco","Hololive_CallTokinoSora+1","Hololive_DDD+1","Ghostly","Ghostly","Ghostly","Ghostly","Ghostly","Hololive_CallOmaruPolka+1","Hololive_CallTsunomakiWatame+1","Hololive_Thief+1","Hololive_CallAiraniIofifteen","Hololive_CallUruhaRushia","Impatience","Hololive_CallUsadaPekora+1","Hololive_CallSakuraMiko+1","Hololive_CallManoAloe+1","Parasite","Hololive_CallShishiroBotan+1","Hololive_CallOmaruPolka+1"],"relics":["Hololive_TheStar","Pen Nib","Orichalcum","hubris:TenFootPole","SlaversCollar","hubris:HerbalPaste","infinitespire:Cupcake","HornCleat","Regal Pillow","MutagenicStrength","Coffee Dripper","Meat on the Bone","Nunchaku","hubris:SphereOfDissonance","hubris:AstralHammer"],"acts_visited":["Exordium","TheCity","TheBeyond"],"potions_floor_usage":[47],"damage_taken":[{"damage":0,"enemies":"Cultist","floor":1,"turns":3},{"damage":0,"enemies":"Jaw Worm","floor":3,"turns":3},{"damage":0,"enemies":"Small Slimes","floor":7,"turns":3},{"damage":0,"enemies":"3 Louse","floor":11,"turns":4},{"damage":0,"enemies":"Lagavulin","floor":13,"turns":4},{"damage":0,"enemies":"Blue Slaver","floor":14,"turns":3},{"damage":0,"enemies":"Hexaghost","floor":16,"turns":6},{"damage":0,"enemies":"3 Byrds","floor":18,"turns":4},{"damage":0,"enemies":"Shell Parasite","floor":24,"turns":5},{"damage":0,"enemies":"Gremlin Leader","floor":25,"turns":6},{"damage":0,"enemies":"Snake Plant","floor":27,"turns":6},{"damage":0,"enemies":"Automaton","floor":33,"turns":9},{"damage":0,"enemies":"3 Darklings","floor":35,"turns":6},{"damage":0,"enemies":"Orb Walker","floor":39,"turns":5},{"damage":0,"enemies":"Nemesis","floor":40,"turns":7},{"damage":0,"enemies":"Jaw Worm Horde","floor":41,"turns":4},{"damage":0,"enemies":"Writhing Mass","floor":45,"turns":5},{"damage":0,"enemies":"Spire Growth","floor":46,"turns":5},{"damage":0,"enemies":"Reptomancer","floor":47,"turns":5},{"damage":0,"enemies":"3 Darklings","floor":48,"turns":6},{"damage":0,"enemies":"Donu and Deca","floor":50,"turns":9}],"seed_played":"1746582737017552941","potions_obtained":[{"floor":1,"key":"Dexterity Potion"},{"floor":3,"key":"SpeedPotion"},{"floor":14,"key":"EssenceOfSteel"},{"floor":39,"key":"Energy Potion"},{"floor":47,"key":"Fruit Juice"}],"is_trial":false,"path_per_floor":["M","$","M","?","?","R","M","R","T","?","M","R","E","M","R","B",null,"M","?","AVR","?","$","R","M","E","T","M","?","?","R","?","R","B",null,"M","$","?","?","M","E","M","R","T","R","M","M","E","M","R","B",null],"character_chosen":"Hololive_HololiveCharacter","items_purchased":["Hololive_CallOmaruPolka","Hololive_CallUruhaRushia","Impatience"],"campfire_rested":0,"item_purchase_floors":[22,36,36],"current_hp_per_floor":[35,35,35,28,21,21,21,21,21,21,21,21,21,21,21,21,35,35,17,17,17,17,17,17,17,17,17,17,17,17,17,17,17,17,17,17,16,16,16,16,16,16,16,16,16,16,21,21,21,21],"gold":551,"neow_bonus":"UPGRADE_CARD","is_daily":false,"chose_seed":false,"campfire_upgraded":10,"win_rate":0.0,"timestamp":1609908407,"path_taken":["M","?","M","?","?","R","M","R","T","?","M","R","E","M","R","BOSS","M","?","AVR","?","$","R","M","E","T","M","?","?","R","?","R","BOSS","M","$","?","?","M","E","M","R","T","R","M","M","E","M","R","BOSS"],"items_purchased_type":["Card","Card","Card"],"build_version":"2020-12-22","purchased_purges":3,"victory":true,"max_hp_per_floor":[35,35,35,35,35,35,35,35,35,35,35,35,35,35,35,35,35,35,17,17,17,17,17,17,17,17,17,17,17,17,17,17,17,17,17,17,16,16,16,16,16,16,16,16,16,16,21,21,21,21],"card_choices":[{"not_picked":["Hololive_CallMurasakiShion","Hololive_CallMomosuzuNene","Hololive_HuntDinosaur"],"picked":"Hololive_CallArtia","floor":1},{"not_picked":["Hololive_CocoNews","Hololive_Breathe","Hololive_Drill"],"picked":"Hololive_StrengthChampion","floor":3},{"not_picked":["Hololive_CallAkaiHaato","Hololive_SummonFox","Hololive_CocoNews"],"picked":"Hololive_CallShiroganeNoel","floor":7},{"not_picked":["Hololive_CallAkaiHaato","Hololive_OvertimeWork","Hololive_SummonFox"],"picked":"Hololive_CallKiryuuCoco","floor":11},{"not_picked":["Hololive_Rebound","Hololive_FlyingPonyTail","Hololive_SoulCatcher"],"picked":"Hololive_CallYuzukiChoco","floor":13},{"not_picked":["Hololive_Trident","Hololive_CallAkiRosenthal","Hololive_Spy"],"picked":"Hololive_CallTokinoSora","floor":14},{"not_picked":["Hololive_StarCraft","Hololive_MaximGun","Hololive_Rebirth"],"picked":"Hololive_DDD","floor":16},{"not_picked":["Hololive_Breathe","Hololive_Drill","Hololive_CocoNews","Hololive_FlyingPonyTail"],"picked":"SKIP","floor":18},{"not_picked":["Hololive_Breathe","Hololive_Drill","Hololive_CocoNews","Hololive_FlyingPonyTail"],"picked":"SKIP","floor":18},{"not_picked":["Hololive_Breathe","Hololive_LuckPotion","Hololive_OvertimeWork","Hololive_Recruit"],"picked":"SKIP","floor":24},{"not_picked":["Hololive_LuckPotion+1","Hololive_RevenueBasedLive","Hololive_Spy","Hololive_CallArtia"],"picked":"SKIP","floor":25},{"not_picked":["Hololive_RevenueBasedLive","Hololive_Psychosis","Hololive_Drill"],"picked":"Hololive_CallTsunomakiWatame","floor":27},{"not_picked":["Hololive_FlareMind","Hololive_ASMR","Hololive_ScarfAndHalo"],"picked":"Hololive_Thief","floor":33},{"not_picked":["Hololive_StrengthChampion","Hololive_CallYuzukiChoco+1","Hololive_CocoNews+1"],"picked":"Hololive_CallAiraniIofifteen","floor":35},{"not_picked":["Hololive_FlyingPonyTail+1","Hololive_OvertimeWork","Hololive_CallNatsuiroMatsuri"],"picked":"Hololive_CallUsadaPekora","floor":39},{"not_picked":["Hololive_LuckPotion+1","Hololive_StrengthChampion","Hololive_Breathe+1"],"picked":"Hololive_CallSakuraMiko+1","floor":40},{"not_picked":["Hololive_Sequa","Hololive_Drill","Hololive_FlyingPonyTail+1"],"picked":"Hololive_CallManoAloe+1","floor":41},{"not_picked":["Hololive_CocoNews+1","Hololive_LuckPotion","Hololive_StarCraft","Hololive_Breathe"],"picked":"SKIP","floor":45},{"not_picked":["Hololive_CallKiryuuCoco","Hololive_Sequa+1","Hololive_RevenueBasedLive+1","Hololive_Yoholoon"],"picked":"SKIP","floor":46},{"not_picked":["Hololive_MaximGun","Hololive_Breathe+1","Hololive_FlyingPonyTail"],"picked":"Hololive_CallShishiroBotan+1","floor":47},{"not_picked":["Hololive_Psychosis","Hololive_Breathe+1","Hololive_Drill"],"picked":"Hololive_CallOmaruPolka","floor":48}],"player_experience":614638,"relics_obtained":[{"floor":9,"key":"Orichalcum"},{"floor":13,"key":"hubris:TenFootPole"},{"floor":25,"key":"HornCleat"},{"floor":26,"key":"Regal Pillow"},{"floor":40,"key":"Nunchaku"},{"floor":43,"key":"hubris:SphereOfDissonance"},{"floor":47,"key":"hubris:AstralHammer"}],"event_choices":[{"damage_healed":0,"gold_gain":0,"player_choice":"Success","damage_taken":7,"relics_obtained":["Pen Nib"],"max_hp_gain":0,"max_hp_loss":0,"event_name":"Scrap Ooze","floor":4,"gold_loss":0},{"cards_removed":["Hololive_Strike"],"damage_healed":0,"gold_gain":0,"player_choice":"Card Removal","damage_taken":7,"max_hp_gain":0,"max_hp_loss":0,"event_name":"Golden Wing","floor":5,"gold_loss":0},{"damage_healed":0,"gold_gain":0,"player_choice":"Became a Ghost","damage_taken":0,"max_hp_gain":0,"max_hp_loss":18,"event_name":"Ghosts","floor":19,"gold_loss":0,"cards_obtained":["Ghostly","Ghostly","Ghostly","Ghostly","Ghostly"]},{"damage_healed":0,"gold_gain":99,"player_choice":"Stole From Cult","damage_taken":0,"max_hp_gain":0,"max_hp_loss":0,"event_name":"Nest","floor":21,"gold_loss":0},{"damage_healed":0,"gold_gain":0,"player_choice":"Ignored","damage_taken":0,"max_hp_gain":0,"max_hp_loss":0,"event_name":"Cursed Tome","floor":29,"gold_loss":0},{"damage_healed":0,"gold_gain":0,"player_choice":"Inject Mutagens","damage_taken":0,"relics_obtained":["MutagenicStrength"],"max_hp_gain":0,"max_hp_loss":0,"event_name":"Drug Dealer","floor":31,"gold_loss":0},{"damage_healed":0,"gold_gain":0,"player_choice":"Max HP","damage_taken":0,"max_hp_gain":0,"max_hp_loss":1,"event_name":"Winding Halls","floor":37,"gold_loss":0},{"damage_healed":0,"gold_gain":0,"player_choice":"Gave Potion","damage_taken":0,"relics_obtained":["Meat on the Bone"],"max_hp_gain":0,"max_hp_loss":0,"event_name":"WeMeetAgain","floor":38,"gold_loss":0}],"is_beta":false,"boss_relics":[{"not_picked":["Hololive_Finger","hubris:Stopwatch"],"picked":"SlaversCollar"},{"not_picked":["Pandora\u0027s Box","hubris:BlackHole"],"picked":"Coffee Dripper"}],"items_purged_floors":[2,20,22],"is_endless":false,"potions_floor_spawned":[1,3,14,24,33,39,46,47],"ascension_level":0}}