{"host":"6ilae7ewjeys3uzr","time":1609958869,"event":{"mods":["AchievementEnabler","BaseMod","Hermit","Marisa????????","Minty Spire (QoL Compilation)","Quick Restart","StSLib","The Cursed"],"gold_per_floor":[109,34,109,128,148,148,128,28,77,104,104,104,104,115,115,115,115],"floor_reached":16,"playtime":382,"items_purged":["Strike_B","Defend_B"],"score":100,"play_id":"4e3889eb-15e0-4730-92a8-22b078cf96fb","local_time":"20210106194749","is_ascension_mode":false,"campfire_choices":[{"floor":6,"key":"RECALL"},{"floor":12,"key":"REST"},{"floor":15,"key":"REST"}],"circlet_count":0,"master_deck":["Strike_B","Strike_B","Strike_B","Defend_B","Defend_B","Defend_B","Zap","Dualcast"],"relics":["Cracked Core","Blood Vial","Lantern"],"acts_visited":["Exordium"],"potions_floor_usage":[10,16],"damage_taken":[{"damage":6,"enemies":"Cultist","floor":1,"turns":3},{"damage":2,"enemies":"2 Louse","floor":4,"turns":3},{"damage":6,"enemies":"Jaw Worm","floor":5,"turns":3},{"damage":10,"enemies":"Exordium Thugs","floor":7,"turns":4},{"damage":27,"enemies":"Gremlin Nob","floor":10,"turns":4},{"damage":11,"enemies":"Exordium Wildlife","floor":14,"turns":3},{"damage":63,"enemies":"The Guardian","floor":16,"turns":10}],"seed_played":"-1103529998623600334","potions_obtained":[{"floor":7,"key":"FocusPotion"},{"floor":14,"key":"CultistPotion"}],"is_trial":false,"path_per_floor":["M","$","?","M","M","R","M","$","T","E","$","R","$","M","R","B"],"character_chosen":"DEFECT","items_purchased":[],"campfire_rested":2,"item_purchase_floors":[],"current_hp_per_floor":[76,76,65,63,57,57,47,47,47,22,22,46,46,37,61,0,0],"gold":115,"neow_bonus":"TEN_PERCENT_HP_BONUS","is_daily":false,"chose_seed":false,"campfire_upgraded":0,"win_rate":0.0,"timestamp":1609958869,"path_taken":["M","?","?","M","M","R","M","?","T","E","$","R","$","M","R","BOSS"],"items_purchased_type":[],"build_version":"2020-12-22","purchased_purges":2,"victory":false,"max_hp_per_floor":[82,82,82,82,82,82,82,82,82,82,82,82,82,82,82,82,82],"card_choices":[{"not_picked":["Cold Snap","Leap","Compile Driver"],"picked":"SKIP","floor":1},{"not_picked":["Consume","Beam Cell","Double Energy"],"picked":"SKIP","floor":4},{"not_picked":["Ball Lightning","Heatsinks","Gash"],"picked":"SKIP","floor":5},{"not_picked":["Turbo","FTL","Echo Form"],"picked":"SKIP","floor":7},{"not_picked":["Blizzard","Tempest","Compile Driver"],"picked":"SKIP","floor":10},{"not_picked":["Rebound","Undo","Fusion"],"picked":"SKIP","floor":14}],"player_experience":243806,"relics_obtained":[{"floor":9,"key":"Blood Vial"},{"floor":10,"key":"Lantern"}],"event_choices":[{"damage_healed":0,"gold_gain":75,"player_choice":"Gather Gold","damage_taken":11,"max_hp_gain":0,"max_hp_loss":0,"event_name":"World of Goop","floor":3,"gold_loss":0}],"is_beta":false,"boss_relics":[],"items_purged_floors":[2,8],"is_endless":false,"potions_floor_spawned":[7,14],"killed_by":"The Guardian","ascension_level":0}}