{"host":"i1h39d0gfh5c6uxl","time":1609943543,"event":{"mods":["AchievementEnabler","BaseMod","Colored Map","Colored Powertips","Highlight Path","Minty Spire (QoL Compilation)"],"gold_per_floor":[113,126,126,126,141,141,175,189,189,207,207,240,55,128,128,221,221,234,259,35,58,58,58,58,58],"floor_reached":24,"playtime":1162,"items_purged":["Injury"],"score":412,"play_id":"bf64b784-7449-46a5-b37f-28617561fa4e","local_time":"20210106223223","is_ascension_mode":true,"campfire_choices":[{"data":"Uppercut","floor":6,"key":"SMITH"},{"floor":11,"key":"REST"},{"floor":15,"key":"REST"},{"floor":23,"key":"REST"}],"circlet_count":0,"master_deck":["AscendersBane","Strike_R","Strike_R","Strike_R","Strike_R","Strike_R","Defend_R","Defend_R","Defend_R","Defend_R","Bash","Cleave","Uppercut+1","Body Slam","Pommel Strike","Anger","Violence","Barricade","Twin Strike","Flash of Steel","True Grit"],"relics":["Burning Blood","Golden Idol","Kunai","Lizard Tail","StoneCalendar","Shuriken","Busted Crown"],"acts_visited":["Exordium","TheCity"],"potions_floor_usage":[7,18,19],"damage_taken":[{"damage":10,"enemies":"Jaw Worm","floor":1,"turns":6},{"damage":3,"enemies":"Small Slimes","floor":2,"turns":3},{"damage":0,"enemies":"2 Louse","floor":5,"turns":2},{"damage":55,"enemies":"3 Sentries","floor":7,"turns":9},{"damage":18,"enemies":"Large Slime","floor":8,"turns":5},{"damage":7,"enemies":"Blue Slaver","floor":10,"turns":5},{"damage":6,"enemies":"Gremlin Nob","floor":12,"turns":3},{"damage":43,"enemies":"Hexaghost","floor":16,"turns":8},{"damage":5,"enemies":"Chosen","floor":18,"turns":4},{"damage":28,"enemies":"Spheric Guardian","floor":19,"turns":5},{"damage":26,"enemies":"Cultist and Chosen","floor":21,"turns":6},{"damage":108,"enemies":"Gremlin Leader","floor":24,"turns":4}],"seed_played":"-8769385250352451594","potions_obtained":[{"floor":2,"key":"SkillPotion"},{"floor":10,"key":"Weak Potion"},{"floor":16,"key":"BlessingOfTheForge"}],"is_trial":false,"path_per_floor":["M","M","?","?","M","R","E","M","T","M","R","E","$","?","R","B",null,"M","M","$","M","?","R","E"],"character_chosen":"IRONCLAD","items_purchased":["Violence","Flash of Steel","True Grit"],"campfire_rested":3,"item_purchase_floors":[13,20,20],"current_hp_per_floor":[71,74,74,63,69,69,20,8,8,7,31,31,31,31,55,18,66,67,45,45,25,25,49,0,0],"gold":58,"neow_bonus":"TEN_PERCENT_HP_BONUS","is_daily":false,"chose_seed":false,"campfire_upgraded":1,"win_rate":0.0,"timestamp":1609943543,"path_taken":["M","M","?","?","M","R","E","M","T","M","R","E","$","?","R","BOSS","M","M","$","M","?","R","E"],"items_purchased_type":["Card","Card","Card"],"build_version":"2020-12-22","purchased_purges":1,"victory":false,"max_hp_per_floor":[82,82,82,82,82,82,82,82,82,82,82,82,82,82,82,82,82,82,82,82,82,82,82,82,82],"card_choices":[{"not_picked":["Wild Strike","Havoc"],"picked":"Cleave","floor":1},{"not_picked":["Armaments","Infernal Blade"],"picked":"Uppercut","floor":2},{"not_picked":["Entrench","Metallicize"],"picked":"Body Slam","floor":5},{"not_picked":["Power Through","Clothesline"],"picked":"Pommel Strike","floor":7},{"not_picked":["Body Slam","Clash"],"picked":"Anger","floor":8},{"not_picked":["Rampage","Body Slam","Limit Break"],"picked":"SKIP","floor":10},{"not_picked":["Clothesline","Pommel Strike","Feel No Pain"],"picked":"SKIP","floor":12},{"not_picked":["Berserk","Feed"],"picked":"Barricade","floor":16},{"not_picked":[],"picked":"Twin Strike","floor":18},{"not_picked":["Combust"],"picked":"SKIP","floor":19},{"not_picked":["Uppercut"],"picked":"SKIP","floor":21}],"player_experience":1317889,"relics_obtained":[{"floor":7,"key":"Lizard Tail"},{"floor":9,"key":"StoneCalendar"},{"floor":12,"key":"Shuriken"}],"event_choices":[{"damage_healed":0,"gold_gain":0,"player_choice":"Take Wound","damage_taken":0,"relics_obtained":["Golden Idol"],"max_hp_gain":0,"max_hp_loss":0,"event_name":"Golden Idol","floor":3,"gold_loss":0,"cards_obtained":["Injury"]},{"damage_healed":0,"gold_gain":0,"player_choice":"Success","damage_taken":11,"relics_obtained":["Kunai"],"max_hp_gain":0,"max_hp_loss":0,"event_name":"Scrap Ooze","floor":4,"gold_loss":0},{"damage_healed":0,"gold_gain":73,"player_choice":"Gained Gold","damage_taken":0,"max_hp_gain":0,"max_hp_loss":0,"event_name":"Golden Wing","floor":14,"gold_loss":0}],"is_beta":false,"boss_relics":[{"not_picked":["Astrolabe","Tiny House"],"picked":"Busted Crown"}],"items_purged_floors":[20],"is_endless":false,"potions_floor_spawned":[2,10,16],"killed_by":"Gremlin Leader","ascension_level":20}}