{"host":"acczert1kscx59ut","time":1609929987,"event":{"mods":["AchievementEnabler","Act Like it!","Aspiration","Astrologer","BaseMod","Beaked The Cultist","Bestiary","BetterRewards","Conspire","Decade(???)","Dio Mod","Downfall","Duelist Mod","Elementarium","Gensokyo","GifTheSpireLib","Glutton Mod","Gold Saver","Gremlin Mod","GungeonMod","Hallownest","Hermit","Hero for Fun","Hubris","Infinite Spire","Jorbs\u0027s Wanderer Trilogy","Koishi","Lobotomy","LobotomyExtend","Magitek Elite","Melee Mod","Minty Spire (QoL Compilation)","Quick Restart","Replay The Spire","Robot Space Explorer","Shade Mod","Shedinja","Shop Mod","Somnambulant","Spicy Shops","StSLib","Stuff the Spire","SuperFastMode","Td1madao Mod","The Animator","The Blackbeard","The Bug Knight","The Clintock","The Construct","The Cursed","The Disciple","The Dragon Tamer","The Exalted","The Factory","The Forsaken","The Gatherer","The Hayseed","The Hierophant","The Jungle","The Kombatant","The Necromancer","The Problem Sleuth","The Runesmith","The Showman","The Valiant","The Vixen","The Wild Card","TheFirefly","thorton","vexMod"],"gold_per_floor":[166,183,199,219,51,51,51],"floor_reached":6,"playtime":455,"items_purged":[],"score":38,"play_id":"908f107a-e08f-42da-a527-04e7a461c9d6","local_time":"20210106054627","is_ascension_mode":false,"campfire_choices":[],"circlet_count":0,"master_deck":["beaked:Strike_Y","beaked:Strike_Y","beaked:Strike_Y","beaked:Strike_Y","beaked:Strike_Y","beaked:Strike_Y","beaked:Defend_Y","beaked:Defend_Y","beaked:Defend_Y","beaked:Defend_Y","beaked:Ceremony","beaked:Ceremony","beaked:Ceremony","beaked:DarkPact","beaked:Hexing","beaked:Poke","beaked:SacrificialScars","beaked:Hexing","Doubt","StuffTheSpire:Rapture","beaked:Insight+1","beaked:VigorBurst"],"relics":["beaked:MendingPlumage","LetterFromLob","StuffTheSpire:Saxophone"],"acts_visited":["Exordium"],"potions_floor_usage":[6,6],"damage_taken":[{"damage":19,"enemies":"Small Slimes","floor":1,"turns":6},{"damage":15,"enemies":"2 Louse","floor":2,"turns":4},{"damage":11,"enemies":"Jaw Worm","floor":3,"turns":6},{"damage":45,"enemies":"Lots of Slimes","floor":4,"turns":6},{"damage":17,"enemies":"3 Sentries","floor":6,"turns":2}],"seed_played":"5490104255707728744","potions_obtained":[{"floor":1,"key":"LiquidBronze"},{"floor":4,"key":"SkillPotion"}],"is_trial":false,"path_per_floor":["M","M","M","M","$","E"],"character_chosen":"BEAKED_THE_CULTIST","items_purchased":["StuffTheSpire:Saxophone","beaked:Insight+1","beaked:VigorBurst"],"campfire_rested":0,"item_purchase_floors":[5,5,5],"current_hp_per_floor":[40,34,36,3,8,0,0],"gold":51,"neow_bonus":"ONE_RANDOM_RARE_CARD","is_daily":false,"chose_seed":false,"campfire_upgraded":0,"win_rate":0.0,"timestamp":1609929987,"path_taken":["M","M","M","M","$","E"],"items_purchased_type":["Relic","Card","Card"],"build_version":"2020-12-22","purchased_purges":0,"victory":false,"max_hp_per_floor":[50,50,50,52,57,57,57],"card_choices":[{"not_picked":["beaked:WarriorEssence","beaked:StunningBlow"],"picked":"beaked:Hexing","floor":1},{"not_picked":["beaked:SacrificialAttack","beaked:Redirect"],"picked":"beaked:Poke","floor":2},{"not_picked":["beaked:BounceBack","beaked:DigDeeper"],"picked":"beaked:SacrificialScars","floor":3},{"not_picked":["beaked:SurvivalInstinct","ReplayTheSpireMod:Wings of Steel"],"picked":"beaked:Hexing","floor":4}],"player_experience":181021,"relics_obtained":[{"floor":1,"key":"LetterFromLob"}],"event_choices":[],"is_beta":false,"boss_relics":[],"items_purged_floors":[],"is_endless":false,"potions_floor_spawned":[1,4],"killed_by":"3 Sentries","ascension_level":0}}