{"host":"ormi09wwzv7sq47a","time":1609950275,"event":{"mods":["2.2 Compatiblity","AchievementEnabler","Act Like it!","BaseMod","Bestiary","Better Altar","Better Note","Better Sensory Stone","Better Skull","Better Third Choice","Better Vampires","BetterRewards","Block Reminder","Card Forge","Colored Map","Colored Powertips","Curses Come First","DeckTracker","Downfall","Highlight Path","Minty Spire (QoL Compilation)","Permanent Neow","Quick Restart","Rare Cards Sparkle","Relic Stats","Shop Mod","StSLib","The Jungle"],"gold_per_floor":[115,126,6,111,122,122,154,154,178,178,198,224,242,258,258,362,362,373,391,2,18,18,43,43,76,122,154,172,172,172,186,186,288,288,308,308,357,3,13,47,47,62,62,88,99,129,129,144,144,144],"floor_reached":51,"playtime":4681,"items_purged":["Guardian:Strike_Guardian","Guardian:Strike_Guardian","Guardian:Defend_Guardian"],"score":1496,"play_id":"755d2bd6-1bad-4b36-bd48-6abc46f2413c","local_time":"20210106142435","is_ascension_mode":true,"campfire_choices":[{"data":"Guardian:PrismaticBeam","floor":6.0,"key":"SMITH"},{"data":"Guardian:CurlUp","floor":8.0,"key":"SMITH"},{"data":"Guardian:BronzeOrb","floor":10.0,"key":"SMITH"},{"data":"Guardian:Strike_Guardian","floor":15.0,"key":"PURGE"},{"data":"Master of Strategy","floor":24.0,"key":"SMITH"},{"data":"Guardian:CrystalBeam","floor":30.0,"key":"SMITH"},{"data":"Guardian:MultiBeam","floor":32.0,"key":"SMITH"},{"data":"Guardian:PrismaticBeam","floor":41.0,"key":"SMITH"},{"data":"Guardian:Suspension","floor":49,"key":"SMITH"}],"circlet_count":0,"master_deck":["Guardian:CurlUp+1","Guardian:TwinSlam","Master of Strategy+1","Guardian:ArmoredProtocol","Guardian:ShieldCharger","Guardian:PrismaticBeam+1","Guardian:BronzeOrb+1","Guardian:FuturePlans","Guardian:Recover","Guardian:PrismaticBarrier","Guardian:TemporalShield+1","Guardian:CrystalBeam+1","Guardian:ShieldCharger+1","Guardian:MultiBeam+1","Guardian:AncientConstruct","Guardian:GemFinder+1","Guardian:RefractedBeam+1","Guardian:TemporalStrike+1","Guardian:PrismaticBeam+1","Guardian:ShieldSpikes+1","Guardian:Suspension+1","Guardian:GemFire","Guardian:TemporalShield+1","Guardian:ShieldCharger+1"],"relics":["Guardian:ModeShifter","Hammer of Thor","Seething Fire","Anvil of the Gods","Peace Pipe","FossilizedHelix","Potion Belt","Boot","Shuriken","Coffee Dripper","Bottled Lightning","Bronze Scales","Darkstone Periapt","Dream Catcher","Meat on the Bone","Astrolabe","Ice Cream","Guardian:StasisUpgradeRelic","The Courier","Unceasing Top","Orichalcum","Anchor"],"acts_visited":["Exordium","TheCity","TheBeyond"],"potions_floor_usage":[],"damage_taken":[{"damage":0.0,"enemies":"Cultist","floor":1.0,"turns":4.0},{"damage":0.0,"enemies":"Jaw Worm","floor":2.0,"turns":4.0},{"damage":0.0,"enemies":"2 Louse","floor":5.0,"turns":3.0},{"damage":8.0,"enemies":"Gremlin Nob","floor":7.0,"turns":4.0},{"damage":0.0,"enemies":"Exordium Thugs","floor":11.0,"turns":5.0},{"damage":0.0,"enemies":"Lagavulin","floor":12.0,"turns":7.0},{"damage":0.0,"enemies":"Exordium Wildlife","floor":13.0,"turns":4.0},{"damage":0.0,"enemies":"Large Slime","floor":14.0,"turns":3.0},{"damage":21.0,"enemies":"Slime Boss","floor":16.0,"turns":9.0},{"damage":0.0,"enemies":"Chosen","floor":18.0,"turns":4.0},{"damage":5.0,"enemies":"2 Thieves","floor":19.0,"turns":4.0},{"damage":0.0,"enemies":"3 Cultists","floor":21.0,"turns":4.0},{"damage":0.0,"enemies":"Book of Stabbing","floor":23.0,"turns":5.0},{"damage":0.0,"enemies":"Gremlin Leader","floor":25.0,"turns":5.0},{"damage":0.0,"enemies":"Book of Stabbing","floor":27.0,"turns":4.0},{"damage":0.0,"enemies":"Snecko","floor":28.0,"turns":5.0},{"damage":0.0,"enemies":"Cultist and Chosen","floor":31.0,"turns":5.0},{"damage":0.0,"enemies":"Collector","floor":33.0,"turns":9.0},{"damage":0.0,"enemies":"3 Shapes","floor":35.0,"turns":3.0},{"damage":0.0,"enemies":"2 Orb Walkers","floor":37.0,"turns":4.0},{"damage":7.0,"enemies":"3 Darklings","floor":39.0,"turns":3.0},{"damage":0.0,"enemies":"Nemesis","floor":40.0,"turns":5.0},{"damage":0.0,"enemies":"Spire Growth","floor":42.0,"turns":4.0},{"damage":0.0,"enemies":"Giant Head","floor":44.0,"turns":5.0},{"damage":0.0,"enemies":"4 Shapes","floor":45.0,"turns":4.0},{"damage":0,"enemies":"Reptomancer","floor":46,"turns":2},{"damage":0,"enemies":"Sphere and 2 Shapes","floor":48,"turns":3},{"damage":0,"enemies":"Donu and Deca","floor":50,"turns":7}],"seed_played":"478219842140137442","potions_obtained":[{"floor":5.0,"key":"ColorlessPotion"},{"floor":7.0,"key":"Weak Potion"},{"floor":14.0,"key":"LiquidBronze"},{"floor":19.0,"key":"BlessingOfTheForge"},{"floor":23.0,"key":"SneckoOil"},{"floor":28.0,"key":"Guardian:BlockOnCardUsePotion"},{"floor":31.0,"key":"FearPotion"},{"floor":37.0,"key":"Ancient Potion"},{"floor":39.0,"key":"Strength Potion"}],"is_trial":false,"path_per_floor":["M","M","$","?","M","R","E","R","T","R","M","E","M","M","R","B",null,"M","M","$","M","?","E","R","E","T","E","M","T","R","M","R","B",null,"M","?","?","$","M","E","R","M","T","E","M","E","?","M","R","B",null],"character_chosen":"GUARDIAN","items_purchased":["Master of Strategy","FossilizedHelix","Guardian:ArmoredProtocol","Guardian:ShieldCharger","Guardian:Gem_Cyan","Guardian:BronzeOrb","Bottled Lightning","Guardian:PrismaticBarrier","Guardian:PrismaticBeam","Guardian:StasisUpgradeRelic"],"campfire_rested":0,"item_purchase_floors":[0,0,0,0,3,3,20,20,38,38],"current_hp_per_floor":[48,48,48,40,40,40,32,32,32,32,32,32,32,32,32,11,63,63,58,58,58,58,58,58,58,58,58,58,58,58,58,58,58,75,75,75,75,75,68,68,68,68,68,68,68,68,68,68,68,68],"gold":144,"neow_bonus":"","is_daily":false,"chose_seed":false,"campfire_upgraded":8,"win_rate":0.0,"timestamp":1609950275,"path_taken":["M","M","?","?","M","R","E","R","T","R","M","E","M","?","R","BOSS","M","M","$","M","?","E","R","E","T","E","M","?","R","M","R","BOSS","M","?","?","$","M","E","R","M","T","E","M","E","?","M","R","BOSS"],"items_purchased_type":["Card","Relic","Card","Card","Card","Card","Relic","Card","Card","Relic"],"build_version":"2020-12-22","purchased_purges":3,"victory":true,"max_hp_per_floor":[80,80,80,80,80,80,80,80,80,80,80,80,80,80,80,80,80,80,80,80,80,80,80,80,80,80,80,80,80,80,80,80,80,80,80,80,80,80,80,80,80,80,80,80,80,80,80,80,80,80],"relic_stats":{"Peace Pipe":1,"Darkstone Periapt":0,"Dream Catcher":0,"counters":[116,565],"Shuriken":[43],"Bronze Scales":[181],"Astrolabe":["Guardian:GemFinder","Guardian:RefractedBeam","Guardian:TemporalStrike"],"Orichalcum":[0],"Boot":[331],"obtain_stats":[{"Ice Cream":37,"Hammer of Thor":0,"Ginger":54,"Whetstone":54,"Bottled Tornado":44,"Boot":9,"Guardian:PickAxe":3,"Blood Vial":43,"Lizard Tail":46,"Philosopher\u0027s Stone":17,"MealTicket":41,"Kunai":23,"Guardian:BottledStasis":41,"MerchantsRug":53,"Astrolabe":17,"Guardian:ModeShifter":0,"Oddly Smooth Stone":42,"Eternal Feather":26,"Pen Nib":54,"Guardian:PocketSentry":8,"War Paint":0,"Akabeko":44,"Du-Vu Doll":46,"Bottled Flame":54,"Anvil of the Gods":0,"Shuriken":12,"Bird Faced Urn":0,"Bronze Scales":23,"Black Star":17,"StrikeDummy":48,"Unceasing Top":43,"Meat on the Bone":29,"Darkstone Periapt":25,"Lantern":31,"Guardian:ModeShifterPlus":34,"Guardian:StasisCodex":9,"Mango":0,"Incense Burner":36,"Bag of Preparation":20,"Juzu Bracelet":29,"Ancient Tea Set":9,"Smiling Mask":24,"ClockworkSouvenir":0,"Dream Catcher":27,"Matryoshka":20,"WingedGreaves":7,"Red Mask":47,"Potion Belt":7,"Thread and Needle":0,"PreservedInsect":43,"The Courier":40,"Omamori":7,"Seething Fire":0,"Orichalcum":44,"White Beast Statue":14,"Peace Pipe":0,"Guardian:StasisUpgradeRelic":0,"CaptainsWheel":44,"Anchor":46,"Art of War":40,"Coffee Dripper":34,"Membership Card":20,"Bottled Lightning":20,"FossilizedHelix":0},{"Ice Cream":108,"Hammer of Thor":0,"Ginger":60,"Whetstone":87,"Bottled Tornado":21,"Boot":92,"Guardian:PickAxe":2,"Blood Vial":54,"Lizard Tail":57,"Philosopher\u0027s Stone":7,"MealTicket":54,"Kunai":12,"Guardian:BottledStasis":20,"MerchantsRug":86,"Astrolabe":69,"Guardian:ModeShifter":0,"Oddly Smooth Stone":21,"Eternal Feather":48,"Pen Nib":60,"Guardian:PocketSentry":3,"War Paint":26,"Akabeko":55,"Du-Vu Doll":57,"Bottled Flame":25,"Anvil of the Gods":0,"Shuriken":94,"Bird Faced Urn":0,"Bronze Scales":101,"Black Star":44,"StrikeDummy":23,"Unceasing Top":111,"Meat on the Bone":104,"Darkstone Periapt":102,"Lantern":16,"Guardian:ModeShifterPlus":17,"Guardian:StasisCodex":3,"Mango":26,"Incense Burner":19,"Bag of Preparation":46,"Juzu Bracelet":49,"Ancient Tea Set":39,"Smiling Mask":48,"ClockworkSouvenir":61,"Dream Catcher":103,"Matryoshka":46,"WingedGreaves":30,"Red Mask":22,"Potion Belt":92,"Thread and Needle":61,"PreservedInsect":21,"The Courier":110,"Omamori":39,"Seething Fire":0,"Orichalcum":112,"White Beast Statue":68,"Peace Pipe":88,"Guardian:StasisUpgradeRelic":34,"CaptainsWheel":55,"Anchor":114,"Art of War":54,"Coffee Dripper":78,"Membership Card":71,"Bottled Lightning":99,"FossilizedHelix":88},{"Ice Cream":532,"Hammer of Thor":0,"Ginger":315,"Whetstone":428,"Bottled Tornado":118,"Boot":452,"Guardian:PickAxe":6,"Blood Vial":291,"Lizard Tail":303,"Philosopher\u0027s Stone":33,"MealTicket":291,"Kunai":60,"Guardian:BottledStasis":111,"MerchantsRug":424,"Astrolabe":360,"Guardian:ModeShifter":0,"Oddly Smooth Stone":118,"Eternal Feather":265,"Pen Nib":315,"Guardian:PocketSentry":9,"War Paint":157,"Akabeko":294,"Du-Vu Doll":303,"Bottled Flame":152,"Anvil of the Gods":0,"Shuriken":464,"Bird Faced Urn":0,"Bronze Scales":497,"Black Star":252,"StrikeDummy":135,"Unceasing Top":544,"Meat on the Bone":511,"Darkstone Periapt":502,"Lantern":84,"Guardian:ModeShifterPlus":96,"Guardian:StasisCodex":9,"Mango":157,"Incense Burner":108,"Bag of Preparation":258,"Juzu Bracelet":269,"Ancient Tea Set":232,"Smiling Mask":265,"ClockworkSouvenir":323,"Dream Catcher":506,"Matryoshka":258,"WingedGreaves":172,"Red Mask":126,"Potion Belt":452,"Thread and Needle":323,"PreservedInsect":118,"The Courier":540,"Omamori":232,"Seething Fire":0,"Orichalcum":549,"White Beast Statue":347,"Peace Pipe":437,"Guardian:StasisUpgradeRelic":201,"CaptainsWheel":294,"Anchor":555,"Art of War":291,"Coffee Dripper":393,"Membership Card":368,"Bottled Lightning":488,"FossilizedHelix":437}],"Unceasing Top":[54],"Meat on the Bone":0},"card_choices":[{"not_picked":["Guardian:PiercingHide","Guardian:TemporalShield"],"picked":"Guardian:Gem_Blue","floor":1.0},{"not_picked":["Guardian:TemporalStrike","Guardian:Gem_Green"],"picked":"Guardian:PrismaticBeam","floor":2.0},{"not_picked":["Guardian:Reroute","Guardian:Clone"],"picked":"Guardian:Gem_White","floor":5.0},{"not_picked":["Guardian:ExploitGems","Guardian:PrismaticBeam"],"picked":"Guardian:FuturePlans","floor":7.0},{"not_picked":["Guardian:TemporalStrike","Guardian:ChargeUp"],"picked":"Guardian:Gem_Yellow","floor":11.0},{"not_picked":["Guardian:BaubleBeam","Guardian:Recover"],"picked":"Guardian:Gem_Orange","floor":12.0},{"not_picked":["Guardian:WalkerClaw","Guardian:Clone"],"picked":"Guardian:RollAttack","floor":13.0},{"not_picked":["Guardian:Planning","Guardian:Gem_Red"],"picked":"Guardian:Recover","floor":14.0},{"not_picked":["Guardian:TimeSifter","Guardian:AncientConstruct"],"picked":"Guardian:Gem_Orange","floor":16.0},{"not_picked":["Guardian:PrismaticBeam","Guardian:FuturePlans+1","Guardian:VentSteam"],"picked":"SKIP","floor":18.0},{"not_picked":["Guardian:Gem_Yellow","Guardian:ChargeCore"],"picked":"Guardian:Gem_White","floor":19.0},{"not_picked":["Guardian:TemporalStrike","Guardian:Incinerate"],"picked":"Guardian:TemporalShield+1","floor":21.0},{"not_picked":["Guardian:ChargeCore","Guardian:RefractedBeam"],"picked":"Guardian:Gem_Green","floor":23.0},{"not_picked":["Guardian:DonusPower+1","Guardian:ExploitGems"],"picked":"Guardian:ShieldCharger+1","floor":25.0},{"not_picked":["Guardian:PrimingBeam+1","Guardian:Reroute"],"picked":"Guardian:Gem_Blue","floor":27.0},{"not_picked":["Guardian:Reroute","Guardian:BronzeOrb"],"picked":"Guardian:Gem_Cyan","floor":28.0},{"not_picked":["Guardian:Gem_Green","Guardian:GuardianWhirl"],"picked":"Guardian:MultiBeam","floor":31.0},{"not_picked":["Guardian:RevengeProtocol","Guardian:StasisEngine"],"picked":"Guardian:AncientConstruct","floor":33.0},{"not_picked":["Guardian:Gem_Lightblue","Guardian:Gem_Red"],"picked":"Guardian:Gem_Cyan","floor":35.0},{"not_picked":["Guardian:BronzeArmor","Guardian:FloatingOrbs+1"],"picked":"Guardian:Gem_Purple","floor":35.0},{"not_picked":["Guardian:StasisStrike","Guardian:Gem_Lightblue"],"picked":"Guardian:Gem_White","floor":37.0},{"not_picked":["Guardian:PrimingBeam","Guardian:Incinerate"],"picked":"Guardian:ShieldSpikes+1","floor":39.0},{"not_picked":["Guardian:Gem_Green","Guardian:Gem_Lightblue"],"picked":"Guardian:Gem_Cyan","floor":39.0},{"not_picked":["Guardian:TemporalStrike","Guardian:TimeCapacitor"],"picked":"Guardian:Suspension","floor":40.0},{"not_picked":["Guardian:ChargeCore","Guardian:Gem_Green"],"picked":"Guardian:GemFire","floor":42.0},{"not_picked":["Guardian:RollAttack","Guardian:Gem_Green"],"picked":"Guardian:TemporalShield+1","floor":44.0},{"not_picked":["Guardian:Gem_Yellow","Guardian:WalkerClaw+1"],"picked":"Guardian:ShieldCharger+1","floor":45.0},{"not_picked":["Guardian:TimeSifter","Guardian:TemporalShield","Guardian:Planning"],"picked":"SKIP","floor":46},{"not_picked":["Guardian:Planning","Guardian:GuardianWhirl+1","Guardian:Incinerate"],"picked":"SKIP","floor":48}],"player_experience":894089,"relics_obtained":[{"floor":7.0,"key":"Potion Belt"},{"floor":9.0,"key":"Boot"},{"floor":12.0,"key":"Shuriken"},{"floor":23.0,"key":"Bronze Scales"},{"floor":25.0,"key":"Darkstone Periapt"},{"floor":27.0,"key":"Dream Catcher"},{"floor":29.0,"key":"Meat on the Bone"},{"floor":37.0,"key":"Ice Cream"},{"floor":40.0,"key":"The Courier"},{"floor":43.0,"key":"Unceasing Top"},{"floor":44.0,"key":"Orichalcum"},{"floor":46,"key":"Anchor"}],"event_choices":[{"damage_healed":0.0,"max_hp_gain":0.0,"max_hp_loss":0.0,"gold_gain":105.0,"event_name":"betterSkull:BetterSkull","player_choice":"GO ","floor":4.0,"gold_loss":0.0,"damage_taken":9.0,"cards_upgraded":[],"relics_obtained":[]},{"damage_healed":0.0,"max_hp_gain":0.0,"max_hp_loss":0.0,"gold_gain":0.0,"event_name":"Match and Keep!","player_choice":"1 cards matched","floor":22.0,"gold_loss":0.0,"damage_taken":0.0,"cards_obtained":["Guardian:CrystalBeam"]},{"damage_healed":0.0,"max_hp_gain":0.0,"max_hp_loss":0.0,"gold_gain":0.0,"event_name":"Match and Keep!","player_choice":"1 cards matched","floor":22.0,"gold_loss":0.0,"damage_taken":0.0,"cards_obtained":["Guardian:CrystalBeam"]},{"damage_healed":0.0,"max_hp_gain":0.0,"max_hp_loss":0.0,"gold_gain":0.0,"event_name":"Mysterious Sphere","player_choice":"Fight","floor":37.0,"gold_loss":0.0,"damage_taken":0.0},{"cards_removed":["Guardian:Gem_Cyan"],"damage_healed":0,"gold_gain":0,"player_choice":"Purged","damage_taken":0,"max_hp_gain":0,"max_hp_loss":0,"event_name":"Purifier","floor":47,"gold_loss":0}],"is_beta":false,"boss_relics":[{"not_picked":["SlaversCollar","Pandora\u0027s Box"],"picked":"Coffee Dripper"},{"not_picked":["Runic Pyramid","Calling Bell"],"picked":"Astrolabe"}],"items_purged_floors":[0,20,38],"is_endless":false,"potions_floor_spawned":[5,7,14,19,23,28,31,37,39,42,44,48],"ascension_level":9}}