{"host":"hcrpk3ks1jn59x6u","time":1609905828,"event":{"mods":["BaseMod","Better Altar","Better Note","Better Sensory Stone","Better Skull","Better Third Choice","BetterRewards","Colored Map","Conspire","Downfall","GifTheSpireLib","Googly Eyes","Halation","Hermit","Highlight Path","Minty Spire (QoL Compilation)","StSLib","Stuff the Spire","The Bug Knight","The Construct","The Hierophant","everything is the same but u backflip on backflip"],"gold_per_floor":[113,123,123,141,141,141,153,153,177,177,192,212,487,499,499,499,499],"floor_reached":16,"playtime":901,"items_purged":[],"score":94,"play_id":"3bb95a1d-880b-40a1-b13d-b42dad5b90f6","local_time":"20210106120348","is_ascension_mode":false,"campfire_choices":[{"floor":6,"key":"REST"},{"data":"hermit:HeroicBravado","floor":8,"key":"SMITH"},{"data":"hermit:Defend_Hermit","floor":10,"key":"SMITH"},{"data":"hermit:Dive","floor":15,"key":"SMITH"}],"circlet_count":0,"master_deck":["hermit:Strike_Hermit","hermit:Strike_Hermit","hermit:Strike_Hermit","hermit:Strike_Hermit","hermit:Defend_Hermit","hermit:Defend_Hermit+1","hermit:Defend_Hermit+1","hermit:Defend_Hermit","hermit:Snapshot","hermit:Covet","hermit:HeroicBravado+1","hermit:Shortfuse+1","hermit:Snipe","hermit:TrackingShot","hermit:WideOpen","hermit:Misfire","hermit:Dive+1","Regret","hermit:Horror"],"relics":["hermit:Momento","Smiling Mask"],"acts_visited":["Exordium"],"potions_floor_usage":[16,16,16],"damage_taken":[{"damage":0,"enemies":"2 Louse","floor":1,"turns":3},{"damage":1,"enemies":"Cultist","floor":2,"turns":3},{"damage":1,"enemies":"Small Slimes","floor":4,"turns":5},{"damage":2,"enemies":"2 Fungi Beasts","floor":7,"turns":3},{"damage":0,"enemies":"Exordium Thugs","floor":11,"turns":4},{"damage":6,"enemies":"Looter","floor":12,"turns":3},{"damage":6,"enemies":"3 Louse","floor":14,"turns":3},{"damage":45,"enemies":"The Guardian","floor":16,"turns":10}],"seed_played":"7218520583824705476","potions_obtained":[{"floor":1,"key":"Dexterity Potion"},{"floor":7,"key":"FearPotion"},{"floor":14,"key":"champ:CounterPotion"}],"is_trial":false,"path_per_floor":["M","M","?","M","?","R","M","R","T","R","M","M","?","M","R","B"],"character_chosen":"HERMIT","items_purchased":[],"campfire_rested":1,"item_purchase_floors":[],"current_hp_per_floor":[54,53,38,37,37,59,57,57,57,57,57,51,51,45,45,0,0],"gold":499,"neow_bonus":"THREE_RARE_CARDS","is_daily":false,"chose_seed":false,"campfire_upgraded":3,"win_rate":0.0,"timestamp":1609905828,"path_taken":["M","M","?","M","?","R","M","R","T","R","M","M","?","M","R","BOSS"],"items_purchased_type":[],"build_version":"2020-12-22","purchased_purges":0,"victory":false,"max_hp_per_floor":[75,75,75,75,75,75,75,75,75,75,75,75,75,75,75,75,75],"card_choices":[{"not_picked":["hermit:BlackWind","hermit:EternalForm"],"picked":"hermit:HeroicBravado","floor":0},{"not_picked":["hermit:Cheat","hermit:BodyArmor"],"picked":"hermit:Shortfuse","floor":1},{"not_picked":["hermit:Shortfuse","hermit:SprayPray"],"picked":"hermit:Snipe","floor":2},{"not_picked":["hermit:Ricochet","hermit:CalledShot"],"picked":"hermit:TrackingShot","floor":4},{"not_picked":["hermit:Dissolve","hermit:Coalescence"],"picked":"hermit:WideOpen","floor":7},{"not_picked":["hermit:Roulette","hermit:HoleUp"],"picked":"hermit:Misfire","floor":11},{"not_picked":["hermit:ItchyTrigger","hermit:Manifest"],"picked":"hermit:Dive","floor":12},{"not_picked":["hermit:Misfire","hermit:TakeAim"],"picked":"hermit:Horror","floor":14}],"player_experience":243977,"relics_obtained":[{"floor":9,"key":"Smiling Mask"}],"event_choices":[{"damage_healed":53,"gold_gain":0,"player_choice":"Upgrade","damage_taken":15,"max_hp_gain":0,"max_hp_loss":75,"event_name":"betterThird:BetterShining","floor":3,"gold_loss":0,"cards_upgraded":["hermit:Shortfuse","hermit:Defend_Hermit"]},{"damage_healed":0,"gold_gain":0,"player_choice":"Leave","damage_taken":0,"max_hp_gain":0,"max_hp_loss":0,"event_name":"conspire:Investor","floor":5,"gold_loss":0},{"damage_healed":0,"gold_gain":275,"player_choice":"Desecrate","damage_taken":0,"max_hp_gain":0,"max_hp_loss":0,"event_name":"Golden Shrine","floor":13,"gold_loss":0,"cards_obtained":["Regret"]}],"is_beta":false,"boss_relics":[],"items_purged_floors":[],"is_endless":false,"potions_floor_spawned":[1,7,14],"killed_by":"The Guardian","ascension_level":0}}