{"host":"h4lp0eeso8a0ssq0","time":1609925769,"event":{"mods":["2.2 Compatiblity","AchievementEnabler","BaseMod","CapriCore","Colored Map","Minty Spire (QoL Compilation)","StSLib","SuperFastMode","The Dragon Tamer"],"gold_per_floor":[116,66,141,141,141,175,175,214,260,276,289,307,326,341,341,465,465,479,479,504,98,111,111,135,178,178,178,178,178,178],"floor_reached":28,"playtime":860,"items_purged":["DTMod:Strike"],"score":425,"play_id":"d0de9fd4-c49c-49e0-bd32-5e31f8837148","local_time":"20210106183608","is_ascension_mode":false,"metric_token":607,"campfire_choices":[{"data":"DTMod:DarkBreath","floor":7.0,"key":"SMITH"},{"data":"DTMod:DragonDance","floor":15.0,"key":"SMITH"},{"data":"DTMod:Observe","floor":23,"key":"SMITH"}],"dtmod_dragon_data":[11,50,2,-1,5,0],"circlet_count":0,"master_deck":["DTMod:Strike","DTMod:DoubleHit","DTMod:TargetDefense","DTMod:TargetDefense","DTMod:TargetDefense","DTMod:TargetDefense","DTMod:SwitchingTactic","DTMod:DarkBreath+1","DTMod:BreakAttack","DTMod:ForkedFire","DTMod:RunningTactic","DTMod:QuickFly","DTMod:BizarreTactic","DTMod:DragonDance+1","DTMod:LightShield","DTMod:HeadStart","DTMod:BuildUp","DTMod:Conduct+1","DTMod:MaximumCharge+1","DTMod:BuildUp+1","DTMod:Observe+1","DTMod:GhostSkin+1","DTMod:StarRain+1","Ghostly","Ghostly","Ghostly","Ghostly","Ghostly"],"relics":["DTMod:PactStone","NeowsBlessing","Golden Idol","Sundial","Juzu Bracelet","Pen Nib","Sozu","Molten Egg 2","Kunai","Happy Flower"],"acts_visited":["Exordium","TheCity"],"potions_floor_usage":[],"damage_taken":[{"damage":0.0,"enemies":"Small Slimes","floor":1.0,"turns":1.0},{"damage":0.0,"enemies":"Lagavulin","floor":6.0,"turns":1.0},{"damage":0.0,"enemies":"Gremlin Nob","floor":8.0,"turns":1.0},{"damage":0.0,"enemies":"2 Louse","floor":10.0,"turns":2.0},{"damage":0.0,"enemies":"Cultist","floor":11.0,"turns":2.0},{"damage":0.0,"enemies":"2 Fungi Beasts","floor":12.0,"turns":2.0},{"damage":5.0,"enemies":"3 Louse","floor":13.0,"turns":3.0},{"damage":0.0,"enemies":"Blue Slaver","floor":14.0,"turns":3.0},{"damage":0.0,"enemies":"The Guardian","floor":16.0,"turns":11.0},{"damage":0.0,"enemies":"Chosen","floor":18.0,"turns":3.0},{"damage":0.0,"enemies":"3 Byrds","floor":20.0,"turns":4.0},{"damage":0,"enemies":"Cultist and Chosen","floor":22,"turns":2},{"damage":0,"enemies":"Snake Plant","floor":24,"turns":2},{"damage":0,"enemies":"Gremlin Leader","floor":25,"turns":3},{"damage":0,"enemies":"Slavers","floor":28,"turns":3}],"seed_played":"-6679526423290780938","potions_obtained":[{"floor":1.0,"key":"Dexterity Potion"},{"floor":6.0,"key":"Energy Potion"},{"floor":16.0,"key":"Energy Potion"}],"is_trial":false,"path_per_floor":["M","?","?","?","?","E","R","E","T","M","M","M","M","M","R","B",null,"M","?","M","$","M","R","M","E","T","?","E"],"character_chosen":"THE_DT","items_purchased":["Molten Egg 2","DTMod:MaximumCharge+1","DTMod:BuildUp+1"],"campfire_rested":0,"item_purchase_floors":[21,21,21],"current_hp_per_floor":[45,45,34,34,23,23,23,23,23,23,23,23,18,18,18,18,45,45,45,45,45,45,45,45,45,45,22,22,22,22],"gold":178,"neow_bonus":"THREE_ENEMY_KILL","is_daily":false,"chose_seed":false,"campfire_upgraded":3,"win_rate":0.0,"timestamp":1609925768,"path_taken":["M","?","?","?","?","E","R","E","T","M","M","M","M","M","R","BOSS","M","?","M","$","M","R","M","E","T","?","E"],"items_purchased_type":["Relic","Card","Card"],"build_version":"2020-12-22","purchased_purges":1,"victory":false,"max_hp_per_floor":[45,45,45,45,45,45,45,45,45,45,45,45,45,45,45,45,45,45,45,45,45,45,45,45,45,45,22,22,22,22],"card_choices":[{"not_picked":["DTMod:Threaten","DTMod:TauntingStrike"],"picked":"DTMod:DarkBreath","floor":1.0},{"not_picked":["DTMod:BlazingStrike","DTMod:MagicField"],"picked":"DTMod:ForkedFire","floor":6.0},{"not_picked":["DTMod:Coolant","DTMod:PurifyingFlame"],"picked":"DTMod:RunningTactic","floor":8.0},{"not_picked":["DTMod:LowKick","DTMod:Threaten"],"picked":"DTMod:QuickFly","floor":10.0},{"not_picked":["DTMod:BurningEnergy","DTMod:GhostSkin"],"picked":"DTMod:BizarreTactic","floor":11.0},{"not_picked":["DTMod:Haste","DTMod:LowKick","DTMod:BlazingStrike"],"picked":"SKIP","floor":12.0},{"not_picked":["DTMod:MasterPlan","DTMod:Weaken"],"picked":"DTMod:DragonDance","floor":13.0},{"not_picked":["DTMod:CleansingStrike","DTMod:Punisher"],"picked":"DTMod:LightShield","floor":14.0},{"not_picked":["DTMod:FierySynthesis","DTMod:Prediction"],"picked":"DTMod:HeadStart","floor":16.0},{"not_picked":["DTMod:FlameSlash+1","DTMod:MagicField"],"picked":"DTMod:BuildUp","floor":18.0},{"not_picked":["DTMod:MagicField","DTMod:TauntingStrike"],"picked":"DTMod:Conduct+1","floor":20.0},{"not_picked":["DTMod:MasterPlan+1","DTMod:CleansingStrike+1"],"picked":"DTMod:Observe","floor":22},{"not_picked":["DTMod:PurifyingFlame+1","DTMod:BurningEnergy"],"picked":"DTMod:GhostSkin+1","floor":24},{"not_picked":["DTMod:Cover","DTMod:BalancedStrike+1"],"picked":"DTMod:StarRain+1","floor":25}],"player_experience":83798,"relics_obtained":[{"floor":6.0,"key":"Sundial"},{"floor":8.0,"key":"Juzu Bracelet"},{"floor":9.0,"key":"Pen Nib"},{"floor":25,"key":"Kunai"},{"floor":26,"key":"Happy Flower"}],"event_choices":[{"cards_removed":["DTMod:Strike"],"damage_healed":0.0,"max_hp_gain":0.0,"max_hp_loss":0.0,"gold_gain":0.0,"event_name":"The Cleric","player_choice":"Card Removal","floor":2.0,"gold_loss":50.0,"damage_taken":0.0},{"damage_healed":0.0,"max_hp_gain":0.0,"max_hp_loss":0.0,"gold_gain":75.0,"event_name":"World of Goop","player_choice":"Gather Gold","floor":3.0,"gold_loss":0.0,"damage_taken":11.0},{"damage_healed":0.0,"max_hp_gain":0.0,"max_hp_loss":0.0,"gold_gain":0.0,"cards_transformed":["DTMod:Strike"],"event_name":"Living Wall","player_choice":"Change","floor":4.0,"gold_loss":0.0,"damage_taken":0.0,"cards_obtained":["DTMod:BreakAttack"]},{"damage_healed":0.0,"max_hp_gain":0.0,"max_hp_loss":0.0,"gold_gain":0.0,"event_name":"Golden Idol","player_choice":"Take Damage","floor":5.0,"gold_loss":0.0,"damage_taken":11.0,"relics_obtained":["Golden Idol"]},{"damage_healed":0.0,"max_hp_gain":0.0,"max_hp_loss":0.0,"gold_gain":0.0,"event_name":"NoteForYourself","player_choice":"Ignored","floor":19.0,"gold_loss":0.0,"damage_taken":0.0},{"damage_healed":0,"gold_gain":0,"player_choice":"Became a Ghost","damage_taken":0,"max_hp_gain":0,"max_hp_loss":23,"event_name":"Ghosts","floor":27,"gold_loss":0,"cards_obtained":["Ghostly","Ghostly","Ghostly","Ghostly","Ghostly"]}],"is_beta":false,"boss_relics":[{"not_picked":["Runic Pyramid","Coffee Dripper"],"picked":"Sozu"}],"items_purged_floors":[21],"is_endless":false,"potions_floor_spawned":[1,6,16,18,20],"killed_by":"Slavers","ascension_level":0}}