{"host":"6za4ayowsop7ft3x","time":1609920836,"event":{"mods":["AchievementEnabler","BaseMod","Bestiary","Colored Map","Colored Powertips","Curses Come First","Highlight Path","Minty Spire (QoL Compilation)","Quick Restart","StSLib"],"gold_per_floor":[114,131,131,150,167,167,198,210,210,228,248,263,47,78,78,180,180,199,5,22,41,54,54,54],"floor_reached":23,"playtime":1075,"items_purged":["Strike_G"],"score":219,"play_id":"9e45f860-63c7-473b-aad6-471a37b023f2","local_time":"20210106161356","is_ascension_mode":true,"campfire_choices":[{"data":"Deflect","floor":6,"key":"SMITH"},{"floor":15,"key":"REST"}],"circlet_count":0,"master_deck":["Strike_G","Strike_G","Strike_G","Strike_G","Defend_G","Defend_G","Defend_G","Defend_G","Defend_G","Survivor","Neutralize","Poisoned Stab","Masterful Stab","Distraction","Deflect+1","Quick Slash","Blade Dance","Deflect","Finisher","Noxious Fumes","Bouncing Flask","Backflip","Bullet Time","PiercingWail","Corpse Explosion","Noxious Fumes","Footwork"],"relics":["Cursed Key","Eternal Feather","SacredBark"],"acts_visited":["Exordium","TheCity"],"potions_floor_usage":[14,16,16,21,23],"damage_taken":[{"damage":0,"enemies":"2 Louse","floor":1,"turns":3},{"damage":1,"enemies":"Cultist","floor":2,"turns":4},{"damage":0,"enemies":"Jaw Worm","floor":4,"turns":3},{"damage":0,"enemies":"2 Fungi Beasts","floor":5,"turns":4},{"damage":20,"enemies":"3 Sentries","floor":7,"turns":12},{"damage":0,"enemies":"Lots of Slimes","floor":8,"turns":4},{"damage":0,"enemies":"Red Slaver","floor":10,"turns":2},{"damage":0,"enemies":"3 Louse","floor":11,"turns":3},{"damage":24,"enemies":"Exordium Thugs","floor":12,"turns":4},{"damage":10,"enemies":"Lagavulin","floor":14,"turns":5},{"damage":17,"enemies":"Hexaghost","floor":16,"turns":9},{"damage":7,"enemies":"Shell Parasite","floor":18,"turns":3},{"damage":25,"enemies":"2 Thieves","floor":20,"turns":3},{"damage":20,"enemies":"Snecko","floor":21,"turns":5},{"damage":4,"enemies":"Centurion and Healer","floor":22,"turns":3},{"damage":15,"enemies":"Slavers","floor":23,"turns":2}],"seed_played":"3098788447872852280","potions_obtained":[{"floor":1,"key":"SkillPotion"},{"floor":5,"key":"SpeedPotion"},{"floor":8,"key":"SkillPotion"},{"floor":14,"key":"LiquidMemories"},{"floor":16,"key":"GamblersBrew"},{"floor":18,"key":"AttackPotion"}],"is_trial":false,"path_per_floor":["M","M","?","M","M","R","E","M","T","M","M","M","$","E","R","B",null,"M","$","M","M","M","E"],"character_chosen":"THE_SILENT","items_purchased":["Noxious Fumes","Bouncing Flask","Corpse Explosion","Noxious Fumes"],"campfire_rested":1,"item_purchase_floors":[13,13,19,19],"current_hp_per_floor":[70,69,62,62,62,62,42,42,42,42,42,18,18,8,41,24,70,63,63,38,18,14,0,0],"gold":54,"neow_bonus":"BOSS_RELIC","is_daily":false,"chose_seed":false,"campfire_upgraded":1,"win_rate":0.0,"timestamp":1609920836,"path_taken":["M","M","?","M","M","R","E","M","T","M","M","?","$","E","R","BOSS","M","$","M","M","M","E"],"items_purchased_type":["Card","Card","Card","Card"],"build_version":"2020-12-22","purchased_purges":1,"victory":false,"max_hp_per_floor":[70,70,70,70,70,70,70,70,70,70,70,70,70,70,70,70,70,70,70,70,70,70,70,70],"card_choices":[{"not_picked":["Outmaneuver","Dodge and Roll"],"picked":"Poisoned Stab","floor":1},{"not_picked":["Sucker Punch","Cloak And Dagger"],"picked":"Masterful Stab","floor":2},{"not_picked":["Underhanded Strike","Escape Plan"],"picked":"Distraction","floor":4},{"not_picked":["Bane","Backflip"],"picked":"Deflect","floor":5},{"not_picked":["Night Terror","Sucker Punch"],"picked":"Quick Slash","floor":7},{"not_picked":["Bane","Acrobatics"],"picked":"Blade Dance","floor":8},{"not_picked":["Unload","Dodge and Roll"],"picked":"Deflect","floor":10},{"not_picked":["Setup","Deadly Poison"],"picked":"Finisher","floor":11},{"not_picked":["Quick Slash","Concentrate","Dagger Throw"],"picked":"SKIP","floor":12},{"not_picked":["Flying Knee","Predator"],"picked":"Backflip","floor":14},{"not_picked":["Doppelganger","Malaise"],"picked":"Bullet Time","floor":16},{"not_picked":["Tactician+1","Prepared"],"picked":"PiercingWail","floor":18},{"not_picked":["Sucker Punch","Deadly Poison","Dagger Spray+1"],"picked":"SKIP","floor":20},{"not_picked":["Skewer","Tactician+1"],"picked":"Footwork","floor":21},{"not_picked":["Caltrops","Underhanded Strike+1","Doppelganger"],"picked":"SKIP","floor":22}],"player_experience":36005,"relics_obtained":[{"floor":14,"key":"Eternal Feather"}],"event_choices":[{"damage_healed":0,"gold_gain":0,"player_choice":"Damaged","damage_taken":7,"max_hp_gain":0,"max_hp_loss":0,"event_name":"Wheel of Change","floor":3,"gold_loss":0}],"is_beta":false,"boss_relics":[{"not_picked":["Busted Crown","Runic Pyramid"],"picked":"SacredBark"}],"items_purged_floors":[13],"is_endless":false,"potions_floor_spawned":[1,5,8,10,14,16,18],"killed_by":"Slavers","ascension_level":1}}