{"host":"lq7kzi2nz43yw1nt","time":1609973935,"event":{"mods":["AchievementEnabler","Act Like it!","BaseMod","Better Third Choice","BetterRewards","Block Reminder","Conspire","Gensokyo","GifTheSpireLib","Hubris","Infinite Spire","Koishi","Marisa????????","Minty Spire (QoL Compilation)","Quick Restart","Rare Cards Sparkle","Relic Sorter","Remilia??????","Replay The Spire","Shop Mod","Spicy Shops","Spikes Relics","StSLib","SuperFastMode","The Servant 0.9.4","Trackpad"],"gold_per_floor":[118,134,134,150,170,196,196,225,252,309,11,22,22,22,22,122,122,141,153,153,153,17,42,42,70,70,99,111,136,161,173,185,197,197],"floor_reached":33,"playtime":1110,"items_purged":[],"score":613,"play_id":"49a2c193-0db7-4458-a0c5-cef6f95bc109","local_time":"20210106175855","is_ascension_mode":true,"campfire_choices":[{"floor":7,"key":"REST"},{"floor":24,"key":"REST"},{"floor":28,"key":"REST"},{"data":"Machine Learning","floor":32,"key":"SMITH"}],"circlet_count":0,"master_deck":["Strike_B","Strike_B","Strike_B","Strike_B","Defend_B","Defend_B","Defend_B","Defend_B","Zap","Dualcast+1","Loop","Conserve Battery","Conserve Battery","Cold Snap","Ball Lightning","Stack","Doom and Gloom","Ball Lightning","ReplayRNGCard","Machine Learning+1","hubris:PowerSurge","Burn","Biased Cognition","BasicCrystalCard+1","Hologram+1","BootSequence+1","FTL+1"],"relics":["Cracked Core","PreservedInsect","Replay:Multitool","Meat on the Bone","HornCleat","TungstenRod","MerchantsRug","conspire:RoyalGoblet","Symbiotic Virus","Akabeko","Onion Ring","RoseTintedShades","MawBank","Frozen Egg 2"],"acts_visited":["Exordium","TheCity"],"potions_floor_usage":[6,18,25,33,33],"damage_taken":[{"damage":11,"enemies":"Small Slimes","floor":1,"turns":4},{"damage":1,"enemies":"conspire:RoseBush","floor":2,"turns":3},{"damage":5,"enemies":"Jaw Worm","floor":4,"turns":2},{"damage":6,"enemies":"2 Fungi Beasts","floor":5,"turns":4},{"damage":14,"enemies":"3 Sentries","floor":6,"turns":4},{"damage":0,"enemies":"Gremlin Nob","floor":8,"turns":3},{"damage":4,"enemies":"conspire:2 RoseBushes","floor":12,"turns":5},{"damage":24,"enemies":"The Guardian","floor":16,"turns":8},{"damage":22,"enemies":"3 Byrds","floor":18,"turns":3},{"damage":0,"enemies":"Spheric Guardian","floor":19,"turns":3},{"damage":15,"enemies":"conspire:Head Lice","floor":23,"turns":7},{"damage":2,"enemies":"Replay:Snechameleon","floor":25,"turns":3},{"damage":10,"enemies":"conspire:Head Lice","floor":27,"turns":8},{"damage":9,"enemies":"Centurion and Healer","floor":29,"turns":6},{"damage":5,"enemies":"conspire:HollyBat","floor":30,"turns":7},{"damage":66,"enemies":"Pondfish","floor":33,"turns":11}],"seed_played":"2531763463172150664","potions_obtained":[{"floor":1,"key":"Milkshake"},{"floor":12,"key":"SmokeBomb"},{"floor":16,"key":"LiquidBronze"},{"floor":18,"key":"Fire Potion"},{"floor":25,"key":"BlessingOfTheForge"},{"floor":27,"key":"LifebloodPotion"}],"is_trial":false,"path_per_floor":["M","M","?","M","M","E","R","E","T","?","$","M","$","T","R","B",null,"M","M","?","?","$","E","R","E","T","E","R","M","M","T","R","B"],"character_chosen":"DEFECT","items_purchased":["PreservedInsect","Loop","Conserve Battery","Meat on the Bone","MerchantsRug","Machine Learning","Symbiotic Virus"],"campfire_rested":3,"item_purchase_floors":[0,0,0,0,11,11,22],"current_hp_per_floor":[36,47,47,42,48,46,68,68,68,68,68,64,64,64,64,40,66,44,44,31,31,31,28,52,50,50,52,76,67,62,62,62,0,0],"gold":197,"neow_bonus":"","is_daily":false,"chose_seed":false,"campfire_upgraded":1,"win_rate":0.0,"timestamp":1609973935,"path_taken":["M","M","?","M","M","E","R","E","T","?","?","M","$","?","R","BOSS","M","?","?","?","?","E","R","E","T","E","R","?","M","?","R","BOSS"],"items_purchased_type":["Relic","Card","Card","Relic","Relic","Card","Relic"],"build_version":"2020-12-22","purchased_purges":0,"victory":false,"max_hp_per_floor":[75,75,75,75,75,75,75,75,75,75,75,75,75,75,75,75,75,75,75,80,80,80,80,80,80,80,80,80,80,80,80,80,80,80],"card_choices":[{"not_picked":["Go for the Eyes","FTL"],"picked":"Cold Snap","floor":1},{"not_picked":["Coolheaded","BasicCrystalCard"],"picked":"Ball Lightning","floor":2},{"not_picked":["Force Field","Panic Button"],"picked":"Stack","floor":4},{"not_picked":["Undo","conspire:SharedLibrary"],"picked":"Doom and Gloom","floor":5},{"not_picked":["Time Bomb","Sweeping Beam"],"picked":"Ball Lightning","floor":6},{"not_picked":["BasicCrystalCard","Coolheaded"],"picked":"ReplayRNGCard","floor":8},{"not_picked":["Turbo","Chill"],"picked":"hubris:PowerSurge","floor":12},{"not_picked":["Reboot","Multi-Cast"],"picked":"Biased Cognition","floor":16},{"not_picked":["Sunder+1","Conserve Battery"],"picked":"BasicCrystalCard+1","floor":18},{"not_picked":["Beam Cell","Sweeping Beam"],"picked":"Hologram+1","floor":19},{"not_picked":["Sweeping Beam","Conserve Battery+1"],"picked":"BootSequence+1","floor":23},{"not_picked":["Coolheaded","Turbo","Streamline"],"picked":"SKIP","floor":25},{"not_picked":["Scrape","BasicCrystalCard","Redo"],"picked":"SKIP","floor":27},{"not_picked":["Compile Driver","Steam Power"],"picked":"FTL+1","floor":29},{"not_picked":["Streamline","Gash+1","Recycle"],"picked":"SKIP","floor":30}],"player_experience":528490,"relics_obtained":[{"floor":6,"key":"HornCleat"},{"floor":8,"key":"TungstenRod"},{"floor":9,"key":"SpikesRelics:DaevaFist"},{"floor":14,"key":"hubris:Zylophone"},{"floor":23,"key":"Akabeko"},{"floor":25,"key":"Onion Ring"},{"floor":26,"key":"RoseTintedShades"},{"floor":27,"key":"MawBank"},{"floor":31,"key":"Frozen Egg 2"}],"event_choices":[{"damage_healed":0,"gold_gain":0,"player_choice":"Grow","damage_taken":0,"max_hp_gain":0,"max_hp_loss":0,"event_name":"Living Wall","floor":3,"gold_loss":0,"cards_upgraded":["Dualcast"]},{"damage_healed":0,"gold_gain":57,"player_choice":"Gained Gold","damage_taken":0,"max_hp_gain":0,"max_hp_loss":0,"event_name":"Golden Wing","floor":10,"gold_loss":0},{"damage_healed":64,"gold_gain":0,"player_choice":"Embrace Burn","damage_taken":0,"max_hp_gain":0,"max_hp_loss":75,"event_name":"betterThird:BetterShining","floor":15,"gold_loss":0},{"damage_healed":0,"gold_gain":0,"player_choice":"Shed Blood","damage_taken":19,"max_hp_gain":5,"max_hp_loss":0,"event_name":"Forgotten Altar","floor":20,"gold_loss":0},{"damage_healed":0,"gold_gain":0,"player_choice":"Ignored","damage_taken":0,"max_hp_gain":0,"max_hp_loss":0,"event_name":"Ghosts","floor":21,"gold_loss":0}],"is_beta":false,"boss_relics":[{"not_picked":["Pandora\u0027s Box","Philosopher\u0027s Stone"],"picked":"conspire:RoyalGoblet"}],"items_purged_floors":[],"is_endless":false,"potions_floor_spawned":[1,12,16,18,25,27,29],"killed_by":"Pondfish","ascension_level":8}}