{"host":"wj90f2q0h2omert0","time":1609965822,"event":{"mods":["BaseMod","Beaked The Cultist","Better Third Choice","ChefMod","Clawfect","Colored Map","DeckTracker","Downfall","Hubris","JesterMod","Minty Spire (QoL Compilation)","Relic Stats","Robot Space Explorer","Shade Mod","StSLib","The Blackbeard","The Caster","The Dragon Tamer","The Druid"],"gold_per_floor":[99,99,99,99,99,119,119,119,133,133,83,83,33,47,63,63,63,63],"floor_reached":16,"playtime":620,"items_purged":[],"score":88,"play_id":"0ed097df-d9d0-4431-a6cc-13e4cf6dbb44","local_time":"20210106154342","is_ascension_mode":false,"campfire_choices":[{"data":"Slimebound:Split","floor":1,"key":"SMITH"},{"data":"Slimebound:Gluttony","floor":8,"key":"SMITH"},{"data":"Slimebound:ProtectTheBoss","floor":11,"key":"SMITH"},{"data":"Slimebound:CorrosiveSpit","floor":13,"key":"SMITH"}],"circlet_count":0,"master_deck":["Slimebound:Strike_Slimebound","Slimebound:Strike_Slimebound","Slimebound:Strike_Slimebound","Slimebound:Tackle","Slimebound:Defend_Slimebound","Slimebound:Defend_Slimebound","Slimebound:Defend_Slimebound","Slimebound:Defend_Slimebound","Slimebound:Split+1","Slimebound:CorrosiveSpit+1","Slimebound:Gluttony+1","Slimebound:HauntingLick","Slimebound:SplitAcid","Slimebound:ProtectTheBoss+1","Slimebound:LevelUp","Slimebound:SplitBruiser"],"relics":["Slimebound:AbsorbEndCombat","downfall:HeartsMalice","hubris:Towel","White Beast Statue","Slimebound:GreedOozeRelic","downfall:BrokenWingStatue"],"acts_visited":["Exordium"],"potions_floor_usage":[14,16],"damage_taken":[{"damage":0,"enemies":"Jaw Worm","floor":2,"turns":1},{"damage":0,"enemies":"Small Slimes","floor":4,"turns":1},{"damage":0,"enemies":"2 Louse","floor":5,"turns":1},{"damage":12,"enemies":"Large Slime","floor":6,"turns":6},{"damage":11,"enemies":"3 Louse","floor":9,"turns":2},{"damage":18,"enemies":"Exordium Thugs","floor":14,"turns":3},{"damage":8,"enemies":"Exordium Wildlife","floor":15,"turns":3},{"damage":79,"enemies":"downfall:Defect","floor":16,"turns":5}],"seed_played":"6002302422532646478","potions_obtained":[{"floor":6,"key":"DuplicationPotion"},{"floor":9,"key":"BlessingOfTheForge"},{"floor":14,"key":"SkillPotion"},{"floor":15,"key":"Slimebound:SlimyTonguePotion"}],"is_trial":false,"path_per_floor":["R","M","?","M","M","M","T","R","M","?","R","?","R","M","M","B"],"character_chosen":"SLIMEBOUND","items_purchased":[],"campfire_rested":0,"item_purchase_floors":[],"current_hp_per_floor":[60,60,60,60,60,60,60,60,57,57,57,57,57,55,59,0,0,0],"gold":63,"neow_bonus":"THREE_ENEMY_KILL","is_daily":false,"chose_seed":false,"campfire_upgraded":4,"win_rate":0.0,"timestamp":1609965822,"path_taken":["R","M","?","M","M","M","T","R","M","?","R","?","R","M","M","BOSS"],"items_purchased_type":[],"build_version":"2020-12-22","purchased_purges":0,"victory":false,"max_hp_per_floor":[60,60,60,60,60,60,60,60,60,60,60,60,60,60,60,60,60,60],"relic_stats":{"counters":[8,19],"obtain_stats":[{"Slimebound:GreedOozeRelic":10,"downfall:BrokenWingStatue":12,"downfall:HeartsMalice":0,"Slimebound:AbsorbEndCombat":0,"hubris:Towel":3,"White Beast Statue":7},{"Slimebound:GreedOozeRelic":5,"downfall:BrokenWingStatue":5,"downfall:HeartsMalice":0,"Slimebound:AbsorbEndCombat":0,"hubris:Towel":1,"White Beast Statue":4},{"Slimebound:GreedOozeRelic":8,"downfall:BrokenWingStatue":8,"downfall:HeartsMalice":0,"Slimebound:AbsorbEndCombat":0,"hubris:Towel":0,"White Beast Statue":6}]},"card_choices":[{"not_picked":["Slimebound:RollThrough","Slimebound:FinishingTackle"],"picked":"Slimebound:Gluttony","floor":2},{"not_picked":["Slimebound:PressTheAttack","Slimebound:FinishingTackle"],"picked":"Slimebound:HauntingLick","floor":4},{"not_picked":["Slimebound:PressTheAttack","Slimebound:GoopSpray"],"picked":"Slimebound:SplitAcid","floor":5},{"not_picked":["Slimebound:PressTheAttack","Slimebound:GrowthPunch","Slimebound:Grow"],"picked":"SKIP","floor":6},{"not_picked":["Slimebound:SplitMire","Slimebound:LeechEnergy"],"picked":"Slimebound:ProtectTheBoss","floor":9},{"not_picked":["Slimebound:ForwardTackle","Slimebound:Dissolve"],"picked":"Slimebound:LevelUp","floor":14},{"not_picked":["Slimebound:LeechingTouch","Slimebound:FirmFortitude"],"picked":"Slimebound:SplitBruiser","floor":15}],"player_experience":664870,"relics_obtained":[{"floor":7,"key":"White Beast Statue"}],"event_choices":[],"is_beta":false,"boss_relics":[],"items_purged_floors":[],"is_endless":false,"potions_floor_spawned":[6,9,14,15],"killed_by":"downfall:Defect","ascension_level":0}}