{"host":"0uumfqrc8aynrssa","time":1609919893,"event":{"mods":["AchievementEnabler","Act Like it!","Aspiration","Astrologer","BaseMod","Better Altar","Better Match","Better Note","Better Sensory Stone","Better Skull","Better Third Choice","Better Vampires","CapriCore","Colored Map","Colored Powertips","Conspire","Downfall","Energized Spire","Friendly Minions","Gensokyo","GifTheSpireLib","Hallownest","Hermit","Highlight Path","Hubris","Infinite Spire","Koishi","Marisa????????","Marked Mod","Minty Spire (QoL Compilation)","Pale of the Ancients","Permanent Neow","Potionbrewer","Random Character Button","Rare Cards Sparkle","Reimu??????","Relic Sorter","Remilia??????","Replay The Spire","Robot Space Explorer","Shop Mod","Somnambulant","Spicy Shops","Spikes Relics","StSLib","Stuff the Spire","The Animator","The Awakened One except there are too many feathers","The Bug Knight","The Cursed","The Hierophant","The Immortal","The Marked","The Problem Sleuth","The Runesmith","The Servant 0.9.4","TheBandit","TheFirefly","Trackpad","Wandering Minibosses","everything is the same but u backflip on backflip","slay the spire mod where everything is the same but ironclad has a cowboy hat","vexMod"],"gold_per_floor":[117,136,136,61,74,74,85,97,97,125,137,137,87,97,97,199,199,169,69,81,81,81],"floor_reached":21,"playtime":1327,"items_purged":["Burn","Strike_G"],"score":183,"play_id":"6f5373c0-d3eb-4a56-bee8-32f47363b6f8","local_time":"20210106025813","is_ascension_mode":false,"campfire_choices":[{"data":"Poisoned Stab","floor":6,"key":"SMITH"},{"floor":12,"key":"REST"},{"floor":15,"key":"REST"}],"circlet_count":0,"master_deck":["Strike_G","Strike_G","Strike_G","Defend_G","Defend_G","Defend_G","Defend_G","Defend_G","Survivor","Neutralize","Adrenaline","Poisoned Stab+1","Backflip","Footwork","Escape Plan","StuffTheSpire:BrimstoneBlast","Envenom","StuffTheSpire:Injection","StuffTheSpire:Injection"],"relics":["Ring of the Snake"],"acts_visited":["Exordium","TheCity"],"potions_floor_usage":[10,16],"damage_taken":[{"damage":0,"enemies":"Cultist","floor":1,"turns":4},{"damage":0,"enemies":"Small Slimes","floor":2,"turns":2},{"damage":10,"enemies":"Jaw Worm","floor":5,"turns":3},{"damage":4,"enemies":"2 Fungi Beasts","floor":7,"turns":4},{"damage":14,"enemies":"Exordium Wildlife","floor":8,"turns":5},{"damage":34,"enemies":"3 Sentries","floor":10,"turns":12},{"damage":0,"enemies":"Gremlin Gang","floor":11,"turns":7},{"damage":0,"enemies":"2 Fungi Beasts","floor":14,"turns":4},{"damage":51,"enemies":"Fading Forest","floor":16,"turns":11},{"damage":34,"enemies":"2 Thieves","floor":18,"turns":5},{"damage":34,"enemies":"Spheric Guardian","floor":20,"turns":7},{"damage":2,"enemies":"Chosen and Byrds","floor":21,"turns":1}],"seed_played":"-885578185376840476","potions_obtained":[{"floor":2,"key":"SpeedPotion"},{"floor":5,"key":"FearPotion"},{"floor":8,"key":"DistilledChaos"},{"floor":11,"key":"Elixir"},{"floor":20,"key":"DuplicationPotion"}],"is_trial":false,"path_per_floor":["M","M","?","$","M","R","M","M","T","E","M","R","?","M","R","B",null,"M","$","M","M"],"character_chosen":"THE_SILENT","items_purchased":[],"campfire_rested":2,"item_purchase_floors":[],"current_hp_per_floor":[70,70,70,70,60,60,56,42,42,8,8,29,29,29,50,9,70,36,36,2,0,0],"gold":81,"neow_bonus":"ONE_RANDOM_RARE_CARD","is_daily":false,"chose_seed":false,"campfire_upgraded":1,"win_rate":0.0,"timestamp":1609919893,"path_taken":["M","?","?","$","M","R","M","M","T","E","M","R","?","M","R","BOSS","M","$","M","M"],"items_purchased_type":[],"build_version":"2020-12-22","purchased_purges":2,"victory":false,"max_hp_per_floor":[70,70,70,70,70,70,70,70,70,70,70,70,70,70,70,70,70,70,70,70,70,70],"card_choices":[{"not_picked":["Tactician","Deflect"],"picked":"Poisoned Stab","floor":1},{"not_picked":["Fluid Movement","Dodge and Roll"],"picked":"Backflip","floor":2},{"not_picked":["Skewer","Flying Knee"],"picked":"Footwork","floor":5},{"not_picked":["StuffTheSpire:BumpUp","Slice","Tactician"],"picked":"SKIP","floor":7},{"not_picked":["Hidden Blade","Outmaneuver","Masterful Stab"],"picked":"SKIP","floor":8},{"not_picked":["Distraction","hubris:SlightOfHand"],"picked":"Escape Plan","floor":10},{"not_picked":["StuffTheSpire:DoubleShiv","Underhanded Strike","Prepared"],"picked":"SKIP","floor":11},{"not_picked":["Bullet Time","Blade Dance"],"picked":"StuffTheSpire:BrimstoneBlast","floor":14},{"not_picked":["Atom Bomb","Grand Finale"],"picked":"Envenom","floor":16},{"not_picked":["Infinite Blades","StuffTheSpire:BumpUp"],"picked":"StuffTheSpire:Injection","floor":18},{"not_picked":["Hidden Blade","Slice"],"picked":"StuffTheSpire:Injection","floor":20}],"player_experience":905881,"relics_obtained":[],"event_choices":[{"damage_healed":70,"gold_gain":0,"player_choice":"Embrace Burn","damage_taken":0,"max_hp_gain":0,"max_hp_loss":70,"event_name":"betterThird:BetterShining","floor":3,"gold_loss":0},{"cards_removed":["Strike_G"],"damage_healed":0,"gold_gain":0,"player_choice":"Card Removal","damage_taken":0,"max_hp_gain":0,"max_hp_loss":0,"event_name":"The Cleric","floor":13,"gold_loss":50}],"is_beta":false,"boss_relics":[{"not_picked":["StuffTheSpire:RunicConfusion","hubris:RunicObelisk","hubris:GrandSneckoEye"]}],"items_purged_floors":[4,19],"is_endless":false,"potions_floor_spawned":[2,5,8,11,20],"killed_by":"Chosen and Byrds","ascension_level":0}}