{"host":"artti7o26te9gn1a","time":1609958100,"event":{"mods":["AchievementEnabler","BaseMod","Beaked The Cultist","BetterRewards","Downfall","Minty Spire (QoL Compilation)","StSLib","Trackpad"],"gold_per_floor":[116,45,59,59,59,71,118,130,222,274,286,317,33,51,51,150,150,150,16,36,36,57,92,92,92,173,213,213,251,251,275,275,366,366,385,68,88,109,33,33,71,71,71,298,298,339,339,457,457,457],"floor_reached":51,"playtime":2472,"items_purged":["Strike_B","Strike_B","Slimebound:Icky","Strike_B"],"score":1887,"play_id":"2f5228c5-eef5-4f20-9c0b-5662661da0cf","local_time":"20210106193500","is_ascension_mode":true,"campfire_choices":[{"data":"Zap","floor":6,"key":"SMITH"},{"data":"Streamline","floor":8,"key":"SMITH"},{"data":"expansioncontent:QuickStudy","floor":15,"key":"SMITH"},{"data":"Master of Strategy","floor":28,"key":"SMITH"},{"data":"Rebound","floor":30,"key":"SMITH"},{"data":"Skim","floor":32,"key":"SMITH"},{"data":"Defragment","floor":40,"key":"SMITH"},{"data":"Self Repair","floor":42,"key":"SMITH"},{"data":"Capacitor","floor":45,"key":"SMITH"},{"data":"Machine Learning","floor":47,"key":"SMITH"},{"data":"Barrage","floor":49,"key":"SMITH"}],"circlet_count":0,"master_deck":["AscendersBane","Strike_B","Defend_B","Defend_B","Defend_B","Defend_B","Zap+1","Dualcast","FTL","Master of Strategy+1","Rebound+1","Steam","Gash","Gash","Go for the Eyes","Ball Lightning","Streamline+1","Gash","expansioncontent:QuickStudy+1","Machine Learning+1","Cold Snap+1","Skim+1","Undo","Barrage+1","J.A.X.","Gash","Core Surge","Capacitor+1","Defragment+1","Barrage+1","FTL","Beam Cell+1","Self Repair+1","Turbo+1"],"relics":["Cracked Core","trackpad:BiPhaseBiplane","Matryoshka","Ornamental Fan","Turnip","Golden Idol","trackpad:ByrdCharm","MawBank","Nunchaku","Sundial","beaked:ShinyBauble","Busted Crown","Whetstone","CultistMask","Blue Candle","Eternal Feather","Regal Pillow","Black Star","trackpad:HandOfMidas","Bronze Scales","The Courier","Incense Burner","DataDisk"],"acts_visited":["Exordium","TheCity","TheBeyond"],"potions_floor_usage":[18,41,41],"damage_taken":[{"damage":1,"enemies":"Jaw Worm","floor":1,"turns":2},{"damage":0,"enemies":"2 Louse","floor":3,"turns":2},{"damage":0,"enemies":"Lagavulin","floor":7,"turns":4},{"damage":11,"enemies":"3 Sentries","floor":10,"turns":4},{"damage":0,"enemies":"Cultist","floor":12,"turns":3},{"damage":0,"enemies":"3 Louse","floor":14,"turns":3},{"damage":12,"enemies":"The Guardian","floor":16,"turns":7},{"damage":0,"enemies":"2 Thieves","floor":18,"turns":1},{"damage":0,"enemies":"Spheric Guardian","floor":20,"turns":4},{"damage":0,"enemies":"Cultist and Chosen","floor":22,"turns":5},{"damage":0,"enemies":"Gremlin Leader","floor":23,"turns":5},{"damage":4,"enemies":"Slavers","floor":27,"turns":4},{"damage":3,"enemies":"Gremlin Leader","floor":29,"turns":5},{"damage":3,"enemies":"Snake Plant","floor":31,"turns":2},{"damage":22,"enemies":"Automaton","floor":33,"turns":8},{"damage":6,"enemies":"3 Shapes","floor":35,"turns":4},{"damage":21,"enemies":"3 Darklings","floor":37,"turns":6},{"damage":3,"enemies":"Spire Growth","floor":38,"turns":4},{"damage":47,"enemies":"Reptomancer","floor":41,"turns":5},{"damage":0,"enemies":"Maw","floor":44,"turns":2},{"damage":0,"enemies":"beaked:SuperParasite","floor":46,"turns":5},{"damage":3,"enemies":"3 Darklings","floor":48,"turns":4},{"damage":43,"enemies":"Donu and Deca","floor":50,"turns":6}],"seed_played":"-8796196361684106854","potions_obtained":[{"floor":1,"key":"SmokeBomb"},{"floor":7,"key":"Dexterity Potion"},{"floor":20,"key":"Block Potion"},{"floor":23,"key":"Regen Potion"},{"floor":41,"key":"DuplicationPotion"},{"floor":44,"key":"SpeedPotion"}],"is_trial":false,"path_per_floor":["M","$","M","?","T","R","E","R","T","E","?","M","$","M","R","B",null,"M","$","M","$","M","E","?","?","T","E","R","E","R","M","R","B",null,"M","$","M","M","$","R","E","R","T","M","R","E","R","M","R","B",null],"character_chosen":"DEFECT","items_purchased":["trackpad:BiPhaseBiplane","Matryoshka","Ornamental Fan","FTL","Master of Strategy","Turnip","Rebound","Steam","Gash","Go for the Eyes","expansioncontent:QuickStudy","Cold Snap","Skim","Defragment","Barrage","FTL","Self Repair"],"campfire_rested":0,"item_purchase_floors":[0,0,0,0,0,0,0,0,2,2,13,19,19,36,36,36,39],"current_hp_per_floor":[63,63,63,63,63,63,63,63,63,52,52,52,52,52,52,40,58,58,58,58,58,58,58,58,58,58,54,64,61,64,61,64,42,59,53,53,32,29,29,47,19,37,37,37,55,64,64,64,64,31],"gold":457,"neow_bonus":"","is_daily":false,"chose_seed":false,"campfire_upgraded":11,"win_rate":0.0,"timestamp":1609958100,"path_taken":["M","$","M","?","?","R","E","R","T","E","?","?","$","M","R","BOSS","M","$","M","$","M","E","?","?","T","E","R","E","R","M","R","BOSS","M","$","M","?","$","R","E","R","T","M","R","E","R","M","R","BOSS"],"items_purchased_type":["Relic","Relic","Relic","Card","Card","Relic","Card","Card","Card","Card","Card","Card","Card","Card","Card","Card","Card"],"build_version":"2020-12-22","purchased_purges":4,"victory":true,"max_hp_per_floor":[71,71,71,64,64,64,64,64,64,64,64,64,64,64,64,64,64,64,64,64,64,64,64,64,64,64,64,64,64,64,64,64,64,64,64,64,64,64,64,64,64,64,64,64,64,64,64,64,64,64],"card_choices":[{"not_picked":["Aggregate","Auto Shields"],"picked":"Gash","floor":1},{"not_picked":["Redo","Compile Driver"],"picked":"Ball Lightning","floor":3},{"not_picked":["Rebound","Coolheaded"],"picked":"Streamline","floor":7},{"not_picked":["Melter","Rainbow","Chaos"],"picked":"SKIP","floor":10},{"not_picked":["Stack","Leap"],"picked":"Gash","floor":12},{"not_picked":["Static Discharge","Streamline","Stack"],"picked":"SKIP","floor":14},{"not_picked":["Rainbow","Biased Cognition"],"picked":"Machine Learning","floor":16},{"not_picked":[],"picked":"Undo","floor":20},{"not_picked":[],"picked":"Barrage","floor":22},{"not_picked":["Rip and Tear"],"picked":"SKIP","floor":23},{"not_picked":["Rip and Tear"],"picked":"SKIP","floor":27},{"not_picked":[],"picked":"Gash","floor":29},{"not_picked":["Storm"],"picked":"SKIP","floor":31},{"not_picked":[],"picked":"Core Surge","floor":33},{"not_picked":[],"picked":"Capacitor","floor":35},{"not_picked":[],"picked":"Beam Cell+1","floor":37},{"not_picked":["Streamline+1"],"picked":"SKIP","floor":38},{"not_picked":["Leap"],"picked":"SKIP","floor":41},{"not_picked":["Redo"],"picked":"SKIP","floor":44},{"not_picked":["Rainbow"],"picked":"SKIP","floor":46},{"not_picked":[],"picked":"Turbo+1","floor":48}],"player_experience":756639,"relics_obtained":[{"floor":5,"key":"trackpad:ByrdCharm"},{"floor":5,"key":"MawBank"},{"floor":7,"key":"Nunchaku"},{"floor":9,"key":"Sundial"},{"floor":10,"key":"beaked:ShinyBauble"},{"floor":23,"key":"Whetstone"},{"floor":26,"key":"Blue Candle"},{"floor":27,"key":"Eternal Feather"},{"floor":29,"key":"Regal Pillow"},{"floor":41,"key":"trackpad:HandOfMidas"},{"floor":41,"key":"Bronze Scales"},{"floor":43,"key":"The Courier"},{"floor":46,"key":"Incense Burner"},{"floor":46,"key":"DataDisk"}],"event_choices":[{"damage_healed":0,"gold_gain":0,"player_choice":"Lose Max HP","damage_taken":0,"relics_obtained":["Golden Idol"],"max_hp_gain":0,"max_hp_loss":7,"event_name":"Golden Idol","floor":4,"gold_loss":0},{"damage_healed":0,"gold_gain":0,"player_choice":"1 cards matched","damage_taken":0,"max_hp_gain":0,"max_hp_loss":0,"event_name":"Match and Keep!","floor":11,"gold_loss":0,"cards_obtained":["Slimebound:Icky"]},{"damage_healed":0,"gold_gain":0,"player_choice":"Obtain J.A.X.","damage_taken":0,"max_hp_gain":0,"max_hp_loss":0,"event_name":"Drug Dealer","floor":24,"gold_loss":0,"cards_obtained":["J.A.X."]},{"damage_healed":0,"gold_gain":0,"player_choice":"Trade","damage_taken":0,"relics_obtained":["CultistMask"],"max_hp_gain":0,"max_hp_loss":0,"event_name":"FaceTrader","floor":25,"gold_loss":0}],"is_beta":false,"boss_relics":[{"not_picked":["Ectoplasm","Calling Bell"],"picked":"Busted Crown"},{"not_picked":["SacredBark","beaked:MawFillet"],"picked":"Black Star"}],"items_purged_floors":[0,0,13,36],"is_endless":false,"potions_floor_spawned":[1,7,20,23,41,44,46],"ascension_level":15}}