{"host":"nmxkoih8gpfa0ew7","time":1609906943,"event":{"mods":["AchievementEnabler","BaseMod","Better Third Choice","Colored Map","Colored Powertips","Minty Spire (QoL Compilation)","Slay-I","StSLib"],"gold_per_floor":[118,118,131,145,155,190,201,235,235,249,281,246,263,263,263,263,263],"floor_reached":16,"playtime":770,"items_purged":[],"score":211,"play_id":"75e3941d-d9b8-4901-ac45-9d18670e134d","local_time":"20210105202223","is_ascension_mode":true,"campfire_choices":[{"data":"Iron Wave","floor":15,"key":"SMITH"}],"circlet_count":0,"master_deck":["AscendersBane","Strike_R","Strike_R","Strike_R","Strike_R","Strike_R","Defend_R","Defend_R","Defend_R","Defend_R","Cleave","Battle Trance","Flex","Blood for Blood","Iron Wave+1","Warcry","Demon Form+1","Dropkick","Cleave","Wild Strike"],"relics":["Burning Blood","Matryoshka","Potion Belt","MealTicket","Singing Bowl","Shuriken"],"acts_visited":["Exordium"],"potions_floor_usage":[6,6,10,11,16],"damage_taken":[{"damage":7,"enemies":"2 Louse","floor":1,"turns":3},{"damage":6,"enemies":"Cultist","floor":3,"turns":3},{"damage":3,"enemies":"Small Slimes","floor":4,"turns":2},{"damage":21,"enemies":"Looter","floor":5,"turns":4},{"damage":27,"enemies":"Gremlin Nob","floor":6,"turns":4},{"damage":5,"enemies":"2 Fungi Beasts","floor":7,"turns":3},{"damage":20,"enemies":"Lagavulin","floor":8,"turns":7},{"damage":18,"enemies":"Exordium Wildlife","floor":10,"turns":3},{"damage":15,"enemies":"Gremlin Nob","floor":11,"turns":3},{"damage":11,"enemies":"Looter","floor":13,"turns":4},{"damage":38,"enemies":"Slime Boss","floor":16,"turns":8}],"seed_played":"-6882185735441961777","potions_obtained":[{"floor":3,"key":"FearPotion"},{"floor":6,"key":"Fruit Juice"},{"floor":8,"key":"DuplicationPotion"},{"floor":10,"key":"FearPotion"},{"floor":11,"key":"AttackPotion"}],"is_trial":false,"path_per_floor":["M","?","M","M","M","E","M","E","T","M","E","?","M","?","R","B"],"character_chosen":"IRONCLAD","items_purchased":[],"campfire_rested":0,"item_purchase_floors":[],"current_hp_per_floor":[79,79,79,82,67,51,52,38,38,26,19,42,37,37,37,0,0],"gold":263,"neow_bonus":"TEN_PERCENT_HP_BONUS","is_daily":false,"chose_seed":false,"campfire_upgraded":1,"win_rate":0.0,"timestamp":1609906943,"path_taken":["M","?","?","M","M","E","?","E","T","M","E","?","M","?","R","BOSS"],"items_purchased_type":[],"build_version":"2020-12-22","purchased_purges":0,"victory":false,"max_hp_per_floor":[88,88,88,88,88,93,93,93,93,93,95,95,95,95,95,95,95],"card_choices":[{"not_picked":["Combust","Havoc"],"picked":"Cleave","floor":1},{"not_picked":["Thunderclap","Twin Strike"],"picked":"Flex","floor":3},{"not_picked":["Ghostly Armor","Sword Boomerang"],"picked":"Blood for Blood","floor":4},{"not_picked":["Spot Weakness","True Grit"],"picked":"Iron Wave","floor":5},{"not_picked":["Dual Wield","Disarm"],"picked":"Warcry","floor":6},{"not_picked":["Sword Boomerang","True Grit"],"picked":"Demon Form","floor":7},{"not_picked":["Perfected Strike","Armaments"],"picked":"Dropkick","floor":8},{"not_picked":["Rage","Body Slam"],"picked":"Cleave","floor":10},{"not_picked":["Dark Embrace","Havoc","Ghostly Armor"],"picked":"Singing Bowl","floor":11},{"not_picked":["Rupture","Havoc"],"picked":"Wild Strike","floor":13}],"player_experience":506818,"relics_obtained":[{"floor":6,"key":"Matryoshka"},{"floor":8,"key":"Potion Belt"},{"floor":9,"key":"MealTicket"},{"floor":9,"key":"Singing Bowl"},{"floor":11,"key":"Shuriken"}],"event_choices":[{"damage_healed":0,"gold_gain":0,"cards_transformed":["Bash"],"player_choice":"Transformed","damage_taken":0,"max_hp_gain":0,"max_hp_loss":0,"event_name":"Transmorgrifier","floor":2,"gold_loss":0,"cards_obtained":["Battle Trance"]},{"damage_healed":23,"gold_gain":0,"player_choice":"Healed","damage_taken":0,"max_hp_gain":0,"max_hp_loss":0,"event_name":"The Cleric","floor":12,"gold_loss":35},{"damage_healed":0,"gold_gain":0,"player_choice":"Grow","damage_taken":0,"max_hp_gain":0,"max_hp_loss":0,"event_name":"Living Wall","floor":14,"gold_loss":0,"cards_upgraded":["Demon Form"]}],"is_beta":false,"boss_relics":[],"items_purged_floors":[],"is_endless":false,"potions_floor_spawned":[3,6,8,10,11],"killed_by":"Slime Boss","ascension_level":10}}