{"host":"38maufg2dcy7va3m","time":1609916949,"event":{"mods":["Act Like it!","BaseMod","Downfall","Duelist Mod","GifTheSpireLib","Hubris","Infinite Spire","Minty Spire (QoL Compilation)","Replay The Spire","StSLib","The Bug Knight","The Construct","The Cursed","The Hierophant","The Necromancer","The Poker Player","The Runesmith","everything is the same but u backflip on backflip"],"gold_per_floor":[119,145,145,159,39,71,71,89,89,89,108,108,119,129,129,230,230,245,245,14,30,46,46,46],"floor_reached":23,"playtime":1326,"items_purged":[],"score":218,"play_id":"77284e66-1c74-4378-b581-c944b14e5f3e","local_time":"20210105230909","is_ascension_mode":false,"campfire_choices":[{"data":"Neutralize","floor":7,"key":"SMITH"},{"data":"Toxin Wave","floor":15,"key":"SMITH"}],"circlet_count":0,"master_deck":["Strike_G","Strike_G","Strike_G","Strike_G","Strike_G","Defend_G","Defend_G","Defend_G","Defend_G","Survivor","Neutralize+1","Blur","Blur+1","Endless Agony+1","PiercingWail","Sucker Punch","Deadly Poison","Outmaneuver","Toxin Wave+1","champ:Encircle+1","A Thousand Cuts+1","Draining Mist+1","Hidden Blade","Blade Dance","Dagger Throw+1","Deflect+1","Poisoned Stab"],"relics":["m_IronCrown","NeowsBlessing","Juzu Bracelet","MealTicket","HollowMod:LifeEnderRelic","infinitespire:Cubic Diamond","Astrolabe","Happy Flower"],"acts_visited":["Exordium","TheCity"],"potions_floor_usage":[11,13,14,14,16,16],"damage_taken":[{"damage":0,"enemies":"Cultist","floor":1,"turns":1},{"damage":0,"enemies":"Jaw Worm","floor":4,"turns":1},{"damage":0,"enemies":"3 Sentries","floor":6,"turns":2},{"damage":0,"enemies":"2 Louse","floor":8,"turns":5},{"damage":0,"enemies":"Red Slaver","floor":11,"turns":5},{"damage":0,"enemies":"Looter","floor":13,"turns":3},{"damage":0,"enemies":"3 Louse","floor":14,"turns":3},{"damage":1,"enemies":"The Guardian","floor":16,"turns":14},{"damage":17,"enemies":"Spheric Guardian","floor":18,"turns":6},{"damage":5,"enemies":"Shell Parasite","floor":21,"turns":4},{"damage":25,"enemies":"Snake Plant","floor":22,"turns":5},{"damage":52,"enemies":"Slavers","floor":23,"turns":3}],"seed_played":"3096370700014848900","potions_obtained":[{"floor":1,"key":"AttackPotion"},{"floor":8,"key":"Explosive Potion"},{"floor":13,"key":"EntropicBrew"}],"is_trial":false,"path_per_floor":["M","T","$","M","$","E","R","M","T","?","M","$","M","M","R","B",null,"M","?","$","M","M","E"],"character_chosen":"THE_SILENT","items_purchased":["Blur+1","Endless Agony","Blade Dance","Happy Flower","Dagger Throw+1"],"campfire_rested":0,"item_purchase_floors":[5,5,20,20,20],"current_hp_per_floor":[70,70,70,70,70,70,70,70,70,70,70,70,70,70,70,70,70,59,59,70,70,51,0,0],"gold":46,"neow_bonus":"THREE_ENEMY_KILL","is_daily":false,"chose_seed":false,"campfire_upgraded":2,"win_rate":0.0,"timestamp":1609916949,"path_taken":["M","?","$","M","$","E","R","M","T","?","M","?","M","M","R","BOSS","M","?","$","M","M","E"],"items_purchased_type":["Card","Card","Card","Relic","Card"],"build_version":"2020-12-22","purchased_purges":0,"victory":false,"max_hp_per_floor":[70,70,70,70,70,70,70,70,70,70,70,70,70,70,70,70,70,70,70,70,70,70,70,70],"card_choices":[{"not_picked":["ReplayTheSpireMod:Exploit Weakness","Dagger Spray"],"picked":"ReplayTheSpireMod:Speed Training","floor":1},{"not_picked":["Flying Knee","Dodge and Roll"],"picked":"Blur","floor":4},{"not_picked":["Skewer","Quick Slash"],"picked":"PiercingWail","floor":6},{"not_picked":["Outmaneuver","hubris:SlightOfHand"],"picked":"Sucker Punch","floor":8},{"not_picked":["champ:Encircle","Replay:Poison Smokescreen"],"picked":"Deadly Poison","floor":11},{"not_picked":["Acrobatics","Draining Mist"],"picked":"Outmaneuver","floor":13},{"not_picked":["Dagger Throw","Backflip"],"picked":"Toxin Wave","floor":14},{"not_picked":["Tools of the Trade","Unload"],"picked":"Doppelganger","floor":16},{"not_picked":["Footwork","Expertise"],"picked":"Hidden Blade","floor":18},{"not_picked":["Choke","Bane"],"picked":"Deflect+1","floor":21},{"not_picked":["Setup+1","hubris:SlightOfHand"],"picked":"Poisoned Stab","floor":22}],"player_experience":232017,"relics_obtained":[{"floor":2,"key":"Juzu Bracelet"},{"floor":6,"key":"MealTicket"},{"floor":9,"key":"HollowMod:LifeEnderRelic"}],"event_choices":[],"is_beta":false,"boss_relics":[{"not_picked":["Snecko Scales","Black Star"],"picked":"Astrolabe"}],"items_purged_floors":[],"is_endless":false,"potions_floor_spawned":[1,8,13],"killed_by":"Slavers","ascension_level":0}}