{"host":"ecaj4hn004xnnrw9","time":1609896309,"event":{"mods":["AchievementEnabler","BaseMod","Hermit","Minty Spire (QoL Compilation)","Quick Restart","Replay The Spire","Shop Mod","StSLib","The Jungle"],"gold_per_floor":[114,149,167,177,188,220,32,32,58,74,74,99,99,118,118,218,218,237,237,255,269,269,269,29,62,62,62,62,77,77,103,103,206,206,216,216,216,236,236,263,263,108,133,133,133,133,160,177,204,11,11,11],"floor_reached":53,"playtime":2824,"items_purged":["Defend_B","Strike_B","Strike_B+1"],"score":1040,"play_id":"bdea8d1c-01d6-40b1-aa53-3fc4a0349476","local_time":"20210106012509","is_ascension_mode":true,"campfire_choices":[{"floor":11,"key":"REST"},{"data":"Zap","floor":15,"key":"SMITH"},{"data":"Consume","floor":23,"key":"SMITH"},{"data":"Coolheaded","floor":27,"key":"SMITH"},{"data":"Turbo","floor":32,"key":"SMITH"},{"data":"Seek","floor":41,"key":"SMITH"},{"data":"Reboot","floor":51,"key":"SMITH"}],"circlet_count":0,"master_deck":["Defend_B","Defend_B","Zap+1","Dualcast","Recycle+1","FTL","Seek+1","Go for the Eyes","Turbo+1","Reboot+1","Cold Snap","Consume+1","Gash","Coolheaded+1","Gash+1","Flash of Steel","Streamline+1"],"relics":["Replay:Drink Me","Potion Belt","Smiling Mask","Gremlin Food","Bag of Preparation","Inserter","Juzu Bracelet","Runic Capacitor","Replay:Rubber Ducky","Iron Hammer","Coffee Dripper","Gambling Chip","Medical Kit","ReplayFunnel","Pondfish Scales","Lantern","DataDisk"],"acts_visited":["Exordium","TheCity","TheBeyond"],"potions_floor_usage":[6,10,10,12,12,18,21],"damage_taken":[{"damage":6,"enemies":"Jaw Worm","floor":1,"turns":5},{"damage":0,"enemies":"Small Slimes","floor":3,"turns":3},{"damage":0,"enemies":"2 Louse","floor":4,"turns":5},{"damage":6,"enemies":"Large Slime","floor":5,"turns":6},{"damage":18,"enemies":"3 Sentries","floor":6,"turns":10},{"damage":2,"enemies":"3 Louse","floor":10,"turns":7},{"damage":0,"enemies":"Gremlin Nob","floor":12,"turns":3},{"damage":0,"enemies":"2 Fungi Beasts","floor":14,"turns":2},{"damage":1,"enemies":"The Guardian","floor":16,"turns":13},{"damage":10,"enemies":"Spheric Guardian","floor":18,"turns":4},{"damage":1,"enemies":"Shell Parasite","floor":20,"turns":4},{"damage":8,"enemies":"Centurion and Healer","floor":21,"turns":7},{"damage":13,"enemies":"Gremlin Leader","floor":25,"turns":7},{"damage":0,"enemies":"Snecko","floor":29,"turns":5},{"damage":5,"enemies":"Pondfish","floor":33,"turns":8},{"damage":0,"enemies":"Orb Walker","floor":35,"turns":3},{"damage":0,"enemies":"3 Shapes","floor":38,"turns":3},{"damage":0,"enemies":"R_Hoarder","floor":40,"turns":7},{"damage":13,"enemies":"Reptomancer","floor":47,"turns":5},{"damage":0,"enemies":"Jaw Worm Horde","floor":48,"turns":3},{"damage":0,"enemies":"R_Hoarder","floor":49,"turns":7},{"damage":0,"enemies":"Time Eater","floor":52,"turns":9}],"seed_played":"8375216412778914843","potions_obtained":[{"floor":2,"key":"CultistPotion"},{"floor":3,"key":"Elixir"},{"floor":4,"key":"SpeedPotion"},{"floor":6,"key":"SpeedPotion"},{"floor":10,"key":"LiquidMemories"},{"floor":14,"key":"SkillPotion"},{"floor":18,"key":"Energy Potion"},{"floor":21,"key":"FairyPotion"},{"floor":37,"key":"ColorlessPotion"},{"floor":37,"key":"Reflective Coating"},{"floor":37,"key":"Dexterity Potion"},{"floor":38,"key":"PowerPotion"},{"floor":40,"key":"EssenceOfDarkness"},{"floor":49,"key":"Adrenaline Potion"}],"is_trial":false,"path_per_floor":["M","?","M","M","M","E","$","?","T","M","R","E","?","M","R","B",null,"M","?","M","M","?","R","$","E","T","R","?","M","?","T","R","B",null,"M","?","?","M","?","E","R","$","T","?","PTL","PTL","E","M","E","$","R","B",null],"character_chosen":"DEFECT","items_purchased":["Self Repair","Flashbang","Runic Capacitor","Gash","Medical Kit","DataDisk"],"campfire_rested":1,"item_purchase_floors":[7,7,24,24,42,50],"current_hp_per_floor":[51,29,29,29,23,5,5,5,5,10,27,34,34,41,41,47,57,54,54,53,52,52,52,52,39,39,39,39,49,49,49,49,54,57,57,47,47,57,57,57,57,57,57,57,57,57,44,44,44,44,44,44],"gold":11,"neow_bonus":"BOSS_RELIC","is_daily":false,"chose_seed":false,"campfire_upgraded":6,"win_rate":0.0,"timestamp":1609896309,"path_taken":["M","?","M","M","M","E","$","?","T","M","R","E","?","M","R","BOSS","M","?","M","M","?","R","$","E","T","R","?","M","?","?","R","BOSS","M","?","?","M","?","E","R","$","T","?","PTL","PTL","E","M","E","$","R","BOSS"],"items_purchased_type":["Card","Potion","Relic","Card","Relic","Relic"],"build_version":"2020-12-22","purchased_purges":3,"victory":true,"max_hp_per_floor":[57,57,57,57,57,57,57,57,57,57,57,57,57,57,57,57,57,57,57,57,57,57,57,57,57,57,57,57,57,57,57,57,57,57,57,57,57,57,57,57,57,57,57,57,57,57,57,57,57,57,57,57],"card_choices":[{"not_picked":["Hologram","Reinforced Body","Self Repair"],"picked":"SKIP","floor":1},{"not_picked":["Ball Lightning","ReplaySolidLightProjector"],"picked":"Recycle","floor":3},{"not_picked":["Hologram","BootSequence"],"picked":"FTL","floor":4},{"not_picked":["Panic Button","Rip and Tear","Blizzard"],"picked":"SKIP","floor":5},{"not_picked":["Panic Button","FIFO Queue"],"picked":"Seek","floor":6},{"not_picked":["Aggregate","Rebound"],"picked":"Go for the Eyes","floor":10},{"not_picked":["Lockon","Conserve Battery"],"picked":"Turbo","floor":12},{"not_picked":["Go for the Eyes","Fission","ReplayTheSpireMod:Repulse"],"picked":"SKIP","floor":14},{"not_picked":["Buffer","ReplayTheSpireMod:Fabricate Wheel"],"picked":"Reboot","floor":16},{"not_picked":["Heatsinks","Rebound"],"picked":"Cold Snap","floor":18},{"not_picked":["Aggregate","Reinforced Body"],"picked":"Consume","floor":20},{"not_picked":["Aggregate","Steam+1","Beam Cell"],"picked":"SKIP","floor":21},{"not_picked":["Streamline","Rebound"],"picked":"Coolheaded","floor":25},{"not_picked":["Rebound","BasicCrystalCard"],"picked":"Gash+1","floor":29},{"not_picked":["Consume","Skim","Ball Lightning+1"],"picked":"SKIP","floor":35},{"not_picked":["Secret Weapon","Replay:Sssssssssstrike"],"picked":"Flash of Steel","floor":36},{"not_picked":["Stack+1","Ball Lightning","Skim+1"],"picked":"SKIP","floor":38},{"not_picked":["Hologram","BootSequence+1"],"picked":"Streamline+1","floor":40},{"not_picked":["Leap","Streamline+1","Turbo"],"picked":"SKIP","floor":47},{"not_picked":["Beam Cell+1","Compile Driver+1","Leap+1"],"picked":"SKIP","floor":48},{"not_picked":["Streamline+1","Self Repair","Panic Button"],"picked":"SKIP","floor":49}],"player_experience":224509,"relics_obtained":[{"floor":2,"key":"Potion Belt"},{"floor":6,"key":"Smiling Mask"},{"floor":9,"key":"Gremlin Food"},{"floor":12,"key":"Bag of Preparation"},{"floor":25,"key":"Replay:Rubber Ducky"},{"floor":26,"key":"Iron Hammer"},{"floor":40,"key":"Gambling Chip"},{"floor":43,"key":"ReplayFunnel"},{"floor":47,"key":"Pondfish Scales"},{"floor":49,"key":"Lantern"}],"event_choices":[{"damage_healed":0,"gold_gain":0,"player_choice":"Ignored","damage_taken":0,"max_hp_gain":0,"max_hp_loss":0,"event_name":"Liars Game","floor":13,"gold_loss":0},{"damage_healed":0,"gold_gain":0,"player_choice":"Opened","damage_taken":0,"relics_obtained":["Juzu Bracelet"],"max_hp_gain":0,"max_hp_loss":0,"event_name":"The Mausoleum","floor":22,"gold_loss":0},{"damage_healed":0,"gold_gain":0,"player_choice":"Ignored","damage_taken":0,"max_hp_gain":0,"max_hp_loss":0,"event_name":"Cursed Tome","floor":30,"gold_loss":0},{"damage_healed":0,"gold_gain":0,"player_choice":"Memory 3","damage_taken":10,"max_hp_gain":0,"max_hp_loss":0,"event_name":"SensoryStone","floor":36,"gold_loss":0},{"damage_healed":0,"gold_gain":0,"player_choice":"Got Potions","damage_taken":0,"max_hp_gain":0,"max_hp_loss":0,"event_name":"Lab","floor":37,"gold_loss":0},{"damage_healed":0,"gold_gain":0,"player_choice":"Ignored","damage_taken":0,"max_hp_gain":0,"max_hp_loss":0,"event_name":"Tomb of Lord Red Mask","floor":39,"gold_loss":0},{"cards_removed":["Self Repair"],"damage_healed":0,"gold_gain":0,"player_choice":"Removed Power","damage_taken":0,"max_hp_gain":0,"max_hp_loss":0,"event_name":"Falling","floor":44,"gold_loss":0}],"is_beta":false,"boss_relics":[{"not_picked":["Runic Pyramid","Pandora\u0027s Box"],"picked":"Inserter"},{"not_picked":["Kintsugi","SacredBark"],"picked":"Coffee Dripper"}],"items_purged_floors":[7,24,50],"is_endless":false,"potions_floor_spawned":[3,4,6,10,14,18,21,38,40,49],"ascension_level":4}}