{"host":"sav7uxregyirlf69","time":1609928834,"event":{"mods":["AchievementEnabler","BaseMod","Colored Map","DeckTracker","Keyboard Shortcuts","Minty Spire (QoL Compilation)","READ ME - Guardian Mod","StSLib","SuperFastMode"],"gold_per_floor":[111,186,186,198,198,198,229,229,229,102,119,145,145,178,178,178,178],"floor_reached":16,"playtime":205,"items_purged":["Strike_B"],"score":232,"play_id":"af78def0-4db8-409e-9fea-7afa59042fb5","local_time":"20210106192714","is_ascension_mode":true,"campfire_choices":[{"floor":6,"key":"REST"},{"floor":13,"key":"REST"},{"data":"Hologram","floor":15,"key":"SMITH"}],"circlet_count":0,"master_deck":["AscendersBane","Strike_B","Strike_B+1","Defend_B","Defend_B+1","Defend_B","Zap","Dualcast","Streamline+1","Chill","Ball Lightning","Hologram+1","Undo"],"relics":["Empty Cage","Toy Ornithopter","Torii","Singing Bowl","Du-Vu Doll","Smiling Mask"],"acts_visited":["Exordium"],"potions_floor_usage":[11,12,16],"damage_taken":[{"damage":22,"enemies":"Small Slimes","floor":1,"turns":5},{"damage":8,"enemies":"2 Louse","floor":4,"turns":2},{"damage":20,"enemies":"3 Sentries","floor":7,"turns":9},{"damage":0,"enemies":"Jaw Worm","floor":11,"turns":3},{"damage":8,"enemies":"Gremlin Nob","floor":12,"turns":3},{"damage":14,"enemies":"Lagavulin","floor":14,"turns":5},{"damage":27,"enemies":"Slime Boss","floor":16,"turns":5}],"seed_played":"-7093402495474545785","potions_obtained":[{"floor":7,"key":"SpeedPotion"},{"floor":11,"key":"AttackPotion"},{"floor":14,"key":"GamblersBrew"}],"is_trial":false,"path_per_floor":["M","?","?","M","?","R","E","T","T","$","M","E","R","E","R","B"],"character_chosen":"DEFECT","items_purchased":["Hologram"],"campfire_rested":2,"item_purchase_floors":[10],"current_hp_per_floor":[42,31,10,2,2,23,3,3,3,3,10,7,28,16,16,0,0],"gold":178,"neow_bonus":"BOSS_RELIC","is_daily":false,"chose_seed":false,"campfire_upgraded":1,"win_rate":0.0,"timestamp":1609928834,"path_taken":["M","?","?","?","?","R","E","?","T","?","M","E","R","E","R","BOSS"],"items_purchased_type":["Card"],"build_version":"2020-12-22","purchased_purges":1,"victory":false,"max_hp_per_floor":[71,71,71,71,71,71,71,71,71,71,73,73,73,75,75,75,75],"card_choices":[{"not_picked":["Stack","Fusion"],"picked":"Streamline","floor":1},{"not_picked":["Redo","Fusion"],"picked":"Chill","floor":4},{"not_picked":["BootSequence","Static Discharge"],"picked":"Ball Lightning","floor":7},{"not_picked":["Compile Driver","Sweeping Beam","Heatsinks"],"picked":"Singing Bowl","floor":11},{"not_picked":["Coolheaded","Hologram"],"picked":"Undo","floor":12},{"not_picked":["Lockon","Loop","Doom and Gloom"],"picked":"Singing Bowl","floor":14}],"player_experience":1159836,"relics_obtained":[{"floor":7,"key":"Toy Ornithopter"},{"floor":8,"key":"Torii"},{"floor":9,"key":"Singing Bowl"},{"floor":12,"key":"Du-Vu Doll"},{"floor":14,"key":"Smiling Mask"}],"event_choices":[{"damage_healed":0,"gold_gain":75,"player_choice":"Gather Gold","damage_taken":11,"max_hp_gain":0,"max_hp_loss":0,"event_name":"World of Goop","floor":2,"gold_loss":0},{"damage_healed":0,"gold_gain":0,"player_choice":"Entered Light","damage_taken":21,"max_hp_gain":0,"max_hp_loss":0,"event_name":"Shining Light","floor":3,"gold_loss":0,"cards_upgraded":["Defend_B","Strike_B"]},{"damage_healed":0,"gold_gain":0,"player_choice":"Grow","damage_taken":0,"max_hp_gain":0,"max_hp_loss":0,"event_name":"Living Wall","floor":5,"gold_loss":0,"cards_upgraded":["Streamline"]}],"is_beta":false,"boss_relics":[],"items_purged_floors":[10],"is_endless":false,"potions_floor_spawned":[7,11,14],"killed_by":"Slime Boss","ascension_level":20}}