{"host":"j4g6ia6asvpyu2b0","time":1609956109,"event":{"mods":["BaseMod","Colored Map","Minty Spire (QoL Compilation)","Permanent Neow","Quick Restart","Relic Stats","StSLib","Unceasing Turn Reminder"],"gold_per_floor":[114,114,129,145,145,145,178,178,203,238,259,282,306,345,345,464,464,478,244,244,244,244,244,244],"floor_reached":23,"playtime":596,"items_purged":["Strike_P"],"score":341,"play_id":"437a8a66-b681-4115-bb37-6c1c0559e9c2","local_time":"20210106110149","is_ascension_mode":true,"campfire_choices":[{"data":"Fasting2","floor":6.0,"key":"SMITH"},{"data":"Eruption","floor":8.0,"key":"SMITH"},{"data":"Omniscience","floor":15,"key":"SMITH"}],"circlet_count":0,"master_deck":["Strike_P+1","Strike_P+1","Strike_P+1","Defend_P+1","Defend_P+1","Defend_P+1","Defend_P+1","Eruption+1","Vigilance","Fasting2+1","FlurryOfBlows+1","Protect","Worship","EmptyFist","FlurryOfBlows","Study","WheelKick","Omniscience+1","DeusExMachina","ThirdEye+1","CutThroughFate","MentalFortress","Crescendo"],"relics":["Sozu","Golden Idol","Damaru","Whetstone","Question Card","Runic Dome","PreservedInsect"],"acts_visited":["Exordium","TheCity"],"potions_floor_usage":[],"damage_taken":[{"damage":0.0,"enemies":"Small Slimes","floor":1.0,"turns":2.0},{"damage":0.0,"enemies":"Cultist","floor":3.0,"turns":3.0},{"damage":0.0,"enemies":"2 Louse","floor":4.0,"turns":2.0},{"damage":27.0,"enemies":"Gremlin Nob","floor":7.0,"turns":3.0},{"damage":0.0,"enemies":"Lagavulin","floor":10.0,"turns":5.0},{"damage":0.0,"enemies":"2 Fungi Beasts","floor":11.0,"turns":3.0},{"damage":4.0,"enemies":"3 Louse","floor":12.0,"turns":3.0},{"damage":0,"enemies":"Blue Slaver","floor":13,"turns":1},{"damage":4,"enemies":"Gremlin Nob","floor":14,"turns":3},{"damage":0,"enemies":"Slime Boss","floor":16,"turns":4},{"damage":19,"enemies":"2 Thieves","floor":18,"turns":3},{"damage":58,"enemies":"Gremlin Leader","floor":23,"turns":4}],"seed_played":"-5434226430664096570","potions_obtained":[],"is_trial":false,"path_per_floor":["M","?","M","M","?","R","E","R","T","E","M","M","M","E","R","B",null,"M","$","?","?","?","E"],"character_chosen":"WATCHER","items_purchased":["CutThroughFate","MentalFortress","Crescendo"],"campfire_rested":0,"item_purchase_floors":[19,19,19],"current_hp_per_floor":[72,54,54,54,54,54,27,27,27,27,27,23,23,19,19,19,72,53,53,53,53,53,0,0],"gold":244,"neow_bonus":"BOSS_RELIC","is_daily":false,"chose_seed":false,"campfire_upgraded":3,"win_rate":0.0,"timestamp":1609956109,"path_taken":["M","?","M","M","?","R","E","R","T","E","M","M","?","E","R","BOSS","M","$","?","?","?","E"],"items_purchased_type":["Card","Card","Card"],"build_version":"2020-12-22","purchased_purges":1,"victory":false,"max_hp_per_floor":[72,72,72,72,72,72,72,72,72,72,72,72,72,72,72,72,72,72,72,72,72,72,72,72],"relic_stats":{"Sozu":5,"counters":[12,36],"Golden Idol":69,"PreservedInsect":44,"Whetstone":["Strike_P","FlurryOfBlows"],"Question Card":2,"obtain_stats":[{"Sozu":0,"Runic Dome":17,"Golden Idol":2,"Damaru":7,"PreservedInsect":21,"Whetstone":10,"PureWater":0,"Question Card":14},{"Sozu":0,"Runic Dome":10,"Golden Idol":1,"Damaru":4,"PreservedInsect":11,"Whetstone":5,"PureWater":0,"Question Card":9},{"Sozu":0,"Runic Dome":29,"Golden Idol":2,"Damaru":10,"PreservedInsect":32,"Whetstone":15,"PureWater":0,"Question Card":25}]},"card_choices":[{"not_picked":["EmptyMind","SignatureMove"],"picked":"Fasting2","floor":1.0},{"not_picked":["Prostrate","Swivel"],"picked":"FlurryOfBlows","floor":3.0},{"not_picked":["Nirvana","Crescendo"],"picked":"Protect","floor":4.0},{"not_picked":["Swivel","WreathOfFlame"],"picked":"Worship","floor":7.0},{"not_picked":["Pray","BowlingBash"],"picked":"EmptyFist","floor":10.0},{"not_picked":["Worship","BowlingBash"],"picked":"FlurryOfBlows","floor":11.0},{"not_picked":["PathToVictory","Alpha"],"picked":"Study","floor":12.0},{"not_picked":["Protect","EmptyBody"],"picked":"WheelKick","floor":13},{"not_picked":["Nirvana","SignatureMove"],"picked":"Omniscience","floor":14},{"not_picked":["ConjureBlade","Establishment","MasterReality"],"picked":"DeusExMachina","floor":16},{"not_picked":["CrushJoints","FlurryOfBlows","Perseverance"],"picked":"ThirdEye+1","floor":18}],"player_experience":736748,"relics_obtained":[{"floor":7.0,"key":"Damaru"},{"floor":10.0,"key":"Whetstone"},{"floor":14,"key":"Question Card"}],"event_choices":[{"damage_healed":0.0,"max_hp_gain":0.0,"max_hp_loss":0.0,"gold_gain":0.0,"event_name":"Golden Idol","player_choice":"Take Damage","floor":2.0,"gold_loss":0.0,"damage_taken":18.0,"relics_obtained":["Golden Idol"]},{"damage_healed":0.0,"max_hp_gain":0.0,"max_hp_loss":0.0,"gold_gain":0.0,"event_name":"The Woman in Blue","player_choice":"Bought 0 Potions","floor":5.0,"gold_loss":0.0,"damage_taken":0.0},{"damage_healed":0,"gold_gain":0,"player_choice":"Simplicity","damage_taken":0,"max_hp_gain":0,"max_hp_loss":0,"event_name":"Back to Basics","floor":20,"gold_loss":0,"cards_upgraded":["Strike_P","Strike_P","Defend_P","Defend_P","Defend_P","Defend_P"]},{"damage_healed":0,"gold_gain":0,"player_choice":"Opened","damage_taken":0,"relics_obtained":["PreservedInsect"],"max_hp_gain":0,"max_hp_loss":0,"event_name":"The Mausoleum","floor":21,"gold_loss":0},{"damage_healed":0,"gold_gain":0,"player_choice":"Ignored","damage_taken":0,"max_hp_gain":0,"max_hp_loss":0,"event_name":"Ghosts","floor":22,"gold_loss":0}],"is_beta":false,"boss_relics":[{"not_picked":["VioletLotus","Fusion Hammer"],"picked":"Runic Dome"}],"items_purged_floors":[19],"is_endless":false,"potions_floor_spawned":[1,4,10,13,14],"killed_by":"Gremlin Leader","ascension_level":4}}