{"host":"y36bp6mnm73x3iob","time":1609932030,"event":{"mods":["2.2 Compatiblity","Aspiration","BaseMod","Downfall","GifTheSpireLib","Hermit","Hubris","Marisa????????","Minty Spire (QoL Compilation)","Replay The Spire","Retaliation","StSLib","Stuff the Spire","The Disciple","The Servant 0.9.4"],"gold_per_floor":[117,117,117,131,148,148,185,200,200,200,220,220,28,58,58,58,58],"floor_reached":16,"playtime":827,"items_purged":[],"score":102,"play_id":"f4ffd741-f055-4711-a699-0b07a29cc066","local_time":"20210106132030","is_ascension_mode":false,"campfire_choices":[{"data":"hermit:Grudge","floor":6,"key":"SMITH"},{"floor":15,"key":"DIG"}],"circlet_count":0,"master_deck":["hermit:Strike_Hermit","hermit:Strike_Hermit","hermit:Strike_Hermit","hermit:Strike_Hermit+1","hermit:Defend_Hermit","hermit:Defend_Hermit","hermit:Defend_Hermit","hermit:Defend_Hermit","hermit:Snapshot+1","hermit:Covet","hermit:Dive","hermit:Grudge+1","hermit:Scavenge","hermit:DeadMansHand","hermit:Virtue","hermit:LowProfile","StuffTheSpire:Ambrosia","hermit:SprayPray","Injury","hermit:Dive","hermit:Dive","hermit:Manifest"],"relics":["hermit:Momento","Darkstone Periapt","Golden Idol","hubris:OldNail","hubris:TenFootPole"],"acts_visited":["Exordium"],"potions_floor_usage":[14,16],"damage_taken":[{"damage":3,"enemies":"Jaw Worm","floor":1,"turns":4},{"damage":1,"enemies":"2 Louse","floor":4,"turns":2},{"damage":3,"enemies":"Small Slimes","floor":5,"turns":3},{"damage":17,"enemies":"Gremlin Nob","floor":7,"turns":4},{"damage":0,"enemies":"Looter","floor":8,"turns":3},{"damage":1,"enemies":"3 Louse","floor":11,"turns":3},{"damage":9,"enemies":"Exordium Thugs","floor":14,"turns":6},{"damage":43,"enemies":"The Guardian","floor":16,"turns":12}],"seed_played":"-2147024049892275619","potions_obtained":[{"floor":1,"key":"SteroidPotion"},{"floor":5,"key":"Fruit Juice"}],"is_trial":false,"path_per_floor":["M","?","?","M","M","R","E","M","T","?","M","?","$","M","R","B"],"character_chosen":"HERMIT","items_purchased":["hubris:OldNail","hermit:Dive"],"campfire_rested":0,"item_purchase_floors":[13,13],"current_hp_per_floor":[72,72,57,56,53,53,36,36,36,36,36,42,42,34,34,0,0],"gold":58,"neow_bonus":"RANDOM_COMMON_RELIC","is_daily":false,"chose_seed":false,"campfire_upgraded":1,"win_rate":0.0,"timestamp":1609932030,"path_taken":["M","?","?","M","M","R","E","M","T","?","M","?","?","M","R","BOSS"],"items_purchased_type":["Relic","Card"],"build_version":"2020-12-22","purchased_purges":0,"victory":false,"max_hp_per_floor":[75,75,75,75,75,75,75,75,75,75,76,82,82,83,83,89,89],"card_choices":[{"not_picked":["hermit:EyeOfTheStorm","hermit:ItchyTrigger"],"picked":"hermit:Dive","floor":1},{"not_picked":["hermit:Headshot","hermit:Desperado"],"picked":"hermit:Scavenge","floor":4},{"not_picked":["hermit:Misfire","hermit:Quickdraw"],"picked":"hermit:DeadMansHand","floor":5},{"not_picked":["hermit:Ricochet","hermit:Coalescence"],"picked":"hermit:Virtue","floor":7},{"not_picked":["hermit:Combo","hermit:PistolWhip"],"picked":"hermit:LowProfile","floor":8},{"not_picked":["StuffTheSpire:Perfection","StuffTheSpire:Harmony"],"picked":"StuffTheSpire:Ambrosia","floor":10},{"not_picked":["hermit:CalledShot","hermit:Coalescence"],"picked":"hermit:SprayPray","floor":11},{"not_picked":["hermit:LoneWolf","hermit:NoHoldsBarred"],"picked":"hermit:Manifest","floor":14}],"player_experience":393525,"relics_obtained":[{"floor":7,"key":"Darkstone Periapt"},{"floor":15,"key":"hubris:TenFootPole"}],"event_choices":[{"damage_healed":0,"gold_gain":0,"player_choice":"Entered Light","damage_taken":15,"max_hp_gain":0,"max_hp_loss":0,"event_name":"Shining Light","floor":3,"gold_loss":0,"cards_upgraded":["hermit:Strike_Hermit","hermit:Snapshot"]},{"damage_healed":0,"gold_gain":0,"player_choice":"Take Wound","damage_taken":0,"relics_obtained":["Golden Idol"],"max_hp_gain":0,"max_hp_loss":0,"event_name":"Golden Idol","floor":12,"gold_loss":0,"cards_obtained":["Injury"]}],"is_beta":false,"boss_relics":[],"items_purged_floors":[],"is_endless":false,"potions_floor_spawned":[1,5],"killed_by":"The Guardian","ascension_level":0}}