{"host":"4rvakrj1idbgia3f","time":1609973730,"event":{"mods":["BaseMod","Colored Map","Colored Powertips","DeckTracker","Highlight Path","Minty Spire (QoL Compilation)","Random Character Button","StSLib"],"gold_per_floor":[109,119,136,211,228,228,259,259,310,338,353,370,370,397,397,471,471,488,502,234,234,234,234,234,234,316,329,356,356,26,45,45,117,117,128,139,14,84,134,134,134],"floor_reached":40,"playtime":1536,"items_purged":["Strike_R","Strike_R","Strike_R"],"score":852,"play_id":"68cfabd4-b7fa-4f09-b1f5-7966988821f4","local_time":"20210107075530","is_ascension_mode":true,"campfire_choices":[{"data":"Uppercut","floor":6,"key":"SMITH"},{"data":"Rupture","floor":8,"key":"SMITH"},{"data":"True Grit","floor":15,"key":"SMITH"},{"data":"Sword Boomerang","floor":23,"key":"SMITH"},{"data":"Second Wind","floor":25,"key":"SMITH"},{"data":"Bash","floor":29,"key":"SMITH"},{"data":"Sword Boomerang","floor":32,"key":"SMITH"}],"circlet_count":0,"master_deck":["AscendersBane","Strike_R","Defend_R","Defend_R","Defend_R","Bash+1","Combust","Rupture+1","Uppercut+1","Fire Breathing","Battle Trance","Sword Boomerang+1","True Grit+1","Offering","Feel No Pain+1","Second Wind+1","Shrug It Off","Combust","J.A.X.","Cleave+1","Sword Boomerang+1","Barricade","Whirlwind+1","Body Slam"],"relics":["Burning Blood","StrikeDummy","Potion Belt","Bag of Marbles","Self Forming Clay","SacredBark","SsserpentHead","Gremlin Horn","Orichalcum","Bag of Preparation","Coffee Dripper"],"acts_visited":["Exordium","TheCity","TheBeyond"],"potions_floor_usage":[5,12,14,27,28,28,31,33,40],"damage_taken":[{"damage":6.0,"enemies":"Cultist","floor":1.0,"turns":3.0},{"damage":7.0,"enemies":"Small Slimes","floor":2.0,"turns":4.0},{"damage":11,"enemies":"2 Louse","floor":3,"turns":3},{"damage":2,"enemies":"Large Slime","floor":5,"turns":3},{"damage":38,"enemies":"3 Sentries","floor":7,"turns":5},{"damage":8,"enemies":"Gremlin Nob","floor":10,"turns":3},{"damage":12,"enemies":"Looter","floor":11,"turns":2},{"damage":14,"enemies":"Lots of Slimes","floor":12,"turns":2},{"damage":17,"enemies":"Lagavulin","floor":14,"turns":4},{"damage":11,"enemies":"Hexaghost","floor":16,"turns":7},{"damage":18,"enemies":"Spheric Guardian","floor":18,"turns":4},{"damage":25,"enemies":"Shell Parasite","floor":19,"turns":4},{"damage":30,"enemies":"3 Cultists","floor":27,"turns":5},{"damage":33,"enemies":"Slavers","floor":28,"turns":4},{"damage":12,"enemies":"Snake Plant","floor":31,"turns":2},{"damage":57,"enemies":"Champ","floor":33,"turns":8},{"damage":13,"enemies":"3 Shapes","floor":35,"turns":4},{"damage":24,"enemies":"Orb Walker","floor":36,"turns":4},{"damage":20,"enemies":"4 Shapes","floor":38,"turns":5},{"damage":62,"enemies":"Giant Head","floor":40,"turns":6}],"seed_played":"-736452827537097767","potions_obtained":[{"floor":1.0,"key":"Fire Potion"},{"floor":5,"key":"Energy Potion"},{"floor":12,"key":"LiquidMemories"},{"floor":14,"key":"DuplicationPotion"},{"floor":16,"key":"DuplicationPotion"},{"floor":18,"key":"Regen Potion"},{"floor":28,"key":"Regen Potion"},{"floor":36,"key":"Regen Potion"}],"is_trial":false,"path_per_floor":["M","M","M","?","M","R","E","R","T","E","M","M","?","E","R","B",null,"M","M","$","?","?","R","?","R","T","M","E","R","$","M","R","B",null,"M","M","$","M","?","E"],"character_chosen":"IRONCLAD","items_purchased":["BloodPotion","Shrug It Off","Combust","Bag of Preparation","Fire Potion"],"campfire_rested":0,"item_purchase_floors":[20,20,20,30,30],"current_hp_per_floor":[68,67,62,51,55,55,23,23,23,21,15,7,29,18,18,13,54,42,23,23,23,23,23,23,23,23,26,26,26,26,20,20,18,56,49,31,31,17,17,0,0],"gold":134,"neow_bonus":"REMOVE_TWO","is_daily":false,"chose_seed":false,"campfire_upgraded":7,"win_rate":0.0,"timestamp":1609973730,"path_taken":["M","M","?","?","M","R","E","R","T","E","M","M","?","E","R","BOSS","M","M","$","?","?","R","?","R","T","M","E","R","$","M","R","BOSS","M","M","$","?","?","E"],"items_purchased_type":["Potion","Card","Card","Relic","Potion"],"build_version":"2020-12-22","purchased_purges":3,"victory":false,"max_hp_per_floor":[68,68,68,68,68,68,68,68,68,68,68,68,68,68,68,68,68,68,68,68,68,68,68,68,68,68,68,68,68,68,68,68,68,68,68,68,68,68,68,68,68],"card_choices":[{"not_picked":["Headbutt","Anger"],"picked":"Combust","floor":1.0},{"not_picked":["Blood for Blood","Heavy Blade"],"picked":"Rupture","floor":2.0},{"not_picked":["Warcry","Perfected Strike"],"picked":"Uppercut","floor":3},{"not_picked":["Body Slam","Spot Weakness"],"picked":"Fire Breathing","floor":5},{"not_picked":["Seeing Red","Wild Strike","Flex"],"picked":"SKIP","floor":7},{"not_picked":["Metallicize","Hemokinesis"],"picked":"Battle Trance","floor":10},{"not_picked":["Feel No Pain","Thunderclap"],"picked":"Sword Boomerang","floor":11},{"not_picked":["Iron Wave","Armaments","Intimidate"],"picked":"SKIP","floor":12},{"not_picked":["Ghostly Armor","Thunderclap"],"picked":"True Grit","floor":14},{"not_picked":["Juggernaut","Brutality"],"picked":"Offering","floor":16},{"not_picked":["Wild Strike","Anger+1"],"picked":"Feel No Pain+1","floor":18},{"not_picked":["Headbutt","Clash"],"picked":"Second Wind","floor":19},{"not_picked":["Iron Wave","Havoc+1","Body Slam"],"picked":"SKIP","floor":27},{"not_picked":["Dual Wield","Shockwave"],"picked":"Cleave+1","floor":28},{"not_picked":["Rupture","Iron Wave"],"picked":"Sword Boomerang","floor":31},{"not_picked":["Exhume","Bludgeon"],"picked":"Barricade","floor":33},{"not_picked":["Clash","Body Slam"],"picked":"Whirlwind+1","floor":35},{"not_picked":["Shrug It Off+1","Rage"],"picked":"Body Slam","floor":36},{"not_picked":["Flex","Thunderclap","Rage"],"picked":"SKIP","floor":38}],"player_experience":1958018,"relics_obtained":[{"floor":7,"key":"StrikeDummy"},{"floor":9,"key":"Potion Belt"},{"floor":10,"key":"Bag of Marbles"},{"floor":14,"key":"Self Forming Clay"},{"floor":26,"key":"Gremlin Horn"},{"floor":28,"key":"Orichalcum"}],"event_choices":[{"damage_healed":0,"gold_gain":75,"player_choice":"Gather Gold","damage_taken":11,"max_hp_gain":0,"max_hp_loss":0,"event_name":"World of Goop","floor":4,"gold_loss":0},{"damage_healed":22,"gold_gain":0,"player_choice":"Banana","damage_taken":0,"max_hp_gain":0,"max_hp_loss":0,"event_name":"Big Fish","floor":13,"gold_loss":0},{"damage_healed":0,"gold_gain":0,"player_choice":"Obtain J.A.X.","damage_taken":0,"max_hp_gain":0,"max_hp_loss":0,"event_name":"Drug Dealer","floor":21,"gold_loss":0,"cards_obtained":["J.A.X."]},{"damage_healed":0,"gold_gain":0,"player_choice":"Ignored","damage_taken":0,"max_hp_gain":0,"max_hp_loss":0,"event_name":"Cursed Tome","floor":22,"gold_loss":0},{"damage_healed":0,"gold_gain":0,"player_choice":"Trade","damage_taken":0,"relics_obtained":["SsserpentHead"],"max_hp_gain":0,"max_hp_loss":0,"event_name":"FaceTrader","floor":24,"gold_loss":0},{"damage_healed":0,"gold_gain":0,"player_choice":"0 cards matched","damage_taken":0,"max_hp_gain":0,"max_hp_loss":0,"event_name":"Match and Keep!","floor":39,"gold_loss":0,"cards_obtained":[]}],"is_beta":false,"boss_relics":[{"not_picked":["Runic Dome","Astrolabe"],"picked":"SacredBark"},{"not_picked":["Empty Cage","Black Blood"],"picked":"Coffee Dripper"}],"items_purged_floors":[20,30,37],"is_endless":false,"potions_floor_spawned":[1,5,12,14,16,18,28,36],"killed_by":"Giant Head","ascension_level":20}}