{"host":"dmdprxj8bosbz96f","time":1609951585,"event":{"mods":["AchievementEnabler","BaseMod","Colored Map","DeckTracker","Minty Spire (QoL Compilation)","Quick Restart","SuperFastMode","everything is the same but u backflip on backflip"],"gold_per_floor":[109,12,12,23,23,23,23,50,74,84,101,117,136,156,156,156,156],"floor_reached":16,"playtime":377,"items_purged":[],"score":161,"play_id":"2d72f407-7c04-4252-a28e-6e42b7cb5078","local_time":"20210107014625","is_ascension_mode":true,"campfire_choices":[{"data":"Eviscerate","floor":6,"key":"SMITH"},{"data":"Prepared","floor":15,"key":"SMITH"}],"circlet_count":0,"master_deck":["Strike_G","Strike_G","Strike_G","Strike_G","Strike_G","Defend_G","Defend_G","Defend_G","Survivor","Neutralize","Deflect","Backflip","Prepared","Eviscerate+1","Die Die Die","Prepared+1","Well Laid Plans","Dodge and Roll"],"relics":["Ring of the Snake","NeowsBlessing","Blood Vial","Centennial Puzzle"],"acts_visited":["Exordium"],"potions_floor_usage":[16,16,16],"damage_taken":[{"damage":0,"enemies":"2 Louse","floor":1,"turns":1},{"damage":0,"enemies":"Jaw Worm","floor":4,"turns":1},{"damage":0,"enemies":"Gremlin Nob","floor":8,"turns":1},{"damage":0,"enemies":"Small Slimes","floor":10,"turns":2},{"damage":0,"enemies":"Gremlin Gang","floor":11,"turns":1},{"damage":7,"enemies":"Large Slime","floor":12,"turns":6},{"damage":6,"enemies":"Exordium Wildlife","floor":13,"turns":2},{"damage":0,"enemies":"Lots of Slimes","floor":14,"turns":1},{"damage":60,"enemies":"The Guardian","floor":16,"turns":13}],"seed_played":"4235867693558106879","potions_obtained":[{"floor":8,"key":"SteroidPotion"},{"floor":10,"key":"SteroidPotion"},{"floor":13,"key":"Poison Potion"}],"is_trial":false,"path_per_floor":["M","$","?","M","$","R","?","E","T","M","M","M","M","M","R","B"],"character_chosen":"THE_SILENT","items_purchased":["Backflip","Prepared"],"campfire_rested":0,"item_purchase_floors":[2,2],"current_hp_per_floor":[70,70,63,63,63,63,63,63,63,65,67,62,58,60,60,2,2],"gold":156,"neow_bonus":"THREE_ENEMY_KILL","is_daily":false,"chose_seed":false,"campfire_upgraded":2,"win_rate":0.0,"timestamp":1609951585,"path_taken":["M","$","?","M","$","R","?","E","T","M","M","M","M","M","R","BOSS"],"items_purchased_type":["Card","Card"],"build_version":"2020-12-22","purchased_purges":0,"victory":false,"max_hp_per_floor":[70,70,70,70,70,70,70,70,70,70,70,70,70,70,70,70,70],"card_choices":[{"not_picked":["Heel Hook","Finisher"],"picked":"Deflect","floor":1},{"not_picked":["Skewer","Finisher"],"picked":"Eviscerate","floor":4},{"not_picked":["Bane","Deflect"],"picked":"Die Die Die","floor":8},{"not_picked":["Concentrate","Backstab"],"picked":"Prepared","floor":10},{"not_picked":["Cloak And Dagger","Slice","Dodge and Roll"],"picked":"SKIP","floor":11},{"not_picked":["Skewer","Deflect"],"picked":"Well Laid Plans","floor":12},{"not_picked":["Leg Sweep","Concentrate","Flying Knee"],"picked":"SKIP","floor":13},{"not_picked":["Well Laid Plans","Outmaneuver"],"picked":"Dodge and Roll","floor":14}],"player_experience":168588,"relics_obtained":[{"floor":8,"key":"Blood Vial"},{"floor":9,"key":"Centennial Puzzle"}],"event_choices":[{"cards_removed":["Defend_G"],"damage_healed":0,"gold_gain":0,"player_choice":"Card Removal","damage_taken":7,"max_hp_gain":0,"max_hp_loss":0,"event_name":"Golden Wing","floor":3,"gold_loss":0},{"cards_removed":["Defend_G"],"damage_healed":0,"gold_gain":0,"player_choice":"Forget","damage_taken":0,"max_hp_gain":0,"max_hp_loss":0,"event_name":"Living Wall","floor":7,"gold_loss":0}],"is_beta":false,"boss_relics":[],"items_purged_floors":[],"is_endless":false,"potions_floor_spawned":[8,10,13],"killed_by":"The Guardian","ascension_level":5}}