{"host":"ormi09wwzv7sq47a","time":1609904674,"event":{"mods":["2.2 Compatiblity","AchievementEnabler","Act Like it!","BaseMod","Bestiary","Better Altar","Better Note","Better Sensory Stone","Better Skull","Better Third Choice","Better Vampires","BetterRewards","Block Reminder","Card Forge","Colored Map","Colored Powertips","Curses Come First","DeckTracker","Downfall","Highlight Path","Minty Spire (QoL Compilation)","Permanent Neow","Quick Restart","Rare Cards Sparkle","Relic Stats","Shop Mod","StSLib","The Jungle"],"gold_per_floor":[111,130,6,24,0,0,15,15,15,350,18,45,45,64,64,161,161,171,171,187,204,204,236,236,266,266,299,398,398,415,432,432,528,528,542,589,599,251,251,251,276,276,302,302,321,340,12,36,36,36,36,36,23,58,58,58,58],"floor_reached":55,"playtime":3882,"items_purged":["Slimebound:Tackle","Slimebound:Strike_Slimebound","Slimebound:Strike_Slimebound","Slimebound:Defend_Slimebound","Slimebound:Defend_Slimebound"],"score":1594,"play_id":"ec8e3f1b-2b60-41b1-933b-978d4d259339","local_time":"20210106014434","is_ascension_mode":true,"campfire_choices":[{"data":"Slimebound:Split","floor":6.0,"key":"SMITH"},{"data":"Slimebound:LeechEnergy","floor":8.0,"key":"SMITH"},{"data":"Slimebound:CorrosiveSpit","floor":13.0,"key":"SMITH"},{"data":"Slimebound:LeechEnergy","floor":15.0,"key":"SMITH"},{"data":"Slimebound:SlimeTap","floor":24.0,"key":"SMITH"},{"data":"Slimebound:Grow","floor":29.0,"key":"SMITH"},{"data":"Slimebound:Dissolve","floor":32.0,"key":"SMITH"},{"data":"Slimebound:LeadByExample","floor":40.0,"key":"SMITH"},{"data":"Slimebound:LeechingTouch","floor":42.0,"key":"SMITH"},{"floor":44.0,"key":"RECALL"},{"data":"Slimebound:Nibble","floor":49,"key":"SMITH"},{"data":"Slimebound:Defend_Slimebound","floor":52,"key":"SMITH"}],"circlet_count":0,"master_deck":["Slimebound:Defend_Slimebound+1","Slimebound:Split+1","Slimebound:CorrosiveSpit+1","Slimebound:SlimeTap+1","Slimebound:LeechEnergy+1","Slimebound:Dissolve+1","Slimebound:AcidTongue","Slimebound:Gluttony","Enlightenment","Slimebound:GrowthPunch+1","Slimebound:LeadByExample+1","Slimebound:Dissolve+1","expansioncontent:Corrupt+1","Slimebound:GoopSpray+1","Slimebound:RainOfGoop+1","Slimebound:LeechEnergy+1","Slimebound:Recycling","Slimebound:SamplingLick+1","Slimebound:MegaLick+1","expansioncontent:QuickStudy+1","Master of Strategy+1","Slimebound:Replication+1","Slimebound:Grow+1","Slimebound:SamplingLick+1","Slimebound:LivingWall+1","Slimebound:TongueLash+1","Slimebound:LeechingTouch+1","Slimebound:SlimeSpikes+1","Slimebound:SplitBruiser+1","Slimebound:OozeBath+1","Slimebound:SplitMire+1","Slimebound:OozeBath+1","Slimebound:Nibble+1","Slimebound:LeechEnergy","Slimebound:ProtectTheBoss"],"relics":["Slimebound:AbsorbEndCombat","Hammer of Thor","Seething Fire","Anvil of the Gods","Membership Card","Unceasing Top","Letter Opener","Regal Pillow","Lantern","Ornamental Fan","Toxic Egg 2","Gambling Chip","Empty Cage","Matryoshka","Oddly Smooth Stone","Philosopher\u0027s Stone","Prayer Wheel","Kunai","Slimebound:AggressiveSlimeRelic","ClockworkSouvenir","MerchantsRug","Blood Vial","MealTicket","TheAbacus","Meat on the Bone","Vajra","Eternal Feather"],"acts_visited":["Exordium","TheCity","TheBeyond","TheEnding"],"potions_floor_usage":[45,46,47,50,55],"damage_taken":[{"damage":4.0,"enemies":"2 Louse","floor":1.0,"turns":2.0},{"damage":11.0,"enemies":"Jaw Worm","floor":2.0,"turns":2.0},{"damage":4.0,"enemies":"Small Slimes","floor":4.0,"turns":2.0},{"damage":9.0,"enemies":"2 Fungi Beasts","floor":7.0,"turns":3.0},{"damage":20.0,"enemies":"Lagavulin","floor":10.0,"turns":4.0},{"damage":23.0,"enemies":"3 Sentries","floor":12.0,"turns":4.0},{"damage":8.0,"enemies":"Large Slime","floor":14.0,"turns":3.0},{"damage":30.0,"enemies":"The Guardian","floor":16.0,"turns":4.0},{"damage":22.0,"enemies":"3 Byrds","floor":18.0,"turns":2.0},{"damage":20.0,"enemies":"Chosen","floor":20.0,"turns":3.0},{"damage":0.0,"enemies":"Sentry and Sphere","floor":21.0,"turns":2.0},{"damage":11.0,"enemies":"Book of Stabbing","floor":23.0,"turns":3.0},{"damage":24.0,"enemies":"Gremlin Leader","floor":25.0,"turns":3.0},{"damage":11.0,"enemies":"Slavers","floor":27.0,"turns":2.0},{"damage":32.0,"enemies":"Snecko","floor":30.0,"turns":4.0},{"damage":8.0,"enemies":"3 Cultists","floor":31.0,"turns":2.0},{"damage":8.0,"enemies":"Automaton","floor":33.0,"turns":5.0},{"damage":8.0,"enemies":"3 Darklings","floor":35.0,"turns":2.0},{"damage":45.0,"enemies":"2 Orb Walkers","floor":36.0,"turns":4.0},{"damage":8.0,"enemies":"Orb Walker","floor":37.0,"turns":2.0},{"damage":14.0,"enemies":"Nemesis","floor":41.0,"turns":3.0},{"damage":27,"enemies":"Transient","floor":45,"turns":5},{"damage":4,"enemies":"Jaw Worm Horde","floor":46,"turns":2},{"damage":49,"enemies":"Time Eater","floor":50,"turns":8},{"damage":16,"enemies":"Shield and Spear","floor":54,"turns":3},{"damage":102,"enemies":"The Heart","floor":55,"turns":6}],"seed_played":"5989725868325101195","potions_obtained":[{"floor":2.0,"key":"Swift Potion"},{"floor":4.0,"key":"Slimebound:SlimedPotion"},{"floor":10.0,"key":"LiquidMemories"},{"floor":12.0,"key":"Fire Potion"},{"floor":16.0,"key":"LiquidMemories"},{"floor":23.0,"key":"Slimebound:SlimyTonguePotion"},{"floor":25.0,"key":"champ:CounterPotion"},{"floor":27.0,"key":"Slimebound:SlimedPotion"},{"floor":37.0,"key":"SkillPotion"},{"floor":45,"key":"Energy Potion"}],"is_trial":false,"path_per_floor":["M","M","$","M","?","R","M","R","T","E","$","E","R","M","R","B",null,"M","?","M","M","?","E","R","E","T","E","?","R","M","M","R","B",null,"M","?","M","$","?","R","E","R","T","R","M","M","$","T","R","B",null,"R","$","E","B"],"character_chosen":"SLIMEBOUND","items_purchased":["Membership Card","Slimebound:SlimeTap","Slimebound:LeechEnergy","Fruit Juice","Letter Opener","Regal Pillow","Lantern","Toxic Egg 2","Slimebound:Dissolve+1","expansioncontent:Corrupt+1","Slimebound:GoopSpray+1","Kunai","Slimebound:AggressiveSlimeRelic","ClockworkSouvenir","MerchantsRug","Slimebound:SplitBruiser+1","Fruit Juice","Slimebound:OozeBath+1","Slimebound:Nibble","TheAbacus","Slimebound:LeechEnergy"],"campfire_rested":0,"item_purchase_floors":[0,0,0,0,0,0,3,11,11,11,11,38,38,38,38,38,47,47,47,47,53],"current_hp_per_floor":[57,54,54,60,66,66,69,69,69,63,63,54,54,60,60,54,67,65,65,57,63,63,71,71,71,71,71,71,71,51,59,59,71,71,71,40,48,48,48,48,58,58,58,58,71,71,76,76,76,61,72,72,76,74,0,0,0],"gold":58,"neow_bonus":"","is_daily":false,"chose_seed":false,"campfire_upgraded":11,"win_rate":0.0,"timestamp":1609904674,"path_taken":["M","M","$","M","?","R","M","R","T","E","$","E","R","M","R","BOSS","M","?","M","M","?","E","R","E","T","E","?","R","M","M","R","BOSS","M","?","M","$","?","R","E","R","T","R","M","?","?","?","R","BOSS","R","$","E","BOSS"],"items_purchased_type":["Relic","Card","Card","Potion","Relic","Relic","Relic","Relic","Card","Card","Card","Relic","Relic","Relic","Relic","Card","Potion","Card","Card","Relic","Card"],"build_version":"2020-12-22","purchased_purges":5,"victory":false,"max_hp_per_floor":[65,65,65,65,71,71,71,71,71,71,71,71,71,71,71,71,71,71,71,71,71,71,71,71,71,71,71,71,71,71,71,71,71,71,71,71,71,71,71,71,71,71,71,71,71,71,76,76,76,76,76,76,76,76,76,76,76],"relic_stats":{"Regal Pillow":0,"counters":[44,156],"Eternal Feather":58,"Letter Opener":[943],"Blood Vial":4,"TheAbacus":[30],"Ornamental Fan":[88],"Gambling Chip":[40],"Prayer Wheel":3,"MealTicket":4,"Kunai":[8],"obtain_stats":[{"Regal Pillow":0,"Lantern":3,"Vajra":48,"Hammer of Thor":0,"Incense Burner":0,"Whetstone":23,"Empty Cage":17,"Old Coin":10,"ClockworkSouvenir":38,"Sozu":17,"Blood Vial":41,"Matryoshka":26,"TheAbacus":47,"Gambling Chip":12,"Philosopher\u0027s Stone":34,"Prayer Wheel":36,"MealTicket":43,"Kunai":38,"Toxic Egg 2":11,"InkBottle":11,"Slimebound:AggressiveSlimeRelic":38,"MerchantsRug":38,"Pear":20,"Golden Idol":3,"Oddly Smooth Stone":27,"Eternal Feather":6,"Seething Fire":0,"Letter Opener":0,"War Paint":4,"Odd Mushroom":14,"Medical Kit":0,"White Beast Statue":8,"Akabeko":9,"Anvil of the Gods":0,"Ornamental Fan":9,"Molten Egg 2":26,"Slimebound:AbsorbEndCombat":0,"Membership Card":0,"StrikeDummy":25,"Unceasing Top":0,"Meat on the Bone":48},{"Regal Pillow":18,"Lantern":20,"Vajra":41,"Hammer of Thor":0,"Incense Burner":0,"Whetstone":30,"Empty Cage":26,"Old Coin":23,"ClockworkSouvenir":38,"Sozu":10,"Blood Vial":39,"Matryoshka":31,"TheAbacus":41,"Gambling Chip":24,"Philosopher\u0027s Stone":35,"Prayer Wheel":37,"MealTicket":39,"Kunai":38,"Toxic Egg 2":23,"InkBottle":6,"Slimebound:AggressiveSlimeRelic":38,"MerchantsRug":38,"Pear":12,"Golden Idol":2,"Oddly Smooth Stone":32,"Eternal Feather":4,"Seething Fire":0,"Letter Opener":18,"War Paint":2,"Odd Mushroom":9,"Medical Kit":0,"White Beast Statue":5,"Akabeko":5,"Anvil of the Gods":0,"Ornamental Fan":22,"Molten Egg 2":15,"Slimebound:AbsorbEndCombat":0,"Membership Card":18,"StrikeDummy":31,"Unceasing Top":18,"Meat on the Bone":41},{"Regal Pillow":73,"Lantern":77,"Vajra":139,"Hammer of Thor":0,"Incense Burner":0,"Whetstone":105,"Empty Cage":95,"Old Coin":85,"ClockworkSouvenir":129,"Sozu":45,"Blood Vial":132,"Matryoshka":108,"TheAbacus":139,"Gambling Chip":89,"Philosopher\u0027s Stone":121,"Prayer Wheel":127,"MealTicket":132,"Kunai":129,"Toxic Egg 2":85,"InkBottle":25,"Slimebound:AggressiveSlimeRelic":129,"MerchantsRug":129,"Pear":52,"Golden Idol":6,"Oddly Smooth Stone":110,"Eternal Feather":13,"Seething Fire":0,"Letter Opener":73,"War Paint":6,"Odd Mushroom":35,"Medical Kit":0,"White Beast Statue":19,"Akabeko":19,"Anvil of the Gods":0,"Ornamental Fan":81,"Molten Egg 2":59,"Slimebound:AbsorbEndCombat":0,"Membership Card":73,"StrikeDummy":108,"Unceasing Top":73,"Meat on the Bone":139}],"Unceasing Top":[53],"Meat on the Bone":0},"card_choices":[{"not_picked":["Slimebound:PressTheAttack","Slimebound:SlimeBarrage"],"picked":"Slimebound:Dissolve","floor":1.0},{"not_picked":["Slimebound:SplitAcid","Slimebound:Dissolve"],"picked":"Slimebound:AcidTongue","floor":2.0},{"not_picked":["Slimebound:LeadByExample","Slimebound:ComboTackle"],"picked":"Slimebound:Gluttony","floor":4.0},{"not_picked":["Slimebound:SplitAcid","Slimebound:SlimeBarrage"],"picked":"Slimebound:GrowthPunch","floor":7.0},{"not_picked":["Slimebound:MinionMaster","Slimebound:Prepare"],"picked":"Slimebound:LeadByExample","floor":10.0},{"not_picked":["Slimebound:GrowthPunch","Slimebound:SplitBruiser+1"],"picked":"Slimebound:RainOfGoop+1","floor":12.0},{"not_picked":["Slimebound:Dissolve+1","Slimebound:GoopSpray+1"],"picked":"Slimebound:LeechEnergy","floor":14.0},{"not_picked":["Slimebound:PrepareCrush+1","Slimebound:Teamwork+1"],"picked":"Slimebound:Recycling","floor":16.0},{"not_picked":["Slimebound:ComboTackle","Slimebound:LeechingTouch"],"picked":"Slimebound:SamplingLick+1","floor":18.0},{"not_picked":["Slimebound:ComboTackle","Slimebound:Schlurp+1"],"picked":"Slimebound:MegaLick+1","floor":20.0},{"not_picked":["Slimebound:SplitBruiser+1","Slimebound:RollThrough+1","Slimebound:ViciousTackle"],"picked":"SKIP","floor":21.0},{"not_picked":["expansioncontent:DefensiveMode","Metamorphosis+1"],"picked":"expansioncontent:QuickStudy+1","floor":22.0},{"not_picked":["Violence+1","The Bomb+1"],"picked":"Master of Strategy+1","floor":22.0},{"not_picked":["Slimebound:SplitAcid+1","Slimebound:FinishingTackle+1"],"picked":"Slimebound:Replication+1","floor":23.0},{"not_picked":["Slimebound:RollThrough","Slimebound:LevelUp","Slimebound:FirmFortitude"],"picked":"SKIP","floor":25.0},{"not_picked":["Slimebound:PrepareCrush+1","Slimebound:Gluttony"],"picked":"Slimebound:Grow","floor":27.0},{"not_picked":["Slimebound:Schlurp+1","Slimebound:SplitBruiser+1"],"picked":"Slimebound:SamplingLick+1","floor":30.0},{"not_picked":["Slimebound:SplitMire+1","Slimebound:PressTheAttack"],"picked":"Slimebound:LivingWall+1","floor":31.0},{"not_picked":["Slimebound:SplitAcid+1","Slimebound:Grow+1","Slimebound:Gluttony"],"picked":"SKIP","floor":35.0},{"not_picked":["Slimebound:FinishingTackle","Slimebound:ProtectTheBoss"],"picked":"Slimebound:TongueLash","floor":36.0},{"not_picked":["Slimebound:SplitLeeching+1","Slimebound:Schlurp+1"],"picked":"Slimebound:LeechingTouch","floor":37.0},{"not_picked":["Slimebound:ComboTackle+1","Slimebound:SplitBruiser+1"],"picked":"Slimebound:SlimeSpikes+1","floor":37.0},{"not_picked":["Slimebound:ForwardTackle","Slimebound:LeechingTouch+1"],"picked":"Slimebound:OozeBath+1","floor":41.0},{"not_picked":["Slimebound:SplitBruiser+1","Slimebound:ViciousTackle"],"picked":"Slimebound:SplitMire+1","floor":45},{"not_picked":["Slimebound:FinishingTackle+1","Slimebound:LevelUp","Slimebound:GrowthPunch+1"],"picked":"SKIP","floor":45},{"not_picked":["Slimebound:GoopSpray+1","Slimebound:LivingWall+1","Slimebound:PressTheAttack"],"picked":"SKIP","floor":46},{"not_picked":["Slimebound:ItLooksTasty","Slimebound:FinishingTackle","Slimebound:SplitBruiser+1"],"picked":"SKIP","floor":46},{"not_picked":["Slimebound:LeechEnergy+1","Slimebound:Equalize"],"picked":"Slimebound:ProtectTheBoss","floor":54}],"player_experience":890207,"relics_obtained":[{"floor":9.0,"key":"Ornamental Fan"},{"floor":10.0,"key":"Old Coin"},{"floor":12.0,"key":"Gambling Chip"},{"floor":23.0,"key":"Whetstone"},{"floor":25.0,"key":"StrikeDummy"},{"floor":26.0,"key":"Matryoshka"},{"floor":27.0,"key":"Oddly Smooth Stone"},{"floor":36.0,"key":"Prayer Wheel"},{"floor":41.0,"key":"Blood Vial"},{"floor":43.0,"key":"MealTicket"},{"floor":48,"key":"Meat on the Bone"},{"floor":48,"key":"Vajra"},{"floor":54,"key":"Eternal Feather"}],"event_choices":[{"damage_healed":0.0,"max_hp_gain":0.0,"max_hp_loss":0.0,"gold_gain":0.0,"event_name":"betterThird:BetterSerpent","player_choice":"RENOUNCE","floor":5.0,"gold_loss":24.0,"damage_taken":24.0,"cards_obtained":["Enlightenment"]},{"cards_removed":["expansioncontent:Corrupt"],"damage_healed":0.0,"max_hp_gain":0.0,"max_hp_loss":0.0,"gold_gain":0.0,"event_name":"betterNote:BetterNote","player_choice":"Give","floor":19.0,"gold_loss":0.0,"damage_taken":0.0,"cards_obtained":["None"]},{"damage_healed":0.0,"max_hp_gain":0.0,"max_hp_loss":0.0,"gold_gain":2.0,"event_name":"betterStone:BetterStone","player_choice":"1","floor":22.0,"gold_loss":0.0,"damage_taken":0.0},{"damage_healed":0.0,"max_hp_gain":0.0,"max_hp_loss":0.0,"gold_gain":99.0,"event_name":"betterThird:BetterNest","player_choice":"Steal","floor":28.0,"gold_loss":0.0,"damage_taken":0.0},{"damage_healed":0.0,"max_hp_gain":0.0,"max_hp_loss":0.0,"gold_gain":0.0,"event_name":"Mysterious Sphere","player_choice":"Fight","floor":36.0,"gold_loss":0.0,"damage_taken":0.0},{"damage_healed":0.0,"max_hp_gain":0.0,"max_hp_loss":0.0,"gold_gain":0.0,"event_name":"Accursed Blacksmith","player_choice":"Forge","floor":39.0,"gold_loss":0.0,"damage_taken":0.0,"cards_upgraded":["Slimebound:TongueLash"]}],"is_beta":false,"boss_relics":[{"not_picked":["Cursed Key","Fusion Hammer"],"picked":"Empty Cage"},{"not_picked":["Busted Crown","Sozu"],"picked":"Philosopher\u0027s Stone"}],"items_purged_floors":[0,3,11,38,47],"is_endless":false,"potions_floor_spawned":[2,4,10,12,16,23,25,27,31,37,45],"killed_by":"The Heart","ascension_level":9}}