{"host":"dn6kke80v5f7isus","time":1609963839,"event":{"mods":["AchievementEnabler","Act Like it!","BaseMod","Colored Powertips","Custom Start","Defuse TimeMaze Blight","Downfall","Duelist Mod","Gremlin Skip","Highlight Path","Hubris","Infinite Spire","Minty Spire (QoL Compilation)","Rare Cards Sparkle","Replay The Spire","StSLib","The Cursed","Uncapped"],"gold_per_floor":[140,140,151,76,86,114,114,141,191,206,219,252,300,300,300,300,300],"floor_reached":16,"playtime":506,"items_purged":["theDuelist:Sparks"],"score":126,"play_id":"337da714-4968-4086-9aed-17fb4b2ce73c","local_time":"20210106151039","is_ascension_mode":true,"campfire_choices":[{"floor":15,"key":"REST"}],"circlet_count":0,"master_deck":["theDuelist:BabyDragon","theDuelist:CastleWalls","theDuelist:CastleWalls","theDuelist:CaveDragon","theDuelist:CaveDragon","theDuelist:LesserDragon","theDuelist:LesserDragon","theDuelist:YamataDragon","theDuelist:MirageDragon","theDuelist:DragonMastery","Impatience","theDuelist:MetalDragon","theDuelist:MirageDragon","theDuelist:GuardragonJusticia","theDuelist:BlackPtera"],"relics":["theDuelist:MillenniumPuzzle","theDuelist:CardPoolRelic","theDuelist:CardPoolBasicRelic","theDuelist:BoosterPackPoolRelic","theDuelist:CardPoolAddRelic","theDuelist:CardPoolMinusRelic","theDuelist:CardPoolSaveRelic","theDuelist:CardPoolOptionsRelic","NeowsBlessing","hubris:Towel","hubris:BallOfYels","Replay:Arrowhead","Smiling Mask","Replay:Bandana","Odd Mushroom"],"acts_visited":["Exordium"],"potions_floor_usage":[6,10,13],"damage_taken":[{"damage":0,"enemies":"Small Slimes","floor":1,"turns":1},{"damage":0,"enemies":"Jaw Worm","floor":3,"turns":1},{"damage":0,"enemies":"Cultist","floor":5,"turns":1},{"damage":6,"enemies":"Gremlin Nob","floor":6,"turns":3},{"damage":16,"enemies":"Replay:BlueRogue","floor":8,"turns":4},{"damage":13,"enemies":"Exordium Thugs","floor":10,"turns":4},{"damage":6,"enemies":"2 Fungi Beasts","floor":11,"turns":3},{"damage":8,"enemies":"Gremlin Nob","floor":12,"turns":3},{"damage":14,"enemies":"The Mushroom Lair","floor":13,"turns":5},{"damage":0,"enemies":"Fading Forest","floor":16,"turns":1}],"seed_played":"5592450980625120068","potions_obtained":[{"floor":1,"key":"theDuelist:WaterBottle"},{"floor":3,"key":"FearPotion"},{"floor":5,"key":"theDuelist:BarricadePotion"},{"floor":8,"key":"FearPotion"},{"floor":10,"key":"champ:CounterPotion"},{"floor":13,"key":"GamblersBrew"}],"is_trial":false,"path_per_floor":["M","?","M","$","M","E","?","E","T","M","M","E","?","?","R","B"],"character_chosen":"THE_DUELIST","items_purchased":[],"campfire_rested":1,"item_purchase_floors":[],"current_hp_per_floor":[80,80,80,80,80,74,74,58,58,45,39,31,17,17,41,41,41],"gold":300,"neow_bonus":"THREE_ENEMY_KILL","is_daily":false,"chose_seed":false,"campfire_upgraded":0,"win_rate":0.0,"timestamp":1609963839,"path_taken":["M","?","M","$","M","E","?","E","T","M","M","E","?","?","R","BOSS"],"items_purchased_type":[],"build_version":"2020-12-22","purchased_purges":1,"victory":false,"max_hp_per_floor":[80,80,80,80,80,80,80,80,80,80,80,80,80,80,80,80,80],"card_choices":[{"not_picked":["theDuelist:RainbowOverdragon","theDuelist:RainbowBridge","theDuelist:PurplePainOni","theDuelist:Terraforming","theDuelist:DarkCreator"],"picked":"SKIP","floor":1},{"not_picked":["theDuelist:LesserDragon","theDuelist:ScrapIronScarecrow","theDuelist:TwinHeadedFire","theDuelist:DarkDriceratops"],"picked":"theDuelist:MirageDragon","floor":3},{"not_picked":["theDuelist:SilverWing","theDuelist:Mountain","theDuelist:DragonMirror","theDuelist:CastleDragonSouls"],"picked":"theDuelist:DragonMastery","floor":5},{"not_picked":["Discovery","Good Instincts","Jack Of All Trades"],"picked":"Impatience","floor":6},{"not_picked":["theDuelist:Pyrorex","theDuelist:LesserDragon","theDuelist:CyberValley","theDuelist:BlackStego"],"picked":"theDuelist:MetalDragon","floor":8},{"not_picked":["theDuelist:YamataDragon","theDuelist:Hydrogeddon","theDuelist:BlackBrutdrago","theDuelist:ViceDragon"],"picked":"theDuelist:MirageDragon","floor":10},{"not_picked":["theDuelist:CyberDinosaur","theDuelist:AncientPixieDragon","theDuelist:CyberDragonDrei","theDuelist:MoltenDestruction","theDuelist:CurseDragon"],"picked":"SKIP","floor":11},{"not_picked":["theDuelist:BattleguardKing","theDuelist:BigFire","theDuelist:HaneHane","theDuelist:Reload","theDuelist:DarkCreator"],"picked":"SKIP","floor":12},{"not_picked":["theDuelist:ThreateningRoar","theDuelist:LavaDragon","theDuelist:ArmedDragon3","theDuelist:AquaDolphin"],"picked":"theDuelist:GuardragonJusticia","floor":13}],"player_experience":530278,"relics_obtained":[{"floor":6,"key":"hubris:BallOfYels"},{"floor":8,"key":"Replay:Arrowhead"},{"floor":9,"key":"Smiling Mask"},{"floor":12,"key":"Replay:Bandana"},{"floor":13,"key":"Odd Mushroom"}],"event_choices":[{"damage_healed":0,"gold_gain":0,"player_choice":"Leave","duelist":true,"damage_taken":0,"max_hp_gain":0,"max_hp_loss":0,"event_name":"Tomb of the Nameless","floor":7,"gold_loss":0},{"damage_healed":0,"gold_gain":0,"player_choice":"Fought Mushrooms","damage_taken":0,"max_hp_gain":0,"max_hp_loss":0,"event_name":"Mushrooms","floor":13,"gold_loss":0},{"damage_healed":0,"gold_gain":0,"cards_transformed":["theDuelist:Sparks"],"player_choice":"Transformed","damage_taken":0,"max_hp_gain":0,"max_hp_loss":0,"event_name":"Transmorgrifier","floor":14,"gold_loss":0,"cards_obtained":["theDuelist:BlackPtera"]}],"is_beta":false,"boss_relics":[],"items_purged_floors":[4],"is_endless":false,"potions_floor_spawned":[1,3,5,8,10,13],"killed_by":"Fading Forest","ascension_level":1}}