{"host":"788p3pvxhs5s9n7p","time":1609942238,"event":{"mods":["AchievementEnabler","BaseMod","Minty Spire (QoL Compilation)","Replay The Spire","StSLib"],"gold_per_floor":[112,37,48,48,62,94,123,143,143,143,168,168,200,226,226,340,340,375,474,499,213,241,241,282,282,331,331,339,339],"floor_reached":28,"playtime":1426,"items_purged":["Decay","Parasite"],"score":254,"play_id":"01e068b2-b704-4e12-9db7-3cabf5ef24ea","local_time":"20210106081038","is_ascension_mode":true,"campfire_choices":[{"floor":12,"key":"REST"},{"data":"Anger","floor":15,"key":"SMITH"},{"data":"Offering","floor":23,"key":"SMITH"},{"data":"Juggernaut","floor":25,"key":"SMITH"}],"circlet_count":0,"master_deck":["True Grit","Headbutt","Anger+1","Spot Weakness","Shrug It Off","Survivor","Neutralize","Pommel Strike","Juggernaut+1","Juggernaut","Reckless Charge","Offering+1","Uppercut","Ghostly Armor","ReplayReversal","Flex+1","Anger","Fire Breathing+1"],"relics":["Kintsugi","Replay:Bandana","Bird Faced Urn","Pandora\u0027s Box","TheAbacus","Torii","Red Skull","Nunchaku"],"acts_visited":["Exordium","TheCity"],"potions_floor_usage":[6,8,11,16,20],"damage_taken":[{"damage":3,"enemies":"Cultist","floor":1,"turns":3},{"damage":11,"enemies":"Jaw Worm","floor":3,"turns":3},{"damage":0,"enemies":"2 Louse","floor":5,"turns":2},{"damage":20,"enemies":"Lagavulin","floor":6,"turns":5},{"damage":11,"enemies":"2 Fungi Beasts","floor":7,"turns":3},{"damage":4,"enemies":"Exordium Thugs","floor":8,"turns":6},{"damage":0,"enemies":"Looter","floor":11,"turns":1},{"damage":9,"enemies":"Exordium Wildlife","floor":13,"turns":4},{"damage":1,"enemies":"Blue Slaver","floor":14,"turns":3},{"damage":12,"enemies":"Hexaghost","floor":16,"turns":6},{"damage":29,"enemies":"2 Thieves","floor":18,"turns":4},{"damage":16,"enemies":"Spheric Guardian","floor":20,"turns":3},{"damage":24,"enemies":"Chosen and Byrds","floor":22,"turns":5},{"damage":17,"enemies":"Replay:Snechameleon","floor":24,"turns":5},{"damage":13,"enemies":"Gremlin Leader","floor":28,"turns":2}],"seed_played":"6720985108554810178","potions_obtained":[{"floor":5,"key":"Swift Potion"},{"floor":7,"key":"SneckoOil"},{"floor":8,"key":"AttackPotion"},{"floor":13,"key":"SteroidPotion"},{"floor":14,"key":"LiquidBronze"},{"floor":18,"key":"Languid Potion"}],"is_trial":false,"path_per_floor":["M","$","M","?","M","E","M","M","T","?","M","R","M","M","R","B",null,"M","?","M","$","M","R","E","R","T","?","E"],"character_chosen":"IRONCLAD","items_purchased":["TheAbacus","ReplayReversal"],"campfire_rested":1,"item_purchase_floors":[21,21],"current_hp_per_floor":[77,77,66,50,50,30,19,15,15,15,15,39,30,31,31,21,80,53,53,41,41,21,21,6,6,6,6,0,0],"gold":339,"neow_bonus":"BOSS_RELIC","is_daily":false,"chose_seed":false,"campfire_upgraded":3,"win_rate":0.0,"timestamp":1609942238,"path_taken":["M","$","M","?","M","E","M","M","T","?","?","R","M","M","R","BOSS","M","?","M","$","M","R","E","R","T","?","E"],"items_purchased_type":["Relic","Card"],"build_version":"2020-12-22","purchased_purges":2,"victory":false,"max_hp_per_floor":[80,80,80,80,80,80,80,80,80,80,80,80,80,80,80,80,80,80,80,80,77,77,77,77,77,77,77,77,77],"card_choices":[{"not_picked":["Pummel","Run Through"],"picked":"True Grit","floor":1},{"not_picked":["Thunderclap","Body Slam"],"picked":"Headbutt","floor":3},{"not_picked":["Burning Pact","Blood for Blood"],"picked":"Anger","floor":5},{"not_picked":["Perfected Strike","Clothesline","True Grit"],"picked":"SKIP","floor":6},{"not_picked":["Second Wind","ReplayTheSpireMod:LeadingStrike"],"picked":"Spot Weakness","floor":7},{"not_picked":["Thunderclap","Wild Strike"],"picked":"Shrug It Off","floor":8},{"not_picked":["Sentinel","Replay:Undeath\u0027s Touch"],"picked":"Pommel Strike","floor":11},{"not_picked":["Massacre","Twin Strike"],"picked":"Juggernaut","floor":13},{"not_picked":["Body Slam","Shockwave","Sever Soul"],"picked":"SKIP","floor":14},{"not_picked":["Immolate","Corruption"],"picked":"Juggernaut","floor":16},{"not_picked":["Clash","ReplayTheSpireMod:Corrosion Curse","Flex"],"picked":"SKIP","floor":18},{"not_picked":["ReplayTheSpireMod:Strike From Hell","Shrug It Off","Blood for Blood"],"picked":"SKIP","floor":20},{"not_picked":["Shrug It Off+1","Immolate"],"picked":"Flex+1","floor":22},{"not_picked":["Sentinel","Flex","Dark Embrace"],"picked":"SKIP","floor":24},{"not_picked":["Clash","Searing Blow"],"picked":"Anger","floor":27},{"not_picked":["Pommel Strike","Armaments"],"picked":"Fire Breathing+1","floor":27}],"player_experience":136086,"relics_obtained":[{"floor":6,"key":"Replay:Bandana"},{"floor":9,"key":"Bird Faced Urn"},{"floor":24,"key":"Torii"},{"floor":26,"key":"Red Skull"},{"floor":27,"key":"Nunchaku"}],"event_choices":[{"damage_healed":0,"gold_gain":0,"player_choice":"Entered Light","damage_taken":16,"max_hp_gain":0,"max_hp_loss":0,"event_name":"Shining Light","floor":4,"gold_loss":0,"cards_upgraded":["Defend_R","Strike_R"]},{"damage_healed":0,"gold_gain":99,"player_choice":"Stole From Cult","damage_taken":0,"max_hp_gain":0,"max_hp_loss":0,"event_name":"Nest","floor":19,"gold_loss":0}],"is_beta":false,"boss_relics":[{"not_picked":["Ooze Armor","Honey Jar"],"picked":"Pandora\u0027s Box"}],"items_purged_floors":[2,21],"is_endless":false,"potions_floor_spawned":[5,7,8,13,14,18],"killed_by":"Gremlin Leader","ascension_level":1}}