{"host":"dmdprxj8bosbz96f","time":1609943728,"event":{"mods":["AchievementEnabler","BaseMod","Colored Map","DeckTracker","Minty Spire (QoL Compilation)","Quick Restart","SuperFastMode","everything is the same but u backflip on backflip"],"gold_per_floor":[118,137,62,12,22,22,48,48,119,65,80,80,30,46,46,142,142,156,3,21,21,21,21],"floor_reached":22,"playtime":687,"items_purged":["Defend_G","Defend_G"],"score":230,"play_id":"7e4fab56-c52a-4ec0-b5e0-11eca4f79077","local_time":"20210106233528","is_ascension_mode":true,"campfire_choices":[{"data":"Noxious Fumes","floor":6,"key":"SMITH"},{"floor":12,"key":"REST"},{"data":"Neutralize","floor":15,"key":"SMITH"}],"circlet_count":0,"master_deck":["Strike_G","Strike_G","Strike_G","Strike_G","Strike_G","Defend_G","Defend_G","Survivor","Neutralize+1","Backflip","Deadly Poison","Noxious Fumes+1","Dodge and Roll","Acrobatics","Prepared","Expertise","After Image","PiercingWail","Backflip","Concentrate","Writhe"],"relics":["Ring of the Snake","NeowsBlessing","Anchor","Mummified Hand","HoveringKite","InkBottle"],"acts_visited":["Exordium","TheCity"],"potions_floor_usage":[7,7,16,16,18,22],"damage_taken":[{"damage":0,"enemies":"Cultist","floor":1,"turns":1},{"damage":0,"enemies":"2 Louse","floor":2,"turns":1},{"damage":0,"enemies":"Small Slimes","floor":5,"turns":1},{"damage":21,"enemies":"3 Sentries","floor":7,"turns":8},{"damage":0,"enemies":"Looter","floor":11,"turns":3},{"damage":5,"enemies":"Exordium Thugs","floor":14,"turns":6},{"damage":44,"enemies":"The Guardian","floor":16,"turns":10},{"damage":0,"enemies":"Chosen","floor":18,"turns":5},{"damage":24,"enemies":"3 Byrds","floor":20,"turns":6},{"damage":21,"enemies":"Cultist and Chosen","floor":22,"turns":7}],"seed_played":"-3269745772655707301","potions_obtained":[{"floor":2,"key":"EssenceOfSteel"},{"floor":5,"key":"Swift Potion"},{"floor":7,"key":"Ancient Potion"},{"floor":11,"key":"FearPotion"},{"floor":16,"key":"Fire Potion"},{"floor":20,"key":"AttackPotion"}],"is_trial":false,"path_per_floor":["M","M","$","$","M","R","E","$","T","$","M","R","?","M","R","B",null,"M","$","M","?","M"],"character_chosen":"THE_SILENT","items_purchased":["Deadly Poison","Acrobatics","Backflip"],"campfire_rested":1,"item_purchase_floors":[4,10,19],"current_hp_per_floor":[70,70,70,70,70,70,49,49,49,49,49,70,70,65,65,21,58,58,58,34,34,13,13],"gold":21,"neow_bonus":"THREE_ENEMY_KILL","is_daily":false,"chose_seed":false,"campfire_upgraded":2,"win_rate":0.0,"timestamp":1609943728,"path_taken":["M","M","?","$","M","R","E","$","T","$","M","R","?","M","R","BOSS","M","$","M","?","M"],"items_purchased_type":["Card","Card","Card"],"build_version":"2020-12-22","purchased_purges":2,"victory":false,"max_hp_per_floor":[70,70,70,70,70,70,70,70,70,70,70,70,70,70,70,70,70,70,70,70,70,70,70],"card_choices":[{"not_picked":["Cloak And Dagger","Dagger Spray"],"picked":"Backflip","floor":1},{"not_picked":["Dash","Bane","Underhanded Strike"],"picked":"SKIP","floor":2},{"not_picked":["Deadly Poison","Underhanded Strike"],"picked":"Noxious Fumes","floor":5},{"not_picked":["Quick Slash","Slice"],"picked":"Dodge and Roll","floor":7},{"not_picked":["Escape Plan","Envenom"],"picked":"Prepared","floor":11},{"not_picked":["Endless Agony","Accuracy"],"picked":"Expertise","floor":14},{"not_picked":["Glass Knife","Unload"],"picked":"After Image","floor":16},{"not_picked":["Noxious Fumes","Slice"],"picked":"PiercingWail","floor":18},{"not_picked":["Dodge and Roll","Bane"],"picked":"Concentrate","floor":20}],"player_experience":169415,"relics_obtained":[{"floor":7,"key":"Anchor"},{"floor":9,"key":"Mummified Hand"}],"event_choices":[{"cards_removed":["Defend_G"],"damage_healed":0,"gold_gain":0,"player_choice":"Card Removal","damage_taken":0,"max_hp_gain":0,"max_hp_loss":0,"event_name":"The Cleric","floor":13,"gold_loss":50},{"damage_healed":0,"gold_gain":0,"player_choice":"Opened","damage_taken":0,"relics_obtained":["InkBottle"],"max_hp_gain":0,"max_hp_loss":0,"event_name":"The Mausoleum","floor":21,"gold_loss":0,"cards_obtained":["Writhe"]}],"is_beta":false,"boss_relics":[{"not_picked":["Ectoplasm","Busted Crown"],"picked":"HoveringKite"}],"items_purged_floors":[3,19],"is_endless":false,"potions_floor_spawned":[2,5,7,11,16,20],"killed_by":"Cultist and Chosen","ascension_level":5}}