{"host":"9d9dhukr2jywmy0f","time":1609942044,"event":{"mods":["2.2 Compatiblity","Alarm Clock","BaseMod","Bestiary","Block Reminder","Colored Map","Colored Powertips","Curses Come First","DeckTracker","Highlight Path","Infinite Spire","Key Reminder","Keyboard Shortcuts","Minty Spire (QoL Compilation)","MonsterHotkey","Quick Restart","Rare Cards Sparkle","Relic Sorter","Relic Stats","Spire Birthday Party","StSLib","SuperFastMode","Synergy Search","Unceasing Turn Reminder","Unknown Chances"],"gold_per_floor":[115,115,40,56,56,56,56,56,130,43,69,69,103,103,103,196,196,219,219,219,233,0,34,34,34,34],"floor_reached":25,"playtime":763,"items_purged":["Strike_B"],"score":496,"play_id":"1f4764ed-ca11-47c2-88f9-72036dd828af","local_time":"20210106220724","is_ascension_mode":true,"campfire_choices":[{"data":"Dualcast","floor":6.0,"key":"SMITH"},{"data":"Zap","floor":8.0,"key":"SMITH"},{"data":"Recycle","floor":12.0,"key":"SMITH"},{"data":"Sunder","floor":15.0,"key":"SMITH"},{"data":"Biased Cognition","floor":24.0,"key":"SMITH"}],"circlet_count":0,"master_deck":["AscendersBane","Strike_B","Strike_B","Defend_B","Defend_B+1","Defend_B+1","Zap+1","Dualcast+1","Sunder+1","Ball Lightning","Recycle+1","Echo Form","Ghostly","Ghostly","Ghostly","Defragment","White Noise","Core Surge","Biased Cognition+1","Hologram","BootSequence"],"relics":["Cracked Core","NeowsBlessing","keyreminder:keyreminder","Bag of Marbles","War Paint","Golden Idol","Cursed Key","Orrery","Gambling Chip"],"acts_visited":["Exordium","TheCity"],"potions_floor_usage":[25],"damage_taken":[{"damage":0.0,"enemies":"Small Slimes","floor":1.0,"turns":1.0},{"damage":0.0,"enemies":"Jaw Worm","floor":4.0,"turns":1.0},{"damage":0.0,"enemies":"Gremlin Nob","floor":11.0,"turns":1.0},{"damage":20.0,"enemies":"3 Sentries","floor":13.0,"turns":6.0},{"damage":40.0,"enemies":"Slime Boss","floor":16.0,"turns":9.0},{"damage":9.0,"enemies":"2 Thieves","floor":18.0,"turns":3.0},{"damage":7.0,"enemies":"Chosen","floor":21.0,"turns":5.0},{"damage":14.0,"enemies":"Book of Stabbing","floor":23.0,"turns":3.0},{"damage":0,"enemies":"Slavers","floor":25,"turns":1}],"seed_played":"-859958038218193928","potions_obtained":[{"floor":13.0,"key":"FocusPotion"},{"floor":18.0,"key":"FearPotion"}],"is_trial":false,"path_per_floor":["M","?","?","M","$","R","?","R","T","$","E","R","E","?","R","B",null,"M","?","?","M","$","E","R","E"],"character_chosen":"DEFECT","items_purchased":["Recycle","Orrery"],"campfire_rested":0,"item_purchase_floors":[10,22],"current_hp_per_floor":[64,57,57,57,57,57,62,62,62,62,62,62,42,42,42,2,52,43,34,34,27,27,13,13,13,13],"gold":34,"neow_bonus":"THREE_ENEMY_KILL","is_daily":false,"chose_seed":false,"campfire_upgraded":5,"win_rate":0.0,"timestamp":1609942044,"path_taken":["M","?","?","M","$","R","?","R","T","$","E","R","E","?","R","BOSS","M","?","?","M","?","E","R","E"],"items_purchased_type":["Card","Relic"],"build_version":"2020-11-30","purchased_purges":1,"victory":false,"max_hp_per_floor":[71,71,71,71,71,71,76,76,76,76,76,76,76,69,69,69,69,69,34,34,34,34,34,34,34,34],"relic_stats":{"counters":[9,30],"Golden Idol":34,"Gambling Chip":[4],"War Paint":["Defend_B","Defend_B"],"Cursed Key":0,"obtain_stats":[{"keyreminder:keyreminder":9,"NeowsBlessing":0,"Golden Idol":14,"Gambling Chip":23,"Orrery":22,"Bag of Marbles":11,"War Paint":13,"Cracked Core":0,"Cursed Key":17},{"keyreminder:keyreminder":2,"NeowsBlessing":0,"Golden Idol":4,"Gambling Chip":8,"Orrery":7,"Bag of Marbles":3,"War Paint":4,"Cracked Core":0,"Cursed Key":5},{"keyreminder:keyreminder":2,"NeowsBlessing":0,"Golden Idol":9,"Gambling Chip":29,"Orrery":26,"Bag of Marbles":3,"War Paint":9,"Cracked Core":0,"Cursed Key":18}]},"card_choices":[{"not_picked":["Conserve Battery","Hologram"],"picked":"Sunder","floor":1.0},{"not_picked":["Static Discharge","Darkness"],"picked":"Ball Lightning","floor":4.0},{"not_picked":["Double Energy","Static Discharge","Aggregate"],"picked":"SKIP","floor":11.0},{"not_picked":["Conserve Battery","Rebound","Steam"],"picked":"SKIP","floor":13.0},{"not_picked":["Thunder Strike","Amplify"],"picked":"Echo Form","floor":16.0},{"not_picked":["Gash","Go for the Eyes","Double Energy"],"picked":"SKIP","floor":18.0},{"not_picked":["Sweeping Beam","Gash"],"picked":"White Noise","floor":21.0},{"not_picked":["Cold Snap","Coolheaded"],"picked":"Core Surge","floor":22.0},{"not_picked":["Consume","Leap"],"picked":"Biased Cognition","floor":22.0},{"not_picked":["Double Energy","FTL"],"picked":"Hologram","floor":22.0},{"not_picked":["Aggregate","Recycle"],"picked":"BootSequence","floor":22.0},{"not_picked":["Static Discharge","Storm","Sweeping Beam"],"picked":"SKIP","floor":23.0}],"player_experience":787710,"relics_obtained":[{"floor":11.0,"key":"Bag of Marbles"},{"floor":13.0,"key":"War Paint"},{"floor":23.0,"key":"Gambling Chip"}],"event_choices":[{"cards_removed":["Strike_B"],"damage_healed":0.0,"max_hp_gain":0.0,"max_hp_loss":0.0,"gold_gain":0.0,"event_name":"Golden Wing","player_choice":"Card Removal","floor":2.0,"gold_loss":0.0,"damage_taken":7.0},{"cards_removed":["Defend_B"],"damage_healed":0.0,"max_hp_gain":0.0,"max_hp_loss":0.0,"gold_gain":0.0,"event_name":"The Cleric","player_choice":"Card Removal","floor":3.0,"gold_loss":75.0,"damage_taken":0.0},{"damage_healed":0.0,"max_hp_gain":5.0,"max_hp_loss":0.0,"gold_gain":0.0,"event_name":"Big Fish","player_choice":"Donut","floor":7.0,"gold_loss":0.0,"damage_taken":0.0},{"damage_healed":0.0,"max_hp_gain":0.0,"max_hp_loss":7.0,"gold_gain":0.0,"event_name":"Golden Idol","player_choice":"Lose Max HP","floor":14.0,"gold_loss":0.0,"damage_taken":0.0,"relics_obtained":["Golden Idol"]},{"damage_healed":0.0,"max_hp_gain":0.0,"max_hp_loss":35.0,"gold_gain":0.0,"event_name":"Ghosts","player_choice":"Became a Ghost","floor":19.0,"gold_loss":0.0,"damage_taken":0.0,"cards_obtained":["Ghostly","Ghostly","Ghostly"]},{"damage_healed":0.0,"max_hp_gain":0.0,"max_hp_loss":0.0,"gold_gain":0.0,"event_name":"The Library","player_choice":"Read","floor":20.0,"gold_loss":0.0,"damage_taken":0.0,"cards_obtained":["Defragment"]}],"is_beta":false,"boss_relics":[{"not_picked":["Black Star","Pandora\u0027s Box"],"picked":"Cursed Key"}],"items_purged_floors":[22],"is_endless":false,"potions_floor_spawned":[13,18,21],"killed_by":"Slavers","ascension_level":20}}