{"host":"qgrlfjrqk9z96gfi","time":1609912987,"event":{"mods":["BaseMod","Block Reminder","Colored Map","DeckTracker","Minty Spire (QoL Compilation)"],"gold_per_floor":[116,132,132,147,1,32,207,207,207,234,234,245,257,309,309,406,406,421,431,446,446,9,34,34,34,34,34,67,67,67,67,67,169,169,184,204,204,60,72,97,97,127,127,127,158,169,201,201,201,201],"floor_reached":51,"playtime":1757,"items_purged":["Strike_G","Strike_G"],"score":926,"play_id":"e2731f23-3770-4583-90b9-e9b049bb55ab","local_time":"20210105200307","is_ascension_mode":true,"campfire_choices":[{"data":"Deadly Poison","floor":8.0,"key":"SMITH"},{"floor":11.0,"key":"REST"},{"data":"Poisoned Stab","floor":15.0,"key":"SMITH"},{"data":"Catalyst","floor":24.0,"key":"SMITH"},{"data":"Bouncing Flask","floor":27.0,"key":"SMITH"},{"data":"Die Die Die","floor":30.0,"key":"SMITH"},{"data":"Terror","floor":32.0,"key":"SMITH"},{"data":"Bullet Time","floor":41,"key":"SMITH"},{"data":"Neutralize","floor":44,"key":"SMITH"},{"data":"Acrobatics","floor":49,"key":"SMITH"}],"circlet_count":0,"master_deck":["Strike_G","Defend_G","Defend_G","Defend_G","Defend_G","Defend_G","Survivor","Neutralize+1","Deadly Poison+1","Terror+1","Dagger Spray","Skewer","Poisoned Stab+1","Die Die Die+1","Bane","Slice","After Image+1","PiercingWail","Finisher","Backstab+1","Footwork+1","Noxious Fumes+1","Catalyst+1","Bouncing Flask+1","Clumsy","Wraith Form v2+1","Accuracy+1","Bullet Time+1","Acrobatics+1","Wraith Form v2+1","Prepared+1","Cloak And Dagger+1","Well Laid Plans+1"],"relics":["Ring of the Snake","Frozen Egg 2","HornCleat","InkBottle","Snake Skull","Cursed Key","PreservedInsect","Pear","Eternal Feather","Tiny Chest","Black Star","DollysMirror","Pantograph","Toy Ornithopter","Dream Catcher","Ice Cream","Paper Crane","Ancient Tea Set","Lizard Tail","Oddly Smooth Stone"],"acts_visited":["Exordium","TheCity","TheBeyond"],"potions_floor_usage":[42,45,50,50,50],"damage_taken":[{"damage":0.0,"enemies":"Small Slimes","floor":1.0,"turns":4.0},{"damage":0.0,"enemies":"Cultist","floor":2.0,"turns":3.0},{"damage":3.0,"enemies":"2 Louse","floor":4.0,"turns":3.0},{"damage":22.0,"enemies":"Gremlin Nob","floor":6.0,"turns":4.0},{"damage":13.0,"enemies":"3 Sentries","floor":10.0,"turns":10.0},{"damage":5.0,"enemies":"Large Slime","floor":12.0,"turns":5.0},{"damage":0.0,"enemies":"Looter","floor":13.0,"turns":2.0},{"damage":23.0,"enemies":"Hexaghost","floor":16.0,"turns":9.0},{"damage":12.0,"enemies":"2 Thieves","floor":18.0,"turns":4.0},{"damage":0.0,"enemies":"3 Byrds","floor":19.0,"turns":4.0},{"damage":12.0,"enemies":"Centurion and Healer","floor":20.0,"turns":6.0},{"damage":4.0,"enemies":"Book of Stabbing","floor":23.0,"turns":3.0},{"damage":3.0,"enemies":"Gremlin Leader","floor":28.0,"turns":5.0},{"damage":3.0,"enemies":"Collector","floor":33.0,"turns":5.0},{"damage":1.0,"enemies":"3 Shapes","floor":35.0,"turns":3.0},{"damage":0.0,"enemies":"Orb Walker","floor":36.0,"turns":4.0},{"damage":0,"enemies":"Writhing Mass","floor":39,"turns":7},{"damage":31,"enemies":"Giant Head","floor":40,"turns":7},{"damage":0,"enemies":"Nemesis","floor":42,"turns":3},{"damage":3,"enemies":"Giant Head","floor":45,"turns":5},{"damage":3,"enemies":"Sphere and 2 Shapes","floor":46,"turns":7},{"damage":0,"enemies":"Reptomancer","floor":47,"turns":6},{"damage":16,"enemies":"Donu and Deca","floor":50,"turns":7}],"seed_played":"-7690498117427032261","potions_obtained":[{"floor":4.0,"key":"Energy Potion"},{"floor":12.0,"key":"Explosive Potion"},{"floor":16.0,"key":"SkillPotion"},{"floor":20.0,"key":"Strength Potion"},{"floor":28.0,"key":"AttackPotion"},{"floor":36,"key":"DistilledChaos"},{"floor":42,"key":"DistilledChaos"},{"floor":47,"key":"SkillPotion"}],"is_trial":false,"path_per_floor":["M","M","?","M","$","E","?","R","T","E","R","M","M","T","R","B",null,"M","M","M","?","$","E","R","?","T","R","E","?","R","?","R","B",null,"M","M","?","$","M","E","R","E","T","R","E","M","E","T","R","B",null],"character_chosen":"THE_SILENT","items_purchased":["Skewer","PreservedInsect","Noxious Fumes+1","Catalyst","Bouncing Flask","DollysMirror"],"campfire_rested":1,"item_purchase_floors":[5,22,22,22,22,38],"current_hp_per_floor":[70,70,70,67,67,45,45,45,45,32,53,48,48,48,48,25,70,58,58,46,46,46,52,52,52,52,67,64,64,79,79,80,77,80,79,79,79,79,79,48,66,71,71,80,80,77,77,77,80,76],"gold":201,"neow_bonus":"ONE_RANDOM_RARE_CARD","is_daily":false,"chose_seed":false,"campfire_upgraded":9,"win_rate":0.0,"timestamp":1609912987,"path_taken":["M","M","?","M","?","E","?","R","T","E","R","M","M","?","R","BOSS","M","M","M","?","$","E","R","?","T","R","E","?","R","?","R","BOSS","M","M","?","$","M","E","R","E","T","R","E","M","E","?","R","BOSS"],"items_purchased_type":["Card","Relic","Card","Card","Card","Relic"],"build_version":"2020-12-22","purchased_purges":2,"victory":true,"max_hp_per_floor":[70,70,70,70,70,70,70,70,70,70,70,70,70,70,70,70,70,70,70,70,70,70,80,80,80,80,80,80,80,80,80,80,80,80,80,80,80,80,80,80,80,80,80,80,80,80,80,80,80,80],"card_choices":[{"not_picked":["Heel Hook","Bane"],"picked":"Deadly Poison","floor":1.0},{"not_picked":["Dagger Throw","Flying Knee"],"picked":"Terror","floor":2.0},{"not_picked":["PiercingWail","Backflip"],"picked":"Dagger Spray","floor":4.0},{"not_picked":["Underhanded Strike","Quick Slash"],"picked":"Poisoned Stab","floor":6.0},{"not_picked":["Cloak And Dagger","Endless Agony"],"picked":"Die Die Die","floor":10.0},{"not_picked":["Dagger Throw","Cloak And Dagger"],"picked":"Bane","floor":12.0},{"not_picked":["Underhanded Strike","Outmaneuver"],"picked":"Slice","floor":13.0},{"not_picked":["Burst","Storm of Steel"],"picked":"After Image+1","floor":16.0},{"not_picked":["Accuracy+1","Deadly Poison+1"],"picked":"PiercingWail","floor":18.0},{"not_picked":["Masterful Stab+1","Deadly Poison+1"],"picked":"Finisher","floor":19.0},{"not_picked":["Terror","Deadly Poison"],"picked":"Backstab+1","floor":20.0},{"not_picked":["Underhanded Strike+1","Cloak And Dagger","Dodge and Roll"],"picked":"SKIP","floor":23.0},{"not_picked":["Infinite Blades+1","Slice"],"picked":"Wraith Form v2+1","floor":28.0},{"not_picked":["Envenom+1","Unload"],"picked":"Bullet Time","floor":33.0},{"not_picked":["Slice","Setup","Quick Slash+1"],"picked":"SKIP","floor":35.0},{"not_picked":["Dagger Throw","PiercingWail"],"picked":"Acrobatics","floor":36},{"not_picked":["Slice","Acrobatics"],"picked":"Prepared+1","floor":39},{"not_picked":["Bullet Time","Endless Agony+1"],"picked":"Cloak And Dagger+1","floor":40},{"not_picked":["Caltrops+1","Cloak And Dagger+1","Reflex"],"picked":"SKIP","floor":42},{"not_picked":["Backstab+1","Underhanded Strike"],"picked":"Well Laid Plans+1","floor":45},{"not_picked":["Cloak And Dagger","Expertise","PiercingWail"],"picked":"SKIP","floor":46},{"not_picked":["Terror","Underhanded Strike","Prepared"],"picked":"SKIP","floor":47}],"player_experience":972271,"relics_obtained":[{"floor":6.0,"key":"Frozen Egg 2"},{"floor":9.0,"key":"HornCleat"},{"floor":10.0,"key":"InkBottle"},{"floor":14.0,"key":"Snake Skull"},{"floor":23.0,"key":"Pear"},{"floor":26.0,"key":"Eternal Feather"},{"floor":28.0,"key":"Tiny Chest"},{"floor":40,"key":"Pantograph"},{"floor":40,"key":"Toy Ornithopter"},{"floor":42,"key":"Dream Catcher"},{"floor":42,"key":"Ice Cream"},{"floor":45,"key":"Paper Crane"},{"floor":45,"key":"Ancient Tea Set"},{"floor":47,"key":"Lizard Tail"},{"floor":47,"key":"Oddly Smooth Stone"}],"event_choices":[{"cards_removed":["Bullet Time"],"damage_healed":0.0,"max_hp_gain":0.0,"max_hp_loss":0.0,"gold_gain":0.0,"event_name":"Purifier","player_choice":"Purged","floor":3.0,"gold_loss":0.0,"damage_taken":0.0},{"damage_healed":0.0,"max_hp_gain":0.0,"max_hp_loss":0.0,"gold_gain":175.0,"event_name":"Liars Game","player_choice":"AGREE","floor":7.0,"gold_loss":0.0,"damage_taken":0.0,"cards_obtained":["Doubt"]},{"damage_healed":0.0,"max_hp_gain":0.0,"max_hp_loss":0.0,"gold_gain":0.0,"event_name":"The Library","player_choice":"Read","floor":21.0,"gold_loss":0.0,"damage_taken":0.0,"cards_obtained":["Footwork"]},{"damage_healed":0.0,"max_hp_gain":0.0,"max_hp_loss":0.0,"gold_gain":0.0,"event_name":"The Mausoleum","player_choice":"Ignored","floor":25.0,"gold_loss":0.0,"damage_taken":0.0},{"damage_healed":0.0,"max_hp_gain":0.0,"max_hp_loss":0.0,"gold_gain":0.0,"cards_transformed":["Strike_G","Strike_G"],"event_name":"Drug Dealer","player_choice":"Became Test Subject","floor":29.0,"gold_loss":0.0,"damage_taken":0.0,"cards_obtained":["Accuracy","Dagger Throw"]},{"cards_removed":["Doubt"],"damage_healed":0.0,"max_hp_gain":0.0,"max_hp_loss":0.0,"gold_gain":0.0,"event_name":"Back to Basics","player_choice":"Elegance","floor":31.0,"gold_loss":0.0,"damage_taken":0.0},{"cards_removed":["Dagger Throw"],"damage_healed":0,"gold_gain":0,"player_choice":"Removed Attack","damage_taken":0,"max_hp_gain":0,"max_hp_loss":0,"event_name":"Falling","floor":37,"gold_loss":0}],"is_beta":false,"boss_relics":[{"not_picked":["SacredBark","Fusion Hammer"],"picked":"Cursed Key"},{"not_picked":["Sozu","Snecko Eye"],"picked":"Black Star"}],"items_purged_floors":[5,22],"is_endless":false,"potions_floor_spawned":[4,12,16,20,28,36,42,47],"ascension_level":1}}