{"host":"x205naxbihvu3p76","time":1609935170,"event":{"mods":["AchievementEnabler","BaseMod","Minty Spire (QoL Compilation)","StSLib","SuperFastMode"],"gold_per_floor":[112,36,36,111,121,121,121,133,133,58,84,117,130,143,143,215,215,227,241,241,90,90,90,90,105,131,146,146,146,146,146,146],"floor_reached":31,"playtime":654,"items_purged":["Parasite","Strike_B"],"score":493,"play_id":"332ec0d6-4c19-4edd-b015-2cadce2f34ef","local_time":"20210106211250","is_ascension_mode":true,"campfire_choices":[{"data":"Sunder","floor":6.0,"key":"SMITH"},{"data":"Rainbow","floor":15.0,"key":"SMITH"},{"data":"Defragment","floor":23.0,"key":"SMITH"},{"floor":28.0,"key":"REST"},{"data":"Genetic Algorithm","floor":30.0,"key":"SMITH"}],"circlet_count":0,"master_deck":["AscendersBane","Strike_B","Defend_B","Defend_B","Defend_B","Zap","Dualcast","Steam","Self Repair","Sunder+1","Loop","Chill","Rainbow+1","Genetic Algorithm+1","Core Surge","Conserve Battery","Defragment+1","Cold Snap"],"relics":["Cracked Core","Torii","Toy Ornithopter","DataDisk","Inserter","Juzu Bracelet"],"acts_visited":["Exordium","TheCity"],"potions_floor_usage":[31],"damage_taken":[{"damage":7.0,"enemies":"Cultist","floor":1.0,"turns":4.0},{"damage":6.0,"enemies":"2 Louse","floor":5.0,"turns":2.0},{"damage":7.0,"enemies":"Jaw Worm","floor":8.0,"turns":2.0},{"damage":17.0,"enemies":"Lagavulin","floor":12.0,"turns":7.0},{"damage":11.0,"enemies":"Exordium Wildlife","floor":13.0,"turns":5.0},{"damage":1.0,"enemies":"Blue Slaver","floor":14.0,"turns":3.0},{"damage":19.0,"enemies":"Slime Boss","floor":16.0,"turns":10.0},{"damage":15.0,"enemies":"Shell Parasite","floor":18.0,"turns":7.0},{"damage":16.0,"enemies":"Spheric Guardian","floor":19.0,"turns":6.0},{"damage":1.0,"enemies":"Snecko","floor":25.0,"turns":7.0},{"damage":31.0,"enemies":"Shelled Parasite and Fungi","floor":27.0,"turns":7.0},{"damage":0.0,"enemies":"Book of Stabbing","floor":29.0,"turns":1.0},{"damage":67,"enemies":"Gremlin Leader","floor":31,"turns":7}],"seed_played":"-7717587971057926269","potions_obtained":[{"floor":1.0,"key":"SteroidPotion"},{"floor":8.0,"key":"Strength Potion"},{"floor":14.0,"key":"FocusPotion"},{"floor":16.0,"key":"SteroidPotion"},{"floor":25.0,"key":"SmokeBomb"}],"is_trial":false,"path_per_floor":["M","$","$","?","M","R","?","M","T","$","T","E","M","M","R","B",null,"M","M","?","$","?","R","$","M","T","M","R","E","R","E"],"character_chosen":"DEFECT","items_purchased":["Sunder","Cold Snap"],"campfire_rested":1,"item_purchase_floors":[2,21],"current_hp_per_floor":[64,64,64,53,54,54,54,47,47,47,47,37,33,39,39,32,59,51,42,42,42,42,42,42,48,48,24,44,49,49,0,0],"gold":146,"neow_bonus":"TRANSFORM_TWO_CARDS","is_daily":false,"chose_seed":false,"campfire_upgraded":4,"win_rate":0.0,"timestamp":1609935170,"path_taken":["M","?","$","?","M","R","?","M","T","$","?","E","M","M","R","BOSS","M","M","?","$","?","R","?","M","T","M","R","E","R","E"],"items_purchased_type":["Card","Card"],"build_version":"2020-12-22","purchased_purges":2,"victory":false,"max_hp_per_floor":[71,71,71,71,71,71,71,71,71,68,68,68,68,68,68,68,68,68,68,68,68,68,68,68,68,68,68,68,68,68,68,68],"card_choices":[{"not_picked":["Stack","Conserve Battery","Recycle"],"picked":"SKIP","floor":1.0},{"not_picked":["Self Repair","Heatsinks","Coolheaded"],"picked":"SKIP","floor":5.0},{"not_picked":["Recycle","Conserve Battery"],"picked":"Chill","floor":8.0},{"not_picked":["Lockon","Ball Lightning"],"picked":"Rainbow","floor":12.0},{"not_picked":["Leap","Compile Driver","Gash"],"picked":"SKIP","floor":13.0},{"not_picked":["Leap","Compile Driver","Gash"],"picked":"SKIP","floor":13.0},{"not_picked":["Hologram","Rebound"],"picked":"Genetic Algorithm","floor":14.0},{"not_picked":["Creative AI","Hyperbeam"],"picked":"Core Surge","floor":16.0},{"not_picked":["Skim","Rebound+1"],"picked":"Conserve Battery","floor":18.0},{"not_picked":["Ball Lightning","Steam"],"picked":"Defragment","floor":19.0},{"not_picked":["Steam","Go for the Eyes","Hologram"],"picked":"SKIP","floor":25.0},{"not_picked":["Coolheaded","Redo","Fission"],"picked":"SKIP","floor":27.0}],"player_experience":948470,"relics_obtained":[{"floor":9.0,"key":"Torii"},{"floor":11.0,"key":"Toy Ornithopter"},{"floor":12.0,"key":"DataDisk"},{"floor":26.0,"key":"Juzu Bracelet"}],"event_choices":[{"damage_healed":0.0,"max_hp_gain":0.0,"max_hp_loss":0.0,"gold_gain":75.0,"event_name":"World of Goop","player_choice":"Gather Gold","floor":4.0,"gold_loss":0.0,"damage_taken":11.0},{"damage_healed":0.0,"max_hp_gain":0.0,"max_hp_loss":0.0,"gold_gain":0.0,"cards_transformed":["Strike_B"],"event_name":"Living Wall","player_choice":"Change","floor":7.0,"gold_loss":0.0,"damage_taken":0.0,"cards_obtained":["Loop"]},{"damage_healed":0.0,"max_hp_gain":0.0,"max_hp_loss":0.0,"gold_gain":0.0,"event_name":"Ghosts","player_choice":"Ignored","floor":20.0,"gold_loss":0.0,"damage_taken":0.0},{"damage_healed":0.0,"max_hp_gain":0.0,"max_hp_loss":0.0,"gold_gain":0.0,"event_name":"Cursed Tome","player_choice":"Ignored","floor":22.0,"gold_loss":0.0,"damage_taken":0.0}],"is_beta":false,"boss_relics":[{"not_picked":["Ectoplasm","Tiny House"],"picked":"Inserter"}],"items_purged_floors":[10,21],"is_endless":false,"potions_floor_spawned":[1,8,14,16,25,29],"killed_by":"Gremlin Leader","ascension_level":19}}