{"host":"ft2xazkv7v30fddt","time":1609950596,"event":{"mods":["AchievementEnabler","Act Like it!","Aspiration","Astrologer","Bard","BaseMod","Better Altar","Better Match","Better Note","Better Sensory Stone","Better Skull","CapriCore","Chen","Colored Powertips","Downfall","Energized Spire","Gensokyo","GifTheSpireLib","Gremlin Mod","Hermit","Hubris","Infinite Spire","KinomotoSakuraMod(????)","Koishi","Marisa????????","Minty Spire (QoL Compilation)","Pale of the Ancients","Permanent Neow","Potionbrewer","Prisma Mod","Replay The Spire","StSLib","Stuff the Spire","The Blackbeard","The Bladedancer","The Construct","The Cursed","The Forsaken","The Gatherer","The Hayseed","The Immortal","The Runesmith","The Servant 0.9.4","The Showman","The Vixen","TheArtist","TheSwordswoman","Wandering Minibosses","thorton","vexMod"],"gold_per_floor":[114,114,114,39,50,77,77,77,77,106,106,131,77,194,194,269,219,452,452,452,468,418,418,428,428,451,451,500,513,513,527,527,603,603,615,615,745,765,403,437,437,347,347,347,347,393,105,138,138,138,138,156,0,0,0,0,19,19,19,19,19],"floor_reached":62,"playtime":2519,"items_purged":["StuffTheSpire:CuriosityCurse","Chen:Strike","Chen:Strike"],"score":3432,"play_id":"6d235b1b-56e6-4e16-81ec-537f9661e545","local_time":"20210107002956","is_ascension_mode":true,"campfire_choices":[{"data":"Chen:ShikigamiForm","floor":8,"key":"SMITH"},{"data":"Chen:GlitterPoke","floor":11,"key":"SMITH"},{"data":"Chen:Possession","floor":15,"key":"SMITH"},{"data":"Chen:Nimbleness","floor":23,"key":"SMITH"},{"floor":25,"key":"REST"},{"data":"Chen:Recuperate","floor":27,"key":"SMITH"},{"data":"Chen:Salvo","floor":30,"key":"SMITH"},{"floor":32,"key":"DIG"},{"floor":41,"key":"REST"},{"data":"Chen:MeditateFrenzy","floor":44,"key":"SMITH"},{"data":"Replay:SS_hec_2","floor":49,"key":"SMITH"},{"data":"Chen:PhoenixWings","floor":56,"key":"SMITH"},{"data":"Chen:Shapeshift","floor":58,"key":"SMITH"}],"circlet_count":0,"master_deck":["AscendersBane","Chen:Strike","Chen:Strike","Chen:Strike+1","Chen:Defend","Chen:Defend","Chen:Defend","Chen:Defend","Chen:GlitterPoke+1","Chen:ShikigamiForm+1","Chen:Spray","Chen:Possession+1","Chen:Shapeshift+1","Chen:Exploit","Chen:Recuperate+1","Chen:Nimbleness+1","Chen:Strike","ReplayTheSpireMod:Chaos Vortex+1","Chen:Copycat+1","Chen:Salvo+1","Chen:PhoenixWings+1","Chen:PhoenixEgg","Chen:MeditateFrenzy+1","Gensokyo:CustomPotion","Replay:SS_hec_2+1"],"relics":["Chen:Catnip","construct:FoamFinger","Replay:Rubber Ducky","Happy Flower","hubris:Metronome","Boot","Question Card","energizedSpire:HugeHouse","Blue Doll","StuffTheSpire:Mouthbags","hubris:TenFootPole","construct:ClawGrip","Oddly Smooth Stone","Art of War","Juzu Bracelet","wanderingMiniBosses:LockLocket","StuffTheSpire:ForceGauntlet","Quantum Egg","potionbrewer:WarMedal","aspiration:HiddenCompartment","Guardian:PocketSentry","Pet Ghost","paleoftheancients:Timepiece","Gremlin Horn","CultistMask","paleoftheancients:SoulOfTheWatcher","StuffTheSpire:Barrel","potionbrewer:SlideRule"],"acts_visited":["Gensokyo:Gensokyo","Gensokyo:Gensokyoer","Gensokyo:Gensokyoest","paleoftheancients:PaleOfTheAncients"],"potions_floor_usage":[6,10,12,16,37,40,61],"damage_taken":[{"damage":12,"enemies":"Gensokyo:Gryphon","floor":1,"turns":4},{"damage":0,"enemies":"Gensokyo:2_Kodama","floor":5,"turns":3},{"damage":1,"enemies":"Gensokyo:Aya","floor":6,"turns":5},{"damage":0,"enemies":"Gensokyo:Cirno","floor":10,"turns":6},{"damage":0,"enemies":"Gensokyo:Aya","floor":12,"turns":5},{"damage":0,"enemies":"Gensokyo:3_Fairies","floor":14,"turns":8},{"damage":0,"enemies":"Gensokyo:Kokoro","floor":16,"turns":9},{"damage":10,"enemies":"Gensokyo:Chomper","floor":18,"turns":6},{"damage":0,"enemies":"Gensokyo:3_Dogs","floor":21,"turns":3},{"damage":4,"enemies":"Gensokyo:Slime_Group","floor":24,"turns":6},{"damage":7,"enemies":"Gensokyo:Mirror_and_Dog","floor":29,"turns":4},{"damage":0,"enemies":"Gensokyo:Wraith","floor":31,"turns":3},{"damage":0,"enemies":"Gensokyo:Eternal_Rivals","floor":33,"turns":5},{"damage":0,"enemies":"Gensokyo:AncientGuardian","floor":35,"turns":5},{"damage":0,"enemies":"Gensokyo:3_Boulders","floor":37,"turns":4},{"damage":0,"enemies":"Gensokyo:SeedOfUnknown","floor":38,"turns":4},{"damage":10,"enemies":"Gensokyo:Kasen","floor":40,"turns":4},{"damage":0,"enemies":"Gensokyo:Doremy","floor":48,"turns":4},{"damage":0,"enemies":"Gensokyo:Yuyuko","floor":50,"turns":5},{"damage":0,"enemies":"Gensokyo:Scarlet_Devils","floor":51,"turns":6},{"damage":0,"enemies":"Gensokyo:Scarlet_Devils","floor":52,"turns":5},{"damage":84,"enemies":"Gensokyo:Scarlet_Devils","floor":53,"turns":7},{"damage":0,"enemies":"Gensokyo:Scarlet_Devils","floor":57,"turns":3},{"damage":0,"enemies":"paleoftheancients:N","floor":61,"turns":5}],"seed_played":"5770862984187708840","potions_obtained":[{"floor":1,"key":"hexamod:EctoCoolerPotion"},{"floor":2,"key":"GamblersBrew"},{"floor":6,"key":"SteroidPotion"},{"floor":12,"key":"AttackPotion"},{"floor":16,"key":"GamblersBrew"},{"floor":21,"key":"Dexterity Potion"},{"floor":24,"key":"Elixir"},{"floor":33,"key":"infinitespire:BlackPotion"},{"floor":38,"key":"LifebloodPotion"},{"floor":40,"key":"Adrenaline Potion"}],"is_trial":false,"path_per_floor":["M","?","?","$","M","E","?","R","T","E","R","E","COS","M","R","B",null,"M","?","?","M","?","R","M","R","T","R","T","M","R","M","R","B",null,"M","?","M","M","$","E","R","?","T","R","?","T","$","E","R","B","B","M","M","?","T","R","M","R","T","?","B",null],"character_chosen":"CHEN","items_purchased":["StuffTheSpire:ForceGauntlet","Guardian:PocketSentry"],"campfire_rested":2,"item_purchase_floors":[39,47],"current_hp_per_floor":[47,47,47,47,47,46,46,46,46,46,46,46,46,46,46,46,57,47,32,32,32,39,39,35,55,55,55,55,48,48,48,48,48,62,62,35,35,35,35,25,45,45,45,45,45,45,45,45,45,45,62,65,67,67,67,67,67,67,67,67,67],"gold":19,"neow_bonus":"ONE_RANDOM_RARE_CARD","is_daily":false,"chose_seed":false,"campfire_upgraded":10,"win_rate":0.0,"timestamp":1609950596,"path_taken":["M","?","?","?","?","E","?","R","T","E","R","E","COS","M","R","BOSS","M","?","?","M","?","R","M","R","T","R","?","?","R","M","R","BOSS","M","?","M","M","$","E","R","?","T","R","?","?","?","E","R","BOSS","BOSS","M","M","?","T","R","M","R","T","?","BOSS"],"items_purchased_type":["Relic","Relic"],"build_version":"2020-12-22","purchased_purges":3,"victory":true,"max_hp_per_floor":[65,65,65,65,65,65,65,65,65,65,65,65,65,65,65,65,60,60,60,60,60,67,67,67,67,67,67,67,67,67,67,67,67,67,67,67,67,67,67,67,67,67,67,67,67,67,67,67,67,67,67,67,67,67,67,67,67,67,67,67,67],"card_choices":[{"not_picked":["Chen:Adaptability","Chen:Panic","Chen:Instinct"],"picked":"SKIP","floor":1},{"not_picked":["Chen:Scratch","Chen:Shot"],"picked":"Chen:Spray","floor":5},{"not_picked":["Chen:BlueOniRedOni","Chen:Catseye"],"picked":"Chen:Possession","floor":6},{"not_picked":["Chen:PentagramFlight","Chen:Scratch"],"picked":"Chen:Shapeshift","floor":10},{"not_picked":["Chen:EvasiveFireShift","Chen:Assault"],"picked":"Chen:Exploit","floor":12},{"not_picked":["Chen:RecklessLeap","Chen:Sidestep","Chen:Shot"],"picked":"Chen:Recuperate","floor":14},{"not_picked":["Chen:RapidfireEvasive","Chen:CurlUp","Chen:Stability"],"picked":"Chen:Nimbleness","floor":16},{"not_picked":["Chen:Instinct","Chen:Sneak+1","Chen:Sidestep","Chen:Deceitful"],"picked":"SKIP","floor":18},{"not_picked":["infinitespire:Punishment","Replay:Fractal Strike"],"picked":"ReplayTheSpireMod:Chaos Vortex","floor":19},{"not_picked":["Chen:Sweep","Chen:Scratch","Chen:Recuperate"],"picked":"Chen:Copycat+1","floor":21},{"not_picked":["Chen:Adaptability","Chen:Impale","Chen:Knockout","Chen:Sweep"],"picked":"SKIP","floor":24},{"not_picked":["Chen:Spray+1","Chen:Sidestep+1","Chen:TauntHiss+1","Chen:RecklessLeap"],"picked":"SKIP","floor":29},{"not_picked":["Chen:Unpredictable","Chen:CatPunch","Chen:Recuperate","Chen:Honk"],"picked":"SKIP","floor":31},{"not_picked":["Chen:PhoenixEgg","Chen:Gash","Chen:RapidfireEvasive"],"picked":"Chen:PhoenixWings","floor":33},{"not_picked":["Chen:Mixup","Chen:Scratch","Chen:CatPunch","Chen:Sneak"],"picked":"SKIP","floor":35},{"not_picked":["Chen:Shot","Chen:Sneak","Chen:Instinct","Chen:TauntHiss"],"picked":"SKIP","floor":37},{"not_picked":["Chen:Barrier","Chen:Unpredictable","Chen:Panic"],"picked":"Chen:PhoenixEgg","floor":38},{"not_picked":["Chen:PentagramFlight","Chen:Adaptability+1","Chen:Shot+1"],"picked":"Chen:MeditateFrenzy","floor":40},{"not_picked":["expansioncontent:ChargeUp","expansioncontent:AwakenDeath","hubris:EnhanceAbility"],"picked":"Secret Technique","floor":45},{"not_picked":["HandOfGreed","Replay:SS_hec_1","vexMod:EmailVexCard"],"picked":"Replay:SS_hec_2","floor":45},{"not_picked":["Chen:Barrier","Chen:BlueOniRedOni","Chen:Flicker","Chen:Shot"],"picked":"SKIP","floor":48},{"not_picked":["Chen:CatPunch","Chen:Sweep","Chen:Tear","Chen:Adaptability"],"picked":"SKIP","floor":52},{"not_picked":["Chen:Scratch","Chen:Assault+1","Chen:Flit+1","Chen:SurpriseAttack"],"picked":"SKIP","floor":57}],"player_experience":1675198,"relics_obtained":[{"floor":6,"key":"Replay:Rubber Ducky"},{"floor":9,"key":"hubris:Metronome"},{"floor":10,"key":"Boot"},{"floor":12,"key":"Question Card"},{"floor":26,"key":"Blue Doll"},{"floor":28,"key":"StuffTheSpire:Mouthbags"},{"floor":32,"key":"hubris:TenFootPole"},{"floor":37,"key":"wanderingMiniBosses:LockLocket"},{"floor":40,"key":"Quantum Egg"},{"floor":43,"key":"potionbrewer:WarMedal"},{"floor":46,"key":"aspiration:HiddenCompartment"},{"floor":48,"key":"Pet Ghost"},{"floor":52,"key":"paleoftheancients:SoulOfTheWatcher"},{"floor":55,"key":"StuffTheSpire:Barrel"},{"floor":59,"key":"potionbrewer:SlideRule"}],"event_choices":[{"damage_healed":0,"gold_gain":0,"player_choice":"RE RE UP RE ","damage_taken":66,"relics_obtained":["Oddly Smooth Stone","Art of War","Juzu Bracelet"],"max_hp_gain":0,"max_hp_loss":0,"event_name":"betterSkull:BetterSkull","floor":36,"gold_loss":0,"cards_upgraded":["Chen:Strike"]},{"damage_healed":0,"gold_gain":3,"player_choice":"1","damage_taken":0,"max_hp_gain":0,"max_hp_loss":0,"event_name":"betterStone:BetterStone","floor":45,"gold_loss":0}],"is_beta":false,"boss_relics":[{"not_picked":["hubris:BlackHole","Replay:Drink Me"],"picked":"energizedSpire:HugeHouse"},{"not_picked":["StuffTheSpire:Kangaroo","ReplayTheSpireMod:SealedPack"],"picked":"construct:ClawGrip"}],"items_purged_floors":[4,39,47],"is_endless":false,"potions_floor_spawned":[1,6,12,16,21,24,33,35,38,40,52,53],"ascension_level":20}}