{"host":"95i1gxnztdrdyvhi","time":1609911911,"event":{"mods":["100% Spire Juice","AchievementEnabler","Act Like it!","BaseMod","Minty Spire (QoL Compilation)","Quick Restart","StSLib"],"gold_per_floor":[119,119,119,132,151,151,182,206,206,111,111,126,126,151,151,151,151],"floor_reached":16,"playtime":753,"items_purged":[],"score":104,"play_id":"cdb64e34-9ed4-451a-91aa-4ee840c626dc","local_time":"20210106054511","is_ascension_mode":false,"campfire_choices":[{"data":"Moonworks:Ambush","floor":6,"key":"SMITH"},{"data":"Moonworks:RedAndBlue","floor":11,"key":"SMITH"},{"data":"Moonworks:SakisCookie","floor":13,"key":"SMITH"},{"floor":15,"key":"RECALL"}],"circlet_count":0,"master_deck":["Moonworks:Strike","Moonworks:Strike","Moonworks:Strike","Moonworks:Defend","Moonworks:Defend","Moonworks:Defend","Moonworks:Defend","Moonworks:Ambush+1","Moonworks:LongDistanceShot","Moonworks:SakisCookie","Moonworks:RedAndBlue+1","Moonworks:ImOnFire","Moonworks:SakisCookie+1"],"relics":["Moonworks:BrokenBomb","Moonworks:Homemark","NeowsBlessing","Golden Idol","Strawberry"],"acts_visited":["Exordium"],"potions_floor_usage":[],"damage_taken":[{"damage":0,"enemies":"2 Louse","floor":1,"turns":1},{"damage":0,"enemies":"Small Slimes","floor":4,"turns":1},{"damage":0,"enemies":"Jaw Worm","floor":5,"turns":1},{"damage":35,"enemies":"3 Sentries","floor":7,"turns":9},{"damage":0,"enemies":"Exordium Thugs","floor":8,"turns":4},{"damage":3,"enemies":"Red Slaver","floor":10,"turns":3},{"damage":0,"enemies":"Blue Slaver","floor":12,"turns":3},{"damage":6,"enemies":"3 Louse","floor":14,"turns":3},{"damage":43,"enemies":"Hexaghost","floor":16,"turns":10}],"seed_played":"5082993003578646655","potions_obtained":[{"floor":5,"key":"EntropicBrew"},{"floor":8,"key":"AttackPotion"},{"floor":10,"key":"Explosive Potion"}],"is_trial":false,"path_per_floor":["M","?","?","M","M","R","E","M","T","M","R","M","R","M","R","B"],"character_chosen":"THE_STARBREAKER","items_purchased":[],"campfire_rested":0,"item_purchase_floors":[],"current_hp_per_floor":[60,60,45,45,45,45,19,23,23,24,24,28,28,28,28,0,0],"gold":151,"neow_bonus":"THREE_ENEMY_KILL","is_daily":false,"chose_seed":false,"campfire_upgraded":3,"win_rate":0.0,"timestamp":1609911911,"path_taken":["M","?","?","M","M","R","E","?","T","M","R","M","R","M","R","BOSS"],"items_purchased_type":[],"build_version":"2020-12-22","purchased_purges":0,"victory":false,"max_hp_per_floor":[60,60,60,60,60,60,67,67,67,67,67,67,67,67,67,67,67],"card_choices":[{"not_picked":["Moonworks:EvilSpyWorkPreparation","Moonworks:Heat300Percent"],"picked":"Moonworks:SakisCookie","floor":1},{"not_picked":["Moonworks:BindingChains","Moonworks:BigMagnum","Moonworks:Heat300Percent"],"picked":"SKIP","floor":4},{"not_picked":["Moonworks:ReproductionOfRecords","Moonworks:StiffCrystal"],"picked":"Moonworks:ImOnFire","floor":5},{"not_picked":["Moonworks:Dash","Moonworks:CompletionReward"],"picked":"Moonworks:SakisCookie","floor":7},{"not_picked":["Moonworks:Poppoformation","Moonworks:SakisCookie","Moonworks:CloudOfSeagulls"],"picked":"SKIP","floor":8},{"not_picked":["Moonworks:TreasureThief","Moonworks:SakisCookie","Moonworks:WindyEnchantment"],"picked":"SKIP","floor":10},{"not_picked":["Moonworks:ImOnFire","Moonworks:JonathanRush","Moonworks:CloudOfSeagulls"],"picked":"SKIP","floor":12},{"not_picked":["Moonworks:LulusLuckyEgg","Moonworks:EvilSpyWorkPreparation","Moonworks:Assault"],"picked":"SKIP","floor":14}],"player_experience":624708,"relics_obtained":[{"floor":7,"key":"Strawberry"}],"event_choices":[{"damage_healed":0,"gold_gain":0,"cards_transformed":["Moonworks:Strike"],"player_choice":"Change","damage_taken":0,"max_hp_gain":0,"max_hp_loss":0,"event_name":"Living Wall","floor":2,"gold_loss":0,"cards_obtained":["Moonworks:RedAndBlue"]},{"damage_healed":0,"gold_gain":0,"player_choice":"Take Damage","damage_taken":15,"relics_obtained":["Golden Idol"],"max_hp_gain":0,"max_hp_loss":0,"event_name":"Golden Idol","floor":3,"gold_loss":0}],"is_beta":false,"boss_relics":[],"items_purged_floors":[],"is_endless":false,"potions_floor_spawned":[5,8,10],"killed_by":"Hexaghost","ascension_level":0}}