{"host":"i0avyit1s6jb1siw","time":1609950004,"event":{"mods":["BaseMod","DeckTracker","Dota2Spire","Highlight Path","Minty Spire (QoL Compilation)","Quick Restart","StSLib","SuperFastMode"],"gold_per_floor":[109,109,184,184,202,234,234,234,234,264,284,296,296,308,308,383,383,396,419,344,360,380,380,380],"floor_reached":23,"playtime":355,"items_purged":["Strike_P"],"score":502,"play_id":"fc44d806-af1e-45ed-a2f8-bab0f9a5a128","local_time":"20210106172004","is_ascension_mode":true,"campfire_choices":[{"floor":7.0,"key":"REST"},{"floor":13.0,"key":"REST"},{"data":"Adaptation","floor":15.0,"key":"SMITH"}],"circlet_count":0,"master_deck":["AscendersBane","Strike_P","Strike_P","Defend_P","Defend_P","Defend_P","Eruption+1","Vigilance","DeusExMachina","FearNoEvil","Meditate","CarveReality","FlurryOfBlows","Adaptation+1","BowlingBash","Halt"],"relics":["PureWater","TeardropLocket","Sundial","InkBottle","Mercury Hourglass","Empty Cage","Orichalcum"],"acts_visited":["Exordium","TheCity"],"potions_floor_usage":[22],"damage_taken":[{"damage":0.0,"enemies":"2 Louse","floor":1.0,"turns":3.0},{"damage":0.0,"enemies":"Cultist","floor":5.0,"turns":3.0},{"damage":45.0,"enemies":"Lagavulin","floor":6.0,"turns":10.0},{"damage":22.0,"enemies":"3 Sentries","floor":10.0,"turns":6.0},{"damage":0.0,"enemies":"Jaw Worm","floor":11.0,"turns":3.0},{"damage":6.0,"enemies":"Looter","floor":12.0,"turns":3.0},{"damage":0.0,"enemies":"Large Slime","floor":14.0,"turns":3.0},{"damage":0.0,"enemies":"Slime Boss","floor":16.0,"turns":5.0},{"damage":9.0,"enemies":"2 Thieves","floor":18.0,"turns":2.0},{"damage":16.0,"enemies":"Shell Parasite","floor":21.0,"turns":3.0},{"damage":21,"enemies":"Snecko","floor":22,"turns":3},{"damage":5,"enemies":"Gremlin Leader","floor":23,"turns":2}],"seed_played":"4530960096068885672","potions_obtained":[{"floor":5.0,"key":"Dota2Spire:Clarity"},{"floor":11.0,"key":"BottledMiracle"},{"floor":12.0,"key":"FearPotion"},{"floor":22,"key":"PowerPotion"}],"is_trial":false,"path_per_floor":["M","?","?","?","M","E","R","T","T","E","M","M","R","M","R","B",null,"M","T","$","M","M","E"],"character_chosen":"WATCHER","items_purchased":[],"campfire_rested":2,"item_purchase_floors":[],"current_hp_per_floor":[61,61,50,55,55,10,31,31,31,9,9,3,24,24,24,24,61,52,52,52,36,15,10,10],"gold":380,"neow_bonus":"ONE_RANDOM_RARE_CARD","is_daily":false,"chose_seed":false,"campfire_upgraded":1,"win_rate":0.0,"timestamp":1609950004,"path_taken":["M","?","?","?","M","E","R","?","T","E","M","M","R","M","R","BOSS","M","?","$","M","M","E"],"items_purchased_type":[],"build_version":"2020-12-22","purchased_purges":1,"victory":false,"max_hp_per_floor":[68,68,68,73,73,73,73,73,73,73,73,73,73,73,73,73,73,73,73,73,73,73,73,73],"card_choices":[{"not_picked":["Evaluate","ThirdEye"],"picked":"FearNoEvil","floor":1.0},{"not_picked":["EmptyMind","ThirdEye"],"picked":"Meditate","floor":5.0},{"not_picked":["FlyingSleeves","Crescendo"],"picked":"CarveReality","floor":6.0},{"not_picked":["Crescendo","Evaluate"],"picked":"FlurryOfBlows","floor":10.0},{"not_picked":["WaveOfTheHand","ThirdEye"],"picked":"Adaptation","floor":11.0},{"not_picked":["Halt","Collect"],"picked":"BowlingBash","floor":12.0},{"not_picked":["Consecrate","Evaluate","DeusExMachina"],"picked":"SKIP","floor":14.0},{"not_picked":["Perseverance","Prostrate"],"picked":"Halt","floor":18.0},{"not_picked":["Prostrate","Crescendo","FlyingSleeves"],"picked":"SKIP","floor":21.0},{"not_picked":["Wireheading","Halt","DevaForm"],"picked":"SKIP","floor":22}],"player_experience":2177157,"relics_obtained":[{"floor":6.0,"key":"TeardropLocket"},{"floor":8.0,"key":"Sundial"},{"floor":9.0,"key":"InkBottle"},{"floor":10.0,"key":"Mercury Hourglass"},{"floor":19.0,"key":"Orichalcum"}],"event_choices":[{"damage_healed":0.0,"max_hp_gain":0.0,"max_hp_loss":0.0,"gold_gain":0.0,"event_name":"Living Wall","player_choice":"Grow","floor":2.0,"gold_loss":0.0,"damage_taken":0.0,"cards_upgraded":["Eruption"]},{"damage_healed":0.0,"max_hp_gain":0.0,"max_hp_loss":0.0,"gold_gain":75.0,"event_name":"World of Goop","player_choice":"Gather Gold","floor":3.0,"gold_loss":0.0,"damage_taken":11.0},{"damage_healed":0.0,"max_hp_gain":5.0,"max_hp_loss":0.0,"gold_gain":0.0,"event_name":"Big Fish","player_choice":"Donut","floor":4.0,"gold_loss":0.0,"damage_taken":0.0}],"is_beta":false,"boss_relics":[{"not_picked":["Ectoplasm","Sozu"],"picked":"Empty Cage"}],"items_purged_floors":[20],"is_endless":false,"potions_floor_spawned":[5,11,12,22],"killed_by":"Gremlin Leader","ascension_level":20}}