{"host":"873t0y8ybyo38pfq","time":1609970714,"event":{"mods":["BaseMod","Bestiary","Colored Map","Colored Powertips","Highlight Path","Minty Spire (QoL Compilation)","Quick Restart","RNG Fix","Rare Cards Sparkle","Relic Stats","StSLib"],"gold_per_floor":[113,127,141,152,162,162,188,188,188,20,70,13,94,108,108,186,186,198,198,44,44,44,44,44,44,92,125,142,142,57,57,57,57,57],"floor_reached":33,"playtime":1823,"items_purged":["Strike_B"],"score":547,"play_id":"61da95b3-e60b-4b47-b4ff-814b9faa602b","local_time":"20210106170514","is_ascension_mode":true,"campfire_choices":[{"data":"Rip and Tear","floor":6,"key":"SMITH"},{"floor":15,"key":"REST"},{"data":"Biased Cognition","floor":23,"key":"SMITH"},{"data":"Self Repair","floor":24,"key":"SMITH"},{"data":"Seek","floor":25,"key":"SMITH"},{"floor":29,"key":"REST"},{"data":"Multi-Cast","floor":32,"key":"SMITH"}],"circlet_count":0,"master_deck":["AscendersBane","Defend_B","Defend_B","Defend_B","Defend_B","Zap","Dualcast","Compile Driver","Self Repair+1","Rip and Tear+1","Glacier","BootSequence","Doom and Gloom","Core Surge","Seek+1","Biased Cognition+1","Multi-Cast+1","White Noise","Bite","Bite","Bite","Bite","Bite"],"relics":["Cracked Core","NeowsBlessing","WingedGreaves","ClockworkSouvenir","HornCleat","Sozu","Nloth\u0027s Gift","Pen Nib","Art of War","Pantograph"],"acts_visited":["Exordium","TheCity"],"potions_floor_usage":[16,16],"damage_taken":[{"damage":0,"enemies":"Jaw Worm","floor":1,"turns":1},{"damage":0,"enemies":"Small Slimes","floor":2,"turns":1},{"damage":0,"enemies":"2 Louse","floor":3,"turns":1},{"damage":10,"enemies":"Red Slaver","floor":4,"turns":5},{"damage":15,"enemies":"3 Louse","floor":5,"turns":4},{"damage":32,"enemies":"Gremlin Nob","floor":7,"turns":4},{"damage":13,"enemies":"Exordium Thugs","floor":14,"turns":5},{"damage":27,"enemies":"Hexaghost","floor":16,"turns":9},{"damage":14,"enemies":"Chosen","floor":18,"turns":5},{"damage":34,"enemies":"Slavers","floor":27,"turns":6},{"damage":15,"enemies":"Shell Parasite","floor":28,"turns":4},{"damage":62,"enemies":"Collector","floor":33,"turns":9}],"seed_played":"2017914521901540957","potions_obtained":[{"floor":1,"key":"PotionOfCapacity"},{"floor":3,"key":"PotionOfCapacity"}],"is_trial":false,"path_per_floor":["M","M","M","M","M","R","E","?","T","$","?","$","T","M","R","B",null,"M","?","$","?","?","R","R","R","T","E","M","R","?","?","R","B"],"character_chosen":"DEFECT","items_purchased":["ClockworkSouvenir","SteroidPotion","Seek"],"campfire_rested":2,"item_purchase_floors":[10,12,20],"current_hp_per_floor":[64,64,64,61,46,46,21,38,38,38,31,31,31,25,46,19,58,51,51,51,51,51,51,51,51,51,27,22,42,42,42,42,0,0],"gold":57,"neow_bonus":"THREE_ENEMY_KILL","is_daily":false,"chose_seed":false,"campfire_upgraded":5,"win_rate":0.0,"timestamp":1609970714,"path_taken":["M","M","M","M","M","R","E","?","T","$","?","?","?","M","R","BOSS","M","?","$","?","?","R","R","R","T","E","M","R","?","?","R","BOSS"],"items_purchased_type":["Relic","Potion","Card"],"build_version":"2020-12-22","purchased_purges":1,"victory":false,"max_hp_per_floor":[71,71,71,71,71,71,71,71,71,71,71,71,71,71,71,71,71,71,68,68,68,68,68,68,68,68,68,68,68,68,47,47,47,47],"relic_stats":{"Sozu":2,"counters":[12,54],"Pantograph":5,"Pen Nib":[2],"Nloth\u0027s Gift":2,"Art of War":[1],"obtain_stats":[{"Sozu":17,"HornCleat":13,"NeowsBlessing":0,"Pantograph":30,"WingedGreaves":9,"Pen Nib":26,"Juzu Bracelet":7,"Nloth\u0027s Gift":22,"Art of War":27,"Cracked Core":0,"ClockworkSouvenir":10},{"Sozu":8,"HornCleat":6,"NeowsBlessing":0,"Pantograph":11,"WingedGreaves":6,"Pen Nib":9,"Juzu Bracelet":6,"Nloth\u0027s Gift":9,"Art of War":10,"Cracked Core":0,"ClockworkSouvenir":6},{"Sozu":30,"HornCleat":16,"NeowsBlessing":0,"Pantograph":45,"WingedGreaves":16,"Pen Nib":35,"Juzu Bracelet":16,"Nloth\u0027s Gift":35,"Art of War":41,"Cracked Core":0,"ClockworkSouvenir":16}]},"card_choices":[{"not_picked":["Leap","Heatsinks"],"picked":"Compile Driver","floor":1},{"not_picked":["Double Energy","Cold Snap"],"picked":"Self Repair","floor":2},{"not_picked":["Self Repair","Hologram"],"picked":"Rip and Tear","floor":3},{"not_picked":["Redo","Storm","Compile Driver"],"picked":"SKIP","floor":4},{"not_picked":["Reinforced Body","Conserve Battery"],"picked":"Glacier","floor":5},{"not_picked":["Fusion","Hologram"],"picked":"BootSequence","floor":7},{"not_picked":["Blizzard","Consume"],"picked":"Doom and Gloom","floor":14},{"not_picked":["Fission","Buffer"],"picked":"Core Surge","floor":16},{"not_picked":["Turbo","Scrape","Gash"],"picked":"SKIP","floor":18},{"not_picked":["Aggregate","Hyperbeam"],"picked":"Multi-Cast","floor":27},{"not_picked":["Steam","Reprogram"],"picked":"White Noise","floor":28}],"player_experience":1533646,"relics_obtained":[{"floor":7,"key":"Juzu Bracelet"},{"floor":9,"key":"WingedGreaves"},{"floor":13,"key":"HornCleat"},{"floor":26,"key":"Pen Nib"},{"floor":27,"key":"Art of War"}],"event_choices":[{"damage_healed":17,"gold_gain":0,"player_choice":"Healed and dodged fight","damage_taken":0,"max_hp_gain":0,"max_hp_loss":0,"event_name":"Mushrooms","floor":8,"gold_loss":0,"cards_obtained":["Parasite"]},{"damage_healed":0,"gold_gain":50,"player_choice":"Touch","damage_taken":7,"max_hp_gain":0,"max_hp_loss":0,"event_name":"FaceTrader","floor":11,"gold_loss":0},{"cards_removed":["Parasite"],"damage_healed":0,"gold_gain":0,"player_choice":"Elegance","damage_taken":0,"max_hp_gain":0,"max_hp_loss":0,"event_name":"Back to Basics","floor":19,"gold_loss":0},{"damage_healed":0,"gold_gain":0,"cards_transformed":["Strike_B"],"player_choice":"Transformed","damage_taken":0,"max_hp_gain":0,"max_hp_loss":0,"event_name":"Transmorgrifier","floor":21,"gold_loss":0,"cards_obtained":["Biased Cognition"]},{"damage_healed":0,"gold_gain":0,"player_choice":"Traded Relic","damage_taken":0,"relics_obtained":["Nloth\u0027s Gift"],"max_hp_gain":0,"max_hp_loss":0,"event_name":"N\u0027loth","floor":22,"relics_lost":["Juzu Bracelet"],"gold_loss":0},{"damage_healed":0,"gold_gain":0,"player_choice":"Obtained Relic","damage_taken":0,"relics_obtained":["Pantograph"],"max_hp_gain":0,"max_hp_loss":0,"event_name":"Addict","floor":30,"gold_loss":85},{"damage_healed":0,"gold_gain":0,"player_choice":"Became a vampire","damage_taken":0,"max_hp_gain":0,"max_hp_loss":21,"event_name":"Vampires","floor":31,"gold_loss":0,"cards_obtained":["Bite","Bite","Bite","Bite","Bite"]}],"is_beta":false,"boss_relics":[{"not_picked":["Runic Dome","Black Star"],"picked":"Sozu"}],"items_purged_floors":[20],"is_endless":false,"potions_floor_spawned":[1,3,14,18,28],"killed_by":"Collector","ascension_level":20}}