{"host":"axuns55dzq466eei","time":1609947620,"event":{"mods":["BaseMod","Colored Map","Keyboard Shortcuts","Minty Spire (QoL Compilation)","StSLib","SuperFastMode"],"gold_per_floor":[113,188,188,188,199,199,228,68,68,68,81,23,37,53,53,126,126,144,159,74,84,118,118,144,155,180,190,190,202,202,53,53,126,126,138,3,3,17,37,37,37,50,74,24,24,39,54,68,68,68,68,68,68,18,50,50,50],"floor_reached":56,"playtime":1719,"items_purged":["Strike_R","Sever Soul","Immolate","Blood for Blood","Deep Breath"],"score":1792,"play_id":"5a5d13df-8af9-4f0f-ae4e-e97a4c1b315d","local_time":"20210107004020","is_ascension_mode":true,"campfire_choices":[{"data":"Pommel Strike","floor":6.0,"key":"SMITH"},{"data":"Pommel Strike","floor":10.0,"key":"SMITH"},{"data":"Flex","floor":15.0,"key":"SMITH"},{"data":"Body Slam","floor":23.0,"key":"SMITH"},{"data":"Feel No Pain","floor":28.0,"key":"SMITH"},{"data":"Dark Embrace","floor":32.0,"key":"SMITH"},{"data":"Evolve","floor":40.0,"key":"SMITH"},{"floor":45.0,"key":"RECALL"},{"floor":49.0,"key":"REST"},{"data":"Second Wind","floor":53.0,"key":"SMITH"}],"circlet_count":0,"master_deck":["AscendersBane","Bash","Pommel Strike+1","Pommel Strike+1","Battle Trance","Feel No Pain+1","Second Wind+1","Shrug It Off","Flex+1","Power Through","Shrug It Off","Reckless Charge","Shockwave","Brutality","Seeing Red+1","Body Slam+1","Dark Embrace+1","Burning Pact","Evolve+1"],"relics":["Burning Blood","NeowsBlessing","Strawberry","Turnip","Charon\u0027s Ashes","Pandora\u0027s Box","Bag of Preparation","Red Mask","Smiling Mask","Oddly Smooth Stone","SacredBark","Bag of Marbles"],"acts_visited":["Exordium","TheCity","TheBeyond","TheEnding"],"potions_floor_usage":[],"damage_taken":[{"damage":0.0,"enemies":"2 Louse","floor":1.0,"turns":1.0},{"damage":0.0,"enemies":"Small Slimes","floor":5.0,"turns":1.0},{"damage":0.0,"enemies":"3 Sentries","floor":7.0,"turns":2.0},{"damage":2.0,"enemies":"Jaw Worm","floor":11.0,"turns":3.0},{"damage":10.0,"enemies":"Large Slime","floor":13.0,"turns":5.0},{"damage":1.0,"enemies":"2 Fungi Beasts","floor":14.0,"turns":3.0},{"damage":2.0,"enemies":"Slime Boss","floor":16.0,"turns":11.0},{"damage":8.0,"enemies":"3 Byrds","floor":18.0,"turns":4.0},{"damage":2.0,"enemies":"Chosen","floor":19.0,"turns":3.0},{"damage":6.0,"enemies":"Snecko","floor":21.0,"turns":3.0},{"damage":0.0,"enemies":"Masked Bandits","floor":22.0,"turns":1.0},{"damage":31.0,"enemies":"Book of Stabbing","floor":24.0,"turns":4.0},{"damage":7.0,"enemies":"3 Cultists","floor":25.0,"turns":3.0},{"damage":2.0,"enemies":"Chosen and Byrds","floor":27.0,"turns":3.0},{"damage":7.0,"enemies":"Snake Plant","floor":29.0,"turns":3.0},{"damage":38.0,"enemies":"Collector","floor":33.0,"turns":10.0},{"damage":13.0,"enemies":"3 Shapes","floor":35.0,"turns":4.0},{"damage":17.0,"enemies":"Orb Walker","floor":38.0,"turns":4.0},{"damage":11.0,"enemies":"Spire Growth","floor":39.0,"turns":5.0},{"damage":3.0,"enemies":"Writhing Mass","floor":42.0,"turns":4.0},{"damage":2.0,"enemies":"4 Shapes","floor":46.0,"turns":3.0},{"damage":16.0,"enemies":"3 Darklings","floor":47.0,"turns":6.0},{"damage":18.0,"enemies":"Sphere and 2 Shapes","floor":48.0,"turns":4.0},{"damage":19.0,"enemies":"Time Eater","floor":50.0,"turns":12.0},{"damage":15.0,"enemies":"Donu and Deca","floor":51.0,"turns":8.0},{"damage":34.0,"enemies":"Shield and Spear","floor":55.0,"turns":5.0},{"damage":69,"enemies":"The Heart","floor":56,"turns":2}],"seed_played":"-1144518178294066691","potions_obtained":[{"floor":11.0,"key":"SkillPotion"},{"floor":13.0,"key":"Fire Potion"},{"floor":16.0,"key":"GamblersBrew"},{"floor":18.0,"key":"Explosive Potion"},{"floor":22.0,"key":"Swift Potion"},{"floor":25.0,"key":"SkillPotion"},{"floor":29.0,"key":"LiquidMemories"},{"floor":33.0,"key":"Swift Potion"},{"floor":47.0,"key":"Block Potion"}],"is_trial":false,"path_per_floor":["M","?","?","?","M","R","E","$","T","R","M","$","M","M","R","B",null,"M","M","?","M","?","R","E","M","T","M","R","M","?","$","R","B",null,"M","$","?","M","M","R","?","M","T","$","R","M","M","M","R","B","B",null,"R","$","E","B"],"character_chosen":"IRONCLAD","items_purchased":["Feel No Pain","Shrug It Off","Deep Breath","Burning Pact"],"campfire_rested":1,"item_purchase_floors":[8,12,31,36],"current_hp_per_floor":[74,63,40,36,42,42,48,48,48,48,52,52,48,53,53,57,76,74,78,78,78,82,82,57,56,56,60,60,59,59,59,59,27,68,61,61,61,50,45,45,45,48,48,48,48,52,42,30,53,40,31,66,66,66,38,0,0],"gold":50,"neow_bonus":"THREE_ENEMY_KILL","is_daily":false,"chose_seed":false,"campfire_upgraded":8,"win_rate":0.0,"timestamp":1609947620,"path_taken":["M","?","?","?","M","R","E","$","T","R","M","?","M","M","R","BOSS","M","M","?","M","?","R","E","M","T","M","R","M","?","$","R","BOSS","M","$","?","M","M","R","?","M","T","$","R","M","M","M","R","BOSS","BOSS","R","$","E","BOSS"],"items_purchased_type":["Card","Card","Card","Card"],"build_version":"2020-12-22","purchased_purges":5,"victory":false,"max_hp_per_floor":[75,75,75,82,82,82,82,82,82,82,82,82,82,82,82,82,82,82,82,82,82,82,82,82,82,82,82,82,82,82,82,82,82,82,82,82,82,82,82,82,78,78,78,78,78,78,78,78,78,78,78,78,78,78,78,78,78],"card_choices":[{"not_picked":["Sword Boomerang","Havoc"],"picked":"Pommel Strike","floor":1.0},{"not_picked":["Havoc","Perfected Strike"],"picked":"Pommel Strike","floor":5.0},{"not_picked":["Flame Barrier","Reckless Charge"],"picked":"Battle Trance","floor":7.0},{"not_picked":["Pommel Strike","Iron Wave"],"picked":"Second Wind","floor":11.0},{"not_picked":["Combust","Thunderclap","Second Wind"],"picked":"SKIP","floor":13.0},{"not_picked":["Headbutt","Iron Wave"],"picked":"Flex","floor":14.0},{"not_picked":["Double Tap","Juggernaut"],"picked":"Immolate","floor":16.0},{"not_picked":["Power Through","Sword Boomerang"],"picked":"Seeing Red+1","floor":18.0},{"not_picked":["Cleave","Rage"],"picked":"Body Slam","floor":19.0},{"not_picked":["Disarm","Wild Strike","Havoc+1"],"picked":"SKIP","floor":21.0},{"not_picked":["Combust","Wild Strike+1","Dropkick"],"picked":"SKIP","floor":24.0},{"not_picked":["Twin Strike","Headbutt+1","True Grit"],"picked":"SKIP","floor":25.0},{"not_picked":["Twin Strike","True Grit","Armaments"],"picked":"SKIP","floor":27.0},{"not_picked":["Cleave+1","Berserk","Havoc"],"picked":"SKIP","floor":29.0},{"not_picked":["Havoc+1","Reckless Charge","True Grit"],"picked":"SKIP","floor":35.0},{"not_picked":["Clothesline","Pommel Strike+1","Havoc"],"picked":"SKIP","floor":38.0},{"not_picked":["Clash","Ghostly Armor+1"],"picked":"Evolve","floor":39.0},{"not_picked":["Cleave+1","Second Wind","True Grit+1"],"picked":"SKIP","floor":42.0},{"not_picked":["Thunderclap","Sword Boomerang","Heavy Blade"],"picked":"SKIP","floor":46.0},{"not_picked":["Sword Boomerang","Infernal Blade","Anger"],"picked":"SKIP","floor":47.0},{"not_picked":["Flex+1","Fiend Fire","Armaments"],"picked":"SKIP","floor":48.0},{"not_picked":["Body Slam","Clothesline","Havoc"],"picked":"SKIP","floor":55.0}],"player_experience":1064819,"relics_obtained":[{"floor":7.0,"key":"Turnip"},{"floor":9.0,"key":"Charon\u0027s Ashes"},{"floor":22.0,"key":"Red Mask"},{"floor":24.0,"key":"Smiling Mask"},{"floor":26.0,"key":"Oddly Smooth Stone"},{"floor":55.0,"key":"Bag of Marbles"}],"event_choices":[{"damage_healed":0.0,"max_hp_gain":0.0,"max_hp_loss":0.0,"gold_gain":75.0,"event_name":"World of Goop","player_choice":"Gather Gold","floor":2.0,"gold_loss":0.0,"damage_taken":11.0},{"damage_healed":0.0,"max_hp_gain":0.0,"max_hp_loss":0.0,"gold_gain":0.0,"event_name":"Shining Light","player_choice":"Entered Light","floor":3.0,"gold_loss":0.0,"damage_taken":23.0,"cards_upgraded":["Strike_R","Strike_R"]},{"damage_healed":0.0,"max_hp_gain":0.0,"max_hp_loss":0.0,"gold_gain":0.0,"event_name":"Scrap Ooze","player_choice":"Success","floor":4.0,"gold_loss":0.0,"damage_taken":11.0,"relics_obtained":["Strawberry"]},{"damage_healed":0.0,"max_hp_gain":0.0,"max_hp_loss":0.0,"gold_gain":0.0,"event_name":"Addict","player_choice":"Obtained Relic","floor":20.0,"gold_loss":85.0,"damage_taken":0.0,"relics_obtained":["Bag of Preparation"]},{"damage_healed":0.0,"max_hp_gain":0.0,"max_hp_loss":0.0,"gold_gain":0.0,"event_name":"Masked Bandits","player_choice":"Fought Bandits","floor":22.0,"gold_loss":0.0,"damage_taken":0.0},{"damage_healed":0.0,"max_hp_gain":0.0,"max_hp_loss":0.0,"gold_gain":0.0,"event_name":"The Library","player_choice":"Read","floor":30.0,"gold_loss":0.0,"damage_taken":0.0,"cards_obtained":["Dark Embrace"]},{"cards_removed":["Immolate"],"damage_healed":0.0,"max_hp_gain":0.0,"max_hp_loss":0.0,"gold_gain":0.0,"event_name":"Falling","player_choice":"Removed Attack","floor":37.0,"gold_loss":0.0,"damage_taken":0.0},{"damage_healed":0.0,"max_hp_gain":0.0,"max_hp_loss":4.0,"gold_gain":0.0,"event_name":"Winding Halls","player_choice":"Max HP","floor":41.0,"gold_loss":0.0,"damage_taken":0.0}],"is_beta":false,"boss_relics":[{"not_picked":["Astrolabe","Coffee Dripper"],"picked":"Pandora\u0027s Box"},{"not_picked":["Philosopher\u0027s Stone","Tiny House"],"picked":"SacredBark"}],"items_purged_floors":[8,31,36,44,54],"is_endless":false,"potions_floor_spawned":[11,13,14,16,18,22,25,29,33,39,42,47,48],"killed_by":"The Heart","ascension_level":20}}