{"host":"jm9833yuloeli2yd","time":1609902950,"event":{"mods":["BaseMod","Better Altar","Better Match","Better Note","Better Sensory Stone","Better Skull","Better Third Choice","Better Vampires","BetterRewards","Colored Map","Colored Powertips","DeckTracker","Minty Spire (QoL Compilation)","Permanent Neow","Quick Restart","StSLib","SuperFastMode"],"gold_per_floor":[109,109,123,123,136,162,162,103,154,154,173,189,204,221,221,298,298,313,313,30,42,55,55,86,99,146,146,146,146],"floor_reached":28,"playtime":881,"items_purged":["Strike_B"],"score":684,"play_id":"6b86b5e0-0283-489e-9094-1a5b7793461e","local_time":"20210105221550","is_ascension_mode":true,"campfire_choices":[{"data":"Barrage","floor":7.0,"key":"SMITH"},{"floor":10.0,"key":"REST"},{"data":"Capacitor","floor":15.0,"key":"SMITH"},{"data":"Defragment","floor":23,"key":"SMITH"},{"data":"Biased Cognition","floor":27,"key":"SMITH"}],"circlet_count":0,"master_deck":["AscendersBane","Strike_B","Defend_B","Defend_B","Defend_B","Zap","Dualcast","Capacitor+1","Cold Snap","Reinforced Body+1","Barrage+1","Self Repair","Ball Lightning","Tempest+1","Fission+1","Recycle+1","Chill+1","Biased Cognition+1","Go for the Eyes","Go for the Eyes","Multi-Cast+1","Defragment+1","Hologram+1","Double Energy+1","Double Energy+1","Hologram+1","Genetic Algorithm+1"],"relics":["Cracked Core","Toxic Egg 2","Orichalcum","Akabeko","Coffee Dripper","Boot","Tiny Chest"],"acts_visited":["Exordium","TheCity"],"potions_floor_usage":[22,28],"damage_taken":[{"damage":7.0,"enemies":"Small Slimes","floor":1.0,"turns":3.0},{"damage":12.0,"enemies":"Jaw Worm","floor":3.0,"turns":4.0},{"damage":0.0,"enemies":"2 Louse","floor":5.0,"turns":2.0},{"damage":44.0,"enemies":"Lagavulin","floor":6.0,"turns":9.0},{"damage":0.0,"enemies":"Large Slime","floor":11.0,"turns":4.0},{"damage":9.0,"enemies":"Exordium Wildlife","floor":12.0,"turns":3.0},{"damage":0.0,"enemies":"Gremlin Gang","floor":13.0,"turns":3.0},{"damage":5.0,"enemies":"Large Slime","floor":14.0,"turns":5.0},{"damage":41.0,"enemies":"The Guardian","floor":16.0,"turns":13.0},{"damage":1.0,"enemies":"Spheric Guardian","floor":18.0,"turns":3.0},{"damage":0.0,"enemies":"3 Byrds","floor":21.0,"turns":5.0},{"damage":34,"enemies":"3 Cultists","floor":22,"turns":8},{"damage":10,"enemies":"Book of Stabbing","floor":24,"turns":4},{"damage":0,"enemies":"Centurion and Healer","floor":25,"turns":4},{"damage":34,"enemies":"Slavers","floor":28,"turns":4}],"seed_played":"7150383443705859780","potions_obtained":[{"floor":1.0,"key":"LiquidBronze"},{"floor":5.0,"key":"Regen Potion"},{"floor":12.0,"key":"Ancient Potion"},{"floor":13.0,"key":"LiquidMemories"}],"is_trial":false,"path_per_floor":["M","?","M","?","M","E","R","?","T","R","M","M","M","M","R","B",null,"M","?","$","M","M","R","E","M","T","R","E"],"character_chosen":"DEFECT","items_purchased":["Toxic Egg 2","Capacitor","Cold Snap","Defragment","Hologram+1","Double Energy+1"],"campfire_rested":1,"item_purchase_floors":[0,0,0,20,20,20],"current_hp_per_floor":[50,43,31,54,54,32,32,32,32,53,60,58,58,53,53,19,58,64,64,64,64,37,37,27,34,34,34,0,0],"gold":146,"neow_bonus":"","is_daily":false,"chose_seed":false,"campfire_upgraded":4,"win_rate":0.0,"timestamp":1609902950,"path_taken":["M","?","M","?","M","E","R","?","T","R","M","M","M","M","R","BOSS","M","?","$","M","M","R","E","M","T","R","E"],"items_purchased_type":["Relic","Card","Card","Card","Card","Card"],"build_version":"2020-12-22","purchased_purges":1,"victory":false,"max_hp_per_floor":[71,71,71,71,71,71,71,71,71,71,71,71,71,71,71,71,71,71,71,71,71,71,71,71,71,71,71,71,71],"card_choices":[{"not_picked":["Steam+1","Turbo+1"],"picked":"Reinforced Body+1","floor":1.0},{"not_picked":["Leap+1","Beam Cell"],"picked":"Barrage","floor":3.0},{"not_picked":["Cold Snap","Fusion+1"],"picked":"Self Repair","floor":5.0},{"not_picked":["Steam Power+1","Loop"],"picked":"Ball Lightning","floor":6.0},{"not_picked":["Reinforced Body+1","Beam Cell"],"picked":"Tempest+1","floor":11.0},{"not_picked":["Redo+1","Coolheaded+1"],"picked":"Fission+1","floor":12.0},{"not_picked":["Conserve Battery+1","Darkness+1"],"picked":"Recycle+1","floor":13.0},{"not_picked":["Auto Shields+1","Ball Lightning"],"picked":"Chill+1","floor":14.0},{"not_picked":["Echo Form","All For One"],"picked":"Biased Cognition","floor":16.0},{"not_picked":["Ball Lightning","Sweeping Beam"],"picked":"Go for the Eyes","floor":18.0},{"not_picked":["Cold Snap","Streamline"],"picked":"Double Energy+1","floor":21.0},{"not_picked":["Darkness+1","Beam Cell"],"picked":"Hologram+1","floor":22},{"not_picked":["Fusion+1","Force Field+1"],"picked":"Genetic Algorithm+1","floor":24},{"not_picked":["Sweeping Beam","Hologram+1","Beam Cell"],"picked":"SKIP","floor":25}],"player_experience":1260850,"relics_obtained":[{"floor":6.0,"key":"Orichalcum"},{"floor":9.0,"key":"Akabeko"},{"floor":24,"key":"Boot"},{"floor":26,"key":"Tiny Chest"}],"event_choices":[{"cards_removed":["Defend_B"],"damage_healed":0.0,"max_hp_gain":0.0,"max_hp_loss":0.0,"gold_gain":0.0,"event_name":"Golden Wing","player_choice":"Card Removal","floor":2.0,"gold_loss":0.0,"damage_taken":7.0},{"damage_healed":23.0,"max_hp_gain":0.0,"max_hp_loss":0.0,"gold_gain":0.0,"event_name":"Big Fish","player_choice":"Banana","floor":4.0,"gold_loss":0.0,"damage_taken":0.0},{"damage_healed":0.0,"max_hp_gain":0.0,"max_hp_loss":0.0,"gold_gain":0.0,"event_name":"betterThird:BetterGoop","player_choice":"Left","floor":8.0,"gold_loss":59.0,"damage_taken":0.0},{"damage_healed":0.0,"max_hp_gain":0.0,"max_hp_loss":0.0,"gold_gain":0.0,"cards_transformed":["Strike_B","Strike_B"],"event_name":"Drug Dealer","player_choice":"Became Test Subject","floor":19.0,"gold_loss":0.0,"damage_taken":0.0,"cards_obtained":["Go for the Eyes","Multi-Cast"]}],"is_beta":false,"boss_relics":[{"not_picked":["Ectoplasm","Cursed Key"],"picked":"Coffee Dripper"}],"items_purged_floors":[20],"is_endless":false,"potions_floor_spawned":[1,5,12,13,14,21],"killed_by":"Slavers","ascension_level":20}}