{"host":"vh33hu3wddwn6yt6","time":1609955178,"event":{"mods":["AchievementEnabler","Act Like it!","Aspiration","BaseMod","Better Altar","Better Match","Better Note","Better Sensory Stone","Better Skull","Better Third Choice","BetterRewards","Downfall","Hermit","Hubris","Infinite Spire","Minty Spire (QoL Compilation)","Permanent Neow","Replay The Spire","Shade Mod","Shop Mod","Spicy Shops","StSLib","SuperFastMode","The Blackbeard","The Necromancer","The Runesmith","The Servant 0.9.4","TheBandit","Wandering Minibosses"],"gold_per_floor":[99,112,125,125,125,125,125,155,174,174,174,206,218,235,248,248,248,248],"floor_reached":16,"playtime":550,"items_purged":[],"score":112,"play_id":"65792a22-f668-420f-a862-bc16971bb094","local_time":"20210106184618","is_ascension_mode":false,"campfire_choices":[{"floor":1,"key":"DIG"}],"circlet_count":0,"master_deck":["wariomod:Strike","wariomod:Strike","wariomod:Strike","wariomod:Strike","wariomod:Defend","wariomod:Defend","wariomod:Defend","wariomod:Defend","wariomod:Step","wariomod:Leap","wariomod:Purify","wariomod:Bombshield","wariomod:GoAgain","wariomod:DeadlyDash","wariomod:Bomblaster","wariomod:EmptyMind","wariomod:TempestBlasts"],"relics":["wariomod:TheHat","Akabeko","Mummified Hand","downfall:BrokenWingStatue","Juzu Bracelet","Happy Flower"],"acts_visited":["Exordium"],"potions_floor_usage":[16,16],"damage_taken":[{"damage":6,"enemies":"Jaw Worm","floor":2,"turns":3},{"damage":0,"enemies":"2 Louse","floor":3,"turns":2},{"damage":27,"enemies":"Lagavulin","floor":8,"turns":9},{"damage":0,"enemies":"Small Slimes","floor":9,"turns":3},{"damage":34,"enemies":"Gremlin Nob","floor":12,"turns":5},{"damage":0,"enemies":"2 Fungi Beasts","floor":13,"turns":3},{"damage":9,"enemies":"Exordium Wildlife","floor":14,"turns":4},{"damage":1,"enemies":"Blue Slaver","floor":15,"turns":3},{"damage":9,"enemies":"downfall:Ironclad","floor":16,"turns":3}],"seed_played":"1875295644556204901","potions_obtained":[{"floor":13,"key":"Strength Potion"},{"floor":15,"key":"Block Potion"}],"is_trial":false,"path_per_floor":["R","M","M","?","?","?","T","E","M","?","?","E","M","M","M","B"],"character_chosen":"THE_BANDIT","items_purchased":[],"campfire_rested":0,"item_purchase_floors":[],"current_hp_per_floor":[80,74,74,74,79,79,79,52,52,52,52,18,18,9,8,0,0,0],"gold":248,"neow_bonus":"RANDOM_COMMON_RELIC","is_daily":false,"chose_seed":false,"campfire_upgraded":0,"win_rate":0.0,"timestamp":1609955178,"path_taken":["R","M","M","?","?","?","T","E","M","?","?","E","M","M","M","BOSS"],"items_purchased_type":[],"build_version":"2020-12-22","purchased_purges":0,"victory":false,"max_hp_per_floor":[80,80,80,80,85,85,85,85,85,85,85,85,85,85,85,85,85,85],"card_choices":[{"not_picked":["wariomod:SimpleShield","wariomod:WhirlwindBurst"],"picked":"wariomod:Purify","floor":2},{"not_picked":["wariomod:BlastDash","wariomod:SimpleShield"],"picked":"wariomod:Bombshield","floor":3},{"not_picked":["wariomod:Game","wariomod:SpikeSlash","wariomod:Smackflip"],"picked":"SKIP","floor":8},{"not_picked":["wariomod:Smackflip","wariomod:SimpleShield"],"picked":"wariomod:GoAgain","floor":9},{"not_picked":["wariomod:Leapslam","wariomod:Smackflip"],"picked":"wariomod:DeadlyDash","floor":12},{"not_picked":["wariomod:BlastDash","wariomod:Boomsmack"],"picked":"wariomod:Bomblaster","floor":13},{"not_picked":["wariomod:AwfulLook","wariomod:Bombtime"],"picked":"wariomod:EmptyMind","floor":14},{"not_picked":["wariomod:Goblast","wariomod:TrekTime"],"picked":"wariomod:TempestBlasts","floor":15}],"player_experience":621371,"relics_obtained":[{"floor":1,"key":"Mummified Hand"},{"floor":8,"key":"Juzu Bracelet"},{"floor":12,"key":"Happy Flower"}],"event_choices":[{"damage_healed":0,"gold_gain":0,"player_choice":"Donut","damage_taken":0,"max_hp_gain":5,"max_hp_loss":0,"event_name":"Big Fish","floor":5,"gold_loss":0}],"is_beta":false,"boss_relics":[],"items_purged_floors":[],"is_endless":false,"potions_floor_spawned":[13,15],"killed_by":"downfall:Ironclad","ascension_level":0}}