{"host":"kw4o7b3ro2ktmmbe","time":1609894451,"event":{"mods":["BaseMod","Evolution","Fireblade Mod","Minty Spire (QoL Compilation)","StSLib"],"gold_per_floor":[114,133,133,144,156,189,189,189,214,231,245,245,167,167,167,264,264,280,133,122,122,37,37,37],"floor_reached":23,"playtime":1742,"items_purged":[],"score":273,"play_id":"c6c049b3-81ab-4176-b1e6-dfa546f58128","local_time":"20210106135411","is_ascension_mode":true,"campfire_choices":[{"data":"FireBladeMod:GetPumped","floor":7.0,"key":"SMITH"},{"data":"FireBladeMod:HealthyEndurance","floor":12.0,"key":"SMITH"},{"data":"FireBladeMod:Speed","floor":15.0,"key":"SMITH"}],"circlet_count":0,"master_deck":["FireBladeMod:StrikeFireBlade","FireBladeMod:StrikeFireBlade","FireBladeMod:StrikeFireBlade","FireBladeMod:DefendFireBlade+1","FireBladeMod:DefendFireBlade+1","FireBladeMod:DefendFireBlade","FireBladeMod:DefendFireBlade","FireBladeMod:FlamingSword","FireBladeMod:FireBarrier","FireBladeMod:GetPumped+1","FireBladeMod:HealthyEndurance+1","FireBladeMod:SmokeScreen","FireBladeMod:SoulSword","FireBladeMod:Speed+1","FireBladeMod:PyromancerForm","FireBladeMod:AntiMagic","FireBladeMod:SmashingEndurance+1","FireBladeMod:GetPumped","FireBladeMod:DebilitatingBlow"],"relics":["FireBladeMod:DuelistLocket","EVO:Axolotl","Happy Flower","Anchor","Strawberry","Coffee Dripper","ClockworkSouvenir","Ornamental Fan"],"acts_visited":["Exordium","TheCity"],"potions_floor_usage":[23],"damage_taken":[{"damage":0.0,"enemies":"2 Louse","floor":1.0,"turns":2.0},{"damage":0.0,"enemies":"Small Slimes","floor":2.0,"turns":3.0},{"damage":1.0,"enemies":"Jaw Worm","floor":4.0,"turns":4.0},{"damage":6.0,"enemies":"Looter","floor":5.0,"turns":3.0},{"damage":6.0,"enemies":"3 Sentries","floor":6.0,"turns":5.0},{"damage":13.0,"enemies":"Lots of Slimes","floor":10.0,"turns":5.0},{"damage":0.0,"enemies":"2 Fungi Beasts","floor":11.0,"turns":4.0},{"damage":7.0,"enemies":"The Guardian","floor":16.0,"turns":11.0},{"damage":0.0,"enemies":"Chosen","floor":18.0,"turns":5.0},{"damage":8.0,"enemies":"2 Thieves","floor":20.0,"turns":4.0},{"damage":103,"enemies":"Gremlin Leader","floor":23,"turns":6}],"seed_played":"-7466120491229433069","potions_obtained":[{"floor":1.0,"key":"Dexterity Potion"},{"floor":4.0,"key":"PowerPotion"},{"floor":10.0,"key":"AttackPotion"},{"floor":20.0,"key":"Strength Potion"}],"is_trial":false,"path_per_floor":["M","M","?","M","M","E","R","?","T","M","M","R","$","?","R","B",null,"M","$","M","?","?","E"],"character_chosen":"THE_FIREBLADE","items_purchased":["FireBladeMod:Speed","ClockworkSouvenir"],"campfire_rested":0,"item_purchase_floors":[13,19],"current_hp_per_floor":[59,59,56,55,49,43,43,26,33,26,32,32,32,32,32,33,77,85,85,85,85,85,0,0],"gold":37,"neow_bonus":"TWENTY_PERCENT_HP_BONUS","is_daily":false,"chose_seed":false,"campfire_upgraded":3,"win_rate":0.0,"timestamp":1609894451,"path_taken":["M","M","?","M","M","E","R","?","T","M","M","R","$","?","R","BOSS","M","$","M","?","?","E"],"items_purchased_type":["Card","Relic"],"build_version":"2020-12-22","purchased_purges":0,"victory":false,"max_hp_per_floor":[84,84,84,84,84,84,84,84,91,91,91,91,91,91,91,91,91,91,91,91,91,91,91,91],"card_choices":[{"not_picked":["FireBladeMod:FlashBang","FireBladeMod:BasicSmash","FireBladeMod:StunningBlow"],"picked":"SKIP","floor":1.0},{"not_picked":["FireBladeMod:FinishingBarrage","FireBladeMod:Turtle","FireBladeMod:ComboSlashes"],"picked":"SKIP","floor":2.0},{"not_picked":["FireBladeMod:ComplexAttack","FireBladeMod:Flames","FireBladeMod:StunningBlow"],"picked":"SKIP","floor":4.0},{"not_picked":["FireBladeMod:StingingSlash","FireBladeMod:ComboSlashes"],"picked":"FireBladeMod:GetPumped","floor":5.0},{"not_picked":["FireBladeMod:ScorchingStrike","FireBladeMod:AdrenalineBoost"],"picked":"FireBladeMod:HealthyEndurance","floor":6.0},{"not_picked":["FireBladeMod:StunningBlow","FireBladeMod:SoulStrike"],"picked":"FireBladeMod:SmokeScreen","floor":10.0},{"not_picked":["FireBladeMod:SmokeInTheEyes","FireBladeMod:ComboCleave"],"picked":"FireBladeMod:SoulSword","floor":11.0},{"not_picked":["FireBladeMod:DebilitatingBlow","FireBladeMod:Blitzkreig"],"picked":"FireBladeMod:AntiMagic","floor":16.0},{"not_picked":["FireBladeMod:WellPrepared+1","FireBladeMod:Turtle"],"picked":"FireBladeMod:SmashingEndurance+1","floor":18.0},{"not_picked":["FireBladeMod:StingingSlash","FireBladeMod:StunningBlow"],"picked":"FireBladeMod:GetPumped","floor":20.0}],"player_experience":1861787,"relics_obtained":[{"floor":6.0,"key":"Anchor"},{"floor":9.0,"key":"Strawberry"}],"event_choices":[{"damage_healed":0.0,"max_hp_gain":0.0,"max_hp_loss":0.0,"gold_gain":0.0,"event_name":"Scrap Ooze","player_choice":"Success","floor":3.0,"gold_loss":0.0,"damage_taken":3.0,"relics_obtained":["Happy Flower"]},{"damage_healed":0.0,"max_hp_gain":0.0,"max_hp_loss":0.0,"gold_gain":0.0,"event_name":"Shining Light","player_choice":"Entered Light","floor":8.0,"gold_loss":0.0,"damage_taken":17.0,"cards_upgraded":["FireBladeMod:DefendFireBlade","FireBladeMod:DefendFireBlade"]},{"damage_healed":0.0,"max_hp_gain":0.0,"max_hp_loss":0.0,"gold_gain":0.0,"cards_transformed":["FireBladeMod:StrikeFireBlade"],"event_name":"Living Wall","player_choice":"Change","floor":14.0,"gold_loss":0.0,"damage_taken":0.0,"cards_obtained":["FireBladeMod:PyromancerForm"]},{"damage_healed":0.0,"max_hp_gain":0.0,"max_hp_loss":0.0,"gold_gain":0.0,"event_name":"The Library","player_choice":"Read","floor":21.0,"gold_loss":0.0,"damage_taken":0.0,"cards_obtained":["FireBladeMod:DebilitatingBlow"]},{"damage_healed":0.0,"max_hp_gain":0.0,"max_hp_loss":0.0,"gold_gain":0.0,"event_name":"Addict","player_choice":"Obtained Relic","floor":22.0,"gold_loss":85.0,"damage_taken":0.0,"relics_obtained":["Ornamental Fan"]}],"is_beta":false,"boss_relics":[{"not_picked":["Astrolabe","Empty Cage"],"picked":"Coffee Dripper"}],"items_purged_floors":[],"is_endless":false,"potions_floor_spawned":[1,4,10,20],"killed_by":"Gremlin Leader","ascension_level":6}}