{"host":"qojc688juf5ijsln","time":1609949513,"event":{"mods":["AchievementEnabler","BaseMod","BetterRewards","Colored Powertips","Highlight Path","Minty Spire (QoL Compilation)","Quick Restart","Shop Mod","StSLib"],"gold_per_floor":[115,115,115,115,131,462,480,480,503,503,537,537,560,356,356,484,484,502,523,423,442,456,456,474,474,524,624,624,638,208,231,231,357,357,378,442,129,129,192,192,192,192,215,215,233,43,66,90,90,90],"floor_reached":51,"playtime":2114,"items_purged":["Defend_G","Defend_G","Defend_G","Defend_G"],"score":755,"play_id":"93ada778-e034-47da-ac58-41e365a628e9","local_time":"20210107001153","is_ascension_mode":false,"campfire_choices":[{"floor":8,"key":"DIG"},{"floor":10,"key":"REST"},{"floor":15,"key":"REST"},{"floor":23,"key":"REST"},{"floor":28,"key":"DIG"},{"floor":32,"key":"REST"},{"floor":40,"key":"REST"},{"floor":42,"key":"DIG"},{"floor":44,"key":"DIG"},{"floor":49,"key":"DIG"}],"circlet_count":0,"master_deck":["Strike_G","Strike_G","Strike_G","Strike_G","Strike_G+1","Neutralize","Finisher","Prepared","Prepared+1","Noxious Fumes","A Thousand Cuts","Noxious Fumes+1","Terror","Blade Dance","Blade Dance","Escape Plan","Blade Dance+1","Tools of the Trade","Strike_P+1","Blade Dance+1","A Thousand Cuts","Well Laid Plans","Backstab"],"relics":["Ring of the Snake","Shovel","Bird Faced Urn","Juzu Bracelet","MerchantsRug","Golden Idol","Letter Opener","Matryoshka","Orichalcum","Bronze Scales","Akabeko","Regal Pillow","WristBlade","Dream Catcher","Oddly Smooth Stone","Shuriken","Toolbox","Ancient Tea Set","Fusion Hammer","Gambling Chip","Girya","Bag of Preparation","Happy Flower","Whetstone","Toxic Egg 2","War Paint","Pen Nib"],"acts_visited":["Exordium","TheCity","TheBeyond"],"potions_floor_usage":[6,11,16,16,19,33,50],"damage_taken":[{"damage":8,"enemies":"Jaw Worm","floor":1,"turns":3},{"damage":0,"enemies":"Cultist","floor":5,"turns":4},{"damage":40,"enemies":"Gremlin Nob","floor":6,"turns":6},{"damage":0,"enemies":"2 Louse","floor":7,"turns":3},{"damage":24,"enemies":"Lagavulin","floor":11,"turns":6},{"damage":0,"enemies":"Lots of Slimes","floor":13,"turns":3},{"damage":47,"enemies":"Slime Boss","floor":16,"turns":12},{"damage":0,"enemies":"Chosen","floor":18,"turns":4},{"damage":18,"enemies":"2 Thieves","floor":19,"turns":3},{"damage":37,"enemies":"Shelled Parasite and Fungi","floor":21,"turns":5},{"damage":14,"enemies":"Cultist and Chosen","floor":22,"turns":6},{"damage":9,"enemies":"Chosen and Byrds","floor":24,"turns":4},{"damage":10,"enemies":"Centurion and Healer","floor":29,"turns":5},{"damage":5,"enemies":"Snecko","floor":31,"turns":3},{"damage":38,"enemies":"Collector","floor":33,"turns":4},{"damage":7,"enemies":"Orb Walker","floor":35,"turns":1},{"damage":39,"enemies":"2 Orb Walkers","floor":36,"turns":4},{"damage":24,"enemies":"Mind Bloom Boss Battle","floor":39,"turns":4},{"damage":12,"enemies":"3 Shapes","floor":45,"turns":1},{"damage":0,"enemies":"Maw","floor":47,"turns":4},{"damage":0,"enemies":"Jaw Worm Horde","floor":48,"turns":1},{"damage":36,"enemies":"Donu and Deca","floor":50,"turns":4}],"seed_played":"5388624262548045208","potions_obtained":[{"floor":3,"key":"DuplicationPotion"},{"floor":3,"key":"Weak Potion"},{"floor":3,"key":"SneckoOil"},{"floor":7,"key":"SneckoOil"},{"floor":11,"key":"LiquidMemories"},{"floor":18,"key":"AttackPotion"},{"floor":24,"key":"SmokeBomb"},{"floor":31,"key":"SkillPotion"},{"floor":39,"key":"FearPotion"},{"floor":47,"key":"Energy Potion"}],"is_trial":false,"path_per_floor":["M","?","?","?","M","E","M","R","T","R","E","?","M","$","R","B",null,"M","M","$","M","M","R","M","?","T","?","R","M","$","M","R","B",null,"M","?","$","?","?","R","T","R","T","R","M","$","M","M","R","B",null],"character_chosen":"THE_SILENT","items_purchased":["MerchantsRug","Finisher","Regal Pillow","Toolbox","Ancient Tea Set","Tools of the Trade","War Paint","Well Laid Plans"],"campfire_rested":5,"item_purchase_floors":[0,0,14,30,30,37,46,46],"current_hp_per_floor":[62,62,62,62,62,22,22,22,22,41,17,17,19,19,53,8,65,65,51,51,20,12,46,43,43,43,43,43,39,39,38,65,27,65,58,25,25,25,7,41,41,41,41,41,33,33,43,47,47,21],"gold":90,"neow_bonus":"","is_daily":false,"chose_seed":false,"campfire_upgraded":0,"win_rate":0.0,"timestamp":1609949513,"path_taken":["M","?","?","?","M","E","M","R","T","R","E","?","M","$","R","BOSS","M","M","$","M","M","R","M","?","T","?","R","M","$","M","R","BOSS","M","?","$","?","?","R","?","R","T","R","M","$","M","M","R","BOSS"],"items_purchased_type":["Relic","Card","Relic","Relic","Relic","Card","Relic","Card"],"build_version":"2020-12-22","purchased_purges":4,"victory":true,"max_hp_per_floor":[70,65,65,65,65,65,65,65,65,65,65,65,65,65,65,65,65,65,65,65,65,65,65,65,65,65,65,65,65,65,65,65,65,65,65,65,65,65,65,65,65,65,65,65,65,65,65,65,65,65],"card_choices":[{"not_picked":["Deadly Poison","Backflip"],"picked":"Prepared","floor":1},{"not_picked":["Poisoned Stab","Underhanded Strike","Eviscerate"],"picked":"SKIP","floor":5},{"not_picked":["Distraction","Unload","Dodge and Roll"],"picked":"SKIP","floor":6},{"not_picked":["Bane","Sucker Punch"],"picked":"Prepared","floor":7},{"not_picked":["PiercingWail","Bane"],"picked":"Noxious Fumes","floor":11},{"not_picked":["Sucker Punch","Bane","Expertise"],"picked":"SKIP","floor":13},{"not_picked":["Night Terror","Die Die Die"],"picked":"A Thousand Cuts","floor":16},{"not_picked":["Bane","Poisoned Stab","Expertise"],"picked":"SKIP","floor":18},{"not_picked":["Skewer+1","Blur"],"picked":"Noxious Fumes+1","floor":19},{"not_picked":["Acrobatics","Masterful Stab+1"],"picked":"Terror","floor":21},{"not_picked":["Prepared","Dagger Throw","Dagger Spray"],"picked":"SKIP","floor":22},{"not_picked":["All Out Attack","Choke"],"picked":"Blade Dance","floor":24},{"not_picked":["Underhanded Strike","Finisher"],"picked":"Blade Dance","floor":29},{"not_picked":["Corpse Explosion","Quick Slash"],"picked":"Escape Plan","floor":31},{"not_picked":["Underhanded Strike+1","Sucker Punch"],"picked":"Blade Dance","floor":35},{"not_picked":["Dagger Throw","Quick Slash+1"],"picked":"Blade Dance+1","floor":39},{"not_picked":["Deadly Poison+1","Backstab"],"picked":"A Thousand Cuts","floor":40},{"not_picked":["Skewer+1","Leg Sweep+1","Acrobatics+1"],"picked":"SKIP","floor":45},{"not_picked":["Dodge and Roll+1","Sucker Punch+1"],"picked":"Backstab","floor":47},{"not_picked":["Quick Slash","All Out Attack+1","Flying Knee"],"picked":"SKIP","floor":48}],"player_experience":79824,"relics_obtained":[{"floor":6,"key":"Old Coin"},{"floor":8,"key":"Matryoshka"},{"floor":9,"key":"Orichalcum"},{"floor":9,"key":"Bronze Scales"},{"floor":11,"key":"Akabeko"},{"floor":26,"key":"Dream Catcher"},{"floor":26,"key":"Oddly Smooth Stone"},{"floor":28,"key":"Shuriken"},{"floor":36,"key":"Gambling Chip"},{"floor":39,"key":"Girya"},{"floor":41,"key":"Bag of Preparation"},{"floor":42,"key":"Happy Flower"},{"floor":43,"key":"Whetstone"},{"floor":44,"key":"Toxic Egg 2"},{"floor":49,"key":"Pen Nib"}],"event_choices":[{"damage_healed":0,"gold_gain":0,"player_choice":"Lose Max HP","damage_taken":0,"relics_obtained":["Golden Idol"],"max_hp_gain":0,"max_hp_loss":5,"event_name":"Golden Idol","floor":2,"gold_loss":0},{"damage_healed":0,"gold_gain":0,"player_choice":"Got Potions","damage_taken":0,"max_hp_gain":0,"max_hp_loss":0,"event_name":"Lab","floor":3,"gold_loss":0},{"damage_healed":0,"gold_gain":0,"player_choice":"Gave Potion","damage_taken":0,"relics_obtained":["Letter Opener"],"max_hp_gain":0,"max_hp_loss":0,"event_name":"WeMeetAgain","floor":4,"gold_loss":0},{"damage_healed":0,"gold_gain":0,"player_choice":"Ignored","damage_taken":0,"max_hp_gain":0,"max_hp_loss":0,"event_name":"Shining Light","floor":12,"gold_loss":0},{"cards_removed":["Defend_G"],"damage_healed":0,"gold_gain":0,"player_choice":"Elegance","damage_taken":0,"max_hp_gain":0,"max_hp_loss":0,"event_name":"Back to Basics","floor":25,"gold_loss":0},{"damage_healed":0,"gold_gain":100,"player_choice":"Pray","damage_taken":0,"max_hp_gain":0,"max_hp_loss":0,"event_name":"Golden Shrine","floor":27,"gold_loss":0},{"damage_healed":0,"gold_gain":0,"player_choice":"Fight","damage_taken":0,"max_hp_gain":0,"max_hp_loss":0,"event_name":"Mysterious Sphere","floor":36,"gold_loss":0},{"cards_removed":["Survivor"],"damage_healed":0,"gold_gain":0,"player_choice":"Took Card","damage_taken":0,"max_hp_gain":0,"max_hp_loss":0,"event_name":"NoteForYourself","floor":38,"gold_loss":0,"cards_obtained":["Strike_P"]},{"damage_healed":0,"gold_gain":0,"player_choice":"Fight","damage_taken":0,"max_hp_gain":0,"max_hp_loss":0,"event_name":"MindBloom","floor":39,"gold_loss":0}],"is_beta":false,"boss_relics":[{"not_picked":["SlaversCollar","Coffee Dripper"],"picked":"WristBlade"},{"not_picked":["Cursed Key","HoveringKite"],"picked":"Fusion Hammer"}],"items_purged_floors":[14,20,30,37],"is_endless":false,"potions_floor_spawned":[7,11,18,24,31,39,47,48],"ascension_level":0}}