{"host":"ng8aq1q5gznbd93k","time":1609970663,"event":{"mods":["AchievementEnabler","BaseMod","Colored Map","Downfall","Minty Spire (QoL Compilation)","StSLib","SuperFastMode"],"gold_per_floor":[365,175,189,206,206,232,248,248,248],"floor_reached":8,"playtime":672,"items_purged":[],"score":61,"play_id":"6ee57c8b-637e-4ef9-8061-4518c76083bd","local_time":"20210106160423","is_ascension_mode":true,"campfire_choices":[],"circlet_count":0,"master_deck":["Strike_G","Strike_G","Strike_G","Strike_G","Strike_G","Defend_G","Defend_G","Defend_G","Defend_G","Defend_G","Survivor","Neutralize","Eviscerate","Skewer","expansioncontent:TimeRipple","Dagger Spray","Glass Knife","sneckomod:UnknownCommonSkill"],"relics":["Ring of the Snake","PrismaticShard","Potion Belt"],"acts_visited":["Exordium"],"potions_floor_usage":[7],"damage_taken":[{"damage":2,"enemies":"Small Slimes","floor":1,"turns":5},{"damage":9,"enemies":"Cultist","floor":3,"turns":4},{"damage":0,"enemies":"2 Louse","floor":4,"turns":2},{"damage":34,"enemies":"Gremlin Nob","floor":6,"turns":5},{"damage":0,"enemies":"Looter","floor":7,"turns":2},{"damage":34,"enemies":"Lagavulin","floor":8,"turns":5}],"seed_played":"-3002084723380382231","potions_obtained":[{"floor":4,"key":"Energy Potion"}],"is_trial":false,"path_per_floor":["M","$","M","M","?","E","M","E"],"character_chosen":"THE_SILENT","items_purchased":["PrismaticShard","Skewer"],"campfire_rested":0,"item_purchase_floors":[2,2],"current_hp_per_floor":[68,68,59,59,59,25,25,0,0],"gold":248,"neow_bonus":"TWO_FIFTY_GOLD","is_daily":false,"chose_seed":false,"campfire_upgraded":0,"win_rate":0.0,"timestamp":1609970663,"path_taken":["M","$","M","M","?","E","?","E"],"items_purchased_type":["Relic","Card"],"build_version":"2020-12-22","purchased_purges":0,"victory":false,"max_hp_per_floor":[70,70,70,70,70,70,70,70,70],"card_choices":[{"not_picked":["Bouncing Flask","Flying Knee"],"picked":"Eviscerate","floor":1},{"not_picked":["Guardian:Gem_Red","Slimebound:LeechingTouch"],"picked":"expansioncontent:TimeRipple","floor":3},{"not_picked":["hexamod:NecessarySacrifice","BowlingBash"],"picked":"Dagger Spray","floor":4},{"not_picked":["Dagger Throw","hexamod:InspiringFlames"],"picked":"Glass Knife","floor":6},{"not_picked":["Dodge and Roll","champ:BerserkersShout"],"picked":"sneckomod:UnknownCommonSkill","floor":7}],"player_experience":99446,"relics_obtained":[{"floor":6,"key":"Potion Belt"}],"event_choices":[{"cards_removed":["Normality"],"damage_healed":0,"gold_gain":0,"player_choice":"Removed Curses","damage_taken":0,"max_hp_gain":0,"max_hp_loss":0,"event_name":"Fountain of Cleansing","floor":5,"gold_loss":0}],"is_beta":false,"boss_relics":[],"items_purged_floors":[],"is_endless":false,"potions_floor_spawned":[4],"killed_by":"Lagavulin","ascension_level":1}}