{"host":"t7mx8yfj1no5p62f","time":1609943737,"event":{"mods":["BaseMod","Colored Map","Colored Powertips","Minty Spire (QoL Compilation)","Relic Stats","StSLib"],"gold_per_floor":[114,39,39,39,56,56,68,100,100,100,100],"floor_reached":10,"playtime":253,"items_purged":["Shame"],"score":132,"play_id":"ae2b8a9c-8604-4b7b-a094-422cb7491488","local_time":"20210106093537","is_ascension_mode":true,"campfire_choices":[{"data":"Whirlwind","floor":6.0,"key":"SMITH"}],"circlet_count":0,"master_deck":["AscendersBane","Strike_R","Strike_R","Strike_R","Strike_R","Strike_R","Defend_R","Defend_R+1","Defend_R","Defend_R","Bash+1","Thunderclap","Whirlwind+1","Ghostly Armor","Spot Weakness"],"relics":["Burning Blood","Champion Belt","Meat on the Bone"],"acts_visited":["Exordium"],"potions_floor_usage":[],"damage_taken":[{"damage":14.0,"enemies":"Small Slimes","floor":1.0,"turns":5.0},{"damage":4.0,"enemies":"2 Louse","floor":5.0,"turns":3.0},{"damage":0.0,"enemies":"Cultist","floor":7.0,"turns":3.0},{"damage":26.0,"enemies":"3 Sentries","floor":8.0,"turns":9.0},{"damage":41,"enemies":"Lagavulin","floor":10,"turns":6}],"seed_played":"-8749400556875408369","potions_obtained":[{"floor":7.0,"key":"AttackPotion"}],"is_trial":false,"path_per_floor":["M","$","?","?","M","R","M","E","T","E"],"character_chosen":"IRONCLAD","items_purchased":[],"campfire_rested":0,"item_purchase_floors":[],"current_hp_per_floor":[60,60,60,37,39,39,45,25,25,0,0],"gold":100,"neow_bonus":"ONE_RARE_RELIC","is_daily":false,"chose_seed":false,"campfire_upgraded":1,"win_rate":0.0,"timestamp":1609943737,"path_taken":["M","$","?","?","M","R","M","E","T","E"],"items_purchased_type":[],"build_version":"2020-12-22","purchased_purges":1,"victory":false,"max_hp_per_floor":[75,75,75,75,75,75,75,75,75,75,75],"relic_stats":{"counters":[5,26],"Champion Belt":[13],"obtain_stats":[{"Champion Belt":0,"Burning Blood":0,"Meat on the Bone":8},{"Champion Belt":0,"Burning Blood":0,"Meat on the Bone":4},{"Champion Belt":0,"Burning Blood":0,"Meat on the Bone":20}],"Burning Blood":24,"Meat on the Bone":0},"card_choices":[{"not_picked":["Rampage","Body Slam"],"picked":"Thunderclap","floor":1.0},{"not_picked":["Sever Soul","Headbutt"],"picked":"Whirlwind","floor":5.0},{"not_picked":["Pommel Strike","Clothesline"],"picked":"Ghostly Armor","floor":7.0},{"not_picked":["Twin Strike","Brutality"],"picked":"Spot Weakness","floor":8.0}],"player_experience":1664278,"relics_obtained":[{"floor":8.0,"key":"Meat on the Bone"}],"event_choices":[{"damage_healed":0.0,"max_hp_gain":0.0,"max_hp_loss":0.0,"gold_gain":0.0,"event_name":"Liars Game","player_choice":"Ignored","floor":3.0,"gold_loss":0.0,"damage_taken":0.0},{"damage_healed":0.0,"max_hp_gain":0.0,"max_hp_loss":0.0,"gold_gain":0.0,"event_name":"Shining Light","player_choice":"Entered Light","floor":4.0,"gold_loss":0.0,"damage_taken":23.0,"cards_upgraded":["Defend_R","Bash"]}],"is_beta":false,"boss_relics":[],"items_purged_floors":[2],"is_endless":false,"potions_floor_spawned":[7],"killed_by":"Lagavulin","ascension_level":20}}