{"host":"kev6uqotw4tlyx8l","time":1609939787,"event":{"mods":["Act Like it!","Aspiration","BaseMod","Colored Powertips","Dota2Spire","Downfall","Hallownest","Infinite Spire","Marisa????????","Minty Spire (QoL Compilation)","Quick Restart","Remilia??????","Replay The Spire","StSLib","The Cursed","The Jungle","The Marked","The Mystic","The Servant 0.9.4"],"gold_per_floor":[112,132,147,147,229,229,152,152,152,162,241,261,271,283,283,283,283],"floor_reached":16,"playtime":380,"items_purged":[],"score":103,"play_id":"98040de5-7821-436c-b5de-da39d80f5b31","local_time":"20210106202947","is_ascension_mode":true,"campfire_choices":[{"data":"Dagger Throw","floor":6,"key":"SMITH"},{"data":"ReplayTheSpireMod:Scrap Shanks","floor":8,"key":"SMITH"},{"floor":15,"key":"REST"}],"circlet_count":0,"master_deck":["Strike_G","Strike_G","Strike_G","Strike_G","Strike_G","Defend_G","Defend_G","Defend_G","Defend_G","Defend_G","Survivor","Neutralize","Eviscerate","Dagger Throw+1","Underhanded Strike","ReplayTheSpireMod:Scrap Shanks+1","Underhanded Strike","Dagger Spray","Acrobatics"],"relics":["Ring of the Snake","Smiling Mask","Dota2Spire:AghanimScepter","Replay:Bottled Snecko"],"acts_visited":["Exordium"],"potions_floor_usage":[13,16],"damage_taken":[{"damage":22,"enemies":"infinitespire:Voidling","floor":1,"turns":6},{"damage":5,"enemies":"Small Slimes","floor":2,"turns":4},{"damage":9,"enemies":"Jaw Worm","floor":3,"turns":2},{"damage":20,"enemies":"Red Slaver","floor":10,"turns":5},{"damage":0,"enemies":"3 Louse","floor":12,"turns":2},{"damage":10,"enemies":"2 Fungi Beasts","floor":13,"turns":3},{"damage":0,"enemies":"Red Slaver","floor":14,"turns":1},{"damage":34,"enemies":"Hexaghost","floor":16,"turns":9}],"seed_played":"-1431196106407223281","potions_obtained":[{"floor":2,"key":"champ:CounterPotion"},{"floor":13,"key":"SpeedPotion"},{"floor":14,"key":"hexamod:EctoCoolerPotion"}],"is_trial":false,"path_per_floor":["M","M","M","?","T","R","$","R","T","M","?","M","M","M","R","B"],"character_chosen":"THE_SILENT","items_purchased":["ReplayTheSpireMod:Scrap Shanks"],"campfire_rested":1,"item_purchase_floors":[7],"current_hp_per_floor":[57,52,43,43,43,43,43,43,43,23,23,23,13,13,34,0,0],"gold":283,"neow_bonus":"RANDOM_COMMON_RELIC","is_daily":false,"chose_seed":false,"campfire_upgraded":2,"win_rate":0.0,"timestamp":1609939787,"path_taken":["M","M","?","?","?","R","$","R","T","?","?","M","M","M","R","BOSS"],"items_purchased_type":["Card"],"build_version":"2020-12-22","purchased_purges":0,"victory":false,"max_hp_per_floor":[70,70,70,70,70,70,70,70,70,70,70,70,70,70,70,70,70],"card_choices":[{"not_picked":["Backflip","Bane"],"picked":"Eviscerate","floor":1},{"not_picked":["Flying Knee","Backflip"],"picked":"Dagger Throw","floor":2},{"not_picked":["Footwork","Flying Knee"],"picked":"Underhanded Strike","floor":3},{"not_picked":["ReplayTheSpireMod:The Works","Poisoned Stab"],"picked":"Underhanded Strike","floor":10},{"not_picked":["Well Laid Plans","Outmaneuver","Toxin Wave"],"picked":"SKIP","floor":12},{"not_picked":["Poisoned Stab","Terror"],"picked":"Dagger Spray","floor":13},{"not_picked":["Sucker Punch","Dodge and Roll"],"picked":"Acrobatics","floor":14}],"player_experience":97175,"relics_obtained":[{"floor":5,"key":"Dota2Spire:AghanimScepter"},{"floor":9,"key":"Replay:Bottled Snecko"}],"event_choices":[{"damage_healed":0,"gold_gain":79,"player_choice":"Gained Gold","damage_taken":0,"max_hp_gain":0,"max_hp_loss":0,"event_name":"Golden Wing","floor":11,"gold_loss":0}],"is_beta":false,"boss_relics":[],"items_purged_floors":[],"is_endless":false,"potions_floor_spawned":[2,13,14],"killed_by":"Hexaghost","ascension_level":2}}