{"host":"rhrkddapnlgqm7yj","time":1609959221,"event":{"mods":["AchievementEnabler","BaseMod","Bestiary","Colored Map","Colored Powertips","Filter the Spire","Minty Spire (QoL Compilation)","Relic Stats","Remove Card Discount Mod","StSLib","SuperFastMode","The IronCluck","Waifu the Spire"],"gold_per_floor":[113,113,113,128,112,146,224,224,224,224,243,243,266,309,309,438,438,456,122,122,133,133,162,162,181,181,96,96,122,122,149,149,250,250,268,268,113,131,131,131,158,170,182,225,85,102,102,120,120,120],"floor_reached":51,"playtime":6388,"items_purged":["Regret","Injury","Strike_P","Strike_P","Strike_P","Strike_P","Defend_P","Defend_P","Defend_P","Defend_P","Pain","Parasite"],"score":1146,"play_id":"979597de-3a96-4083-949f-667ca560e14e","local_time":"20210106195341","is_ascension_mode":true,"campfire_choices":[{"data":"Eruption","floor":8,"key":"SMITH"},{"data":"Vigilance","floor":10,"key":"SMITH"},{"data":"Protect","floor":15,"key":"SMITH"},{"data":"Apotheosis","floor":24,"key":"SMITH"},{"data":"Adaptation","floor":28,"key":"SMITH"},{"data":"Vault","floor":32,"key":"SMITH"},{"data":"Adaptation","floor":40,"key":"SMITH"},{"floor":49,"key":"RECALL"}],"circlet_count":0,"master_deck":["Eruption+1","Vigilance+1","CutThroughFate","Consecrate","Wireheading","CutThroughFate","Protect+1","Scrawl","Apotheosis+1","Nirvana","Adaptation+1","Meditate","Adaptation+1","Scrawl","Vault+1","Brilliance","LikeWater+1","CrushJoints+1","LikeWater+1","DevaForm","FollowUp+1","Dark Shackles","Finesse","Madness","Tantrum"],"relics":["VioletLotus","Bloody Idol","Bag of Preparation","Peace Pipe","PreservedInsect","Shuriken","Ornamental Fan","Coffee Dripper","HandDrill","Anchor","Vajra","FossilizedHelix","TungstenRod","Cursed Key","Bag of Marbles","MawBank","Regal Pillow","Strawberry","White Beast Statue","Ancient Tea Set"],"acts_visited":["Exordium","TheCity","TheBeyond"],"potions_floor_usage":[21,23,33],"damage_taken":[{"damage":3,"enemies":"Jaw Worm","floor":1,"turns":6},{"damage":23,"enemies":"Small Slimes","floor":4,"turns":5},{"damage":10,"enemies":"Lagavulin","floor":6,"turns":5},{"damage":8,"enemies":"Gremlin Nob","floor":7,"turns":3},{"damage":0,"enemies":"Cultist","floor":11,"turns":3},{"damage":0,"enemies":"Exordium Thugs","floor":13,"turns":2},{"damage":0,"enemies":"Gremlin Nob","floor":14,"turns":2},{"damage":0,"enemies":"Slime Boss","floor":16,"turns":5},{"damage":0,"enemies":"Shell Parasite","floor":18,"turns":4},{"damage":11,"enemies":"Spheric Guardian","floor":21,"turns":4},{"damage":5,"enemies":"Book of Stabbing","floor":23,"turns":5},{"damage":1,"enemies":"Centurion and Healer","floor":25,"turns":3},{"damage":0,"enemies":"Gremlin Leader","floor":29,"turns":3},{"damage":21,"enemies":"Slavers","floor":31,"turns":2},{"damage":0,"enemies":"Champ","floor":33,"turns":5},{"damage":0,"enemies":"3 Shapes","floor":35,"turns":3},{"damage":0,"enemies":"3 Darklings","floor":38,"turns":2},{"damage":0,"enemies":"Reptomancer","floor":41,"turns":3},{"damage":0,"enemies":"Giant Head","floor":44,"turns":4},{"damage":0,"enemies":"Maw","floor":46,"turns":3},{"damage":0,"enemies":"Jaw Worm Horde","floor":48,"turns":3},{"damage":0,"enemies":"Awakened One","floor":50,"turns":4}],"seed_played":"-280395862846236085","potions_obtained":[{"floor":7,"key":"SkillPotion"},{"floor":11,"key":"SteroidPotion"},{"floor":13,"key":"Weak Potion"},{"floor":33,"key":"SneckoOil"},{"floor":38,"key":"GamblersBrew"},{"floor":41,"key":"Dexterity Potion"},{"floor":46,"key":"Strength Potion"}],"is_trial":false,"path_per_floor":["M","?","?","M","$","E","?","R","T","R","M","$","M","E","R","B",null,"M","$","?","M","$","E","R","M","T","$","R","E","?","E","R","B",null,"M","?","$","M","?","R","E","T","T","E","$","M","?","M","R","B",null],"character_chosen":"WATCHER","items_purchased":["Apotheosis","HandDrill","Adaptation","Bag of Marbles","Ancient Tea Set"],"campfire_rested":0,"item_purchase_floors":[19,19,27,37,45],"current_hp_per_floor":[69,69,69,46,46,36,28,28,28,28,28,28,28,28,28,28,72,72,72,72,66,66,66,66,70,70,70,70,72,72,56,56,61,72,72,82,82,82,82,82,82,82,89,89,86,86,77,82,82,82],"gold":120,"neow_bonus":"BOSS_RELIC","is_daily":false,"chose_seed":false,"campfire_upgraded":7,"win_rate":0.0,"timestamp":1609959221,"path_taken":["M","?","?","M","$","E","?","R","T","R","M","?","M","E","R","BOSS","M","?","?","M","$","E","R","M","T","$","R","E","?","E","R","BOSS","M","?","$","?","?","R","E","?","T","E","$","M","?","M","R","BOSS"],"items_purchased_type":["Card","Relic","Card","Relic","Relic"],"build_version":"2020-12-22","purchased_purges":12,"victory":true,"max_hp_per_floor":[72,72,72,72,72,72,72,72,72,72,72,72,72,72,72,72,72,72,72,72,72,72,72,72,72,72,72,72,72,72,72,72,72,72,72,82,82,82,82,82,82,82,89,89,86,86,86,86,86,86],"relic_stats":{"Regal Pillow":0,"counters":[22,79],"PreservedInsect":333,"Bag of Preparation":[41],"Cursed Key":2,"MawBank":48,"Peace Pipe":0,"Shuriken":[43],"Ornamental Fan":[160],"Bloody Idol":32,"VioletLotus":[51],"HandDrill":[24],"obtain_stats":[{"Regal Pillow":42,"Golden Idol":2,"Vajra":26,"PreservedInsect":7,"Bag of Preparation":3,"Cursed Key":34,"MawBank":41,"Ancient Tea Set":45,"White Beast Statue":44,"Peace Pipe":6,"Anchor":23,"Shuriken":9,"Ornamental Fan":14,"Bloody Idol":20,"Strawberry":43,"VioletLotus":0,"Coffee Dripper":17,"HandDrill":19,"Bag of Marbles":37,"PureWater":0,"FossilizedHelix":29,"TungstenRod":31},{"Regal Pillow":18,"Golden Idol":1,"Vajra":12,"PreservedInsect":4,"Bag of Preparation":1,"Cursed Key":15,"MawBank":18,"Ancient Tea Set":19,"White Beast Statue":19,"Peace Pipe":3,"Anchor":11,"Shuriken":4,"Ornamental Fan":7,"Bloody Idol":9,"Strawberry":18,"VioletLotus":0,"Coffee Dripper":8,"HandDrill":9,"Bag of Marbles":16,"PureWater":0,"FossilizedHelix":13,"TungstenRod":14},{"Regal Pillow":65,"Golden Idol":6,"Vajra":47,"PreservedInsect":19,"Bag of Preparation":6,"Cursed Key":57,"MawBank":65,"Ancient Tea Set":69,"White Beast Statue":69,"Peace Pipe":16,"Anchor":44,"Shuriken":19,"Ornamental Fan":26,"Bloody Idol":35,"Strawberry":65,"VioletLotus":0,"Coffee Dripper":31,"HandDrill":35,"Bag of Marbles":60,"PureWater":0,"FossilizedHelix":50,"TungstenRod":52}],"TungstenRod":6},"card_choices":[{"not_picked":["Crescendo","WindmillStrike"],"picked":"CutThroughFate","floor":1},{"not_picked":["Pray","JustLucky"],"picked":"Consecrate","floor":4},{"not_picked":["FlurryOfBlows","CutThroughFate"],"picked":"Wireheading","floor":6},{"not_picked":["Swivel","FlurryOfBlows"],"picked":"Alpha","floor":7},{"not_picked":["BowlingBash","Worship","ClearTheMind"],"picked":"SKIP","floor":11},{"not_picked":["Consecrate","FlurryOfBlows"],"picked":"CutThroughFate","floor":13},{"not_picked":["Vengeance","EmptyFist"],"picked":"Protect","floor":14},{"not_picked":["Blasphemy","Judgement"],"picked":"Scrawl","floor":16},{"not_picked":["CrushJoints","BowlingBash","Sanctity"],"picked":"SKIP","floor":18},{"not_picked":["Wallop","Vengeance"],"picked":"Nirvana","floor":21},{"not_picked":["SignatureMove","Weave"],"picked":"Adaptation","floor":23},{"not_picked":["CutThroughFate","Swivel"],"picked":"Meditate","floor":25},{"not_picked":["FearNoEvil+1","CutThroughFate"],"picked":"Scrawl","floor":29},{"not_picked":["LikeWater","Crescendo"],"picked":"Vault","floor":31},{"not_picked":["Wish","Blasphemy"],"picked":"Brilliance","floor":33},{"not_picked":["SashWhip+1","CutThroughFate+1"],"picked":"LikeWater+1","floor":35},{"not_picked":["EmptyBody+1","Crescendo+1"],"picked":"CrushJoints+1","floor":38},{"not_picked":["Conclude","SignatureMove"],"picked":"LikeWater+1","floor":41},{"not_picked":["JustLucky","WreathOfFlame"],"picked":"DevaForm","floor":44},{"not_picked":["ClearTheMind","ForeignInfluence"],"picked":"FollowUp+1","floor":46},{"not_picked":["Magnetism","Impatience"],"picked":"Dark Shackles","floor":47},{"not_picked":["Bandage Up","Deep Breath"],"picked":"Finesse","floor":47},{"not_picked":["Jack Of All Trades","The Bomb"],"picked":"Madness","floor":47},{"not_picked":["CutThroughFate+1","ClearTheMind+1"],"picked":"Tantrum","floor":48}],"player_experience":26819,"relics_obtained":[{"floor":6,"key":"Peace Pipe"},{"floor":7,"key":"PreservedInsect"},{"floor":9,"key":"Shuriken"},{"floor":14,"key":"Ornamental Fan"},{"floor":23,"key":"Anchor"},{"floor":26,"key":"Vajra"},{"floor":29,"key":"FossilizedHelix"},{"floor":31,"key":"TungstenRod"},{"floor":41,"key":"MawBank"},{"floor":42,"key":"Regal Pillow"},{"floor":43,"key":"Strawberry"},{"floor":44,"key":"White Beast Statue"}],"event_choices":[{"damage_healed":0,"gold_gain":0,"player_choice":"Take Wound","damage_taken":0,"relics_obtained":["Golden Idol"],"max_hp_gain":0,"max_hp_loss":0,"event_name":"Golden Idol","floor":2,"gold_loss":0,"cards_obtained":["Injury"]},{"damage_healed":0,"gold_gain":0,"player_choice":"Box","damage_taken":0,"relics_obtained":["Bag of Preparation"],"max_hp_gain":0,"max_hp_loss":0,"event_name":"Big Fish","floor":3,"gold_loss":0,"cards_obtained":["Regret"]},{"damage_healed":0,"gold_gain":0,"player_choice":"Searched \u00271\u0027 times","damage_taken":0,"max_hp_gain":0,"max_hp_loss":0,"event_name":"Dead Adventurer","floor":7,"gold_loss":0},{"damage_healed":0,"gold_gain":0,"player_choice":"Gave Idol","damage_taken":0,"relics_obtained":["Bloody Idol"],"max_hp_gain":0,"max_hp_loss":0,"event_name":"Forgotten Altar","floor":20,"relics_lost":["Golden Idol"],"gold_loss":0},{"damage_healed":0,"gold_gain":0,"player_choice":"Ignored","damage_taken":0,"max_hp_gain":0,"max_hp_loss":0,"event_name":"Vampires","floor":30,"gold_loss":0},{"cards_removed":["Alpha"],"damage_healed":0,"gold_gain":0,"player_choice":"Offered Rare","damage_taken":0,"max_hp_gain":10,"max_hp_loss":0,"event_name":"Bonfire Elementals","floor":36,"gold_loss":0},{"damage_healed":0,"gold_gain":0,"player_choice":"Ignored","damage_taken":0,"max_hp_gain":0,"max_hp_loss":0,"event_name":"Tomb of Lord Red Mask","floor":39,"gold_loss":0},{"damage_healed":0,"gold_gain":0,"player_choice":"Memory 3","damage_taken":10,"max_hp_gain":0,"max_hp_loss":0,"event_name":"SensoryStone","floor":47,"gold_loss":0}],"is_beta":false,"boss_relics":[{"not_picked":["Philosopher\u0027s Stone","Busted Crown"],"picked":"Coffee Dripper"},{"not_picked":["Calling Bell","Fusion Hammer"],"picked":"Cursed Key"}],"items_purged_floors":[5,5,5,5,5,5,5,5,27,27,45,45],"is_endless":false,"potions_floor_spawned":[7,11,13,14,33,38,41,46,48],"ascension_level":2}}