{"host":"uyzhdwpn6dnsaso5","time":1609962319,"event":{"mods":["AchievementEnabler","Aspiration","Bard","BaseMod","Beaked The Cultist","BetterRewards","Colored Map","Conspire","Custom Start","Downfall","Fiend Mod","Friendly Minions","GifTheSpireLib","Halation","Hero for Fun","Hubris","Infinite Spire","Marisa????????","Mimic Mod","Minty Spire (QoL Compilation)","READ ME - Guardian Mod","READ ME - Snecko Mod","Replay The Spire","Shop Mod","StSLib","Stuff the Spire","The Bladedancer","The Bug Knight","The Construct","The Cursed","The Death Knight","The Disciple","The Exalted","The Factory","The Jungle","The Mystic","The Necromancer","The Senshi","The Servant 0.9.4","Trackpad","vexMod"],"gold_per_floor":[99,119,119,0,10,28,74,87,87,99,99,126,139,139,149,245,245,245,261,272,272,292,292,292],"floor_reached":23,"playtime":2019,"items_purged":[],"score":320,"play_id":"3b7cd0bd-407c-4da6-9d68-bd1f759c42a9","local_time":"20210106204519","is_ascension_mode":false,"campfire_choices":[{"data":"Bone_Wall","floor":1,"key":"SMITH"},{"data":"Death_March_Dance","floor":9,"key":"SMITH"},{"data":"Vampiric_Strike","floor":11,"key":"SMITH"}],"circlet_count":0,"master_deck":["Strike_W","Strike_W","Strike_W","Defend_W","Defend_W","Defend_W","Defend_W","Negative_Energy_Arrows","Bone_Wall+1","Vampiric_Strike+1","Warcry","Siphon_Strength","Blood_for_Blood+1","Death_March_Dance+1","Life_Tap","Bone_Armory","Negative_Energy_Javelin","Vampiric_Strike","Slay_Living","Summon_Undead_Army","Summon_Death_Knight","Summon_Death_Knight","Bone_Armor+1","Consume_Illness+1","Bone_Spikes"],"relics":["Vampire_Amulet","hubris:ToyBattleship","StuffTheSpire:HeavyRock","StuffTheSpire:OldFever","Art of War","Black Star"],"acts_visited":["Exordium","TheCity"],"potions_floor_usage":[10,10,12,16,22,22],"damage_taken":[{"damage":0,"enemies":"Small Slimes","floor":2,"turns":3},{"damage":0,"enemies":"downfall:FleeingMerchant","floor":4,"turns":4},{"damage":0,"enemies":"Cultist","floor":5,"turns":3},{"damage":1,"enemies":"2 Louse","floor":6,"turns":3},{"damage":3,"enemies":"Gremlin Gang","floor":8,"turns":6},{"damage":0,"enemies":"Large Slime","floor":10,"turns":4},{"damage":10,"enemies":"Replay:BlueRogue","floor":12,"turns":5},{"damage":2,"enemies":"Blue Slaver","floor":13,"turns":3},{"damage":6,"enemies":"3 Louse","floor":15,"turns":4},{"damage":28,"enemies":"downfall:Watcher","floor":16,"turns":10},{"damage":14,"enemies":"Snake Plant","floor":19,"turns":6},{"damage":18,"enemies":"Centurion and Healer","floor":20,"turns":8},{"damage":60,"enemies":"Cultist and Chosen","floor":22,"turns":8},{"damage":6,"enemies":"Snake Plant","floor":23,"turns":1}],"seed_played":"-3112515819139127430","potions_obtained":[{"floor":5,"key":"Guardian:BlockOnCardUsePotion"},{"floor":6,"key":"AttackPotion"},{"floor":8,"key":"Adrenaline Potion"},{"floor":12,"key":"SpeedPotion"},{"floor":19,"key":"Regen Potion"},{"floor":20,"key":"SteroidPotion"}],"is_trial":false,"path_per_floor":["R","M","?","$","M","M","T","M","R","M","R","E","M","T","M","B",null,"R_BF","M","M","?","M","M"],"character_chosen":"NECROMANCER","items_purchased":["Blood_for_Blood+1","Death_March_Dance"],"campfire_rested":0,"item_purchase_floors":[4,4],"current_hp_per_floor":[75,75,75,75,75,75,75,75,75,75,75,70,70,70,74,50,75,75,65,58,36,4,0,0],"gold":292,"neow_bonus":"RANDOM_COMMON_RELIC","is_daily":false,"chose_seed":false,"campfire_upgraded":3,"win_rate":0.0,"timestamp":1609962319,"path_taken":["R","M","?","?","M","M","T","M","R","M","R","E","?","?","M","BOSS","R_BF","M","?","?","M","?"],"items_purchased_type":["Card","Card"],"build_version":"2020-12-22","purchased_purges":0,"victory":false,"max_hp_per_floor":[75,75,75,75,75,75,75,75,75,75,75,75,75,75,75,75,75,75,75,75,75,75,75,75],"card_choices":[{"not_picked":["Finger_Of_Death","Siphon_Strength"],"picked":"Vampiric_Strike","floor":2},{"not_picked":["Negative_Energy_Bomb","Negative_Energy_Sphere"],"picked":"Siphon_Strength","floor":4},{"not_picked":["Scare","Exploit"],"picked":"Life_Tap","floor":5},{"not_picked":["Death_March_Dance","Negative_Energy_Sphere"],"picked":"Bone_Armory","floor":6},{"not_picked":["Blood_Shield","Scare"],"picked":"Negative_Energy_Javelin","floor":8},{"not_picked":["Chill_Blood","Blood_for_Blood"],"picked":"Vampiric_Strike","floor":10},{"not_picked":["Flesh_Made_Foul","Blood_Shield"],"picked":"Slay_Living","floor":12},{"not_picked":["Corrupt","Blood_Whip"],"picked":"Summon_Undead_Army","floor":13},{"not_picked":["Negative_Energy_Javelin","Chill_Blood"],"picked":"Summon_Death_Knight","floor":15},{"not_picked":["Hellfire","Requiem"],"picked":"Summon_Death_Knight","floor":16},{"not_picked":["Negative_Energy_Sphere","Death_March_Dance"],"picked":"Bone_Armor+1","floor":19},{"not_picked":["Bone_Armor","Bone_Prison"],"picked":"Consume_Illness+1","floor":20},{"not_picked":["Requiem","Scare"],"picked":"Bone_Spikes","floor":22}],"player_experience":1268334,"relics_obtained":[{"floor":7,"key":"StuffTheSpire:HeavyRock"},{"floor":12,"key":"StuffTheSpire:OldFever"},{"floor":14,"key":"Art of War"}],"event_choices":[{"cards_removed":["Strike_W"],"damage_healed":0,"gold_gain":0,"player_choice":"Took Card","damage_taken":0,"max_hp_gain":0,"max_hp_loss":0,"event_name":"NoteForYourself","floor":3,"gold_loss":0,"cards_obtained":["Warcry"]}],"is_beta":false,"boss_relics":[{"not_picked":["beaked:MawFillet","Bromod:ArcaneBarrier"],"picked":"Black Star"}],"items_purged_floors":[],"is_endless":false,"potions_floor_spawned":[5,6,8,12,19,20],"killed_by":"Snake Plant","ascension_level":0}}