{"host":"rhrkddapnlgqm7yj","time":1609939528,"event":{"mods":["AchievementEnabler","BaseMod","Bestiary","Colored Map","Colored Powertips","Googly Eyes","Minty Spire (QoL Compilation)","Relic Stats","StSLib","SuperFastMode","The IronCluck","Waifu the Spire"],"gold_per_floor":[111,127,146,146,321,356,368,393,429,460,506,518,530,542,554,666,678,710,493,505,505,505,505,520,520,546,560,560,560],"floor_reached":28,"playtime":1742,"items_purged":["Pain"],"score":278,"play_id":"fcc3e8b9-c78e-4b1e-beca-af0ed8e74bb1","local_time":"20210106142528","is_ascension_mode":true,"campfire_choices":[{"data":"Eruption","floor":7,"key":"SMITH"},{"data":"BowlingBash","floor":13,"key":"SMITH"},{"data":"ConjureBlade","floor":15,"key":"SMITH"},{"data":"SpiritShield","floor":23,"key":"SMITH"},{"data":"WindmillStrike","floor":25,"key":"SMITH"}],"circlet_count":0,"master_deck":["Strike_P+1","Strike_P","Strike_P","Defend_P","Defend_P","Defend_P","Defend_P","Eruption+1","Vigilance","WindmillStrike+1","BowlingBash+1","EmptyFist+1","Doubt","Prostrate","CrushJoints","ConjureBlade+1","SpiritShield+1","Perseverance","Prostrate","Meditate+1","Consecrate+1"],"relics":["PureWater","Damaru","MawBank","Ancient Tea Set","MealTicket","WarpedTongs","Runic Pyramid","Pen Nib","Nunchaku"],"acts_visited":["Exordium","TheCity"],"potions_floor_usage":[16,16,16,27,27],"damage_taken":[{"damage":0,"enemies":"Small Slimes","floor":1,"turns":2},{"damage":0,"enemies":"Cultist","floor":2,"turns":2},{"damage":0,"enemies":"2 Louse","floor":3,"turns":2},{"damage":29,"enemies":"Lagavulin","floor":6,"turns":8},{"damage":0,"enemies":"Exordium Thugs","floor":8,"turns":1},{"damage":5,"enemies":"Red Slaver","floor":10,"turns":4},{"damage":4,"enemies":"3 Sentries","floor":11,"turns":7},{"damage":15,"enemies":"The Guardian","floor":16,"turns":10},{"damage":26,"enemies":"2 Thieves","floor":18,"turns":4},{"damage":16,"enemies":"Spheric Guardian","floor":20,"turns":7},{"damage":14,"enemies":"Shelled Parasite and Fungi","floor":24,"turns":4},{"damage":1,"enemies":"Centurion and Healer","floor":27,"turns":5},{"damage":34,"enemies":"Book of Stabbing","floor":28,"turns":3}],"seed_played":"408494539357613983","potions_obtained":[{"floor":2,"key":"Block Potion"},{"floor":3,"key":"Swift Potion"},{"floor":8,"key":"SteroidPotion"},{"floor":10,"key":"PowerPotion"},{"floor":18,"key":"Strength Potion"},{"floor":22,"key":"EssenceOfSteel"},{"floor":22,"key":"SteroidPotion"},{"floor":27,"key":"DistilledChaos"}],"is_trial":false,"path_per_floor":["M","M","M","?","?","E","R","M","T","M","E","?","R","?","R","B",null,"M","$","M","?","?","R","M","R","T","M","E"],"character_chosen":"WATCHER","items_purchased":["Pen Nib"],"campfire_rested":0,"item_purchase_floors":[19],"current_hp_per_floor":[72,72,72,58,58,29,29,29,29,24,20,44,44,44,44,29,72,46,61,45,45,45,45,31,31,31,30,0,0],"gold":560,"neow_bonus":"RANDOM_COMMON_RELIC","is_daily":false,"chose_seed":false,"campfire_upgraded":5,"win_rate":0.0,"timestamp":1609939528,"path_taken":["M","M","M","?","?","E","R","M","T","M","E","?","R","?","R","BOSS","M","$","?","?","?","R","M","R","T","?","E"],"items_purchased_type":["Relic"],"build_version":"2020-12-22","purchased_purges":1,"victory":false,"max_hp_per_floor":[72,72,72,72,72,72,72,72,72,72,72,72,72,72,72,72,72,72,72,72,72,72,72,72,72,72,72,72,72],"relic_stats":{"Nunchaku":[1],"counters":[13,59],"MealTicket":15,"Pen Nib":[2],"MawBank":156,"obtain_stats":[{"Nunchaku":26,"Damaru":0,"MealTicket":11,"Pen Nib":19,"PureWater":0,"MawBank":6,"Ancient Tea Set":9,"WarpedTongs":14,"Runic Pyramid":17},{"Nunchaku":11,"Damaru":0,"MealTicket":7,"Pen Nib":9,"PureWater":0,"MawBank":4,"Ancient Tea Set":5,"WarpedTongs":7,"Runic Pyramid":8},{"Nunchaku":51,"Damaru":0,"MealTicket":26,"Pen Nib":40,"PureWater":0,"MawBank":14,"Ancient Tea Set":15,"WarpedTongs":26,"Runic Pyramid":36}],"WarpedTongs":[33]},"card_choices":[{"not_picked":["PathToVictory","Evaluate"],"picked":"WindmillStrike","floor":1},{"not_picked":["Halt","Fasting2"],"picked":"BowlingBash","floor":2},{"not_picked":["Swivel","JustLucky"],"picked":"EmptyFist","floor":3},{"not_picked":["ThirdEye","FlyingSleeves"],"picked":"Prostrate","floor":6},{"not_picked":["JustLucky","Evaluate"],"picked":"CrushJoints","floor":8},{"not_picked":["FollowUp","Crescendo"],"picked":"ConjureBlade","floor":10},{"not_picked":["EmptyBody","WindmillStrike","JustLucky"],"picked":"SKIP","floor":11},{"not_picked":["Scrawl","Establishment"],"picked":"SpiritShield","floor":16},{"not_picked":["FlyingSleeves","ThirdEye"],"picked":"Perseverance","floor":18},{"not_picked":["ClearTheMind","FlyingSleeves+1"],"picked":"Prostrate","floor":20},{"not_picked":["Nirvana","Crescendo"],"picked":"Meditate+1","floor":24},{"not_picked":["CutThroughFate","DeceiveReality"],"picked":"Consecrate+1","floor":27}],"player_experience":19109,"relics_obtained":[{"floor":6,"key":"MawBank"},{"floor":9,"key":"Ancient Tea Set"},{"floor":11,"key":"MealTicket"},{"floor":26,"key":"Nunchaku"}],"event_choices":[{"damage_healed":0,"gold_gain":0,"player_choice":"Entered Light","damage_taken":14,"max_hp_gain":0,"max_hp_loss":0,"event_name":"Shining Light","floor":4,"gold_loss":0,"cards_upgraded":["Strike_P","EmptyFist"]},{"damage_healed":0,"gold_gain":175,"player_choice":"AGREE","damage_taken":0,"max_hp_gain":0,"max_hp_loss":0,"event_name":"Liars Game","floor":5,"gold_loss":0,"cards_obtained":["Doubt"]},{"damage_healed":24,"gold_gain":0,"player_choice":"Banana","damage_taken":0,"max_hp_gain":0,"max_hp_loss":0,"event_name":"Big Fish","floor":12,"gold_loss":0},{"damage_healed":0,"gold_gain":0,"player_choice":"Rummage","damage_taken":0,"relics_obtained":["WarpedTongs"],"max_hp_gain":0,"max_hp_loss":0,"event_name":"Accursed Blacksmith","floor":14,"gold_loss":0,"cards_obtained":["Pain"]},{"cards_removed":["Strike_P"],"damage_healed":0,"gold_gain":0,"player_choice":"Elegance","damage_taken":0,"max_hp_gain":0,"max_hp_loss":0,"event_name":"Back to Basics","floor":21,"gold_loss":0},{"damage_healed":0,"gold_gain":0,"player_choice":"Got Potions","damage_taken":0,"max_hp_gain":0,"max_hp_loss":0,"event_name":"Lab","floor":22,"gold_loss":0}],"is_beta":false,"boss_relics":[{"not_picked":["HolyWater","Runic Dome"],"picked":"Runic Pyramid"}],"items_purged_floors":[19],"is_endless":false,"potions_floor_spawned":[2,3,8,10,18,27],"killed_by":"Book of Stabbing","ascension_level":2}}