{"host":"v4nyfngrgywi7zc6","time":1609908380,"event":{"mods":["2.2 Compatiblity","BaseMod","Custom Start","Minty Spire (QoL Compilation)","Shop Mod","StSLib","The Bug Knight","The Dragon Tamer","The Jungle","The Marked"],"gold_per_floor":[118,118,68,87,39,74,89,114,114,127,52,52,129,159,159,159,159,159],"floor_reached":16,"playtime":865,"items_purged":["DTMod:Strike"],"score":133,"play_id":"058290d4-d126-4fc8-b372-76a898307605","local_time":"20210105224620","is_ascension_mode":false,"metric_token":659,"campfire_choices":[{"floor":15,"key":"REST"}],"dtmod_dragon_data":[41,50,-1,-1,0,0],"circlet_count":0,"master_deck":["DTMod:Strike","DTMod:Strike","DTMod:Strike","DTMod:DoubleHit","DTMod:TargetDefense","DTMod:TargetDefense","DTMod:TargetDefense","DTMod:TargetDefense","DTMod:SwitchingTactic","DTMod:ShieldDrain","DTMod:DragonDance","DTMod:Training","DTMod:ComboAttack","DTMod:SealedStrike"],"relics":["DTMod:PactStone","NeowsBlessing","Juzu Bracelet","Question Card","Ancient Tea Set","Bag of Preparation","GremlinMask","Odd Mushroom"],"acts_visited":["Exordium"],"potions_floor_usage":[14,16,16,16],"damage_taken":[{"damage":0,"enemies":"Jaw Worm","floor":1,"turns":1},{"damage":0,"enemies":"2 Louse","floor":4,"turns":1},{"damage":0,"enemies":"Gremlin Nob","floor":6,"turns":1},{"damage":0,"enemies":"Small Slimes","floor":7,"turns":3},{"damage":22,"enemies":"3 Sentries","floor":8,"turns":7},{"damage":2,"enemies":"Exordium Thugs","floor":10,"turns":5},{"damage":0,"enemies":"The Mushroom Lair","floor":14,"turns":4},{"damage":36,"enemies":"Hexaghost","floor":16,"turns":10}],"seed_played":"-3347852763062736993","potions_obtained":[{"floor":1,"key":"EntropicBrew"},{"floor":10,"key":"Fire Potion"},{"floor":14,"key":"Ancient Potion"}],"is_trial":false,"path_per_floor":["M","?","?","M","$","E","M","E","T","M","$","?","?","?","R","B"],"character_chosen":"THE_DT","items_purchased":["DTMod:Training"],"campfire_rested":1,"item_purchase_floors":[5],"current_hp_per_floor":[45,45,45,45,45,45,45,23,23,21,21,21,21,21,34,0,0,0],"gold":159,"neow_bonus":"THREE_ENEMY_KILL","is_daily":false,"chose_seed":false,"campfire_upgraded":0,"win_rate":0.0,"timestamp":1609908380,"path_taken":["M","?","?","M","$","E","M","E","T","M","?","?","?","?","R","BOSS"],"items_purchased_type":["Card"],"build_version":"2020-12-22","purchased_purges":1,"victory":false,"max_hp_per_floor":[45,45,45,45,45,45,45,45,45,45,45,45,45,45,45,45,45,45],"card_choices":[{"not_picked":["DTMod:MasterPlan","DTMod:BurningForce"],"picked":"DTMod:ShieldDrain","floor":1},{"not_picked":["DTMod:BurningEnergy","DTMod:StarRain"],"picked":"DTMod:DragonDance","floor":4},{"not_picked":["DTMod:Observe","DTMod:Threaten","DTMod:Inferno"],"picked":"SKIP","floor":6},{"not_picked":["DTMod:BlazingStrike","DTMod:GhostSkin","DTMod:HeatWave"],"picked":"DTMod:ComboAttack","floor":7},{"not_picked":["DTMod:BizarreTactic","DTMod:Hide","DTMod:BlazingStrike","DTMod:MaximumCharge"],"picked":"SKIP","floor":8},{"not_picked":["DTMod:BuildUp","DTMod:Coolant","DTMod:CleansingStrike"],"picked":"DTMod:SealedStrike","floor":10}],"player_experience":225711,"relics_obtained":[{"floor":6,"key":"Question Card"},{"floor":8,"key":"Ancient Tea Set"},{"floor":9,"key":"Bag of Preparation"},{"floor":14,"key":"Odd Mushroom"}],"event_choices":[{"damage_healed":0,"gold_gain":0,"player_choice":"Box","damage_taken":0,"relics_obtained":["Juzu Bracelet"],"max_hp_gain":0,"max_hp_loss":0,"event_name":"Big Fish","floor":2,"gold_loss":0,"cards_obtained":["Regret"]},{"cards_removed":["Regret"],"damage_healed":0,"gold_gain":0,"player_choice":"Card Removal","damage_taken":0,"max_hp_gain":0,"max_hp_loss":0,"event_name":"The Cleric","floor":3,"gold_loss":50},{"damage_healed":0,"gold_gain":0,"player_choice":"Trade","damage_taken":0,"relics_obtained":["GremlinMask"],"max_hp_gain":0,"max_hp_loss":0,"event_name":"FaceTrader","floor":12,"gold_loss":0},{"damage_healed":0,"gold_gain":77,"player_choice":"Gained Gold","damage_taken":0,"max_hp_gain":0,"max_hp_loss":0,"event_name":"Golden Wing","floor":13,"gold_loss":0},{"damage_healed":0,"gold_gain":0,"player_choice":"Fought Mushrooms","damage_taken":0,"max_hp_gain":0,"max_hp_loss":0,"event_name":"Mushrooms","floor":14,"gold_loss":0}],"is_beta":false,"boss_relics":[],"items_purged_floors":[11],"is_endless":false,"potions_floor_spawned":[1,10,14],"killed_by":"Hexaghost","ascension_level":0}}