{"host":"bf1tnxyvjw6wp3cl","time":1609951114,"event":{"mods":["AchievementEnabler","BaseMod","Better Third Choice","Block Reminder","Colored Powertips","Curses Come First","Minty Spire (QoL Compilation)","Quick Restart","Relic Stats","StSLib","SuperFastMode"],"gold_per_floor":[109,109,109,123,141,141,174,184,184,184,38,58,70,24,24,122,122,104,13,13,28,28,28,28],"floor_reached":23,"playtime":523,"items_purged":["Pain"],"score":201,"play_id":"d3a23145-603a-498f-b8d1-347cb98d95cd","local_time":"20210106113834","is_ascension_mode":true,"campfire_choices":[{"data":"Uppercut","floor":6,"key":"SMITH"},{"floor":10,"key":"DIG"},{"floor":15,"key":"REST"}],"circlet_count":0,"master_deck":["Strike_R","Strike_R","Strike_R","Strike_R","Strike_R","Defend_R","Defend_R","Defend_R","Defend_R","Bash","Pommel Strike","Burn","Uppercut+1","Body Slam","Battle Trance","Metallicize","Inflame","True Grit","Feel No Pain","True Grit","Brutality","Body Slam","Flex","Dark Embrace","Feel No Pain","Exhume"],"relics":["Black Blood","NeowsBlessing","WarpedTongs","Mercury Hourglass","Shovel","Gambling Chip","Bag of Preparation"],"acts_visited":["Exordium","TheCity"],"potions_floor_usage":[16,18,23],"damage_taken":[{"damage":0,"enemies":"2 Louse","floor":1,"turns":1},{"damage":1,"enemies":"Cultist","floor":4,"turns":1},{"damage":1,"enemies":"Jaw Worm","floor":5,"turns":1},{"damage":31,"enemies":"Lagavulin","floor":7,"turns":6},{"damage":13,"enemies":"3 Louse","floor":8,"turns":2},{"damage":5,"enemies":"Red Slaver","floor":12,"turns":3},{"damage":7,"enemies":"2 Fungi Beasts","floor":13,"turns":3},{"damage":52,"enemies":"The Guardian","floor":16,"turns":12},{"damage":26,"enemies":"2 Thieves","floor":18,"turns":4},{"damage":19,"enemies":"Shell Parasite","floor":21,"turns":5},{"damage":57,"enemies":"Slavers","floor":23,"turns":4}],"seed_played":"5003922389250091800","potions_obtained":[{"floor":4,"key":"Regen Potion"},{"floor":7,"key":"HeartOfIron"},{"floor":12,"key":"Regen Potion"},{"floor":16,"key":"Strength Potion"},{"floor":18,"key":"SpeedPotion"}],"is_trial":false,"path_per_floor":["M","?","?","M","M","R","E","M","T","R","$","M","M","$","R","B",null,"M","$","?","M","?","E"],"character_chosen":"IRONCLAD","items_purchased":["Inflame","True Grit","Flex","Dark Embrace"],"campfire_rested":1,"item_purchase_floors":[11,14,19,19],"current_hp_per_floor":[80,80,80,80,80,80,55,48,48,48,48,49,48,48,72,41,80,66,66,66,59,59,11,11],"gold":28,"neow_bonus":"THREE_ENEMY_KILL","is_daily":false,"chose_seed":false,"campfire_upgraded":1,"win_rate":0.0,"timestamp":1609951114,"path_taken":["M","?","?","M","?","R","E","M","T","R","$","M","M","$","R","BOSS","M","?","?","M","?","E"],"items_purchased_type":["Card","Card","Card","Card"],"build_version":"2020-12-22","purchased_purges":1,"victory":false,"max_hp_per_floor":[80,80,80,80,80,80,80,80,80,80,80,80,80,80,80,80,80,80,80,80,80,80,80,80],"relic_stats":{"Shovel":1,"counters":[11,42],"Gambling Chip":[13],"Black Blood":56,"Bag of Preparation":[2],"obtain_stats":[{"Shovel":9,"NeowsBlessing":0,"Gambling Chip":10,"Black Blood":17,"Bag of Preparation":22,"Burning Blood":0,"WarpedTongs":3,"Mercury Hourglass":7},{"Shovel":5,"NeowsBlessing":0,"Gambling Chip":5,"Black Blood":8,"Bag of Preparation":10,"Burning Blood":0,"WarpedTongs":1,"Mercury Hourglass":4},{"Shovel":11,"NeowsBlessing":0,"Gambling Chip":11,"Black Blood":29,"Bag of Preparation":38,"Burning Blood":0,"WarpedTongs":1,"Mercury Hourglass":9}],"WarpedTongs":[40],"Mercury Hourglass":[123]},"card_choices":[{"not_picked":["Perfected Strike","Havoc"],"picked":"Pommel Strike","floor":1},{"not_picked":["Perfected Strike","Pommel Strike"],"picked":"Uppercut","floor":4},{"not_picked":["Perfected Strike","Burning Pact"],"picked":"Body Slam","floor":5},{"not_picked":["Reckless Charge","Warcry"],"picked":"Battle Trance","floor":7},{"not_picked":["Shockwave","Burning Pact"],"picked":"Metallicize","floor":8},{"not_picked":["Clash","Sword Boomerang"],"picked":"True Grit","floor":12},{"not_picked":["Body Slam","Sword Boomerang"],"picked":"Feel No Pain","floor":13},{"not_picked":["Double Tap","Demon Form"],"picked":"Brutality","floor":16},{"not_picked":["Heavy Blade","Wild Strike"],"picked":"Body Slam","floor":18},{"not_picked":["Warcry","Perfected Strike"],"picked":"Exhume","floor":21}],"player_experience":162787,"relics_obtained":[{"floor":7,"key":"Mercury Hourglass"},{"floor":9,"key":"Shovel"},{"floor":10,"key":"Gambling Chip"}],"event_choices":[{"damage_healed":80,"gold_gain":0,"player_choice":"Embrace Burn","damage_taken":0,"max_hp_gain":0,"max_hp_loss":80,"event_name":"betterThird:BetterShining","floor":2,"gold_loss":0},{"damage_healed":0,"gold_gain":0,"player_choice":"Rummage","damage_taken":0,"relics_obtained":["WarpedTongs"],"max_hp_gain":0,"max_hp_loss":0,"event_name":"Accursed Blacksmith","floor":3,"gold_loss":0,"cards_obtained":["Pain"]},{"damage_healed":0,"gold_gain":0,"player_choice":"Read","damage_taken":0,"max_hp_gain":0,"max_hp_loss":0,"event_name":"The Library","floor":20,"gold_loss":0,"cards_obtained":["Feel No Pain"]},{"damage_healed":0,"gold_gain":0,"player_choice":"Gave Potion","damage_taken":0,"relics_obtained":["Bag of Preparation"],"max_hp_gain":0,"max_hp_loss":0,"event_name":"WeMeetAgain","floor":22,"gold_loss":0}],"is_beta":false,"boss_relics":[{"not_picked":["SacredBark","Sozu"],"picked":"Black Blood"}],"items_purged_floors":[11],"is_endless":false,"potions_floor_spawned":[4,7,12,13,16,18],"killed_by":"Slavers","ascension_level":1}}