{"host":"51fyd6gkml7xavq8","time":1609973708,"event":{"mods":["BaseMod","BetterRewards","Colored Map","Energized Spire","Infinite Spire","Minty Spire (QoL Compilation)","Replay The Spire","Shop Mod","Spicy Shops","StSLib","The Blue Laboratory","[IsaacMod]????"],"gold_per_floor":[110,121,147,147,167,167,167,198,198,208,225,225,48,58,58,157,157,172,192,212,22,22,22,33,65,89,108,108,121,155,155,155,155,155],"floor_reached":33,"playtime":1840,"items_purged":["Defend_G","Strike_G","Defend_G","Strike_G"],"score":466,"play_id":"94fa7323-83ef-446e-917b-f608fdc10791","local_time":"20210106195508","is_ascension_mode":true,"campfire_choices":[{"data":"Bouncing Flask","floor":6.0,"key":"SMITH"},{"data":"Neutralize","floor":12.0,"key":"SMITH"},{"data":"Poisoned Stab","floor":15.0,"key":"SMITH"},{"floor":23,"key":"REST"},{"floor":28,"key":"REST"},{"data":"infinitespire:SevenWalls","floor":32,"key":"SMITH"}],"circlet_count":0,"master_deck":["Strike_G","Strike_G","Strike_G","Defend_G","Defend_G","Defend_G","Survivor","Neutralize+1","EpicFetus+1","Poisoned Stab+1","Madness","Bouncing Flask+1","Madness","Bullet Time","Backstab+1","Corpse Explosion","After Image","Backstab","infinitespire:SevenWalls+1","infinitespire:SevenWalls"],"relics":["HushsDoor","Leech","MerchantsRug","ReplayTheSpireMod:CursedCoin","Spirit Poop","Boot","Garlic","Membership Card","MealTicket","energizedSpire:PogoStick","BookofShadows","Gambling Chip","Snake Skull","Strawberry","Velvet Choker","DollysMirror"],"acts_visited":["Exordium","TheCity"],"potions_floor_usage":[29,29,30],"damage_taken":[{"damage":1.0,"enemies":"Cultist","floor":1.0,"turns":4.0},{"damage":0.0,"enemies":"Jaw Worm","floor":2.0,"turns":3.0},{"damage":0.0,"enemies":"Small Slimes","floor":5.0,"turns":3.0},{"damage":20.0,"enemies":"3 Sentries","floor":8.0,"turns":4.0},{"damage":9.0,"enemies":"Exordium Thugs","floor":10.0,"turns":3.0},{"damage":3.0,"enemies":"Red Slaver","floor":11.0,"turns":2.0},{"damage":6.0,"enemies":"Lots of Slimes","floor":14.0,"turns":3.0},{"damage":33.0,"enemies":"The Guardian","floor":16.0,"turns":7.0},{"damage":15.0,"enemies":"Spheric Guardian","floor":18.0,"turns":4.0},{"damage":16.0,"enemies":"2 Thieves","floor":19.0,"turns":3.0},{"damage":19,"enemies":"Centurion and Healer","floor":20,"turns":5},{"damage":12,"enemies":"Snake Plant","floor":24,"turns":3},{"damage":9,"enemies":"Slavers","floor":25,"turns":4},{"damage":20,"enemies":"Sentry and Sphere","floor":27,"turns":4},{"damage":14,"enemies":"Centurion and Healer","floor":29,"turns":4},{"damage":24,"enemies":"Gremlin Leader","floor":30,"turns":5},{"damage":40,"enemies":"Champ","floor":33,"turns":9}],"seed_played":"-6134925724224236935","potions_obtained":[{"floor":1.0,"key":"blueLaboratory:ImpenetrablePotion"},{"floor":8.0,"key":"Swift Potion"},{"floor":16.0,"key":"blueLaboratory:Moonshine"},{"floor":18.0,"key":"ColorlessPotion"},{"floor":24,"key":"blueLaboratory:NullPotion"},{"floor":27,"key":"blueLaboratory:NinjaPotion"},{"floor":29,"key":"Regen Potion"}],"is_trial":false,"path_per_floor":["M","M","$","?","M","R","?","E","T","M","M","R","$","M","R","B",null,"M","M","M","$","?","R","M","E","T","M","R","M","E","AVR","R","B"],"character_chosen":"THE_SILENT","items_purchased":["MerchantsRug","Poisoned Stab","ReplayTheSpireMod:CursedCoin","Madness","Bouncing Flask","Membership Card","MealTicket","Madness","BookofShadows"],"campfire_rested":2,"item_purchase_floors":[0,0,3,3,3,13,13,13,21],"current_hp_per_floor":[58,60,60,60,63,63,63,47,47,41,40,40,40,37,37,10,70,56,43,28,43,30,52,42,36,36,19,41,31,32,32,32,0,0],"gold":155,"neow_bonus":"","is_daily":false,"chose_seed":false,"campfire_upgraded":4,"win_rate":0.0,"timestamp":1609973708,"path_taken":["M","?","$","?","M","R","?","E","T","M","?","R","?","M","R_BF","BOSS","M","M","?","$","?","R","M","E","T","M","R","?","E","AVR","R","BOSS"],"items_purchased_type":["Relic","Card","Relic","Card","Card","Relic","Relic","Card","Relic"],"build_version":"2020-12-22","purchased_purges":4,"victory":false,"max_hp_per_floor":[70,70,70,70,70,70,70,70,70,70,70,70,70,70,70,70,70,70,70,70,70,75,75,75,75,75,75,75,75,82,82,82,82,82],"card_choices":[{"not_picked":[],"picked":"EpicFetus","floor":0.0},{"not_picked":["Dash","Tactician","Quick Slash"],"picked":"SKIP","floor":1.0},{"not_picked":["Sucker Punch","Escape Plan","Flying Knee"],"picked":"SKIP","floor":2.0},{"not_picked":["Slice","Calculated Gamble","ReplayTheSpireMod:Speed Training"],"picked":"SKIP","floor":5.0},{"not_picked":["ReplayTheSpireMod:Shiv Toss","Acrobatics","Slice"],"picked":"SKIP","floor":8.0},{"not_picked":["Dodge and Roll","Dagger Spray"],"picked":"Bomb","floor":10.0},{"not_picked":["Cloak And Dagger","Dodge and Roll","Caltrops"],"picked":"SKIP","floor":11.0},{"not_picked":["Blur","Flying Knee","Quick Slash"],"picked":"SKIP","floor":14.0},{"not_picked":["ReplayTheSpireMod:From All Sides","Envenom"],"picked":"Bullet Time","floor":16.0},{"not_picked":["Bouncing Flask","Bane","Dagger Throw"],"picked":"SKIP","floor":18.0},{"not_picked":["PiercingWail+1","All Out Attack"],"picked":"Backstab+1","floor":19.0},{"not_picked":["Prepared","Dagger Spray","Setup"],"picked":"SKIP","floor":20},{"not_picked":["PiercingWail","Setup+1"],"picked":"Corpse Explosion","floor":24},{"not_picked":["Flying Knee","Dagger Throw","Underhanded Strike+1"],"picked":"SKIP","floor":25},{"not_picked":["Dagger Throw","Blade Dance","Deflect"],"picked":"SKIP","floor":27},{"not_picked":["Fluid Movement","Blade Dance"],"picked":"After Image","floor":29},{"not_picked":["Poisoned Stab+1","Bane"],"picked":"Backstab","floor":30}],"player_experience":467866,"relics_obtained":[{"floor":8.0,"key":"Boot"},{"floor":9.0,"key":"Garlic"},{"floor":25,"key":"Gambling Chip"},{"floor":26,"key":"Snake Skull"},{"floor":30,"key":"Strawberry"}],"event_choices":[{"damage_healed":0.0,"max_hp_gain":0.0,"max_hp_loss":0.0,"gold_gain":0.0,"event_name":"Living Wall","player_choice":"Grow","floor":4.0,"gold_loss":0.0,"damage_taken":0.0,"cards_upgraded":["EpicFetus"]},{"cards_removed":["Amnesia"],"damage_healed":0.0,"max_hp_gain":0.0,"max_hp_loss":0.0,"gold_gain":0.0,"event_name":"Bonfire Elementals","player_choice":"Offered Curse","floor":7.0,"gold_loss":0.0,"damage_taken":0.0,"relics_obtained":["Spirit Poop"]},{"damage_healed":0,"gold_gain":0,"player_choice":"Shed Blood","damage_taken":18,"max_hp_gain":5,"max_hp_loss":0,"event_name":"Forgotten Altar","floor":22,"gold_loss":0}],"is_beta":false,"boss_relics":[{"not_picked":["Abe\u0027s Treasure","Fusion Hammer"],"picked":"energizedSpire:PogoStick"},{"not_picked":[]}],"items_purged_floors":[0,13,21,31],"is_endless":false,"potions_floor_spawned":[1,8,16,18,24,27,29],"killed_by":"Champ","ascension_level":4}}