{"host":"jmdwsiegw2vwqzt1","time":1609965314,"event":{"mods":["2.2 Compatiblity","AchievementEnabler","BaseMod","Better Third Choice","Better Vampires","Colored Powertips","Custom Start","Dio Mod","Downfall","Hermit","Highlight Path","Jorbs\u0027s Wanderer Trilogy","Marisa????????","Minty Spire (QoL Compilation)","Permanent Neow","Quick Restart","Rare Cards Sparkle","Relic Stats","Spicy Shops","StSLib","SuperFastMode","The Bug Knight","The Cursed","The Disciple","The Hierophant","The Necromancer","The Servant 0.9.4","slay the spire mod where everything is the same but ironclad has a cowboy hat"],"gold_per_floor":[199,299,314,324,334,259,305,331,14,14,0,31,16,27,43,140,140,140,157,171,189,289,303,303,303,313,313,313,325,173,173,184,289,289,289,308,308,358,358,283,283,313,28,42,53,67,87,135,150,150],"floor_reached":51,"playtime":2375,"items_purged":["Injury"],"score":816,"play_id":"519bf3c3-b0e9-4a10-87a4-7e045fdc65f4","local_time":"20210106153514","is_ascension_mode":false,"campfire_choices":[{"floor":1,"key":"RECALL"},{"data":"Slimebound:LevelUp","floor":6,"key":"SMITH"},{"data":"Slimebound:CorrosiveSpit","floor":10,"key":"SMITH"},{"data":"Slimebound:LevelUp","floor":18,"key":"SMITH"},{"floor":27,"key":"REST"},{"data":"Slimebound:TongueLash","floor":35,"key":"SMITH"},{"data":"Slimebound:Nibble","floor":40,"key":"SMITH"}],"circlet_count":0,"master_deck":["Slimebound:Tackle","Slimebound:Defend_Slimebound","Slimebound:Defend_Slimebound","Slimebound:Defend_Slimebound","Slimebound:Split","Slimebound:CorrosiveSpit+1","Slimebound:Schlurp","Slimebound:LevelUp+1","Slimebound:SamplingLick","Slimebound:SlimeSpikes+1","Slimebound:GrowthPunch","Slimebound:SamplingLick+1","Slimebound:SplitLeeching+1","Slimebound:LevelUp+1","Slimebound:SplitBruiser+1","Slimebound:LeechEnergy+1","Slimebound:SlimeTap+1","Slimebound:WasteNot+1","Slimebound:Schlurp+1","Slimebound:RainOfGoop+1","Slimebound:SlimeSpikes+1","J.A.X.+1","Slimebound:SamplingLick+1","Slimebound:OozeBath+1","Slimebound:PressTheAttack","Slimebound:SamplingLick+1","Bite+1","Bite","Slimebound:OneTwoCombo","Slimebound:Gluttony+1","Slimebound:TongueLash+1","Slimebound:SpikyOuterGoop","Slimebound:Gluttony+1","Slimebound:MinionMaster","Slimebound:SplitLeeching+1","Slimebound:Nibble+1","Slimebound:Darklings+1","Slimebound:LevelUp+1","Slimebound:OneTwoCombo+1","Slimebound:SlimeTap+1","Slimebound:GrowthPunch","Slimebound:Schlurp+1","Slimebound:TongueLash+1","Slimebound:SlimeSpikes+1","Slimebound:RainOfGoop+1"],"relics":["Slimebound:AbsorbEndCombat","downfall:HeartBlessingRed","Bronze Scales","Toxic Egg 2","Mango","HandDrill","Slimebound:TarBlob","MutagenicStrength","Mummified Hand","Nloth\u0027s Gift","Membership Card","Turnip","Slimebound:SelfDamagePreventRelic","Whetstone","downfall:KnowingSkull","Philosopher\u0027s Stone","Bird Faced Urn","downfall:HeartBlessingBlue","HollowMod:StagPassRelic","Boot","Lizard Tail"],"acts_visited":["Exordium","TheCity","TheBeyond"],"potions_floor_usage":[45,45,50],"damage_taken":[{"damage":7,"enemies":"Small Slimes","floor":3,"turns":3},{"damage":8,"enemies":"Cultist","floor":4,"turns":3},{"damage":9,"enemies":"2 Louse","floor":5,"turns":2},{"damage":31,"enemies":"3 Sentries","floor":8,"turns":7},{"damage":4,"enemies":"downfall:FleeingMerchant","floor":9,"turns":4},{"damage":10,"enemies":"downfall:FleeingMerchant","floor":11,"turns":4},{"damage":9,"enemies":"Lagavulin","floor":12,"turns":5},{"damage":17,"enemies":"downfall:FleeingMerchant","floor":13,"turns":4},{"damage":8,"enemies":"2 Fungi Beasts","floor":14,"turns":3},{"damage":8,"enemies":"Red Slaver","floor":15,"turns":2},{"damage":57,"enemies":"downfall:Defect","floor":16,"turns":5},{"damage":27,"enemies":"Cultist and Chosen","floor":19,"turns":3},{"damage":32,"enemies":"3 Cultists","floor":20,"turns":4},{"damage":26,"enemies":"Snake Plant","floor":21,"turns":2},{"damage":37,"enemies":"downfall:Augmenter","floor":22,"turns":4},{"damage":21,"enemies":"Centurion and Healer","floor":23,"turns":4},{"damage":29,"enemies":"Shelled Parasite and Fungi","floor":26,"turns":3},{"damage":15,"enemies":"Sentry and Sphere","floor":29,"turns":3},{"damage":40,"enemies":"downfall:FleeingMerchant","floor":30,"turns":3},{"damage":20,"enemies":"Snecko","floor":32,"turns":3},{"damage":38,"enemies":"downfall:Silent","floor":33,"turns":6},{"damage":19,"enemies":"3 Shapes","floor":36,"turns":2},{"damage":34,"enemies":"Mind Bloom Boss Battle","floor":38,"turns":4},{"damage":53,"enemies":"Reptomancer","floor":42,"turns":4},{"damage":18,"enemies":"Orb Walker","floor":44,"turns":3},{"damage":46,"enemies":"Transient","floor":45,"turns":5},{"damage":34,"enemies":"Sphere and 2 Shapes","floor":46,"turns":2},{"damage":52,"enemies":"4 Shapes","floor":47,"turns":3},{"damage":100,"enemies":"2 Orb Walkers","floor":48,"turns":5},{"damage":43,"enemies":"3 Darklings","floor":49,"turns":3},{"damage":51,"enemies":"downfall:Watcher","floor":50,"turns":3}],"seed_played":"7401761281190707305","potions_obtained":[{"floor":4,"key":"GamblersBrew"},{"floor":8,"key":"SneckoOil"},{"floor":12,"key":"Energy Potion"},{"floor":33,"key":"Regen Potion"},{"floor":45,"key":"Fruit Juice"},{"floor":48,"key":"BlessingOfTheForge"}],"is_trial":false,"path_per_floor":["R","?","M","M","M","R","T","E","$","R","$","E","$","M","M","B",null,"R","M","M","M","?","M","T","?","M","R","?","M","$","?","M","B",null,"R","M","T","?","?","R","T","E","$","M","M","M","M","?","M","B",null],"character_chosen":"SLIMEBOUND","items_purchased":["Mango","HandDrill","Slimebound:SamplingLick+1","Membership Card","Turnip","Slimebound:SelfDamagePreventRelic","Whetstone","Slimebound:SpikyOuterGoop","FairyPotion","Slimebound:ThreeZeroPotion","Slimebound:LevelUp","Slimebound:OneTwoCombo","Slimebound:SlimeTap+1"],"campfire_rested":1,"item_purchase_floors":[9,9,9,30,30,30,30,30,30,43,43,43,43],"current_hp_per_floor":[60,60,60,58,55,55,55,34,54,54,54,59,54,56,58,21,74,74,71,69,53,40,35,35,35,30,49,49,56,50,44,49,48,65,65,65,65,63,63,73,73,60,60,61,80,74,38,35,30,34],"gold":150,"neow_bonus":"HUNDRED_GOLD","is_daily":false,"chose_seed":false,"campfire_upgraded":5,"win_rate":0.0,"timestamp":1609965314,"path_taken":["R","?","M","M","M","R","T","E","$","R","?","E","$","M","M","BOSS","R","M","M","M","?","M","T","?","M","R","?","?","$","?","M","BOSS","R","M","?","?","?","R","T","E","$","M","M","M","M","?","M","BOSS"],"items_purchased_type":["Relic","Relic","Card","Relic","Relic","Relic","Relic","Card","Potion","Potion","Card","Card","Card"],"build_version":"2020-12-22","purchased_purges":1,"victory":true,"max_hp_per_floor":[60,60,60,60,60,60,60,60,74,74,74,74,74,74,74,74,74,74,74,74,74,74,74,74,65,65,65,65,65,65,65,65,65,65,65,65,65,65,65,75,75,75,75,75,80,80,80,80,80,80],"relic_stats":{"Lizard Tail":0,"counters":[31,107],"Mummified Hand":[42],"Bronze Scales":[264],"Bird Faced Urn":[56],"Turnip":[2],"HandDrill":[52],"Nloth\u0027s Gift":1,"Whetstone":["Bite","Slimebound:LeechEnergy"],"Boot":[3],"obtain_stats":[{"Lantern":12,"Slimebound:SelfDamagePreventRelic":30,"downfall:HeartBlessingRed":6,"Mango":9,"Whetstone":30,"HollowMod:StagPassRelic":41,"Boot":42,"Slimebound:TarBlob":17,"Lizard Tail":48,"Mummified Hand":24,"downfall:HeartBlessingBlue":40,"Bronze Scales":7,"MutagenicStrength":22,"Bird Faced Urn":38,"downfall:KnowingSkull":31,"Philosopher\u0027s Stone":34,"Turnip":30,"Slimebound:AbsorbEndCombat":0,"HandDrill":9,"Nloth\u0027s Gift":28,"Membership Card":30,"Toxic Egg 2":8},{"Lantern":7,"Slimebound:SelfDamagePreventRelic":19,"downfall:HeartBlessingRed":3,"Mango":5,"Whetstone":19,"HollowMod:StagPassRelic":23,"Boot":24,"Slimebound:TarBlob":11,"Lizard Tail":29,"Mummified Hand":16,"downfall:HeartBlessingBlue":23,"Bronze Scales":3,"MutagenicStrength":15,"Bird Faced Urn":23,"downfall:KnowingSkull":19,"Philosopher\u0027s Stone":21,"Turnip":19,"Slimebound:AbsorbEndCombat":0,"HandDrill":5,"Nloth\u0027s Gift":17,"Membership Card":19,"Toxic Egg 2":4},{"Lantern":27,"Slimebound:SelfDamagePreventRelic":66,"downfall:HeartBlessingRed":8,"Mango":18,"Whetstone":66,"HollowMod:StagPassRelic":80,"Boot":83,"Slimebound:TarBlob":41,"Lizard Tail":101,"Mummified Hand":57,"downfall:HeartBlessingBlue":80,"Bronze Scales":8,"MutagenicStrength":53,"Bird Faced Urn":80,"downfall:KnowingSkull":66,"Philosopher\u0027s Stone":74,"Turnip":66,"Slimebound:AbsorbEndCombat":0,"HandDrill":18,"Nloth\u0027s Gift":60,"Membership Card":66,"Toxic Egg 2":14}]},"card_choices":[{"not_picked":["Slimebound:FinishingTackle","Slimebound:ProtectTheBoss"],"picked":"Slimebound:Schlurp","floor":3},{"not_picked":["Slimebound:SlimeTap","Slimebound:FinishingTackle"],"picked":"Slimebound:LevelUp","floor":4},{"not_picked":["Slimebound:RollThrough","Slimebound:SlimeBrawl"],"picked":"Slimebound:SamplingLick","floor":5},{"not_picked":["Slimebound:Replication+1","Slimebound:SplitMire+1"],"picked":"Slimebound:SlimeSpikes+1","floor":8},{"not_picked":["Slimebound:GoopSpray+1","Slimebound:SplitAcid+1"],"picked":"Slimebound:GrowthPunch","floor":9},{"not_picked":["Slimebound:SplitAcid+1","Slimebound:FinishingTackle"],"picked":"Slimebound:SplitLeeching+1","floor":11},{"not_picked":["Slimebound:LeechLife","Slimebound:LeechingTouch"],"picked":"Slimebound:LevelUp","floor":12},{"not_picked":["Slimebound:LeechEnergy","Slimebound:SpikyOuterGoop"],"picked":"Slimebound:SplitBruiser+1","floor":13},{"not_picked":["Slimebound:RollThrough","Slimebound:Overexert"],"picked":"Slimebound:LeechEnergy","floor":14},{"not_picked":["Slimebound:BestDefense","Slimebound:SplitAcid+1"],"picked":"Slimebound:SlimeTap+1","floor":15},{"not_picked":["Slimebound:PrepareCrush+1","Slimebound:LeechLife"],"picked":"Slimebound:WasteNot+1","floor":16},{"not_picked":["Slimebound:HauntingLick+1","Slimebound:LeechEnergy"],"picked":"Slimebound:Schlurp+1","floor":19},{"not_picked":["Slimebound:SamplingLick+1","Slimebound:GoopSpray+1"],"picked":"Slimebound:RainOfGoop+1","floor":20},{"not_picked":["Slimebound:GrowthPunch+1","Slimebound:LeechEnergy"],"picked":"Slimebound:SlimeSpikes+1","floor":21},{"not_picked":[],"picked":"J.A.X.+1","floor":22},{"not_picked":["Slimebound:SplitBruiser+1","Slimebound:PressTheAttack"],"picked":"Slimebound:SamplingLick+1","floor":22},{"not_picked":["Slimebound:SplitMire+1","Slimebound:FinishingTackle"],"picked":"Slimebound:SamplingLick+1","floor":23},{"not_picked":["Slimebound:LeechingTouch","Slimebound:FinishingTackle"],"picked":"Slimebound:OneTwoCombo","floor":26},{"not_picked":["Slimebound:SlimeSpikes+1","Slimebound:Equalize"],"picked":"Slimebound:Gluttony+1","floor":29},{"not_picked":["Slimebound:SplitAcid+1","Slimebound:Nibble"],"picked":"Slimebound:TongueLash","floor":30},{"not_picked":["Slimebound:SlimeSpikes+1","Slimebound:LeadByExample"],"picked":"Slimebound:Gluttony+1","floor":32},{"not_picked":["Slimebound:DouseInSlime+1","Slimebound:SlimeSlap"],"picked":"Slimebound:MinionMaster","floor":33},{"not_picked":["Slimebound:Dissolve+1","Slimebound:LeechEnergy"],"picked":"Slimebound:SplitLeeching+1","floor":36},{"not_picked":["Slimebound:Replication+1","Slimebound:FinishingTackle"],"picked":"Slimebound:Nibble","floor":38},{"not_picked":["Slimebound:MassFeed","Slimebound:Dissolve+1","Slimebound:PressTheAttack"],"picked":"SKIP","floor":42},{"not_picked":["Slimebound:SamplingLick+1","Slimebound:BestDefense+1"],"picked":"Slimebound:GrowthPunch","floor":44},{"not_picked":["Slimebound:Equalize","Slimebound:ProtectTheBoss"],"picked":"Slimebound:Schlurp+1","floor":45},{"not_picked":["Slimebound:RainOfGoop+1","Slimebound:AcidTongue"],"picked":"Slimebound:TongueLash+1","floor":46},{"not_picked":["Slimebound:GoopTackle","Slimebound:ItLooksTasty+1","Slimebound:ViciousTackle+1"],"picked":"SKIP","floor":47},{"not_picked":["Slimebound:SlimeBarrage","Slimebound:Schlurp+1"],"picked":"Slimebound:SlimeSpikes+1","floor":48},{"not_picked":["Slimebound:SlimeBrawl+1","Slimebound:GrowthPunch"],"picked":"Slimebound:RainOfGoop+1","floor":49}],"player_experience":311316,"relics_obtained":[{"floor":7,"key":"Bronze Scales"},{"floor":8,"key":"Toxic Egg 2"},{"floor":12,"key":"Lantern"},{"floor":22,"key":"MutagenicStrength"},{"floor":24,"key":"Mummified Hand"},{"floor":38,"key":"Bird Faced Urn"},{"floor":41,"key":"HollowMod:StagPassRelic"},{"floor":42,"key":"Boot"},{"floor":48,"key":"Lizard Tail"}],"event_choices":[{"damage_healed":0,"gold_gain":0,"player_choice":"Became a vampire","damage_taken":0,"max_hp_gain":0,"max_hp_loss":9,"event_name":"Vampires","floor":25,"gold_loss":0,"cards_obtained":["Bite","Bite"]},{"damage_healed":0,"gold_gain":0,"player_choice":"Fight","damage_taken":0,"max_hp_gain":0,"max_hp_loss":0,"event_name":"Mysterious Sphere","floor":48,"gold_loss":0}],"is_beta":false,"boss_relics":[{"not_picked":["Busted Crown","Runic Pyramid"],"picked":"Slimebound:TarBlob"},{"not_picked":["Snecko Eye","Tiny House"],"picked":"Philosopher\u0027s Stone"}],"items_purged_floors":[30],"is_endless":false,"potions_floor_spawned":[4,8,12,19,22,32,33,38,42,44,45,48],"ascension_level":0}}