{"host":"rhrkddapnlgqm7yj","time":1609951743,"event":{"mods":["AchievementEnabler","BaseMod","Bestiary","Colored Map","Colored Powertips","Filter the Spire","Minty Spire (QoL Compilation)","Relic Stats","Remove Card Discount Mod","StSLib","SuperFastMode","The IronCluck","Waifu the Spire"],"gold_per_floor":[113,131,131,144,319,319,345,363,386,386,386],"floor_reached":10,"playtime":417,"items_purged":[],"score":75,"play_id":"7cc01132-da73-4766-87e1-d78d38db8f2e","local_time":"20210106174903","is_ascension_mode":true,"campfire_choices":[{"data":"ForeignInfluence","floor":6,"key":"SMITH"}],"circlet_count":0,"master_deck":["Strike_P","Strike_P","Strike_P","Strike_P","Defend_P","Defend_P","Defend_P","Defend_P","Eruption+1","Vigilance","BattleHymn","Regret","ForeignInfluence+1","Doubt","MasterReality","FollowUp"],"relics":["PureWater","MealTicket","Toy Ornithopter","Centennial Puzzle"],"acts_visited":["Exordium"],"potions_floor_usage":[2],"damage_taken":[{"damage":17,"enemies":"Jaw Worm","floor":1,"turns":4},{"damage":0,"enemies":"Small Slimes","floor":2,"turns":3},{"damage":10,"enemies":"2 Louse","floor":4,"turns":3},{"damage":39,"enemies":"Lagavulin","floor":7,"turns":4},{"damage":0,"enemies":"Lots of Slimes","floor":8,"turns":2},{"damage":11,"enemies":"Gremlin Nob","floor":10,"turns":2}],"seed_played":"-4421391159211429877","potions_obtained":[{"floor":1,"key":"Block Potion"},{"floor":4,"key":"Weak Potion"},{"floor":7,"key":"Dexterity Potion"}],"is_trial":false,"path_per_floor":["M","M","?","M","?","R","E","M","T","E"],"character_chosen":"WATCHER","items_purchased":[],"campfire_rested":0,"item_purchase_floors":[],"current_hp_per_floor":[55,55,55,45,45,45,6,6,6,0,0],"gold":386,"neow_bonus":"UPGRADE_CARD","is_daily":false,"chose_seed":false,"campfire_upgraded":1,"win_rate":0.0,"timestamp":1609951743,"path_taken":["M","M","?","M","?","R","E","M","T","E"],"items_purchased_type":[],"build_version":"2020-12-22","purchased_purges":0,"victory":false,"max_hp_per_floor":[72,72,72,72,72,72,72,72,72,72,72],"relic_stats":{"Centennial Puzzle":[3],"counters":[6,18],"MealTicket":0,"obtain_stats":[{"Centennial Puzzle":9,"MealTicket":3,"PureWater":0,"Toy Ornithopter":7},{"Centennial Puzzle":5,"MealTicket":2,"PureWater":0,"Toy Ornithopter":4},{"Centennial Puzzle":16,"MealTicket":7,"PureWater":0,"Toy Ornithopter":14}],"Toy Ornithopter":0},"card_choices":[{"not_picked":["Fasting2","EmptyFist"],"picked":"BattleHymn","floor":1},{"not_picked":["EmptyFist","Collect","WaveOfTheHand"],"picked":"SKIP","floor":2},{"not_picked":["Prostrate","Evaluate"],"picked":"ForeignInfluence","floor":4},{"not_picked":["WindmillStrike","ForeignInfluence"],"picked":"MasterReality","floor":7},{"not_picked":["PathToVictory","Perseverance"],"picked":"FollowUp","floor":8}],"player_experience":26181,"relics_obtained":[{"floor":7,"key":"Toy Ornithopter"},{"floor":9,"key":"Centennial Puzzle"}],"event_choices":[{"damage_healed":0,"gold_gain":0,"player_choice":"Box","damage_taken":0,"relics_obtained":["MealTicket"],"max_hp_gain":0,"max_hp_loss":0,"event_name":"Big Fish","floor":3,"gold_loss":0,"cards_obtained":["Regret"]},{"damage_healed":0,"gold_gain":175,"player_choice":"AGREE","damage_taken":0,"max_hp_gain":0,"max_hp_loss":0,"event_name":"Liars Game","floor":5,"gold_loss":0,"cards_obtained":["Doubt"]}],"is_beta":false,"boss_relics":[],"items_purged_floors":[],"is_endless":false,"potions_floor_spawned":[1,4,7],"killed_by":"Gremlin Nob","ascension_level":2}}