{"host":"Brown Brick","time":1609922253,"event":{"mods":["BaseMod","Melee Mod","Minty Spire (QoL Compilation)","Rare Cards Sparkle","Relic Stats","Robot Space Explorer","StSLib","The Marked","Unceasing Turn Reminder","everything is the same but u backflip on backflip"],"gold_per_floor":[109,109,119,138,152,186,186,186,186,186,186,40,57,57,57,155,205,223,249,249,249,211,211,211,211,262,262,281,293,327,344,344,344],"floor_reached":32,"playtime":2479,"items_purged":[],"score":283,"play_id":"55b45ca0-d7c4-4a00-9917-10dc195115ae","local_time":"20210106093733","is_ascension_mode":false,"campfire_choices":[{"floor":7,"key":"REST"},{"floor":10,"key":"REST"},{"data":"Noxious Fumes","floor":15,"key":"SMITH"},{"floor":23,"key":"REST"},{"data":"Footwork","floor":25,"key":"SMITH"},{"floor":27,"key":"REST"},{"data":"Calculated Gamble","floor":32,"key":"SMITH"}],"circlet_count":0,"master_deck":["Defend_G","Defend_G","Defend_G","Defend_G","Defend_G","Survivor","Neutralize","Deflect","Quick Slash","Noxious Fumes+1","Well Laid Plans","Bite","Bite","Bite","Bite","Bite","Footwork+1","Deflect","Calculated Gamble+1"],"relics":["Ring of the Snake","Boot","Shuriken","Mummified Hand","Lee\u0027s Waffle","Tiny House","Red Mask","Vajra","MealTicket"],"acts_visited":["Exordium","TheCity"],"potions_floor_usage":[19,19],"damage_taken":[{"damage":0,"enemies":"Cultist","floor":1,"turns":4},{"damage":0,"enemies":"2 Louse","floor":3,"turns":3},{"damage":0,"enemies":"Jaw Worm","floor":4,"turns":5},{"damage":5,"enemies":"Red Slaver","floor":5,"turns":6},{"damage":58,"enemies":"3 Sentries","floor":6,"turns":24},{"damage":1,"enemies":"Exordium Wildlife","floor":13,"turns":8},{"damage":49,"enemies":"Hexaghost","floor":16,"turns":11},{"damage":20,"enemies":"Shell Parasite","floor":18,"turns":9},{"damage":49,"enemies":"Masked Bandits","floor":19,"turns":5},{"damage":3,"enemies":"Spheric Guardian","floor":28,"turns":7},{"damage":6,"enemies":"Snecko","floor":29,"turns":8},{"damage":39,"enemies":"Gremlin Leader","floor":30,"turns":9},{"damage":20,"enemies":"Shelled Parasite and Fungi","floor":31,"turns":7}],"seed_played":"4241878416320996009","potions_obtained":[{"floor":13,"key":"Poison Potion"},{"floor":16,"key":"Strength Potion"},{"floor":17,"key":"SneckoOil"},{"floor":30,"key":"SneckoOil"},{"floor":31,"key":"SneckoOil"}],"is_trial":false,"path_per_floor":["M","?","M","M","M","E","R","?","T","R","$","$","M","?","R","B",null,"M","?","?","?","$","R","?","R","T","R","M","M","E","M","R"],"character_chosen":"THE_SILENT","items_purchased":["Lee\u0027s Waffle","Footwork"],"campfire_rested":4,"item_purchase_floors":[12,22],"current_hp_per_floor":[77,77,77,77,72,14,37,25,25,48,48,84,83,83,83,34,89,69,20,20,9,9,29,13,13,13,33,44,52,49,45,45,45],"gold":344,"neow_bonus":"TEN_PERCENT_HP_BONUS","is_daily":false,"chose_seed":false,"campfire_upgraded":3,"win_rate":0.0,"timestamp":1609922253,"path_taken":["M","?","M","M","?","E","R","?","T","R","?","$","?","?","R","BOSS","M","?","?","?","$","R","?","R","T","R","M","?","E","M","R"],"items_purchased_type":["Relic","Card"],"build_version":"2020-12-18","purchased_purges":0,"victory":false,"max_hp_per_floor":[77,77,77,77,77,77,77,77,77,77,77,84,84,84,84,84,89,89,89,62,67,67,67,67,67,67,67,67,67,67,67,67,67],"relic_stats":{"Lee\u0027s Waffle":36,"counters":[13,106],"Shuriken":[21],"Mummified Hand":[18],"MealTicket":0,"Boot":[47],"obtain_stats":[{"Lee\u0027s Waffle":12,"Tiny House":17,"Shuriken":8,"Mummified Hand":9,"Vajra":26,"MealTicket":30,"Red Mask":19,"Boot":6,"Ring of the Snake":0},{"Lee\u0027s Waffle":5,"Tiny House":7,"Shuriken":5,"Mummified Hand":5,"Vajra":9,"MealTicket":12,"Red Mask":9,"Boot":5,"Ring of the Snake":0},{"Lee\u0027s Waffle":42,"Tiny House":61,"Shuriken":42,"Mummified Hand":42,"Vajra":75,"MealTicket":99,"Red Mask":75,"Boot":42,"Ring of the Snake":0}],"Ring of the Snake":[26]},"card_choices":[{"not_picked":["Backflip","Acrobatics"],"picked":"Deflect","floor":1},{"not_picked":["PiercingWail","Bane","Dodge and Roll"],"picked":"SKIP","floor":3},{"not_picked":["Reflex","Underhanded Strike","Dodge and Roll"],"picked":"SKIP","floor":4},{"not_picked":["Outmaneuver","Poisoned Stab"],"picked":"Quick Slash","floor":5},{"not_picked":["Dagger Spray","Underhanded Strike","Crippling Poison"],"picked":"SKIP","floor":6},{"not_picked":["Poisoned Stab","PiercingWail"],"picked":"Noxious Fumes","floor":13},{"not_picked":["Dagger Throw","Dodge and Roll+1"],"picked":"Well Laid Plans","floor":18},{"not_picked":["Quick Slash","Prepared+1"],"picked":"Deflect","floor":28},{"not_picked":["Bouncing Flask","Poisoned Stab"],"picked":"Calculated Gamble","floor":29},{"not_picked":["Glass Knife","Bullet Time","Flying Knee"],"picked":"SKIP","floor":30},{"not_picked":["Crippling Poison","All Out Attack","Dodge and Roll"],"picked":"SKIP","floor":31}],"player_experience":667529,"relics_obtained":[{"floor":6,"key":"Boot"},{"floor":9,"key":"Mummified Hand"},{"floor":19,"key":"Red Mask"},{"floor":26,"key":"Vajra"},{"floor":30,"key":"MealTicket"}],"event_choices":[{"damage_healed":0,"gold_gain":0,"player_choice":"Bought 0 Potions","damage_taken":0,"max_hp_gain":0,"max_hp_loss":0,"event_name":"The Woman in Blue","floor":2,"gold_loss":0},{"damage_healed":0,"gold_gain":0,"player_choice":"Success","damage_taken":12,"relics_obtained":["Shuriken"],"max_hp_gain":0,"max_hp_loss":0,"event_name":"Scrap Ooze","floor":8,"gold_loss":0},{"damage_healed":0,"gold_gain":0,"player_choice":"Leave","damage_taken":0,"max_hp_gain":0,"max_hp_loss":0,"event_name":"The Cleric","floor":14,"gold_loss":0},{"damage_healed":0,"gold_gain":0,"player_choice":"Fought Bandits","damage_taken":0,"max_hp_gain":0,"max_hp_loss":0,"event_name":"Masked Bandits","floor":19,"gold_loss":0},{"damage_healed":0,"gold_gain":0,"player_choice":"Became a vampire","damage_taken":0,"max_hp_gain":0,"max_hp_loss":27,"event_name":"Vampires","floor":20,"gold_loss":0,"cards_obtained":["Bite","Bite","Bite","Bite","Bite"]},{"damage_healed":0,"gold_gain":0,"player_choice":"Shed Blood","damage_taken":16,"max_hp_gain":5,"max_hp_loss":0,"event_name":"Forgotten Altar","floor":21,"gold_loss":0},{"damage_healed":0,"gold_gain":0,"player_choice":"Obtained Book","damage_taken":16,"max_hp_gain":0,"max_hp_loss":0,"event_name":"Cursed Tome","floor":24,"gold_loss":0}],"is_beta":true,"boss_relics":[{"not_picked":["Sozu","Runic Dome"],"picked":"Tiny House"}],"items_purged_floors":[],"is_endless":false,"potions_floor_spawned":[13,16,30,31],"ascension_level":0}}