{"host":"4rvakrj1idbgia3f","time":1609922447,"event":{"mods":["BaseMod","Colored Map","Colored Powertips","DeckTracker","Highlight Path","Minty Spire (QoL Compilation)","Random Character Button","StSLib"],"gold_per_floor":[115,130,147,160,48,48,66,66,136,136,186,201,212,245,245,324,324,336,363,377,377,377,377,377,377],"floor_reached":24,"playtime":742,"items_purged":["Defend_B"],"score":421,"play_id":"9fb5197b-6fda-49c0-b21f-7b7364d3ff19","local_time":"20210106174047","is_ascension_mode":true,"campfire_choices":[{"data":"Sunder","floor":6,"key":"SMITH"},{"data":"Loop","floor":8,"key":"SMITH"},{"data":"Zap","floor":10,"key":"SMITH"},{"data":"Barrage","floor":15,"key":"SMITH"},{"data":"Electrodynamics","floor":23,"key":"SMITH"}],"circlet_count":0,"master_deck":["AscendersBane","Defend_B","Defend_B","Defend_B","Zap+1","Dualcast","Loop+1","Cold Snap","Cold Snap","Conserve Battery","Sunder+1","White Noise","Barrage+1","White Noise","Electrodynamics+1","Ball Lightning","Bite","Bite","Bite","Bite","Bite"],"relics":["Cracked Core","NeowsBlessing","The Courier","Thread and Needle","Philosopher\u0027s Stone","Omamori"],"acts_visited":["Exordium","TheCity"],"potions_floor_usage":[4,14,16,24],"damage_taken":[{"damage":0,"enemies":"Jaw Worm","floor":1,"turns":1},{"damage":0,"enemies":"Cultist","floor":2,"turns":1},{"damage":0,"enemies":"Small Slimes","floor":3,"turns":1},{"damage":2,"enemies":"2 Fungi Beasts","floor":4,"turns":3},{"damage":7,"enemies":"Blue Slaver","floor":7,"turns":4},{"damage":0,"enemies":"Looter","floor":12,"turns":3},{"damage":14,"enemies":"Red Slaver","floor":13,"turns":2},{"damage":8,"enemies":"Gremlin Nob","floor":14,"turns":3},{"damage":13,"enemies":"Hexaghost","floor":16,"turns":9},{"damage":22,"enemies":"Shell Parasite","floor":18,"turns":6},{"damage":20,"enemies":"3 Byrds","floor":20,"turns":4},{"damage":36,"enemies":"Book of Stabbing","floor":24,"turns":3}],"seed_played":"-792892311200674847","potions_obtained":[{"floor":1,"key":"Fire Potion"},{"floor":3,"key":"SneckoOil"},{"floor":12,"key":"BlessingOfTheForge"},{"floor":14,"key":"Swift Potion"},{"floor":16,"key":"FearPotion"},{"floor":20,"key":"FocusPotion"}],"is_trial":false,"path_per_floor":["M","M","M","M","$","R","M","R","T","R","?","M","M","E","R","B",null,"M","T","M","?","?","R","E"],"character_chosen":"DEFECT","items_purchased":["Sunder"],"campfire_rested":0,"item_purchase_floors":[5],"current_hp_per_floor":[64,64,64,62,62,62,55,55,55,55,55,55,41,33,33,20,58,36,36,16,16,16,16,0,0],"gold":377,"neow_bonus":"THREE_ENEMY_KILL","is_daily":false,"chose_seed":false,"campfire_upgraded":5,"win_rate":0.0,"timestamp":1609922447,"path_taken":["M","M","M","M","$","R","M","R","T","R","?","M","M","E","R","BOSS","M","?","M","?","?","R","E"],"items_purchased_type":["Card"],"build_version":"2020-12-22","purchased_purges":1,"victory":false,"max_hp_per_floor":[71,71,71,71,71,71,71,71,71,71,71,71,71,71,71,71,71,71,71,71,49,49,49,49,49],"card_choices":[{"not_picked":["Hello World","Heatsinks"],"picked":"Loop","floor":1},{"not_picked":["Fusion","Beam Cell"],"picked":"Cold Snap","floor":2},{"not_picked":["Rebound","Leap"],"picked":"Cold Snap","floor":3},{"not_picked":["Beam Cell","Gash"],"picked":"Conserve Battery","floor":4},{"not_picked":["Hello World","Thunder Strike"],"picked":"White Noise","floor":7},{"not_picked":["Leap","Go for the Eyes"],"picked":"Barrage","floor":12},{"not_picked":["Sunder","Rebound"],"picked":"White Noise","floor":13},{"not_picked":["Stack","Leap","Rip and Tear"],"picked":"SKIP","floor":14},{"not_picked":["Hyperbeam","Buffer"],"picked":"Electrodynamics","floor":16},{"not_picked":["Leap","Chaos"],"picked":"Ball Lightning","floor":18},{"not_picked":["Cold Snap","Hello World","Gash"],"picked":"SKIP","floor":20}],"player_experience":1952976,"relics_obtained":[{"floor":9,"key":"The Courier"},{"floor":14,"key":"Thread and Needle"},{"floor":19,"key":"Omamori"}],"event_choices":[{"damage_healed":0,"gold_gain":50,"player_choice":"Pray","damage_taken":0,"max_hp_gain":0,"max_hp_loss":0,"event_name":"Golden Shrine","floor":11,"gold_loss":0},{"damage_healed":0,"gold_gain":0,"player_choice":"Became a vampire","damage_taken":0,"max_hp_gain":0,"max_hp_loss":22,"event_name":"Vampires","floor":21,"gold_loss":0,"cards_obtained":["Bite","Bite","Bite","Bite","Bite"]},{"damage_healed":0,"gold_gain":0,"player_choice":"Smashed Altar","damage_taken":0,"max_hp_gain":0,"max_hp_loss":0,"event_name":"Forgotten Altar","floor":22,"gold_loss":0,"cards_obtained":["Decay"]}],"is_beta":false,"boss_relics":[{"not_picked":["Fusion Hammer","SacredBark"],"picked":"Philosopher\u0027s Stone"}],"items_purged_floors":[5],"is_endless":false,"potions_floor_spawned":[1,3,12,14,16,20],"killed_by":"Book of Stabbing","ascension_level":20}}