{"host":"8oad2sh1i7kph5eo","time":1609900492,"event":{"mods":["AchievementEnabler","BaseMod","Minty Spire (QoL Compilation)","Spicy Shops","StSLib","The Bladedancer","The Hierophant","The Poker Player","The Wild Card"],"gold_per_floor":[113,388,89,99,118,118,133,152,152,172,172,183,203,203,203,302,302,319,234,201,201,220,252,252,270,270,270,56,56,6,35,35,133,133,147,62,73,84,136,136,136,136,136],"floor_reached":41,"playtime":7223,"items_purged":["Regret","PokerPlayerMod:ChangeRules","PokerPlayerMod:Spade2"],"score":573,"play_id":"9b9c4bfe-4829-406a-b722-724c4ba3125c","local_time":"20210105183452","is_ascension_mode":false,"metric_token":594,"campfire_choices":[{"data":"PokerPlayerMod:TrumpStrike","floor":6,"key":"SMITH"},{"data":"PokerPlayerMod:GamblerForm","floor":11,"key":"SMITH"},{"data":"PokerPlayerMod:HiddenCard","floor":15,"key":"SMITH"},{"data":"PokerPlayerMod:Club1","floor":24,"key":"SMITH"},{"data":"PokerPlayerMod:Diamond1","floor":27,"key":"SMITH"},{"data":"PokerPlayerMod:Spade1","floor":29,"key":"SMITH"},{"data":"PokerPlayerMod:CardPrinter","floor":32,"key":"SMITH"},{"data":"PokerPlayerMod:Spade2","floor":40,"key":"SMITH"}],"circlet_count":0,"master_deck":["PokerPlayerMod:Diamond3","PokerPlayerMod:Diamond4","PokerPlayerMod:Diamond5","PokerPlayerMod:Spade3","PokerPlayerMod:Spade3","PokerPlayerMod:Spade4","PokerPlayerMod:Club2","PokerPlayerMod:Club2","PokerPlayerMod:Heart2","PokerPlayerMod:TrumpStrike+1","PokerPlayerMod:BadJoker","PokerPlayerMod:Mulligan","PokerPlayerMod:WasteCollection","PokerPlayerMod:Spade5","PokerPlayerMod:Harden","PokerPlayerMod:RiskyBet","PokerPlayerMod:SecondChance","PokerPlayerMod:Club3","PokerPlayerMod:RiskyBet","PokerPlayerMod:GamblerForm+1","PokerPlayerMod:Spade4","PokerPlayerMod:HiddenCard+1","PokerPlayerMod:Heart5","PokerPlayerMod:Diamond7","PokerPlayerMod:Raise","PokerPlayerMod:CardPrinter+1","PokerPlayerMod:ItsShowtime","PokerPlayerMod:GamblerForm","PokerPlayerMod:SpadeStrike+1","PokerPlayerMod:Club2","PokerPlayerMod:Spade2","PokerPlayerMod:Harden","PokerPlayerMod:ClubShade"],"relics":["PokerPlayerMod:DeckCase","Chemical X","Pear","Odd Mushroom","Darkstone Periapt","Velvet Choker","Mango","FaceOfCleric","FossilizedHelix","Tiny Chest","Membership Card","Incense Burner","Smiling Mask","Astrolabe","StoneCalendar"],"acts_visited":["Exordium","TheCity","TheBeyond"],"potions_floor_usage":[13,13,13,17,33],"damage_taken":[{"damage":4,"enemies":"Jaw Worm","floor":1,"turns":3},{"damage":1,"enemies":"Cultist","floor":4,"turns":3},{"damage":2,"enemies":"Small Slimes","floor":5,"turns":3},{"damage":1,"enemies":"3 Louse","floor":7,"turns":2},{"damage":5,"enemies":"2 Fungi Beasts","floor":8,"turns":2},{"damage":0,"enemies":"Lots of Slimes","floor":10,"turns":1},{"damage":0,"enemies":"Exordium Thugs","floor":12,"turns":3},{"damage":0,"enemies":"The Mushroom Lair","floor":13,"turns":2},{"damage":0,"enemies":"Hexaghost","floor":16,"turns":10},{"damage":5,"enemies":"Chosen","floor":18,"turns":3},{"damage":36,"enemies":"2 Thieves","floor":20,"turns":5},{"damage":0,"enemies":"Centurion and Healer","floor":22,"turns":3},{"damage":0,"enemies":"Gremlin Leader","floor":23,"turns":4},{"damage":0,"enemies":"Shelled Parasite and Fungi","floor":25,"turns":4},{"damage":0,"enemies":"Book of Stabbing","floor":31,"turns":4},{"damage":3,"enemies":"Automaton","floor":33,"turns":8},{"damage":0,"enemies":"3 Shapes","floor":35,"turns":4},{"damage":11,"enemies":"3 Darklings","floor":37,"turns":2},{"damage":30,"enemies":"Maw","floor":38,"turns":9},{"damage":78,"enemies":"2 Orb Walkers","floor":39,"turns":6},{"damage":34,"enemies":"Nemesis","floor":41,"turns":2}],"seed_played":"-4327219848603627822","potions_obtained":[{"floor":4,"key":"Explosive Potion"},{"floor":5,"key":"LiquidMemories"},{"floor":8,"key":"Fire Potion"},{"floor":16,"key":"Fruit Juice"},{"floor":18,"key":"FairyPotion"},{"floor":23,"key":"Strength Potion"},{"floor":31,"key":"Fire Potion"},{"floor":39,"key":"LiquidMemories"}],"is_trial":false,"path_per_floor":["M","?","$","M","M","R","M","M","T","M","R","M","?","?","R","B",null,"M","?","M","?","M","E","R","M","T","R","$","R","$","E","R","B",null,"M","$","M","M","?","R","E"],"character_chosen":"THE_POKER_PLAYER","items_purchased":["Chemical X","PokerPlayerMod:Harden","PokerPlayerMod:RiskyBet","Membership Card","PokerPlayerMod:CardPrinter","Incense Burner","PokerPlayerMod:Harden"],"campfire_rested":0,"item_purchase_floors":[3,3,3,28,28,30,36],"current_hp_per_floor":[48,48,48,47,45,45,44,45,55,55,55,55,62,62,62,62,67,62,76,44,44,45,64,64,82,82,82,82,82,82,85,85,83,86,87,87,77,57,27,27,0,0,0],"gold":136,"neow_bonus":"ONE_RANDOM_RARE_CARD","is_daily":false,"chose_seed":false,"campfire_upgraded":8,"win_rate":0.0,"timestamp":1609900492,"path_taken":["M","?","$","M","M","R","M","M","T","?","R","M","?","?","R","BOSS","M","?","M","?","M","E","R","?","T","R","$","R","$","E","R","BOSS","M","$","M","M","?","R","E"],"items_purchased_type":["Relic","Card","Card","Relic","Card","Relic","Card"],"build_version":"2020-12-22","purchased_purges":3,"victory":false,"max_hp_per_floor":[52,52,52,52,52,52,52,52,62,62,62,62,62,62,62,62,67,67,81,81,81,82,83,83,84,84,84,84,84,84,85,85,86,86,87,87,88,89,90,90,90,90,90],"card_choices":[{"not_picked":["PokerPlayerMod:Heart7","PokerPlayerMod:HotShotCut"],"picked":"PokerPlayerMod:Spade5","floor":1},{"not_picked":["PokerPlayerMod:MagicTrick","PokerPlayerMod:CardBurn"],"picked":"PokerPlayerMod:SecondChance","floor":4},{"not_picked":["PokerPlayerMod:Spade3","PokerPlayerMod:Configure"],"picked":"PokerPlayerMod:Diamond5","floor":5},{"not_picked":["PokerPlayerMod:Configure","PokerPlayerMod:Diamond5"],"picked":"PokerPlayerMod:Club3","floor":7},{"not_picked":["PokerPlayerMod:Diamond3","PokerPlayerMod:Diamond5"],"picked":"PokerPlayerMod:RiskyBet","floor":8},{"not_picked":["PokerPlayerMod:Spade1","PokerPlayerMod:Diamond1"],"picked":"PokerPlayerMod:GamblerForm","floor":10},{"not_picked":["PokerPlayerMod:Trickery","PokerPlayerMod:Diamond3"],"picked":"PokerPlayerMod:Spade4","floor":12},{"not_picked":["PokerPlayerMod:Diamond4","PokerPlayerMod:Configure"],"picked":"PokerPlayerMod:HiddenCard","floor":13},{"not_picked":["PokerPlayerMod:Spade10+","PokerPlayerMod:Diamond10+"],"picked":"PokerPlayerMod:ChangeRules","floor":16},{"not_picked":["PokerPlayerMod:Spade2","PokerPlayerMod:ClubsClub","PokerPlayerMod:Diamond3"],"picked":"SKIP","floor":18},{"not_picked":["PokerPlayerMod:Spade3","PokerPlayerMod:Spade2","PokerPlayerMod:DartThrow"],"picked":"SKIP","floor":20},{"not_picked":["PokerPlayerMod:HotShotCut","PokerPlayerMod:CardBurn+1"],"picked":"PokerPlayerMod:Heart5","floor":22},{"not_picked":["PokerPlayerMod:Spade2","PokerPlayerMod:Spade3"],"picked":"PokerPlayerMod:Diamond7","floor":23},{"not_picked":["PokerPlayerMod:DiamondStrike","PokerPlayerMod:Diamond5"],"picked":"PokerPlayerMod:Raise","floor":25},{"not_picked":["PokerPlayerMod:Spade9","PokerPlayerMod:Overdeal"],"picked":"PokerPlayerMod:ItsShowtime","floor":31},{"not_picked":["PokerPlayerMod:WasteCollection","PokerPlayerMod:Diamond9"],"picked":"PokerPlayerMod:GamblerForm","floor":33},{"not_picked":["PokerPlayerMod:Heart3","PokerPlayerMod:RiskyBet+1","PokerPlayerMod:Spade1"],"picked":"SKIP","floor":35},{"not_picked":["PokerPlayerMod:Trickery+1","PokerPlayerMod:Spade9"],"picked":"PokerPlayerMod:ClubShade","floor":37},{"not_picked":["PokerPlayerMod:DiamondStrike+1","PokerPlayerMod:Spade5","PokerPlayerMod:Spade4"],"picked":"SKIP","floor":38}],"player_experience":266444,"relics_obtained":[{"floor":9,"key":"Pear"},{"floor":13,"key":"Odd Mushroom"},{"floor":23,"key":"FossilizedHelix"},{"floor":26,"key":"Tiny Chest"},{"floor":31,"key":"Smiling Mask"},{"floor":39,"key":"StoneCalendar"}],"event_choices":[{"damage_healed":0,"gold_gain":275,"player_choice":"Desecrate","damage_taken":0,"max_hp_gain":0,"max_hp_loss":0,"event_name":"Golden Shrine","floor":2,"gold_loss":0,"cards_obtained":["Regret"]},{"damage_healed":0,"gold_gain":0,"player_choice":"Fought Mushrooms","damage_taken":0,"max_hp_gain":0,"max_hp_loss":0,"event_name":"Mushrooms","floor":13,"gold_loss":0},{"damage_healed":0,"gold_gain":0,"player_choice":"Searched \u00271\u0027 times","damage_taken":0,"relics_obtained":["Darkstone Periapt"],"max_hp_gain":0,"max_hp_loss":0,"event_name":"Dead Adventurer","floor":14,"gold_loss":0},{"damage_healed":0,"gold_gain":0,"player_choice":"Obtained Relic","damage_taken":0,"relics_obtained":["Mango"],"max_hp_gain":0,"max_hp_loss":0,"event_name":"Addict","floor":19,"gold_loss":85},{"damage_healed":0,"gold_gain":0,"player_choice":"Trade","damage_taken":0,"relics_obtained":["FaceOfCleric"],"max_hp_gain":0,"max_hp_loss":0,"event_name":"FaceTrader","floor":21,"gold_loss":0},{"damage_healed":0,"gold_gain":0,"player_choice":"Fight","damage_taken":0,"max_hp_gain":0,"max_hp_loss":0,"event_name":"Mysterious Sphere","floor":39,"gold_loss":0}],"is_beta":false,"boss_relics":[{"not_picked":["Busted Crown","Sozu"],"picked":"Velvet Choker"},{"not_picked":["SlaversCollar","Coffee Dripper"],"picked":"Astrolabe"}],"items_purged_floors":[3,30,36],"is_endless":false,"potions_floor_spawned":[4,5,8,16,18,23,31,39],"killed_by":"Nemesis","ascension_level":0}}