{"host":"o6rpelx2jpc8yies","time":1609947581,"event":{"mods":["BaseMod","Downfall","Minty Spire (QoL Compilation)","StSLib"],"gold_per_floor":[99,119,138,138,157,189,213,125,164,12,44,55,86,186,205,310,310,310,325,341,191,203,233,258,273,300,64,80,80,80,96,106,207,207,7,19,36,56,56,85,111,138,190,190,208,218,54,81,97,97,97,97,97],"floor_reached":52,"playtime":42524,"items_purged":["bronze:Strike"],"score":1115,"play_id":"aabc6d1c-fe03-46e8-90a1-308c35cb8d1a","local_time":"20210106083941","is_ascension_mode":true,"campfire_choices":[{"floor":1,"key":"RECALL"},{"data":"bronze:Goto","floor":8,"key":"SMITH"},{"data":"bronze:Format","floor":18,"key":"SMITH"},{"data":"bronze:Branch","floor":30,"key":"SMITH"},{"floor":35,"key":"REST"}],"circlet_count":0,"master_deck":["bronze:Strike","bronze:Strike","bronze:Strike","bronze:Defend","bronze:Defend","bronze:Defend","bronze:Defend","bronze:Replicate","bronze:Goto+1","bronze:Boost","bronze:CutThrough","bronze:Iterate+1","bronze:Constructor","bronze:HyperBeam+1","bronze:Return","bronze:Terminator","bronze:BronzeOrb","bronze:Format+1","bronze:FineTuning","bronze:Safeguard","bronze:Terminator+1","bronze:Shell+1","bronze:SpaghettiCode","bronze:Verify","bronze:CloningBeam+1","bronze:ChosenStrike+1","bronze:HardenedForm","bronze:FineTuning","bronze:Repair","bronze:Optimize"],"relics":["bronze:BronzeCore","Regal Pillow","Matryoshka","Omamori","MawBank","downfall:HeartBlessingRed","Ornamental Fan","Whetstone","Boot","Mercury Hourglass","Philosopher\u0027s Stone","Gremlin Horn","Oddly Smooth Stone","Ginger","Potion Belt","Fusion Hammer","downfall:HeartBlessingGreen","downfall:HeartBlessingBlue","Dream Catcher","MealTicket","Vajra","Lizard Tail","Bag of Marbles","Toy Ornithopter"],"acts_visited":["Exordium","TheCity","TheBeyond","TheEnding"],"potions_floor_usage":[26,43,44,45,50,52],"damage_taken":[{"damage":4,"enemies":"Jaw Worm","floor":2,"turns":4},{"damage":0,"enemies":"2 Louse","floor":3,"turns":3},{"damage":0,"enemies":"Small Slimes","floor":5,"turns":5},{"damage":15,"enemies":"Lagavulin","floor":6,"turns":7},{"damage":6,"enemies":"Gremlin Nob","floor":9,"turns":3},{"damage":0,"enemies":"downfall:FleeingMerchant","floor":10,"turns":4},{"damage":0,"enemies":"3 Sentries","floor":11,"turns":4},{"damage":0,"enemies":"Gremlin Gang","floor":12,"turns":4},{"damage":0,"enemies":"Gremlin Nob","floor":13,"turns":4},{"damage":5,"enemies":"Large Slime","floor":15,"turns":4},{"damage":0,"enemies":"downfall:Silent","floor":16,"turns":5},{"damage":0,"enemies":"Chosen","floor":19,"turns":3},{"damage":0,"enemies":"Centurion and Healer","floor":20,"turns":3},{"damage":0,"enemies":"Cultist and Chosen","floor":22,"turns":4},{"damage":11,"enemies":"Book of Stabbing","floor":23,"turns":4},{"damage":12,"enemies":"Shelled Parasite and Fungi","floor":25,"turns":4},{"damage":0,"enemies":"Gremlin Leader","floor":26,"turns":4},{"damage":0,"enemies":"downfall:FleeingMerchant","floor":27,"turns":4},{"damage":0,"enemies":"Centurion and Healer","floor":28,"turns":4},{"damage":0,"enemies":"Snecko","floor":31,"turns":3},{"damage":15,"enemies":"Shelled Parasite and Fungi","floor":32,"turns":3},{"damage":0,"enemies":"ArchetypeAct2MushroomsNewAge","floor":33,"turns":7},{"damage":0,"enemies":"3 Shapes","floor":36,"turns":2},{"damage":0,"enemies":"Orb Walker","floor":37,"turns":3},{"damage":15,"enemies":"Jaw Worm Horde","floor":38,"turns":3},{"damage":39,"enemies":"Giant Head","floor":40,"turns":10},{"damage":35,"enemies":"Reptomancer","floor":42,"turns":6},{"damage":5,"enemies":"2 Orb Walkers","floor":43,"turns":4},{"damage":0,"enemies":"Writhing Mass","floor":44,"turns":2},{"damage":3,"enemies":"Sphere and 2 Shapes","floor":45,"turns":5},{"damage":0,"enemies":"Maw","floor":46,"turns":6},{"damage":6,"enemies":"downfall:FleeingMerchant","floor":47,"turns":4},{"damage":0,"enemies":"Giant Head","floor":48,"turns":7},{"damage":7,"enemies":"Spire Growth","floor":49,"turns":4},{"damage":35,"enemies":"downfall:Watcher","floor":50,"turns":8},{"damage":129,"enemies":"downfall:CharBossMerchant","floor":52,"turns":6}],"seed_played":"4530123414965355430","potions_obtained":[{"floor":5,"key":"Fire Potion"},{"floor":6,"key":"FearPotion"},{"floor":12,"key":"GamblersBrew"},{"floor":33,"key":"SteroidPotion"},{"floor":40,"key":"Fire Potion"},{"floor":42,"key":"Swift Potion"},{"floor":43,"key":"SmokeBomb"},{"floor":48,"key":"champ:CounterPotion"},{"floor":49,"key":"Block Potion"}],"is_trial":false,"path_per_floor":["R","M","M","?","M","E","T","R","E","$","E","M","E","?","M","B",null,"R","M","M","?","M","E","T","M","E","$","M","?","R","M","M","B",null,"R","M","M","M","?","E","T","E","?","M","M","M","$","E","M","B",null,"E"],"character_chosen":"THE_AUTOMATON","items_purchased":["Whetstone","Potion Belt","Bag of Marbles"],"campfire_rested":1,"item_purchase_floors":[10,27,47],"current_hp_per_floor":[77,73,73,61,61,46,46,46,40,40,40,40,40,40,35,35,77,77,77,77,87,87,76,76,64,64,64,64,64,64,64,49,49,87,97,97,97,82,82,43,43,8,3,3,48,48,57,57,50,27,97,0,0],"gold":97,"neow_bonus":"TEN_PERCENT_HP_BONUS","is_daily":false,"chose_seed":false,"campfire_upgraded":3,"win_rate":0.0,"timestamp":1609947581,"path_taken":["R","M","M","?","M","E","T","R","E","$","E","M","E","?","M","BOSS","R","M","M","?","M","E","T","?","E","$","M","?","R","M","M","BOSS","R","M","M","M","?","E","T","E","?","M","M","M","$","E","M","BOSS","E"],"items_purchased_type":["Relic","Relic","Relic"],"build_version":"2020-12-22","purchased_purges":1,"victory":false,"max_hp_per_floor":[77,77,77,77,77,77,77,77,77,77,77,77,77,77,77,77,77,77,77,77,87,87,87,87,87,87,87,87,87,87,87,87,87,87,97,97,97,97,97,97,97,97,97,97,97,97,97,97,97,97,97,97,97],"card_choices":[{"not_picked":["bronze:Shield","bronze:DelayedGuard"],"picked":"bronze:Boost","floor":2},{"not_picked":["bronze:Philosophize","bronze:BugBarrage"],"picked":"bronze:CutThrough","floor":3},{"not_picked":["bronze:Shield","bronze:DigitalCarnage"],"picked":"bronze:Branch","floor":5},{"not_picked":["bronze:Break","bronze:BugBarrage"],"picked":"bronze:Iterate","floor":6},{"not_picked":["bronze:BugBarrage","bronze:DelayedGuard"],"picked":"bronze:Constructor","floor":9},{"not_picked":["bronze:ShipIt","bronze:Refactor"],"picked":"bronze:HyperBeam","floor":10},{"not_picked":["bronze:DigitalCarnage","bronze:Allocate","bronze:RecursiveStrike"],"picked":"SKIP","floor":11},{"not_picked":["bronze:Overheat","bronze:Deprecate"],"picked":"bronze:Return","floor":12},{"not_picked":["bronze:BronzeArmor","bronze:Deprecate"],"picked":"bronze:Terminator","floor":13},{"not_picked":["bronze:Constructor","bronze:CutThrough"],"picked":"bronze:BronzeOrb","floor":15},{"not_picked":["bronze:BurnOut","bronze:HardenedForm"],"picked":"bronze:Format","floor":16},{"not_picked":["bronze:Iterate","bronze:Overheat"],"picked":"bronze:FineTuning","floor":19},{"not_picked":["bronze:Overheat+1","bronze:ForceShield"],"picked":"bronze:Safeguard","floor":20},{"not_picked":["bronze:CutThrough+1","bronze:ShipIt","bronze:Terminator"],"picked":"SKIP","floor":22},{"not_picked":["bronze:DigitalCarnage+1","bronze:WhirlingStrike","bronze:WildBeam"],"picked":"SKIP","floor":23},{"not_picked":["bronze:BitShift","bronze:Frontload"],"picked":"bronze:Terminator+1","floor":25},{"not_picked":["bronze:SearingBeam","bronze:Shield+1"],"picked":"bronze:Shell+1","floor":26},{"not_picked":["bronze:NullPointer","bronze:Overheat+1","bronze:Deprecate"],"picked":"SKIP","floor":27},{"not_picked":["bronze:RecursiveStrike","bronze:Deprecate"],"picked":"bronze:SpaghettiCode","floor":28},{"not_picked":["bronze:WhirlingStrike","bronze:DelayedGuard","bronze:CutThrough"],"picked":"SKIP","floor":31},{"not_picked":["bronze:BuggyMess","bronze:Invalidate","bronze:DelayedGuard"],"picked":"SKIP","floor":32},{"not_picked":["bronze:Break","bronze:CleanCode"],"picked":"bronze:Verify","floor":33},{"not_picked":["bronze:Deprecate","bronze:Invalidate","bronze:FineTuning"],"picked":"SKIP","floor":36},{"not_picked":["bronze:Constructor","bronze:DelayedGuard"],"picked":"bronze:CloningBeam+1","floor":37},{"not_picked":["bronze:WhirlingStrike+1","bronze:Deprecate+1","bronze:ChildClass+1"],"picked":"SKIP","floor":38},{"not_picked":["bronze:Constructor","bronze:WildBeam+1"],"picked":"bronze:ChosenStrike+1","floor":40},{"not_picked":["bronze:ClassDefault+1","bronze:Iterate+1","bronze:NullPointer"],"picked":"SKIP","floor":42},{"not_picked":["bronze:ChosenStrike+1","bronze:Overheat"],"picked":"bronze:HardenedForm","floor":43},{"not_picked":["bronze:Terminator+1","bronze:WhirlingStrike","bronze:ChildClass"],"picked":"SKIP","floor":45},{"not_picked":["bronze:NullPointer","bronze:Deprecate+1"],"picked":"bronze:FineTuning","floor":46},{"not_picked":["bronze:Safeguard+1","bronze:Refactor+1","bronze:SearingBeam"],"picked":"SKIP","floor":47},{"not_picked":["bronze:CutThrough","bronze:Overload"],"picked":"bronze:Repair","floor":48},{"not_picked":["bronze:ForceShield+1","bronze:Shield+1"],"picked":"bronze:Optimize","floor":49}],"player_experience":1739432,"relics_obtained":[{"floor":6,"key":"Matryoshka"},{"floor":7,"key":"Omamori"},{"floor":7,"key":"MawBank"},{"floor":9,"key":"Ornamental Fan"},{"floor":11,"key":"Boot"},{"floor":13,"key":"Mercury Hourglass"},{"floor":23,"key":"Gremlin Horn"},{"floor":24,"key":"Oddly Smooth Stone"},{"floor":26,"key":"Ginger"},{"floor":40,"key":"Dream Catcher"},{"floor":41,"key":"MealTicket"},{"floor":42,"key":"Vajra"},{"floor":43,"key":"Lizard Tail"},{"floor":48,"key":"Toy Ornithopter"}],"event_choices":[{"damage_healed":0,"gold_gain":0,"player_choice":"Success","damage_taken":12,"relics_obtained":["Regal Pillow"],"max_hp_gain":0,"max_hp_loss":0,"event_name":"Scrap Ooze","floor":4,"gold_loss":0},{"cards_removed":["bronze:Branch"],"damage_healed":0,"gold_gain":0,"player_choice":"Removed Attack","damage_taken":0,"max_hp_gain":0,"max_hp_loss":0,"event_name":"Falling","floor":39,"gold_loss":0},{"damage_healed":0,"gold_gain":0,"player_choice":"Fight","damage_taken":0,"max_hp_gain":0,"max_hp_loss":0,"event_name":"Mysterious Sphere","floor":43,"gold_loss":0}],"is_beta":false,"boss_relics":[{"not_picked":["SacredBark","Empty Cage"],"picked":"Philosopher\u0027s Stone"},{"not_picked":["bronze:MakeshiftBattery","Runic Dome"],"picked":"Fusion Hammer"}],"items_purged_floors":[27],"is_endless":false,"potions_floor_spawned":[5,6,12,15,16,22,23,25,33,40,42,43,48,49],"killed_by":"downfall:CharBossMerchant","ascension_level":2}}