{"host":"s6mlqkqtr3ey2mm2","time":1609899686,"event":{"mods":["2.2 Compatiblity","AchievementEnabler","Aspiration","Bard","BaseMod","Beaked The Cultist","Better Note","Better Vampires","BetterRewards","Challenge The Spire","Colored Map","Colored Powertips","Conspire","Curses Come First","Downfall","Emptier Cage","Energized Spire","GifTheSpireLib","GungeonMod","Halation","Hermit","Hubris","Infinite Spire","Ironclad Rager","Marked Mod","Minty Spire (QoL Compilation)","Quick Restart","RatMod","Replay The Spire","Retaliation","Robot Space Explorer","Shade Mod","Somnambulant","Spicy Shops","StSLib","Stuff the Spire","The Blue Laboratory","The Construct","The Druid","The IronCluck","The Mystic","The Necromancer","The Poker Player","The Runesmith","The Sage","The Valiant","vexMod"],"gold_per_floor":[186,203,218,218,28,28,28],"floor_reached":6,"playtime":786,"items_purged":["sagemod:Strike"],"score":36,"play_id":"63f7f628-3632-4f84-a7d0-e839f7e39ea7","local_time":"20210105212126","is_ascension_mode":false,"campfire_choices":[],"circlet_count":0,"master_deck":["sagemod:Strike","sagemod:Strike","sagemod:Strike","sagemod:Defend","sagemod:Defend","sagemod:Defend","sagemod:Defend","sagemod:Fly","sagemod:Upwards","sagemod:Taste_This_One","sagemod:Rickety_Defense","sagemod:Bouncing_Strike"],"relics":["sagemod:Flying_Carpet","DemoMod:GnawedKey"],"acts_visited":["Exordium"],"potions_floor_usage":[],"damage_taken":[{"damage":1,"enemies":"Small Slimes","floor":1,"turns":6},{"damage":9,"enemies":"Cultist","floor":2,"turns":7},{"damage":12,"enemies":"2 Louse","floor":3,"turns":5},{"damage":8,"enemies":"3 Sentries","floor":6,"turns":3}],"seed_played":"6925506264447616039","potions_obtained":[{"floor":1,"key":"blueLaboratory:RememoryPotion"}],"is_trial":false,"path_per_floor":["M","M","M","?","$","E"],"character_chosen":"THE_SAGE","items_purchased":["DemoMod:GnawedKey"],"campfire_rested":0,"item_purchase_floors":[5],"current_hp_per_floor":[54,45,33,33,33,25,25],"gold":28,"neow_bonus":"TEN_PERCENT_HP_BONUS","is_daily":false,"chose_seed":false,"campfire_upgraded":0,"win_rate":0.0,"timestamp":1609899686,"path_taken":["M","M","M","?","$","E"],"items_purchased_type":["Relic"],"build_version":"2020-12-22","purchased_purges":1,"victory":false,"max_hp_per_floor":[55,55,55,55,55,55,55],"card_choices":[{"not_picked":["sagemod:Slalom","sagemod:How_To_Poke_At_Slimes"],"picked":"sagemod:Taste_This_One","floor":1},{"not_picked":["sagemod:Slalom","sagemod:Spoiled_Food"],"picked":"sagemod:Rickety_Defense","floor":2},{"not_picked":["sagemod:Potion_Explosion","sagemod:How_To_Poke_At_Slimes"],"picked":"sagemod:Bouncing_Strike","floor":3}],"player_experience":61683,"relics_obtained":[],"event_choices":[{"damage_healed":0,"gold_gain":0,"player_choice":"Ignored","damage_taken":0,"max_hp_gain":0,"max_hp_loss":0,"event_name":"betterNote:BetterNote","floor":4,"gold_loss":0,"cards_obtained":["BasicCrystalCard"]}],"is_beta":false,"boss_relics":[],"items_purged_floors":[5],"is_endless":false,"potions_floor_spawned":[1],"killed_by":"3 Sentries","ascension_level":0}}