{"host":"rmsq46plbpwfbxcc","time":1609944188,"event":{"mods":["AchievementEnabler","BaseMod","Colored Map","Colored Powertips","DeckTracker","KOR Keyword Fix","Minty Spire (QoL Compilation)","Permanent Neow","Quick Restart","SuperFastMode"],"gold_per_floor":[115,115,115,133,152,152,152,166,166,201,221,221,237,253,253,355,355,374,389,164,175,194,194,94,107,107,107,118,118,118],"floor_reached":29,"playtime":927,"items_purged":["Strike_G","Defend_G"],"score":231,"play_id":"b54f909b-b2c8-46b0-a73d-5dc67707ad25","local_time":"20210106234308","is_ascension_mode":false,"campfire_choices":[{"data":"Survivor","floor":6,"key":"SMITH"},{"data":"Blade Dance","floor":12,"key":"SMITH"},{"data":"Cloak And Dagger","floor":15,"key":"SMITH"},{"data":"Poisoned Stab","floor":23,"key":"SMITH"},{"data":"Strike_G","floor":27,"key":"SMITH"}],"circlet_count":0,"master_deck":["Strike_G+1","Strike_G","Strike_G","Strike_G","Defend_G","Defend_G","Defend_G","Defend_G","Survivor+1","Neutralize+1","CurseOfTheBell","Poisoned Stab+1","Blade Dance+1","Cloak And Dagger+1","Backflip+1","PiercingWail+1"],"relics":["Calling Bell","Orichalcum","StrikeDummy","Ginger","InkBottle","Calipers","Coffee Dripper","Oddly Smooth Stone","Darkstone Periapt"],"acts_visited":["Exordium","TheCity"],"potions_floor_usage":[8,10,16,25,25],"damage_taken":[{"damage":0.0,"enemies":"Cultist","floor":1.0,"turns":3.0},{"damage":1,"enemies":"Small Slimes","floor":4,"turns":3},{"damage":0,"enemies":"2 Louse","floor":5,"turns":3},{"damage":2,"enemies":"Gremlin Gang","floor":8,"turns":4},{"damage":7,"enemies":"3 Sentries","floor":10,"turns":8},{"damage":3,"enemies":"2 Fungi Beasts","floor":11,"turns":3},{"damage":0,"enemies":"Large Slime","floor":13,"turns":4},{"damage":0,"enemies":"Looter","floor":14,"turns":3},{"damage":20,"enemies":"Hexaghost","floor":16,"turns":10},{"damage":1,"enemies":"Chosen","floor":18,"turns":4},{"damage":14,"enemies":"2 Thieves","floor":19,"turns":4},{"damage":12,"enemies":"Shelled Parasite and Fungi","floor":21,"turns":5},{"damage":12,"enemies":"Snake Plant","floor":22,"turns":5},{"damage":0,"enemies":"Chosen and Byrds","floor":25,"turns":4},{"damage":3,"enemies":"3 Cultists","floor":28,"turns":5},{"damage":28,"enemies":"Book of Stabbing","floor":29,"turns":5}],"seed_played":"1178753237263652413","potions_obtained":[{"floor":1.0,"key":"LiquidBronze"},{"floor":5,"key":"SteroidPotion"},{"floor":8,"key":"Block Potion"},{"floor":10,"key":"SmokeBomb"},{"floor":19,"key":"SkillPotion"},{"floor":21,"key":"CunningPotion"},{"floor":22,"key":"DistilledChaos"}],"is_trial":false,"path_per_floor":["M","?","?","M","M","R","?","M","T","E","M","R","M","M","R","B",null,"M","M","$","M","M","R","$","M","T","R","M","E"],"character_chosen":"THE_SILENT","items_purchased":["Oddly Smooth Stone"],"campfire_rested":0,"item_purchase_floors":[20],"current_hp_per_floor":[70,70,70,69,69,69,69,67,67,60,57,57,57,57,57,37,70,69,55,55,43,31,31,31,31,31,31,28,0,0],"gold":118,"neow_bonus":"BOSS_RELIC","is_daily":false,"chose_seed":false,"campfire_upgraded":5,"win_rate":0.0,"timestamp":1609944188,"path_taken":["M","?","?","M","?","R","?","M","T","E","M","R","M","M","R","BOSS","M","M","$","?","M","R","$","M","T","R","M","E"],"items_purchased_type":["Relic"],"build_version":"2020-12-22","purchased_purges":2,"victory":false,"max_hp_per_floor":[70,70,70,70,70,70,70,70,70,70,70,70,70,70,70,70,70,70,70,70,70,70,70,70,70,70,70,70,70,70],"card_choices":[{"not_picked":["Endless Agony","PiercingWail","Tactician"],"picked":"SKIP","floor":1.0},{"not_picked":["Flying Knee","Prepared"],"picked":"Poisoned Stab","floor":4},{"not_picked":["Dagger Spray","Slice","Flying Knee"],"picked":"SKIP","floor":5},{"not_picked":["Sucker Punch","Outmaneuver"],"picked":"Blade Dance","floor":8},{"not_picked":["Corpse Explosion","Escape Plan","Blade Dance"],"picked":"SKIP","floor":10},{"not_picked":["Flying Knee","Concentrate"],"picked":"Cloak And Dagger","floor":11},{"not_picked":["Predator","Poisoned Stab","Escape Plan"],"picked":"SKIP","floor":13},{"not_picked":["Backflip","Poisoned Stab","Cloak And Dagger"],"picked":"SKIP","floor":14},{"not_picked":["Acrobatics","Underhanded Strike","Distraction"],"picked":"SKIP","floor":18},{"not_picked":["Reflex","Flying Knee","Finisher"],"picked":"SKIP","floor":19},{"not_picked":["Bane","Underhanded Strike+1","Blade Dance"],"picked":"SKIP","floor":21},{"not_picked":["Dagger Spray","Flying Knee","Slice"],"picked":"SKIP","floor":22},{"not_picked":["Deadly Poison","Dodge and Roll"],"picked":"Backflip+1","floor":25},{"not_picked":["Underhanded Strike+1","Choke"],"picked":"PiercingWail+1","floor":28}],"player_experience":629552,"relics_obtained":[{"floor":0.0,"key":"Orichalcum"},{"floor":0.0,"key":"StrikeDummy"},{"floor":0.0,"key":"Ginger"},{"floor":9,"key":"InkBottle"},{"floor":10,"key":"Calipers"},{"floor":26,"key":"Darkstone Periapt"}],"event_choices":[{"damage_healed":0.0,"max_hp_gain":0.0,"max_hp_loss":0.0,"gold_gain":0.0,"event_name":"Living Wall","player_choice":"Grow","floor":2.0,"gold_loss":0.0,"damage_taken":0.0,"cards_upgraded":["Neutralize"]},{"damage_healed":0,"gold_gain":0,"player_choice":"Ignored","damage_taken":0,"max_hp_gain":0,"max_hp_loss":0,"event_name":"Transmorgrifier","floor":3,"gold_loss":0},{"damage_healed":0,"gold_gain":0,"player_choice":"Bought 0 Potions","damage_taken":0,"max_hp_gain":0,"max_hp_loss":0,"event_name":"The Woman in Blue","floor":7,"gold_loss":0}],"is_beta":false,"boss_relics":[{"not_picked":["Black Star","HoveringKite"],"picked":"Coffee Dripper"}],"items_purged_floors":[20,24],"is_endless":false,"potions_floor_spawned":[1,5,8,10,19,21,22],"killed_by":"Book of Stabbing","ascension_level":0}}