{"host":"kg61lsvem4dxoat8","time":1609940106,"event":{"mods":["BaseMod","Colored Powertips","Minty Spire (QoL Compilation)","Quick Restart","Rare Cards Sparkle","Relic Stats","slay the spire mod where everything is the same but ironclad has a cowboy hat"],"gold_per_floor":[115,290,302,317,99,99,114,114,183,217,217,43,57,87,87,191,191,203,222,222,69,86,86,116,128,164,126,151,163,185,214,226,339,351,381,443,50,69,82,82,82,82,106,106,126,160,160,174,174,174,174],"floor_reached":50,"playtime":1781,"items_purged":["Doubt","Strike_P"],"score":552,"play_id":"cb6f25f7-7750-4105-aabf-43286ffbb65e","local_time":"20210106213506","is_ascension_mode":false,"campfire_choices":[{"data":"Eruption","floor":6,"key":"SMITH"},{"data":"FlurryOfBlows","floor":8,"key":"SMITH"},{"data":"EmptyFist","floor":15,"key":"SMITH"},{"data":"Wallop","floor":23,"key":"SMITH"},{"data":"Tantrum","floor":25,"key":"SMITH"},{"data":"Halt","floor":29,"key":"SMITH"},{"data":"Panacea","floor":32,"key":"SMITH"},{"floor":40,"key":"REST"},{"data":"Fasting2","floor":44,"key":"SMITH"},{"floor":49,"key":"REST"}],"circlet_count":0,"master_deck":["Strike_P","Strike_P","Strike_P","Defend_P","Defend_P","Defend_P","Eruption+1","Vigilance","Halt+1","Panacea+1","EmptyBody+1","EmptyFist+1","SpiritShield+1","Scrawl+1","Protect+1","Wallop+1","Writhe","Tantrum+1","EmptyBody+1","FlurryOfBlows+1","DevaForm","Vault+1","Master of Strategy+1","Finesse+1","Fasting2+1","Halt+1","LikeWater+1","Bandage Up+1","Regret","FlurryOfBlows+1","ThirdEye+1","Evaluate+1"],"relics":["PureWater","NeowsBlessing","Toxic Egg 2","Potion Belt","Mummified Hand","Runic Dome","StrikeDummy","Vajra","MawBank","Bag of Marbles","Cursed Key","CloakClasp","Lantern"],"acts_visited":["Exordium","TheCity","TheBeyond"],"potions_floor_usage":[10,14,16,16,22,24,33,45,46,50],"damage_taken":[{"damage":0,"enemies":"Small Slimes","floor":1,"turns":1},{"damage":0,"enemies":"Jaw Worm","floor":3,"turns":1},{"damage":0,"enemies":"Cultist","floor":4,"turns":1},{"damage":3,"enemies":"Blue Slaver","floor":7,"turns":3},{"damage":15,"enemies":"Lagavulin","floor":10,"turns":4},{"damage":0,"enemies":"Looter","floor":13,"turns":1},{"damage":13,"enemies":"Gremlin Nob","floor":14,"turns":4},{"damage":1,"enemies":"The Guardian","floor":16,"turns":9},{"damage":0,"enemies":"Chosen","floor":18,"turns":3},{"damage":0,"enemies":"3 Byrds","floor":19,"turns":4},{"damage":0,"enemies":"Centurion and Healer","floor":22,"turns":4},{"damage":0,"enemies":"Book of Stabbing","floor":24,"turns":4},{"damage":0,"enemies":"Shelled Parasite and Fungi","floor":28,"turns":3},{"damage":0,"enemies":"Chosen and Byrds","floor":30,"turns":2},{"damage":0,"enemies":"Snake Plant","floor":31,"turns":1},{"damage":65,"enemies":"Automaton","floor":33,"turns":11},{"damage":0,"enemies":"3 Shapes","floor":35,"turns":6},{"damage":44,"enemies":"Mind Bloom Boss Battle","floor":36,"turns":5},{"damage":0,"enemies":"Orb Walker","floor":38,"turns":1},{"damage":0,"enemies":"Sphere and 2 Shapes","floor":39,"turns":6},{"damage":3,"enemies":"Writhing Mass","floor":45,"turns":3},{"damage":23,"enemies":"Reptomancer","floor":46,"turns":5},{"damage":4,"enemies":"Spire Growth","floor":48,"turns":4},{"damage":78,"enemies":"Donu and Deca","floor":50,"turns":7}],"seed_played":"-642620530324914786","potions_obtained":[{"floor":1,"key":"Ambrosia"},{"floor":4,"key":"Weak Potion"},{"floor":7,"key":"LiquidBronze"},{"floor":10,"key":"Fire Potion"},{"floor":18,"key":"Fire Potion"},{"floor":22,"key":"Swift Potion"},{"floor":33,"key":"Weak Potion"},{"floor":35,"key":"SteroidPotion"},{"floor":45,"key":"Fire Potion"},{"floor":48,"key":"PowerPotion"}],"is_trial":false,"path_per_floor":["M","?","M","M","$","R","M","R","T","E","?","$","M","E","R","B",null,"M","M","?","$","M","R","E","R","T","?","M","R","M","M","R","B",null,"M","?","$","M","M","R","?","?","T","R","M","E","?","M","R","B"],"character_chosen":"WATCHER","items_purchased":["FlurryOfBlows","Panacea","EmptyFist","Strength Potion","Vajra","Master of Strategy+1","Finesse+1","Fasting2","Halt+1"],"campfire_rested":2,"item_purchase_floors":[5,5,12,12,21,37,37,37,37],"current_hp_per_floor":[72,72,72,72,72,72,69,69,69,54,47,47,47,34,34,33,72,72,72,72,72,72,72,72,72,72,72,72,72,72,72,72,7,72,72,28,28,28,28,49,49,49,49,49,46,29,29,31,52,0,0],"gold":174,"neow_bonus":"THREE_ENEMY_KILL","is_daily":false,"chose_seed":false,"campfire_upgraded":8,"win_rate":0.0,"timestamp":1609940106,"path_taken":["M","?","M","M","$","R","M","R","T","E","?","?","M","E","R","BOSS","M","?","?","$","M","R","E","R","T","?","M","R","?","M","R","BOSS","M","?","$","M","M","R","?","?","T","R","?","E","?","M","R","BOSS"],"items_purchased_type":["Card","Card","Card","Potion","Relic","Card","Card","Card","Card"],"build_version":"2020-12-22","purchased_purges":2,"victory":false,"max_hp_per_floor":[72,72,72,72,72,72,72,72,72,72,72,72,72,72,72,72,72,72,72,72,72,72,72,72,72,72,72,72,72,72,72,72,72,72,72,72,72,72,72,72,72,72,72,72,72,72,72,72,72,72,72],"relic_stats":{"counters":[24,93],"Mummified Hand":[21],"CloakClasp":[43],"MawBank":156,"Cursed Key":1,"obtain_stats":[{"Potion Belt":10,"Lantern":46,"NeowsBlessing":0,"Vajra":21,"CloakClasp":36,"MawBank":24,"Cursed Key":34,"Runic Dome":17,"Mummified Hand":14,"Bag of Marbles":26,"PureWater":0,"Toxic Egg 2":9,"StrikeDummy":20},{"Potion Belt":5,"Lantern":22,"NeowsBlessing":0,"Vajra":10,"CloakClasp":18,"MawBank":12,"Cursed Key":16,"Runic Dome":8,"Mummified Hand":7,"Bag of Marbles":12,"PureWater":0,"Toxic Egg 2":4,"StrikeDummy":10},{"Potion Belt":10,"Lantern":82,"NeowsBlessing":0,"Vajra":31,"CloakClasp":67,"MawBank":39,"Cursed Key":56,"Runic Dome":24,"Mummified Hand":15,"Bag of Marbles":39,"PureWater":0,"Toxic Egg 2":6,"StrikeDummy":31}]},"card_choices":[{"not_picked":["DeceiveReality","ReachHeaven","PathToVictory"],"picked":"SKIP","floor":1},{"not_picked":["Wireheading","Consecrate","Pray"],"picked":"SKIP","floor":3},{"not_picked":["SignatureMove","CutThroughFate"],"picked":"Halt","floor":4},{"not_picked":["Collect","WaveOfTheHand","CutThroughFate"],"picked":"SKIP","floor":7},{"not_picked":["FlyingSleeves","Vengeance+1"],"picked":"EmptyBody+1","floor":10},{"not_picked":["FlyingSleeves","EmptyFist"],"picked":"SpiritShield+1","floor":13},{"not_picked":["ThirdEye+1","CarveReality","FlyingSleeves"],"picked":"SKIP","floor":14},{"not_picked":["Establishment","Alpha+1"],"picked":"Scrawl+1","floor":16},{"not_picked":["SashWhip","EmptyMind+1"],"picked":"Protect+1","floor":18},{"not_picked":["Consecrate","EmptyFist+1"],"picked":"Wallop","floor":19},{"not_picked":["FollowUp","InnerPeace+1"],"picked":"Tantrum","floor":22},{"not_picked":["FlyingSleeves","WheelKick+1"],"picked":"EmptyBody+1","floor":24},{"not_picked":["Halt+1","DeceiveReality+1"],"picked":"FlurryOfBlows+1","floor":28},{"not_picked":["CrushJoints","Conclude","Prostrate+1"],"picked":"SKIP","floor":30},{"not_picked":["JustLucky+1","WheelKick"],"picked":"DevaForm","floor":31},{"not_picked":["Alpha+1","Devotion"],"picked":"Vault+1","floor":33},{"not_picked":["Perseverance+1","CutThroughFate","FlyingSleeves+1"],"picked":"SKIP","floor":35},{"not_picked":["Indignation+1","FlyingSleeves+1","SashWhip"],"picked":"SKIP","floor":38},{"not_picked":["EmptyMind+1","Nirvana"],"picked":"LikeWater+1","floor":39},{"not_picked":["Enlightenment+1","PanicButton+1"],"picked":"Bandage Up+1","floor":41},{"not_picked":["JustLucky+1","FlyingSleeves+1"],"picked":"FlurryOfBlows+1","floor":45},{"not_picked":["BowlingBash","ForeignInfluence+1"],"picked":"ThirdEye+1","floor":46},{"not_picked":["Prostrate+1","ForeignInfluence+1"],"picked":"Evaluate+1","floor":48}],"player_experience":1311883,"relics_obtained":[{"floor":9,"key":"Toxic Egg 2"},{"floor":10,"key":"Potion Belt"},{"floor":14,"key":"Mummified Hand"},{"floor":24,"key":"MawBank"},{"floor":26,"key":"Bag of Marbles"},{"floor":36,"key":"CloakClasp"},{"floor":46,"key":"Lantern"}],"event_choices":[{"damage_healed":0,"gold_gain":175,"player_choice":"AGREE","damage_taken":0,"max_hp_gain":0,"max_hp_loss":0,"event_name":"Liars Game","floor":2,"gold_loss":0,"cards_obtained":["Doubt"]},{"cards_removed":["Defend_P"],"damage_healed":0,"gold_gain":0,"player_choice":"Card Removal","damage_taken":7,"max_hp_gain":0,"max_hp_loss":0,"event_name":"Golden Wing","floor":11,"gold_loss":0},{"damage_healed":0,"gold_gain":0,"player_choice":"Opened","damage_taken":0,"relics_obtained":["StrikeDummy"],"max_hp_gain":0,"max_hp_loss":0,"event_name":"The Mausoleum","floor":20,"gold_loss":0,"cards_obtained":["Writhe"]},{"damage_healed":0,"gold_gain":0,"player_choice":"Bet on Owner","damage_taken":0,"max_hp_gain":0,"max_hp_loss":0,"event_name":"The Joust","floor":27,"gold_loss":50},{"damage_healed":0,"gold_gain":0,"player_choice":"Fight","damage_taken":0,"max_hp_gain":0,"max_hp_loss":0,"event_name":"MindBloom","floor":36,"gold_loss":0},{"damage_healed":0,"gold_gain":0,"player_choice":"Memory 1","damage_taken":0,"max_hp_gain":0,"max_hp_loss":0,"event_name":"SensoryStone","floor":41,"gold_loss":0},{"damage_healed":0,"gold_gain":0,"player_choice":"Ignored","damage_taken":0,"max_hp_gain":0,"max_hp_loss":0,"event_name":"NoteForYourself","floor":42,"gold_loss":0},{"cards_removed":["FlurryOfBlows"],"damage_healed":0,"gold_gain":0,"player_choice":"Removed Attack","damage_taken":0,"max_hp_gain":0,"max_hp_loss":0,"event_name":"Falling","floor":47,"gold_loss":0}],"is_beta":false,"boss_relics":[{"not_picked":["Coffee Dripper","Sozu"],"picked":"Runic Dome"},{"not_picked":["Astrolabe","Black Star"],"picked":"Cursed Key"}],"items_purged_floors":[5,12],"is_endless":false,"potions_floor_spawned":[1,4,7,10,18,22,33,35,45,48],"killed_by":"Donu and Deca","ascension_level":0}}