{"host":"egwexuw5uvnxf11j","time":1609898837,"event":{"mods":["2.2 Compatiblity","Aspiration","BaseMod","Better Altar","Better Note","Better Sensory Stone","Better Third Choice","Displayed Cursed Tome","Downfall","Hermit","Key Reminder","Koishi","Marisa????????","Minty Spire (QoL Compilation)","Quick Restart","Shade Mod","Spicy Shops","StSLib","The Construct","The Cursed","The Hierophant","The Runesmith","The Senshi","The Servant 0.9.4","Transform Curses"],"gold_per_floor":[216,286,286,561,128,128,169,182,182,182,82,105,52,52,52,172,172,196,196,221,221,321,334,334,352,352,383,383,406,85,104,104,104,104],"floor_reached":33,"playtime":1847,"items_purged":["Regret"],"score":289,"play_id":"fbce51a7-9bb3-4e2c-aba0-37c139e2e1c9","local_time":"20210105210717","is_ascension_mode":true,"campfire_choices":[{"floor":6,"key":"REST"},{"floor":15,"key":"REST"},{"floor":24,"key":"REST"},{"floor":28,"key":"REST"},{"floor":32,"key":"REST"}],"circlet_count":0,"master_deck":["Runesmith:Defend_RS","Runesmith:Defend_RS","Runesmith:Defend_RS","Runesmith:Defend_RS","Runesmith:CraftFirestone","Runesmith:Fortify","Runesmith:FieryHammer","Runesmith:Firestorm","Runesmith:GoWithTheFlow","Runesmith:EnergizedChisel","Runesmith:CraftSpiculum","Runesmith:Grindstone","Runesmith:PoweredAnvil","Runesmith:Grindstone+1","Runesmith:ChiselStab","Runesmith:EarthShield+1","Blind+1","Runesmith:UnlimitedPower","Runesmith:CraftMagma+1","Runesmith:Firewall+1","Slimebound:Tackle+1","Slimebound:Tackle+1","Slimebound:Tackle+1","Runesmith:Grindstone+1","Runesmith:RuneHurl","Runesmith:ChiselStab+1","aspiration:UnbridledHammer","Runesmith:LithiumIon+1","Runesmith:HeatExchange"],"relics":["Runesmith:BrokenRuby","Golden Idol","ClockworkSouvenir","InkBottle","keyreminder:keyreminder","Mango","Toxic Egg 2","aspiration:MobileForge","Bottled Lightning","Lantern","Frozen Egg 2"],"acts_visited":["Exordium","TheCity"],"potions_floor_usage":[18],"damage_taken":[{"damage":6,"enemies":"Cultist","floor":1,"turns":4},{"damage":17,"enemies":"Gremlin Nob","floor":7,"turns":5},{"damage":0,"enemies":"2 Louse","floor":8,"turns":2},{"damage":6,"enemies":"Jaw Worm","floor":12,"turns":4},{"damage":46,"enemies":"Slime Boss","floor":16,"turns":10},{"damage":18,"enemies":"Chosen","floor":18,"turns":7},{"damage":15,"enemies":"3 Byrds","floor":20,"turns":7},{"damage":28,"enemies":"3 Cultists","floor":23,"turns":5},{"damage":20,"enemies":"Snake Plant","floor":25,"turns":4},{"damage":13,"enemies":"Gremlin Leader","floor":27,"turns":6},{"damage":9,"enemies":"Snecko","floor":29,"turns":4},{"damage":22,"enemies":"Cultist and Chosen","floor":31,"turns":5},{"damage":44,"enemies":"Collector","floor":33,"turns":3}],"seed_played":"-2158753814144260837","potions_obtained":[{"floor":12,"key":"Energy Potion"},{"floor":16,"key":"sneckomod:MuddlingPotion"},{"floor":20,"key":"Guardian:BlockOnCardUsePotion"},{"floor":27,"key":"AttackPotion"},{"floor":29,"key":"SpeedPotion"}],"is_trial":false,"path_per_floor":["M","?","?","?","$","R","E","M","T","?","$","M","$","?","R","B",null,"M","?","M","?","?","M","R","M","T","E","R","M","$","M","R","B"],"character_chosen":"RUNESMITH_CLASS","items_purchased":["Runesmith:Firestorm","Runesmith:GoWithTheFlow","ClockworkSouvenir","Runesmith:EnergizedChisel","Runesmith:PoweredAnvil","Runesmith:Grindstone+1","Runesmith:EarthShield+1","Frozen Egg 2","Runesmith:LithiumIon+1"],"campfire_rested":5,"item_purchase_floors":[5,5,5,5,11,11,13,30,30],"current_hp_per_floor":[64,64,47,47,47,68,51,51,65,65,65,59,59,59,84,38,84,66,66,51,51,51,23,48,28,28,15,40,31,31,9,34,0,0],"gold":104,"neow_bonus":"HUNDRED_GOLD","is_daily":false,"chose_seed":false,"campfire_upgraded":0,"win_rate":0.0,"timestamp":1609898837,"path_taken":["M","?","?","?","$","R","E","?","T","?","$","M","$","?","R","BOSS","M","?","?","?","?","M","R","?","T","E","R","M","$","M","R","BOSS"],"items_purchased_type":["Card","Card","Relic","Card","Card","Card","Card","Relic","Card"],"build_version":"2020-12-22","purchased_purges":1,"victory":false,"max_hp_per_floor":[70,70,70,70,70,70,70,70,84,84,84,84,84,84,84,84,84,84,84,84,84,84,84,84,84,84,84,84,84,84,84,84,84,84],"card_choices":[{"not_picked":["Runesmith:StaticCage","Runesmith:UnstableHammer"],"picked":"Runesmith:FieryHammer","floor":1},{"not_picked":["Runesmith:HammerThrow","Runesmith:PoweredAnvil"],"picked":"Runesmith:CraftSpiculum","floor":7},{"not_picked":["Runesmith:NanitesCloud","Runesmith:UnstableHammer"],"picked":"Runesmith:Grindstone","floor":8},{"not_picked":["Runesmith:Augment+1","aspiration:UnbridledHammer"],"picked":"Runesmith:ChiselStab","floor":12},{"not_picked":["Impatience+1","expansioncontent:SuperHexaguard+1"],"picked":"Blind+1","floor":14},{"not_picked":["Runesmith:FissionHammer","Runesmith:Supernova+1"],"picked":"Runesmith:UnlimitedPower","floor":16},{"not_picked":["Runesmith:Grindstone+1","Runesmith:MakeshiftArmor+1"],"picked":"Runesmith:CraftMagma+1","floor":18},{"not_picked":["Runesmith:CraftProtectio+1","Runesmith:LithiumIon"],"picked":"Runesmith:Firewall+1","floor":20},{"not_picked":["Runesmith:ChiselStab","Runesmith:MakeshiftArmor+1"],"picked":"Runesmith:Grindstone+1","floor":23},{"not_picked":["Runesmith:Permafrost","Runesmith:UnstableHammer"],"picked":"Runesmith:RuneHurl","floor":25},{"not_picked":["Runesmith:LastStand+1","Runesmith:CraftSpiculum+1"],"picked":"Runesmith:ChiselStab+1","floor":27},{"not_picked":["Runesmith:Augment+1","Runesmith:MakeshiftArmor+1"],"picked":"aspiration:UnbridledHammer","floor":29},{"not_picked":["Runesmith:NegativeSpace+1","Runesmith:EarthShield+1"],"picked":"Runesmith:HeatExchange","floor":31}],"player_experience":2147277,"relics_obtained":[{"floor":7,"key":"InkBottle"},{"floor":9,"key":"Mango"},{"floor":26,"key":"Bottled Lightning"},{"floor":27,"key":"Lantern"}],"event_choices":[{"damage_healed":0,"gold_gain":70,"player_choice":"Gained Gold","damage_taken":0,"max_hp_gain":0,"max_hp_loss":0,"event_name":"Golden Wing","floor":2,"gold_loss":0},{"damage_healed":0,"gold_gain":0,"player_choice":"Take Damage","damage_taken":17,"relics_obtained":["Golden Idol"],"max_hp_gain":0,"max_hp_loss":0,"event_name":"Golden Idol","floor":3,"gold_loss":0},{"damage_healed":0,"gold_gain":275,"player_choice":"Desecrate","damage_taken":0,"max_hp_gain":0,"max_hp_loss":0,"event_name":"Golden Shrine","floor":4,"gold_loss":0,"cards_obtained":["Regret"]},{"damage_healed":0,"gold_gain":1,"player_choice":"1","damage_taken":0,"max_hp_gain":0,"max_hp_loss":0,"event_name":"betterStone:BetterStone","floor":14,"gold_loss":0},{"cards_removed":["Injury"],"damage_healed":0,"gold_gain":0,"player_choice":"Purged","damage_taken":0,"max_hp_gain":0,"max_hp_loss":0,"event_name":"Purifier","floor":19,"gold_loss":0},{"damage_healed":0,"gold_gain":100,"player_choice":"Pray","damage_taken":0,"max_hp_gain":0,"max_hp_loss":0,"event_name":"Golden Shrine","floor":22,"gold_loss":0}],"is_beta":false,"boss_relics":[{"not_picked":["Philosopher\u0027s Stone","aspiration:SilentSkillbook"],"picked":"aspiration:MobileForge"}],"items_purged_floors":[5],"is_endless":false,"potions_floor_spawned":[12,16,20,27,29],"killed_by":"Collector","ascension_level":2}}