{"host":"eydwxg59205c3vtl","time":1609893656,"event":{"mods":["2.2 Compatiblity","BaseMod","Colored Map","Colored Powertips","Hubris","Minty Spire (QoL Compilation)","StSLib","The Jungle","The Necromancer"],"gold_per_floor":[111,111,111,131,131,131,150,150,150,160,160,179,179,13,13,111,111,123,141,160,160,160,195,206,232,232,243,243,243],"floor_reached":28,"playtime":926,"items_purged":["Strike_P"],"score":250,"play_id":"4f6ea354-dbca-4aa7-ac17-529d5044c801","local_time":"20210105194056","is_ascension_mode":false,"campfire_choices":[{"data":"Blood_Curse","floor":6.0,"key":"SMITH"},{"data":"WindmillStrike","floor":8.0,"key":"SMITH"},{"data":"Vigilance","floor":11.0,"key":"SMITH"},{"data":"JustLucky","floor":13.0,"key":"SMITH"},{"data":"Consecrate","floor":15.0,"key":"SMITH"}],"circlet_count":0,"master_deck":["Strike_P+1","Strike_P","Defend_P","Defend_P","Defend_P","Defend_P","Eruption+1","Vigilance+1","EmptyFist","Blood_Curse+1","WindmillStrike+1","FearNoEvil","JustLucky+1","CarveReality","Consecrate+1","DeusExMachina","ThirdEye","FollowUp+1","CrushJoints","Weave","Nirvana","FlyingSleeves+1","DevaForm"],"relics":["PureWater","Whetstone","hubris:Icosahedron","hubris:PeanutButter","VioletLotus","MutagenicStrength","Peace Pipe","Molten Egg 2","Mummified Hand"],"acts_visited":["Exordium","TheCity"],"potions_floor_usage":[28],"damage_taken":[{"damage":3.0,"enemies":"2 Louse","floor":1.0,"turns":2.0},{"damage":0.0,"enemies":"Small Slimes","floor":4.0,"turns":4.0},{"damage":0.0,"enemies":"Jaw Worm","floor":7.0,"turns":2.0},{"damage":7.0,"enemies":"Exordium Thugs","floor":10.0,"turns":3.0},{"damage":0.0,"enemies":"Gremlin Gang","floor":12.0,"turns":4.0},{"damage":4.0,"enemies":"The Guardian","floor":16.0,"turns":7.0},{"damage":0.0,"enemies":"Shell Parasite","floor":18.0,"turns":4.0},{"damage":0.0,"enemies":"Chosen","floor":19.0,"turns":2.0},{"damage":2.0,"enemies":"Snake Plant","floor":20.0,"turns":3.0},{"damage":23.0,"enemies":"Book of Stabbing","floor":23.0,"turns":4.0},{"damage":0.0,"enemies":"3 Cultists","floor":24.0,"turns":4.0},{"damage":36,"enemies":"Slavers","floor":25,"turns":4},{"damage":0,"enemies":"Snecko","floor":27,"turns":3},{"damage":12,"enemies":"Centurion and Healer","floor":28,"turns":2}],"seed_played":"4053125903189343876","potions_obtained":[{"floor":4.0,"key":"LiquidMemories"},{"floor":10.0,"key":"LiquidMemories"},{"floor":16.0,"key":"Swift Potion"},{"floor":23.0,"key":"SpeedPotion"},{"floor":25,"key":"StancePotion"}],"is_trial":false,"path_per_floor":["M","?","?","M","?","R","M","R","T","M","R","M","R","$","R","B",null,"M","M","M","?","?","E","M","E","T","M","M"],"character_chosen":"WATCHER","items_purchased":["CarveReality","Consecrate"],"campfire_rested":0,"item_purchase_floors":[14,14],"current_hp_per_floor":[69,69,62,62,62,62,62,62,62,55,55,55,55,55,55,51,72,72,72,70,70,70,47,47,11,11,11,0,0],"gold":243,"neow_bonus":"RANDOM_COMMON_RELIC","is_daily":false,"chose_seed":false,"campfire_upgraded":5,"win_rate":0.0,"timestamp":1609893656,"path_taken":["M","?","?","M","?","R","M","R","T","?","R","M","R","$","R","BOSS","M","?","M","?","?","E","M","E","T","M","M"],"items_purchased_type":["Card","Card"],"build_version":"2020-12-22","purchased_purges":1,"victory":false,"max_hp_per_floor":[72,72,72,72,72,72,72,72,72,72,72,72,72,72,72,72,72,72,72,72,72,72,72,72,72,72,72,72,72],"card_choices":[{"not_picked":["ClearTheMind","Consecrate"],"picked":"EmptyFist","floor":1.0},{"not_picked":["MasterReality","Evaluate"],"picked":"JustLucky","floor":4.0},{"not_picked":["BowlingBash","PathToVictory"],"picked":"WindmillStrike","floor":7.0},{"not_picked":["JustLucky","ClearTheMind"],"picked":"FearNoEvil","floor":10.0},{"not_picked":["SashWhip","Adaptation"],"picked":"JustLucky","floor":12.0},{"not_picked":["Brilliance","LessonLearned"],"picked":"DeusExMachina","floor":16.0},{"not_picked":["Consecrate+1","Nirvana"],"picked":"ThirdEye","floor":18.0},{"not_picked":["Crescendo+1","Meditate"],"picked":"FollowUp+1","floor":19.0},{"not_picked":["SashWhip","ClearTheMind"],"picked":"CrushJoints","floor":20.0},{"not_picked":["EmptyFist","Consecrate"],"picked":"Weave","floor":23.0},{"not_picked":["FollowUp","WindmillStrike"],"picked":"Nirvana","floor":24.0},{"not_picked":["JustLucky+1","Prostrate"],"picked":"FlyingSleeves+1","floor":25},{"not_picked":["Indignation","ClearTheMind+1"],"picked":"DevaForm","floor":27}],"player_experience":590404,"relics_obtained":[{"floor":9.0,"key":"hubris:PeanutButter"},{"floor":23.0,"key":"Peace Pipe"},{"floor":25,"key":"Molten Egg 2"},{"floor":26,"key":"Mummified Hand"}],"event_choices":[{"cards_removed":["Strike_P"],"damage_healed":0.0,"max_hp_gain":0.0,"max_hp_loss":0.0,"gold_gain":0.0,"event_name":"Golden Wing","player_choice":"Card Removal","floor":3.0,"gold_loss":0.0,"damage_taken":7.0},{"cards_removed":["JustLucky"],"damage_healed":0.0,"max_hp_gain":0.0,"max_hp_loss":0.0,"gold_gain":0.0,"event_name":"NoteForYourself","player_choice":"Took Card","floor":5.0,"gold_loss":0.0,"damage_taken":0.0,"cards_obtained":["Blood_Curse"]},{"damage_healed":0.0,"max_hp_gain":0.0,"max_hp_loss":0.0,"gold_gain":0.0,"event_name":"Vampires","player_choice":"Ignored","floor":21.0,"gold_loss":0.0,"damage_taken":0.0},{"damage_healed":0.0,"max_hp_gain":0.0,"max_hp_loss":0.0,"gold_gain":0.0,"event_name":"Drug Dealer","player_choice":"Inject Mutagens","floor":22.0,"gold_loss":0.0,"damage_taken":0.0,"relics_obtained":["MutagenicStrength"]}],"is_beta":false,"boss_relics":[{"not_picked":["hubris:BlackHole","HolyWater"],"picked":"VioletLotus"}],"items_purged_floors":[14],"is_endless":false,"potions_floor_spawned":[4,10,16,23,25],"killed_by":"Centurion and Healer","ascension_level":0}}