{"host":"mi24dmma43d7mlws","time":1609899868,"event":{"mods":["2.2 Compatiblity","Astrologer","Bard","BaseMod","Beaked The Cultist","Bestiary","CatGirl Mod","Colored Map","Colored Powertips","Custom Start","Downfall","Fiend Mod","Fireblade Mod","Hermit","Highlight Path","JesterMod","Jorbs\u0027s Wanderer Trilogy","Mad Scientist","Magitek Elite","Minty Spire (QoL Compilation)","Potionbrewer","QueenMod","Quick Restart","Rare Cards Sparkle","Relic Stats","Shade Mod","Somnambulant","StSLib","Td1madao Mod","The Accelerator","The Blackbeard","The Bladedancer","The Bug Knight","The Clintock","The Construct","The Cursed","The Death Knight","The Disciple","The Elementalist","The Florist","The Forsaken","The Gatherer","The Hayseed","The Hierophant","The Judge","The Juggle","The Mystic","The Necromancer","The Problem Sleuth","The Runesmith","The Sage","The Senshi","The Servant 0.9.4","The Showman","The Spell Scribe","The Trickster","The Valiant","The Vixen","The Wild Card","TheArtist","TheBandit","TheFirefly","TheHeartMod","TheHero","TheLocksmith","everything is the same but u backflip on backflip","slay the spire mod where everything is the same but ironclad has a cowboy hat","thorton"],"gold_per_floor":[112,112,131,178,178,211,211,255,255,255,255,275,275,291,291,420,420,390,96,96,96],"floor_reached":20,"playtime":1826,"items_purged":["theForsaken:TheForsaken_Strike"],"score":180,"play_id":"408c829c-9720-4eae-a2a1-0c76879983a7","local_time":"20210106022428","is_ascension_mode":false,"campfire_choices":[{"floor":7,"key":"REST"},{"data":"theForsaken:DarkBargain","floor":10,"key":"SMITH"},{"data":"theForsaken:Thunderbolt","floor":13,"key":"SMITH"},{"data":"theForsaken:SiphonStrike","floor":15,"key":"SMITH"}],"circlet_count":0,"master_deck":["theForsaken:TheForsaken_Strike","theForsaken:TheForsaken_Strike","theForsaken:TheForsaken_Strike","theForsaken:TheForsaken_Defend","theForsaken:TheForsaken_Defend","theForsaken:TheForsaken_Defend","theForsaken:TheForsaken_Defend","theForsaken:Smite","theForsaken:Penitence","theForsaken:FuryStrikes","elementalist:Fire_Emblem","theForsaken:Thunderbolt+1","theForsaken:WardingHymn","theForsaken:SiphonStrike+1","theForsaken:DarkBargain+1","theForsaken:CleansingLight","theForsaken:DefensiveStance","theForsaken:Thunderbolt+1","theForsaken:RainingSunlight+1","theForsaken:DarkRift+1","theForsaken:BindingThorns","theForsaken:Bolster"],"relics":["theForsaken:ScalesOfTruth","Blood Vial","Golden Idol","WingedGreaves","Molten Egg 2","DeathKnight:SindragosasSkull","Frozen Eye"],"acts_visited":["Exordium","TheCity"],"potions_floor_usage":[20],"damage_taken":[{"damage":0,"enemies":"2 Louse","floor":1,"turns":3},{"damage":0,"enemies":"Jaw Worm","floor":3,"turns":3},{"damage":37,"enemies":"Lagavulin","floor":6,"turns":9},{"damage":36,"enemies":"3 Sentries","floor":8,"turns":8},{"damage":4,"enemies":"Cultist","floor":12,"turns":4},{"damage":5,"enemies":"Exordium Wildlife","floor":14,"turns":5},{"damage":31,"enemies":"The Guardian","floor":16,"turns":15},{"damage":33,"enemies":"2 Thieves","floor":18,"turns":5},{"damage":64,"enemies":"Masked Bandits","floor":20,"turns":5}],"seed_played":"7984110828910705086","potions_obtained":[{"floor":6,"key":"SteroidPotion"},{"floor":8,"key":"potionbrewer:ToxicPotion"},{"floor":12,"key":"SkillPotion"},{"floor":14,"key":"Explosive Potion"},{"floor":16,"key":"potionbrewer:BoundlessPotion"}],"is_trial":false,"path_per_floor":["M","?","M","T","?","E","R","E","T","R","?","M","R","M","R","B",null,"M","$","?"],"character_chosen":"THE_FORSAKEN","items_purchased":["theForsaken:Bolster","Frozen Eye"],"campfire_rested":1,"item_purchase_floors":[19,19],"current_hp_per_floor":[71,71,71,71,54,25,46,22,22,22,22,28,28,33,33,13,71,71,71,29,29],"gold":96,"neow_bonus":"TEN_PERCENT_HP_BONUS","is_daily":false,"chose_seed":false,"campfire_upgraded":3,"win_rate":0.0,"timestamp":1609899868,"path_taken":["M","?","M","?","?","E","R","E","T","R","?","M","R","?","R","BOSS","M","$","?"],"items_purchased_type":["Card","Relic"],"build_version":"2020-12-22","purchased_purges":1,"victory":false,"max_hp_per_floor":[71,71,71,71,71,71,71,71,71,71,71,71,71,71,71,71,71,71,71,71,71],"relic_stats":{"Blood Vial":10,"counters":[9,57],"Golden Idol":60,"obtain_stats":[{"Blood Vial":4,"Frozen Eye":19,"Golden Idol":5,"Molten Egg 2":8,"theForsaken:ScalesOfTruth":17,"WingedGreaves":6,"theForsaken:JudgementScales":0,"DeathKnight:SindragosasSkull":9},{"Blood Vial":2,"Frozen Eye":8,"Golden Idol":2,"Molten Egg 2":4,"theForsaken:ScalesOfTruth":7,"WingedGreaves":3,"theForsaken:JudgementScales":0,"DeathKnight:SindragosasSkull":4},{"Blood Vial":6,"Frozen Eye":52,"Golden Idol":6,"Molten Egg 2":23,"theForsaken:ScalesOfTruth":47,"WingedGreaves":15,"theForsaken:JudgementScales":0,"DeathKnight:SindragosasSkull":23}]},"card_choices":[{"not_picked":["theForsaken:Parry","theForsaken:PowerUp"],"picked":"theForsaken:FuryStrikes","floor":1},{"not_picked":["theForsaken:BlightOfFamine","theForsaken:Riposte"],"picked":"theForsaken:Thunderbolt","floor":3},{"not_picked":["theForsaken:SolarFlare","theForsaken:DivineGuidance"],"picked":"theForsaken:WardingHymn","floor":6},{"not_picked":["theForsaken:ShieldCharge+1","theForsaken:Devotion"],"picked":"theForsaken:DarkBargain","floor":8},{"not_picked":["theForsaken:CorruptedWord","theForsaken:LightRoll"],"picked":"theForsaken:Thunderbolt+1","floor":12},{"not_picked":["theForsaken:SacrificeSoul+1","theForsaken:CreepingInfection"],"picked":"theForsaken:RainingSunlight+1","floor":14},{"not_picked":["theForsaken:Mantra","theForsaken:DivineGuidance"],"picked":"theForsaken:DarkRift+1","floor":16},{"not_picked":["theForsaken:PanicDive+1","theForsaken:HealingLight+1"],"picked":"theForsaken:BindingThorns","floor":18}],"player_experience":1061095,"relics_obtained":[{"floor":4,"key":"Blood Vial"},{"floor":6,"key":"WingedGreaves"},{"floor":8,"key":"Molten Egg 2"},{"floor":9,"key":"DeathKnight:SindragosasSkull"}],"event_choices":[{"damage_healed":0,"gold_gain":0,"player_choice":"Take Damage","damage_taken":17,"relics_obtained":["Golden Idol"],"max_hp_gain":0,"max_hp_loss":0,"event_name":"Golden Idol","floor":5,"gold_loss":0},{"damage_healed":0,"gold_gain":0,"player_choice":"1 cards matched","damage_taken":0,"max_hp_gain":0,"max_hp_loss":0,"event_name":"Match and Keep!","floor":11,"gold_loss":0,"cards_obtained":["theForsaken:DefensiveStance"]},{"damage_healed":0,"gold_gain":0,"player_choice":"1 cards matched","damage_taken":0,"max_hp_gain":0,"max_hp_loss":0,"event_name":"Match and Keep!","floor":11,"gold_loss":0,"cards_obtained":["theForsaken:DefensiveStance"]},{"damage_healed":0,"gold_gain":0,"player_choice":"Fought Bandits","damage_taken":0,"max_hp_gain":0,"max_hp_loss":0,"event_name":"Masked Bandits","floor":20,"gold_loss":0}],"is_beta":false,"boss_relics":[{"not_picked":["Coffee Dripper","Astrolabe"],"picked":"theForsaken:ScalesOfTruth"}],"items_purged_floors":[19],"is_endless":false,"potions_floor_spawned":[6,8,12,14,16,18],"killed_by":"Masked Bandits","ascension_level":0}}