{"host":"dk10vuzdqf3wivcv","time":1609894232,"event":{"mods":["Aspiration","Astrologer","BaseMod","Colored Map","Conspire","Friendly Minions","Hubris","Minty Spire (QoL Compilation)","Replay The Spire","StSLib","SuperFastMode","Td1madao Mod","The Animator","The Cursed","The Gatherer","The Hierophant","The Jungle","The Marked","The Servant 0.9.4"],"gold_per_floor":[114,189,204,84,84,125,125,142,166,197,216,216,242,273,273,273,273],"floor_reached":16,"playtime":855,"items_purged":[],"score":126,"play_id":"4918678e-dedf-44e9-9a1d-0f522dd655cd","local_time":"20210106015032","is_ascension_mode":true,"campfire_choices":[{"floor":7,"key":"RECALL"},{"floor":15,"key":"DIG"}],"circlet_count":0,"master_deck":["animator:Strike_TenSura","animator:Defend_TenSura","animator:Strike+1","animator:Strike+1","animator:Strike","animator:Defend+1","animator:Defend","animator:Defend","animator:Benimaru","animator:Shuna","animator:Shuna","animator:Millim","animator:Kaijin","animator:Megumin","animator:Kaijin","animator:YunYun","animator:Kaijin","animator:Shizu"],"relics":["animator:LivingPicture","animator:TheMissingPiece","animator:PurgingStone","Pondfish Scales","Replay:Multitool","InkBottle","Singing Bowl"],"acts_visited":["Exordium"],"potions_floor_usage":[10,16],"damage_taken":[{"damage":0,"enemies":"Jaw Worm","floor":1,"turns":5},{"damage":1,"enemies":"Cultist","floor":3,"turns":3},{"damage":10,"enemies":"Lagavulin","floor":6,"turns":8},{"damage":3,"enemies":"Small Slimes","floor":8,"turns":4},{"damage":16,"enemies":"3 Sentries","floor":10,"turns":9},{"damage":6,"enemies":"Blue Slaver","floor":11,"turns":5},{"damage":7,"enemies":"Gremlin Nob","floor":13,"turns":4},{"damage":0,"enemies":"Large Slime","floor":14,"turns":5},{"damage":20,"enemies":"Fading Forest","floor":16,"turns":6}],"seed_played":"-6975194811937135684","potions_obtained":[{"floor":6,"key":"Dexterity Potion"},{"floor":8,"key":"Dexterity Potion"},{"floor":14,"key":"Explosive Potion"}],"is_trial":false,"path_per_floor":["M","?","M","$","?","E","R","M","T","E","M","$","E","M","R","B"],"character_chosen":"THE_ANIMATOR","items_purchased":["animator:Millim","animator:Kaijin"],"campfire_rested":0,"item_purchase_floors":[4,4],"current_hp_per_floor":[72,61,60,60,60,50,50,47,47,31,26,26,19,19,19,0,0],"gold":273,"neow_bonus":"TEN_PERCENT_HP_BONUS","is_daily":false,"chose_seed":false,"campfire_upgraded":0,"win_rate":0.0,"timestamp":1609894232,"path_taken":["M","?","M","$","?","E","R","M","T","E","M","$","E","M","R","BOSS"],"items_purchased_type":["Card","Card"],"build_version":"2020-12-22","purchased_purges":0,"victory":false,"max_hp_per_floor":[72,72,72,72,72,72,72,72,72,72,73,73,73,73,73,73,73],"card_choices":[{"not_picked":["animator:Archer","animator:Berserker"],"picked":"animator:Shuna","floor":1},{"not_picked":["animator:PandorasActor","animator:MamiTomoe","animator:Archer"],"picked":"SKIP","floor":3},{"not_picked":["animator:Rider","animator:IrohaTamaki"],"picked":"animator:Megumin","floor":6},{"not_picked":["animator:Shion","animator:Shuna"],"picked":"animator:Kaijin","floor":8},{"not_picked":["animator:Shinoa","animator:Tet","animator:Vanir"],"picked":"SKIP","floor":10},{"not_picked":["animator:Entoma","animator:Hakurou"],"picked":"animator:YunYun","floor":11},{"not_picked":["animator:KrulTepes","animator:ChaikaBohdan"],"picked":"animator:Kaijin","floor":13},{"not_picked":["animator:Benimaru","animator:Shion"],"picked":"animator:Shizu","floor":14}],"player_experience":136632,"relics_obtained":[{"floor":6,"key":"Pondfish Scales"},{"floor":10,"key":"Replay:Multitool"},{"floor":13,"key":"InkBottle"},{"floor":15,"key":"Singing Bowl"}],"event_choices":[{"damage_healed":0,"gold_gain":75,"player_choice":"Gather Gold","damage_taken":11,"max_hp_gain":0,"max_hp_loss":0,"event_name":"World of Goop","floor":2,"gold_loss":0}],"is_beta":false,"boss_relics":[],"items_purged_floors":[],"is_endless":false,"potions_floor_spawned":[6,8,14],"killed_by":"Fading Forest","ascension_level":1}}