{"host":"ur3jhul21nnc6809","time":1609940232,"event":{"mods":["Act Like it!","BaseMod","Better Vampires","Dota2Spire","Downfall","Friendly Minions","Gensokyo","Minty Spire (QoL Compilation)","Prisma Mod","Remilia£®¿Ÿ√◊¿Ú—«£©","Replay The Spire","StSLib","[IsaacMod]“‘»ˆº‚À˛"],"gold_per_floor":[117,117,42,53,73,105,119,149,149,1,36,47,47,47,47,58,58,135,135,152,178,212,212,212,212,230,240,240,240,265,292,317,329,329,403,403,423,484,484,706,706,706,55,117,117,134,195,229,305,13,13,43,43,43,43,104,134],"floor_reached":58,"playtime":2926,"items_purged":["Regret","Strike_RM","Defend_RM","Defend_RM"],"score":2419,"play_id":"efeb378c-8d7b-4edf-96e0-6a47daaad073","local_time":"20210106213712","is_ascension_mode":true,"campfire_choices":[{"data":"BloodyHallows","floor":13,"key":"SMITH"},{"floor":17,"key":"REST"},{"data":"TricksterDevil","floor":25,"key":"SMITH"},{"data":"Stigmanizer","floor":29,"key":"SMITH"},{"data":"BloodySeventeenLaser","floor":42,"key":"SMITH"},{"floor":51,"key":"RECALL"},{"data":"EternalNight","floor":54,"key":"SMITH"}],"circlet_count":0,"master_deck":["AscendersBane","Strike_RM","Strike_RM","Strike_RM","Defend_RM","Defend_RM","RedMoon+1","ScarletShoot","BettingIsNotGood","EndlessAdversity","BloodHunter","CharismaGuard","BloodyHallows+1","TricksterDevil+1","RedNightlessCastle+1","Stigmanizer+1","DiffusionOfMisfortune","ScarletSymphony","BloodySeventeenLaser+1","EternalNight+1","FitfulNightmare"],"relics":["ScarletHat","HushsDoor","Dota2Spire:ArcaneBoots","GuppysHead","Anchor","Singing Bowl","AntiCross","GnawedLeaf","MagicMushroom","Red Mask","Bronze Scales","Lantern","Iron Hammer","ReplayTheSpireMod:Ring of Collecting","Philosopher\u0027s Stone","RottenBaby","GuppysCollar","Dota2Spire:HandOfMidas","BFFS","RottenBaby","Dota2Spire:MaskOfMadness","ReplayTheSpireMod:Ring of Exchange","AnarchistCookbook","Dota2Spire:LotusOrb","Ring of Fangs","ReplayTheSpireMod:Shallot","Ice Cream","TypeBBloodRedTea"],"acts_visited":["Exordium","TheCity","TheBeyond","TheEnding"],"potions_floor_usage":[8,18,18,20,35,48,57],"damage_taken":[{"damage":3,"enemies":"Small Slimes","floor":1,"turns":5},{"damage":0,"enemies":"Cultist","floor":4,"turns":6},{"damage":0,"enemies":"2 Louse","floor":5,"turns":1},{"damage":30,"enemies":"Lagavulin","floor":6,"turns":7},{"damage":6,"enemies":"Looter","floor":7,"turns":3},{"damage":0,"enemies":"3 Sentries","floor":8,"turns":1},{"damage":18,"enemies":"Lagavulin","floor":11,"turns":5},{"damage":0,"enemies":"Lots of Slimes","floor":12,"turns":1},{"damage":0,"enemies":"Large Slime","floor":16,"turns":2},{"damage":23,"enemies":"Hexaghost","floor":18,"turns":6},{"damage":3,"enemies":"2 Thieves","floor":20,"turns":2},{"damage":8,"enemies":"Masked Bandits","floor":21,"turns":3},{"damage":8,"enemies":"Shell Parasite","floor":22,"turns":3},{"damage":0,"enemies":"Cultist and Chosen","floor":26,"turns":3},{"damage":0,"enemies":"Centurion and Healer","floor":27,"turns":3},{"damage":3,"enemies":"Book of Stabbing","floor":30,"turns":3},{"damage":0,"enemies":"Sentry and Sphere","floor":31,"turns":4},{"damage":5,"enemies":"Slavers","floor":32,"turns":2},{"damage":1,"enemies":"Snake Plant","floor":33,"turns":1},{"damage":19,"enemies":"Automaton","floor":35,"turns":5},{"damage":0,"enemies":"3 Shapes","floor":37,"turns":2},{"damage":0,"enemies":"Reptomancer","floor":44,"turns":2},{"damage":0,"enemies":"3 Darklings","floor":46,"turns":2},{"damage":0,"enemies":"R_Hoarder","floor":47,"turns":4},{"damage":2,"enemies":"Writhing Mass","floor":48,"turns":2},{"damage":25,"enemies":"Awakened One","floor":52,"turns":5},{"damage":0,"enemies":"Shield and Spear","floor":56,"turns":3},{"damage":79,"enemies":"The Heart","floor":57,"turns":5}],"seed_played":"1696949301140118513","potions_obtained":[{"floor":1,"key":"Elixir"},{"floor":5,"key":"LifebloodPotion"},{"floor":16,"key":"PowerPotion"},{"floor":18,"key":"Fire Potion"},{"floor":26,"key":"Ancient Potion"},{"floor":30,"key":"Weak Potion"},{"floor":32,"key":"LiquidMemories"},{"floor":35,"key":"Fire Potion"}],"is_trial":false,"path_per_floor":["M","?","$","M","M","E","M","E","T","$","E","M","R","PTL","PTL","M","R","B",null,"M","?","M","?","?","R","M","M","T","R","E","M","E","M","R","B",null,"M","?","?","?","?","R","$","E","T","M","E","M","T","$","R","B",null,"R","$","E","B",null],"character_chosen":"REMILIA","items_purchased":["Strength Potion","RottenBaby","GuppysCollar","BFFS","Diplopia","EternalNight","Ice Cream"],"campfire_rested":1,"item_purchase_floors":[10,36,36,43,43,43,50],"current_hp_per_floor":[67,67,67,70,70,40,39,39,39,39,36,38,38,38,38,46,68,74,81,79,72,69,54,54,54,59,62,62,62,63,69,66,70,70,66,59,61,39,39,39,41,41,41,50,50,54,68,68,68,68,68,67,69,69,69,70,11],"gold":134,"neow_bonus":"RANDOM_EVENT","is_daily":false,"chose_seed":false,"campfire_upgraded":5,"win_rate":0.0,"timestamp":1609940232,"path_taken":["M","?","?","M","M","E","?","E","T","$","E","M","R","PTL","PTL","M","R","BOSS","M","?","M","?","?","R","?","M","T","R","E","M","E","M","R","BOSS","M","?","?","?","?","R","?","E","T","M","E","M","?","?","R","BOSS","R","$","E","BOSS"],"items_purchased_type":["Potion","Relic","Relic","Relic","Relic","Card","Relic"],"build_version":"2020-12-22","purchased_purges":4,"victory":true,"max_hp_per_floor":[70,70,70,70,70,70,70,70,70,70,70,72,72,72,72,74,74,74,81,81,81,83,83,83,83,85,87,87,87,89,91,91,93,93,93,59,61,63,60,60,62,62,62,64,64,66,68,70,70,70,70,70,70,70,70,70,70],"card_choices":[{"not_picked":[],"picked":"BettingIsNotGood","floor":0},{"not_picked":["BlasphemousPunishment","HunterOfTheNight"],"picked":"EndlessAdversity","floor":1},{"not_picked":["NightLord","CharismaGuard"],"picked":"BloodHunter","floor":4},{"not_picked":["RedRainbow","ScarletDevil"],"picked":"CharismaGuard","floor":5},{"not_picked":["BlasphemousPunishment","FavorOfDestiny"],"picked":"Bomb","floor":6},{"not_picked":["BlasphemousPunishment","UnderTheZenith","CharismaGuard"],"picked":"SKIP","floor":7},{"not_picked":["EndlessAdversity","EmergencyRegeneration"],"picked":"BloodyHallows","floor":8},{"not_picked":["TransientEternity","RedMagic"],"picked":"Bomb","floor":11},{"not_picked":["Ultimatum","NightDance","MastersStateliness"],"picked":"Singing Bowl","floor":12},{"not_picked":["EndlessAdversity","BloodHunter","BloodyTrap"],"picked":"Singing Bowl","floor":16},{"not_picked":["BloodyHallows","ScarletCoffin"],"picked":"TricksterDevil","floor":18},{"not_picked":["UnderTheZenith+1","NightDance+1"],"picked":"RedNightlessCastle+1","floor":20},{"not_picked":["Septette","CharismaGuard"],"picked":"Stigmanizer","floor":21},{"not_picked":["LeisurelyOfLord+1","MastersStateliness","BombardNight"],"picked":"Singing Bowl","floor":22},{"not_picked":["RedRainbow+1","BadLadyScramble","DevilSight"],"picked":"Singing Bowl","floor":26},{"not_picked":["UnstableMagic","BombardNight","Ultimatum"],"picked":"Singing Bowl","floor":27},{"not_picked":["ForbiddenFruit+1","MastersStateliness","BloodHunter+1"],"picked":"Singing Bowl","floor":30},{"not_picked":["UnderTheZenith+1","MastersStateliness","CharismaGuard"],"picked":"Singing Bowl","floor":31},{"not_picked":["LeisurelyOfLord","NightLord"],"picked":"ScarletSymphony","floor":32},{"not_picked":["SuperhumanBloodyKnife","BlasphemousPunishment+1","ScarletImprint"],"picked":"Singing Bowl","floor":33},{"not_picked":["TricksterDevil","ForecastOfChange"],"picked":"BloodySeventeenLaser","floor":35},{"not_picked":["VampirishNight","FavorOfDestiny","BloodHunter"],"picked":"Singing Bowl","floor":37},{"not_picked":["BloodyMagicSquare","ScarletGensokyo","StarOfDavid"],"picked":"Singing Bowl","floor":38},{"not_picked":["Replay:SS_forest_5","expansioncontent:Flail","Crow Ritual"],"picked":"Singing Bowl","floor":41},{"not_picked":["VampireFantasy+1","Septette","ScarletDream+1"],"picked":"Singing Bowl","floor":44},{"not_picked":["BombardNight","BlasphemousPunishment","BloodHunter"],"picked":"Singing Bowl","floor":46},{"not_picked":["BloodHunter","EternalNight","TwelveNightmare+1"],"picked":"Singing Bowl","floor":47},{"not_picked":["UnstableMagic","ScarletDevil+1","ScarletDream"],"picked":"Singing Bowl","floor":48},{"not_picked":["ScarletDevil","StarOfDavid"],"picked":"FitfulNightmare","floor":56}],"player_experience":529381,"relics_obtained":[{"floor":6,"key":"Anchor"},{"floor":8,"key":"Singing Bowl"},{"floor":9,"key":"AntiCross"},{"floor":11,"key":"GnawedLeaf"},{"floor":21,"key":"Red Mask"},{"floor":30,"key":"Lantern"},{"floor":32,"key":"Iron Hammer"},{"floor":34,"key":"ReplayTheSpireMod:Ring of Collecting"},{"floor":38,"key":"Dota2Spire:HandOfMidas"},{"floor":44,"key":"Dota2Spire:MaskOfMadness"},{"floor":45,"key":"ReplayTheSpireMod:Ring of Exchange"},{"floor":45,"key":"AnarchistCookbook"},{"floor":47,"key":"Dota2Spire:LotusOrb"},{"floor":49,"key":"Ring of Fangs"},{"floor":49,"key":"ReplayTheSpireMod:Shallot"},{"floor":56,"key":"TypeBBloodRedTea"}],"event_choices":[{"damage_healed":0,"gold_gain":0,"player_choice":"Box","damage_taken":0,"relics_obtained":["Dota2Spire:ArcaneBoots"],"max_hp_gain":0,"max_hp_loss":0,"event_name":"Big Fish","floor":0,"gold_loss":0,"cards_obtained":["Regret"]},{"damage_healed":0,"gold_gain":0,"player_choice":"Grow","damage_taken":0,"max_hp_gain":0,"max_hp_loss":0,"event_name":"Living Wall","floor":2,"gold_loss":0,"cards_upgraded":["RedMoon"]},{"damage_healed":0,"gold_gain":0,"player_choice":"Fought Bandits","damage_taken":0,"max_hp_gain":0,"max_hp_loss":0,"event_name":"Masked Bandits","floor":21,"gold_loss":0},{"damage_healed":0,"gold_gain":0,"player_choice":"Read","damage_taken":0,"max_hp_gain":0,"max_hp_loss":0,"event_name":"The Library","floor":24,"gold_loss":0,"cards_obtained":["DiffusionOfMisfortune"]},{"damage_healed":0,"gold_gain":0,"player_choice":"Max HP","damage_taken":0,"max_hp_gain":0,"max_hp_loss":3,"event_name":"Winding Halls","floor":39,"gold_loss":0},{"damage_healed":0,"gold_gain":222,"player_choice":"Wore Mask","damage_taken":0,"max_hp_gain":0,"max_hp_loss":0,"event_name":"Tomb of Lord Red Mask","floor":40,"gold_loss":0},{"damage_healed":0,"gold_gain":0,"player_choice":"Memory 1","damage_taken":0,"max_hp_gain":0,"max_hp_loss":0,"event_name":"SensoryStone","floor":41,"gold_loss":0}],"is_beta":false,"boss_relics":[{"not_picked":["Sozu","Ring of Chaos"],"picked":"MagicMushroom"},{"not_picked":[]},{"not_picked":["Replay:Grab Bag","Fusion Hammer"],"picked":"Philosopher\u0027s Stone"},{"not_picked":[]}],"items_purged_floors":[3,10,36,43],"is_endless":false,"potions_floor_spawned":[1,5,6,16,18,26,30,32,35,44,47],"ascension_level":15}}