{"host":"qojc688juf5ijsln","time":1609953330,"event":{"mods":["AchievementEnabler","BaseMod","BetterRewards","Colored Powertips","Highlight Path","Minty Spire (QoL Compilation)","Quick Restart","Shop Mod","StSLib"],"gold_per_floor":[112,62,77,152,170,205,205,222,222,246,258,292,36,53,53,154,154,168,185,60,90,101,101,200,115,115,150,168,168,198,217,217,318,318,328,341,94,94,109,109,125,151,151,151,163,182,7,7,7,7],"floor_reached":51,"playtime":1981,"items_purged":["Strike_B","Strike_B","Defend_B","Gash","Dualcast+1"],"score":1029,"play_id":"60360959-8a11-4815-83a5-b3c25a3e9161","local_time":"20210107011530","is_ascension_mode":false,"campfire_choices":[{"floor":7,"key":"REST"},{"data":"Zap","floor":15,"key":"SMITH"},{"data":"Dualcast","floor":23,"key":"SMITH"},{"data":"Gash","floor":32,"key":"SMITH"},{"data":"Defend_B","floor":40,"key":"SMITH"},{"data":"Gash","floor":49,"key":"SMITH"}],"circlet_count":0,"master_deck":["Defend_B+1","Zap+1","Go for the Eyes","Beam Cell","Gash+1"],"relics":["Cracked Core","Thread and Needle","Unceasing Top","Anchor","Sundial","InkBottle","Odd Mushroom","Eternal Feather","Lee\u0027s Waffle","Empty Cage","Red Mask","PreservedInsect","Gremlin Horn","Vajra","Bronze Scales","Nuclear Battery","Frozen Egg 2","Ice Cream"],"acts_visited":["Exordium","TheCity","TheBeyond"],"potions_floor_usage":[3,50],"damage_taken":[{"damage":0,"enemies":"2 Louse","floor":1,"turns":3},{"damage":0,"enemies":"Jaw Worm","floor":3,"turns":3},{"damage":0,"enemies":"Small Slimes","floor":5,"turns":2},{"damage":36,"enemies":"3 Sentries","floor":6,"turns":7},{"damage":0,"enemies":"Exordium Thugs","floor":8,"turns":4},{"damage":13,"enemies":"The Mushroom Lair","floor":10,"turns":4},{"damage":0,"enemies":"Red Slaver","floor":11,"turns":2},{"damage":4,"enemies":"Lagavulin","floor":12,"turns":6},{"damage":0,"enemies":"Lots of Slimes","floor":14,"turns":3},{"damage":41,"enemies":"The Guardian","floor":16,"turns":7},{"damage":0,"enemies":"Chosen","floor":18,"turns":3},{"damage":0,"enemies":"2 Thieves","floor":19,"turns":3},{"damage":0,"enemies":"Masked Bandits","floor":21,"turns":2},{"damage":0,"enemies":"Snake Plant","floor":22,"turns":2},{"damage":0,"enemies":"Book of Stabbing","floor":27,"turns":1},{"damage":0,"enemies":"3 Cultists","floor":28,"turns":1},{"damage":0,"enemies":"Gremlin Leader","floor":30,"turns":1},{"damage":0,"enemies":"Chosen and Byrds","floor":31,"turns":1},{"damage":0,"enemies":"Collector","floor":33,"turns":1},{"damage":0,"enemies":"Orb Walker","floor":35,"turns":1},{"damage":0,"enemies":"3 Darklings","floor":36,"turns":1},{"damage":0,"enemies":"Transient","floor":39,"turns":1},{"damage":0,"enemies":"Sphere and 2 Shapes","floor":41,"turns":1},{"damage":0,"enemies":"Nemesis","floor":42,"turns":1},{"damage":0,"enemies":"3 Darklings","floor":45,"turns":1},{"damage":0,"enemies":"Maw","floor":46,"turns":1},{"damage":16,"enemies":"Time Eater","floor":50,"turns":6}],"seed_played":"-5171503336767765290","potions_obtained":[{"floor":1,"key":"SteroidPotion"},{"floor":3,"key":"Fruit Juice"},{"floor":10,"key":"AttackPotion"},{"floor":11,"key":"EntropicBrew"},{"floor":19,"key":"CultistPotion"},{"floor":21,"key":"EssenceOfDarkness"}],"is_trial":false,"path_per_floor":["M","?","M","?","M","E","R","M","T","?","M","E","$","M","R","B",null,"M","M","$","?","M","R","?","?","T","E","M","?","E","M","R","B",null,"M","M","$","?","M","R","M","E","T","?","M","M","$","?","R","B",null],"character_chosen":"DEFECT","items_purchased":["Anchor","Lee\u0027s Waffle","FairyPotion"],"campfire_rested":1,"item_purchase_floors":[0,13,37],"current_hp_per_floor":[75,75,80,69,69,33,57,57,57,44,44,40,87,87,87,46,87,87,87,87,87,87,87,87,87,87,87,87,87,87,87,87,87,87,87,87,87,83,83,83,83,83,83,83,83,83,83,83,83,67],"gold":7,"neow_bonus":"","is_daily":false,"chose_seed":false,"campfire_upgraded":5,"win_rate":0.0,"timestamp":1609953330,"path_taken":["M","?","M","?","M","E","R","M","T","?","M","E","$","M","R","BOSS","M","M","$","?","M","R","?","?","T","E","M","?","E","M","R","BOSS","M","M","$","?","M","R","M","E","T","?","M","M","$","?","R","BOSS"],"items_purchased_type":["Relic","Relic","Potion"],"build_version":"2020-12-22","purchased_purges":5,"victory":true,"max_hp_per_floor":[75,75,80,80,80,80,80,80,80,80,80,80,87,87,87,87,87,87,87,87,87,87,87,87,87,87,87,87,87,87,87,87,87,87,87,87,87,83,83,83,83,83,83,83,83,83,83,83,83,83],"card_choices":[{"not_picked":["Leap","Auto Shields"],"picked":"Go for the Eyes","floor":1},{"not_picked":["Barrage","Glacier","Steam"],"picked":"SKIP","floor":3},{"not_picked":["Steam","Beam Cell"],"picked":"Gash","floor":5},{"not_picked":["Sweeping Beam","Coolheaded","Stack"],"picked":"SKIP","floor":6},{"not_picked":["Hologram","Chill","Fusion"],"picked":"SKIP","floor":8},{"not_picked":["Multi-Cast","Rebound"],"picked":"Beam Cell","floor":10},{"not_picked":["Consume","Aggregate"],"picked":"Gash","floor":11},{"not_picked":["Melter","Force Field","Leap"],"picked":"SKIP","floor":12},{"not_picked":["Cold Snap","Redo","Sweeping Beam"],"picked":"SKIP","floor":14},{"not_picked":["Sweeping Beam+1","Coolheaded","Consume"],"picked":"SKIP","floor":18},{"not_picked":["Hologram","Static Discharge"],"picked":"Gash","floor":19},{"not_picked":["Undo","Scrape","Rip and Tear"],"picked":"SKIP","floor":22},{"not_picked":["Beam Cell","Fusion","Chill"],"picked":"SKIP","floor":27},{"not_picked":["Cold Snap+1","Barrage","Streamline+1"],"picked":"SKIP","floor":28},{"not_picked":["Reprogram","Redo","Echo Form"],"picked":"SKIP","floor":30},{"not_picked":["Cold Snap","Barrage","Loop"],"picked":"SKIP","floor":31},{"not_picked":["Stack+1","Genetic Algorithm","Barrage+1"],"picked":"SKIP","floor":35},{"not_picked":["Skim","Ball Lightning+1","Hologram+1"],"picked":"SKIP","floor":36},{"not_picked":["Rebound+1","Cold Snap","Compile Driver"],"picked":"SKIP","floor":39},{"not_picked":["Skim","Hologram+1","Streamline"],"picked":"SKIP","floor":41},{"not_picked":["Ball Lightning","Seek","Skim"],"picked":"SKIP","floor":42},{"not_picked":["Chaos","Beam Cell","Stack"],"picked":"SKIP","floor":45},{"not_picked":["Chaos","Beam Cell","Stack"],"picked":"SKIP","floor":45},{"not_picked":["Chaos","Beam Cell","Stack"],"picked":"SKIP","floor":45},{"not_picked":["Stack","Chaos+1","Streamline"],"picked":"SKIP","floor":46}],"player_experience":83645,"relics_obtained":[{"floor":6,"key":"Sundial"},{"floor":9,"key":"InkBottle"},{"floor":10,"key":"Odd Mushroom"},{"floor":12,"key":"Eternal Feather"},{"floor":21,"key":"Red Mask"},{"floor":26,"key":"Gremlin Horn"},{"floor":27,"key":"Vajra"},{"floor":30,"key":"Bronze Scales"},{"floor":42,"key":"Frozen Egg 2"},{"floor":43,"key":"Ice Cream"}],"event_choices":[{"cards_removed":["Defend_B"],"damage_healed":0,"gold_gain":0,"player_choice":"Card Removal","damage_taken":0,"max_hp_gain":0,"max_hp_loss":0,"event_name":"The Cleric","floor":2,"gold_loss":50},{"damage_healed":0,"gold_gain":75,"player_choice":"Gather Gold","damage_taken":11,"max_hp_gain":0,"max_hp_loss":0,"event_name":"World of Goop","floor":4,"gold_loss":0},{"damage_healed":0,"gold_gain":0,"player_choice":"Fought Mushrooms","damage_taken":0,"max_hp_gain":0,"max_hp_loss":0,"event_name":"Mushrooms","floor":10,"gold_loss":0},{"damage_healed":0,"gold_gain":0,"player_choice":"Fought Bandits","damage_taken":0,"max_hp_gain":0,"max_hp_loss":0,"event_name":"Masked Bandits","floor":21,"gold_loss":0},{"damage_healed":0,"gold_gain":99,"player_choice":"Stole From Cult","damage_taken":0,"max_hp_gain":0,"max_hp_loss":0,"event_name":"Nest","floor":24,"gold_loss":0},{"damage_healed":0,"gold_gain":0,"player_choice":"Obtained Relic","damage_taken":0,"relics_obtained":["PreservedInsect"],"max_hp_gain":0,"max_hp_loss":0,"event_name":"Addict","floor":25,"gold_loss":85},{"cards_removed":["Defend_B"],"damage_healed":0,"gold_gain":0,"player_choice":"Elegance","damage_taken":0,"max_hp_gain":0,"max_hp_loss":0,"event_name":"Back to Basics","floor":29,"gold_loss":0},{"damage_healed":0,"gold_gain":0,"player_choice":"Max HP","damage_taken":0,"max_hp_gain":0,"max_hp_loss":4,"event_name":"Winding Halls","floor":38,"gold_loss":0},{"cards_removed":["Gash"],"damage_healed":0,"gold_gain":0,"player_choice":"Removed Attack","damage_taken":0,"max_hp_gain":0,"max_hp_loss":0,"event_name":"Falling","floor":44,"gold_loss":0},{"damage_healed":0,"gold_gain":0,"player_choice":"Ignored","damage_taken":0,"max_hp_gain":0,"max_hp_loss":0,"event_name":"NoteForYourself","floor":48,"gold_loss":0}],"is_beta":false,"boss_relics":[{"not_picked":["Velvet Choker","Coffee Dripper"],"picked":"Empty Cage"},{"not_picked":["Philosopher\u0027s Stone","Fusion Hammer"],"picked":"Nuclear Battery"}],"items_purged_floors":[0,13,20,37,47],"is_endless":false,"potions_floor_spawned":[1,3,10,11,18,19,21,28,31,35,36,45,46],"ascension_level":0}}