{"host":"1a3cjta80tad0aqj","time":1609891546,"event":{"mods":["2.2 Compatiblity","AchievementEnabler","BaseMod","Colored Map","DeckTracker","KOR Keyword Fix","Keyboard Shortcuts","Minty Spire (QoL Compilation)","Permanent Neow","Quick Restart","Random Character Button","StSLib","SuperFastMode","everything is the same but u backflip on backflip"],"gold_per_floor":[118,32,107,122,132,160,160,160,210,210,86,99,122,34,34,153,153,174,193,193,43,43,43],"floor_reached":22,"playtime":1059,"items_purged":["Defend_B","Barrage"],"score":184,"play_id":"9b942dfd-0dbd-4549-aa0e-1b44e7ed533c","local_time":"20210106090546","is_ascension_mode":false,"campfire_choices":[{"floor":8,"key":"REST"},{"data":"Zap","floor":10,"key":"SMITH"},{"floor":15,"key":"REST"}],"circlet_count":0,"master_deck":["Zap+1","Dualcast","Sweeping Beam","Dramatic Entrance","Steam","Ball Lightning","Coolheaded","Rebound","Thunder Strike","Coolheaded","Buffer","Steam Power","Stack","Tempest","Redo+1","Core Surge","Rebound","Darkness"],"relics":["Cracked Core","NeowsBlessing","Boot","Golden Idol","Art of War","Tiny Chest","Pandora\u0027s Box"],"acts_visited":["Exordium","TheCity"],"potions_floor_usage":[16,16,19],"damage_taken":[{"damage":0,"enemies":"Jaw Worm","floor":1,"turns":1},{"damage":0,"enemies":"Small Slimes","floor":4,"turns":1},{"damage":0,"enemies":"Cultist","floor":5,"turns":1},{"damage":18,"enemies":"3 Sentries","floor":6,"turns":6},{"damage":7,"enemies":"3 Louse","floor":12,"turns":2},{"damage":15,"enemies":"Exordium Wildlife","floor":13,"turns":3},{"damage":5,"enemies":"Slime Boss","floor":16,"turns":7},{"damage":20,"enemies":"Shell Parasite","floor":18,"turns":6},{"damage":0,"enemies":"Spheric Guardian","floor":19,"turns":3}],"seed_played":"4908678027966445238","potions_obtained":[{"floor":12,"key":"LiquidMemories"},{"floor":16,"key":"Fire Potion"},{"floor":18,"key":"DistilledChaos"}],"is_trial":false,"path_per_floor":["M","$","?","M","M","E","?","R","T","R","$","M","M","?","R","B",null,"M","M","?","$","?"],"character_chosen":"DEFECT","items_purchased":["Dramatic Entrance","Explosive Potion","Block Potion"],"campfire_rested":2,"item_purchase_floors":[2,11,21],"current_hp_per_floor":[75,75,64,64,64,46,28,50,50,50,50,43,28,28,50,45,75,55,55,55,55,39,39],"gold":43,"neow_bonus":"THREE_ENEMY_KILL","is_daily":false,"chose_seed":false,"campfire_upgraded":1,"win_rate":0.0,"timestamp":1609891546,"path_taken":["M","$","?","M","M","E","?","R","T","R","$","M","M","?","R","BOSS","M","M","?","$","?"],"items_purchased_type":["Card","Potion","Potion"],"build_version":"2020-12-22","purchased_purges":2,"victory":false,"max_hp_per_floor":[75,75,75,75,75,75,75,75,75,75,75,75,75,75,75,75,75,75,75,75,75,75,75],"card_choices":[{"not_picked":["Redo","Cold Snap"],"picked":"Sweeping Beam","floor":1},{"not_picked":["Go for the Eyes","Reinforced Body"],"picked":"Steam","floor":4},{"not_picked":["Reinforced Body","Force Field"],"picked":"Barrage","floor":5},{"not_picked":["Darkness","Leap"],"picked":"Ball Lightning","floor":6},{"not_picked":["Cold Snap","Steam"],"picked":"Coolheaded","floor":12},{"not_picked":["Self Repair","Stack"],"picked":"Rebound","floor":13},{"not_picked":["Creative AI","Meteor Strike"],"picked":"Thunder Strike","floor":16},{"not_picked":["Rebound","Stack"],"picked":"Redo+1","floor":18},{"not_picked":["Streamline","Gash"],"picked":"Core Surge","floor":19}],"player_experience":147826,"relics_obtained":[{"floor":6,"key":"Boot"},{"floor":9,"key":"Art of War"}],"event_choices":[{"damage_healed":0,"gold_gain":75,"player_choice":"Gather Gold","damage_taken":11,"max_hp_gain":0,"max_hp_loss":0,"event_name":"World of Goop","floor":3,"gold_loss":0},{"damage_healed":0,"gold_gain":0,"player_choice":"Take Damage","damage_taken":18,"relics_obtained":["Golden Idol"],"max_hp_gain":0,"max_hp_loss":0,"event_name":"Golden Idol","floor":7,"gold_loss":0},{"damage_healed":0,"gold_gain":0,"player_choice":"Paid Gold","damage_taken":0,"relics_obtained":["Tiny Chest"],"max_hp_gain":0,"max_hp_loss":0,"event_name":"WeMeetAgain","floor":14,"gold_loss":88},{"damage_healed":0,"gold_gain":0,"cards_transformed":["Static Discharge","Storm"],"player_choice":"Became Test Subject","damage_taken":0,"max_hp_gain":0,"max_hp_loss":0,"event_name":"Drug Dealer","floor":20,"gold_loss":0,"cards_obtained":["Rebound","Darkness"]},{"damage_healed":0,"gold_gain":0,"player_choice":"Obtained Book","damage_taken":16,"max_hp_gain":0,"max_hp_loss":0,"event_name":"Cursed Tome","floor":22,"gold_loss":0}],"is_beta":false,"boss_relics":[{"not_picked":["Ectoplasm","Astrolabe"],"picked":"Pandora\u0027s Box"}],"items_purged_floors":[11,21],"is_endless":false,"potions_floor_spawned":[12,16,18],"ascension_level":0}}