{"host":"c2vrdknshfutmcsq","time":1609925218,"event":{"mods":["BaseMod","Minty Spire (QoL Compilation)"],"gold_per_floor":[110,110,130,144,66,66,96,116,141,171,171,188,202,228,228,305,305,316,335,335,350,350,350],"floor_reached":22,"playtime":1560,"items_purged":[],"score":464,"play_id":"2b2aeb8a-a8da-427c-ac9b-6f14035c641d","local_time":"20210106102658","is_ascension_mode":true,"campfire_choices":[{"data":"Fission","floor":6.0,"key":"SMITH"},{"data":"Dualcast","floor":15.0,"key":"SMITH"}],"circlet_count":0,"master_deck":["AscendersBane","Strike_B","Strike_B","Defend_B","Defend_B","Defend_B","Defend_B","Zap","Dualcast+1","Stack","Leap","Fission+1","Aggregate","Conserve Battery","FTL","Melter","Streamline","Conserve Battery","Electrodynamics","Sunder","Beam Cell","Meteor Strike","Buffer","Compile Driver","Compile Driver+1","Decay","Ball Lightning"],"relics":["Cracked Core","Oddly Smooth Stone","Toy Ornithopter","Bag of Preparation","Boot","Inserter"],"acts_visited":["Exordium","TheCity"],"potions_floor_usage":[],"damage_taken":[{"damage":2.0,"enemies":"Jaw Worm","floor":1.0,"turns":4.0},{"damage":0.0,"enemies":"Cultist","floor":3.0,"turns":6.0},{"damage":0.0,"enemies":"2 Louse","floor":4.0,"turns":4.0},{"damage":10.0,"enemies":"Gremlin Nob","floor":7.0,"turns":4.0},{"damage":1.0,"enemies":"Red Slaver","floor":8.0,"turns":4.0},{"damage":14.0,"enemies":"Lagavulin","floor":10.0,"turns":8.0},{"damage":2.0,"enemies":"Exordium Thugs","floor":12.0,"turns":6.0},{"damage":0.0,"enemies":"Exordium Wildlife","floor":13.0,"turns":2.0},{"damage":2.0,"enemies":"Gremlin Nob","floor":14.0,"turns":3.0},{"damage":0.0,"enemies":"Slime Boss","floor":16.0,"turns":6.0},{"damage":4.0,"enemies":"3 Byrds","floor":18.0,"turns":4.0},{"damage":11.0,"enemies":"2 Thieves","floor":19.0,"turns":2.0},{"damage":12,"enemies":"Centurion and Healer","floor":21,"turns":4},{"damage":43,"enemies":"Snecko","floor":22,"turns":4}],"seed_played":"5375894241620102513","potions_obtained":[{"floor":4.0,"key":"ColorlessPotion"},{"floor":10.0,"key":"ColorlessPotion"},{"floor":12.0,"key":"Fire Potion"},{"floor":16.0,"key":"Strength Potion"},{"floor":19.0,"key":"FocusPotion"}],"is_trial":false,"path_per_floor":["M","?","M","M","$","R","E","M","T","E","?","M","M","E","R","B",null,"M","M","?","M","M"],"character_chosen":"DEFECT","items_purchased":["Melter"],"campfire_rested":0,"item_purchase_floors":[5],"current_hp_per_floor":[62,62,62,62,62,62,52,51,51,37,37,35,35,33,33,38,63,59,53,53,41,0,0],"gold":350,"neow_bonus":"TRANSFORM_CARD","is_daily":false,"chose_seed":false,"campfire_upgraded":2,"win_rate":0.0,"timestamp":1609925218,"path_taken":["M","?","M","M","?","R","E","M","T","E","?","M","M","E","R","BOSS","M","M","?","M","M"],"items_purchased_type":["Card"],"build_version":"2020-12-22","purchased_purges":0,"victory":false,"max_hp_per_floor":[71,71,71,71,71,71,71,71,71,71,71,71,71,71,71,71,71,71,71,71,71,71,71],"card_choices":[{"not_picked":["Turbo","Heatsinks"],"picked":"Leap","floor":1.0},{"not_picked":["Sweeping Beam","Rip and Tear"],"picked":"Conserve Battery","floor":3.0},{"not_picked":["Gash","Redo"],"picked":"FTL","floor":4.0},{"not_picked":["White Noise","Steam"],"picked":"Streamline","floor":7.0},{"not_picked":["Stack","Go for the Eyes"],"picked":"Conserve Battery","floor":8.0},{"not_picked":["Sunder","Doom and Gloom"],"picked":"Electrodynamics","floor":10.0},{"not_picked":["Cold Snap","Sweeping Beam"],"picked":"Sunder","floor":12.0},{"not_picked":["Redo","Gash"],"picked":"Beam Cell","floor":13.0},{"not_picked":["Defragment","Turbo"],"picked":"Meteor Strike","floor":14.0},{"not_picked":["Creative AI","Meteor Strike"],"picked":"Buffer","floor":16.0},{"not_picked":["Conserve Battery","Steam"],"picked":"Compile Driver","floor":18.0},{"not_picked":["Conserve Battery","Turbo"],"picked":"Compile Driver+1","floor":19.0},{"not_picked":["Doom and Gloom+1","Force Field"],"picked":"Ball Lightning","floor":21}],"player_experience":1231875,"relics_obtained":[{"floor":7.0,"key":"Oddly Smooth Stone"},{"floor":9.0,"key":"Toy Ornithopter"},{"floor":10.0,"key":"Bag of Preparation"},{"floor":14.0,"key":"Boot"}],"event_choices":[{"damage_healed":0.0,"max_hp_gain":0.0,"max_hp_loss":0.0,"gold_gain":0.0,"event_name":"Match and Keep!","player_choice":"2 cards matched","floor":2.0,"gold_loss":0.0,"damage_taken":0.0,"cards_obtained":["Fission","Aggregate"]},{"cards_removed":["Strike_B"],"damage_healed":0.0,"max_hp_gain":0.0,"max_hp_loss":0.0,"gold_gain":0.0,"event_name":"Purifier","player_choice":"Purged","floor":11.0,"gold_loss":0.0,"damage_taken":0.0},{"damage_healed":0.0,"max_hp_gain":0.0,"max_hp_loss":0.0,"gold_gain":0.0,"event_name":"Wheel of Change","player_choice":"Cursed","floor":20.0,"gold_loss":0.0,"damage_taken":0.0,"cards_obtained":["Decay"]}],"is_beta":false,"boss_relics":[{"not_picked":["Snecko Eye","Ectoplasm"],"picked":"Inserter"}],"items_purged_floors":[],"is_endless":false,"potions_floor_spawned":[4,10,12,14,16,19,21],"killed_by":"Snecko","ascension_level":16}}