{"host":"ye7mfqqt9ljtnqit","time":1609948288,"event":{"mods":["BaseMod","Colored Map","Downfall","Marisa£®ÏF”Í°°ƒß¿Ì…≥£©","Minty Spire (QoL Compilation)","StSLib","SuperFastMode","The Servant 0.9.4"],"gold_per_floor":[117,42,55,55,130,165,177,177,247,247,263,291,291,305,305,401,401,413,413,413,413,83,83,93,93,93,112,62,74,74,92,92,194,194,208,208,225,245,245,245,272,287,311,7,57,83,100,54,54,54,54,54,8,41,41,41],"floor_reached":55,"playtime":3575,"items_purged":["Strike_MRS","Regret"],"score":785,"play_id":"0c7f7c72-2544-47ff-b254-b56c1c36fb8f","local_time":"20210106235128","is_ascension_mode":false,"campfire_choices":[{"data":"IllusionStar","floor":10.0,"key":"SMITH"},{"floor":13.0,"key":"REST"},{"data":"MagicChant","floor":15.0,"key":"SMITH"},{"data":"StarDustReverie","floor":23.0,"key":"SMITH"},{"data":"MagicChant","floor":25.0,"key":"SMITH"},{"floor":30.0,"key":"REST"},{"floor":32.0,"key":"RECALL"},{"data":"Occultation","floor":40.0,"key":"SMITH"},{"floor":49.0,"key":"REST"},{"data":"StarDustReverie","floor":52.0,"key":"SMITH"}],"circlet_count":0,"master_deck":["Strike_MRS","Defend_MRS","Defend_MRS","Defend_MRS","MasterSpark","UpSweep","IllusionStar","MagicChant+1","IllusionStar+1","MagicChant+1","GravityBeat","FinalSpark","Singularity","StarDustReverie+1","Orbital","OpenUniverse","ManaConvection","6A+1","MysteriousBeam","BinaryStars","StarDustReverie+1","Madness","Madness","SuperPerseids+1","Occultation+1","MilkyWay+1","MagicChant","DragonMeteor","BinaryStars","GravityBeat+1","MysteriousBeam","GravityBeat","Parasite","Parasite","BinaryStars"],"relics":["MiniHakkero","NeowsBlessing","Vajra","Nunchaku","Toy Ornithopter","Regal Pillow","RampagingMagicTools","Happy Flower","Meat on the Bone","Smiling Mask","Empty Cage","Pocketwatch","PreservedInsect","Calipers","Gambling Chip","Ancient Tea Set","ShroomBag"],"acts_visited":["Exordium","TheCity","TheBeyond","TheEnding"],"potions_floor_usage":[55,55,55,55],"damage_taken":[{"damage":0.0,"enemies":"Cultist","floor":1.0,"turns":1.0},{"damage":0.0,"enemies":"2 Louse","floor":3.0,"turns":1.0},{"damage":0.0,"enemies":"Lagavulin","floor":6.0,"turns":1.0},{"damage":2.0,"enemies":"Small Slimes","floor":7.0,"turns":2.0},{"damage":12.0,"enemies":"Blue Slaver","floor":11.0,"turns":3.0},{"damage":19.0,"enemies":"3 Sentries","floor":12.0,"turns":4.0},{"damage":8.0,"enemies":"Exordium Wildlife","floor":14.0,"turns":2.0},{"damage":42.0,"enemies":"Slime Boss","floor":16.0,"turns":10.0},{"damage":2.0,"enemies":"Spheric Guardian","floor":18.0,"turns":3.0},{"damage":20.0,"enemies":"2 Thieves","floor":24.0,"turns":2.0},{"damage":23.0,"enemies":"3 Cultists","floor":27.0,"turns":4.0},{"damage":0.0,"enemies":"Snecko","floor":29.0,"turns":3.0},{"damage":32.0,"enemies":"Centurion and Healer","floor":31.0,"turns":3.0},{"damage":43.0,"enemies":"Collector","floor":33.0,"turns":7.0},{"damage":0.0,"enemies":"Orb Walker","floor":35.0,"turns":2.0},{"damage":13.0,"enemies":"3 Shapes","floor":37.0,"turns":3.0},{"damage":8.0,"enemies":"3 Darklings","floor":38.0,"turns":4.0},{"damage":19.0,"enemies":"Reptomancer","floor":41.0,"turns":7.0},{"damage":6.0,"enemies":"Spire Growth","floor":42.0,"turns":3.0},{"damage":0.0,"enemies":"Mind Bloom Boss Battle","floor":45.0,"turns":7.0},{"damage":0.0,"enemies":"Giant Head","floor":46.0,"turns":5.0},{"damage":0.0,"enemies":"Maw","floor":47.0,"turns":8.0},{"damage":48.0,"enemies":"Awakened One","floor":50.0,"turns":12.0},{"damage":11.0,"enemies":"Shield and Spear","floor":54.0,"turns":5.0},{"damage":116,"enemies":"The Heart","floor":55,"turns":8}],"seed_played":"-8806242292591581720","potions_obtained":[{"floor":6.0,"key":"Block Potion"},{"floor":11.0,"key":"LiquidBronze"},{"floor":12.0,"key":"Strength Potion"},{"floor":27.0,"key":"ColorlessPotion"},{"floor":29.0,"key":"Guardian:BlockOnCardUsePotion"},{"floor":41.0,"key":"Fire Potion"},{"floor":42.0,"key":"Block Potion"},{"floor":54.0,"key":"EntropicBrew"}],"is_trial":false,"path_per_floor":["M","$","M","?","?","E","M","?","T","R","M","E","R","M","R","B",null,"M","?","?","?","$","R","M","R","T","M","$","M","R","M","R","B",null,"M","?","M","M","?","R","E","M","T","$","?","E","M","$","R","B",null,"R","$","E","B"],"character_chosen":"MARISA","items_purchased":["OpenUniverse","Meat on the Bone","Calipers","MysteriousBeam","GravityBeat"],"campfire_rested":3,"item_purchase_floors":[22,22,44,48,53],"current_hp_per_floor":[75,75,75,63,52,52,50,50,50,50,38,19,56,48,48,6,75,73,73,73,73,73,73,53,53,53,42,42,42,75,43,43,17,75,75,66,53,45,45,45,38,44,44,44,44,44,44,44,75,44,75,75,75,64,0,0],"gold":41,"neow_bonus":"THREE_ENEMY_KILL","is_daily":false,"chose_seed":false,"campfire_upgraded":6,"win_rate":0.0,"timestamp":1609948288,"path_taken":["M","$","M","?","?","E","M","?","T","R","M","E","R","M","R","BOSS","M","?","?","?","$","R","M","R","T","M","$","M","R","M","R","BOSS","M","?","M","M","?","R","E","?","T","$","?","E","M","?","R","BOSS","R","$","E","BOSS"],"items_purchased_type":["Card","Relic","Relic","Card","Card"],"build_version":"2020-12-22","purchased_purges":2,"victory":false,"max_hp_per_floor":[75,75,75,75,75,75,75,75,75,75,75,75,75,75,75,75,75,75,75,75,75,75,75,75,75,75,75,75,75,75,75,75,75,75,75,75,75,75,75,75,75,75,75,75,75,75,75,75,75,75,75,75,75,75,75,75],"card_choices":[{"not_picked":["ShootingEcho","GravityBeat"],"picked":"IllusionStar","floor":1.0},{"not_picked":["OrrerysSun","DeepEcoloBomb"],"picked":"MagicChant","floor":3.0},{"not_picked":["DoubleSpark","AlicesGift"],"picked":"IllusionStar","floor":6.0},{"not_picked":["WitchOfGreed","DarkSpark"],"picked":"MagicChant","floor":7.0},{"not_picked":["PulseMagic","ShootingEcho"],"picked":"GravityBeat","floor":11.0},{"not_picked":["OrrerysSun","WitchOfGreed"],"picked":"FinalSpark","floor":12.0},{"not_picked":["MagicChant","WitchLeyline"],"picked":"Singularity","floor":14.0},{"not_picked":["SatelliteIllusion","SuperNova"],"picked":"StarDustReverie","floor":16.0},{"not_picked":["AlicesGift","OrrerysSun"],"picked":"Orbital","floor":18.0},{"not_picked":["DragonMeteor","SporeBomb"],"picked":"ManaConvection","floor":24.0},{"not_picked":["SporeBomb","PulseMagic"],"picked":"6A+1","floor":27.0},{"not_picked":["UnstableBomb+1","NonDirectionalLaser"],"picked":"MysteriousBeam","floor":29.0},{"not_picked":["PowerUp","MachineGunSpark"],"picked":"BinaryStars","floor":31.0},{"not_picked":["CollectingQuirk","CasketOfStar"],"picked":"StarDustReverie","floor":33.0},{"not_picked":["GrandCross","GasGiant+1","DC"],"picked":"SKIP","floor":35.0},{"not_picked":["DarkSpark+1","EarthLightRay"],"picked":"SuperPerseids+1","floor":37.0},{"not_picked":["6A+1","ManaConvection+1"],"picked":"Occultation","floor":38.0},{"not_picked":["StarlightTyphoon","WitchLeyline+1"],"picked":"MilkyWay+1","floor":41.0},{"not_picked":["DarkSpark+1","MilkyWay+1"],"picked":"MagicChant","floor":42.0},{"not_picked":["CasketOfStar","PowerUp+1"],"picked":"DragonMeteor","floor":45.0},{"not_picked":["StarlightTyphoon","6A"],"picked":"BinaryStars","floor":46.0},{"not_picked":["StarlightTyphoon","MilkyWay"],"picked":"GravityBeat+1","floor":47.0},{"not_picked":["DC","GravityBeat"],"picked":"BinaryStars","floor":54.0}],"player_experience":132832,"relics_obtained":[{"floor":6.0,"key":"Nunchaku"},{"floor":12.0,"key":"Regal Pillow"},{"floor":26.0,"key":"Smiling Mask"},{"floor":41.0,"key":"Pocketwatch"},{"floor":43.0,"key":"PreservedInsect"},{"floor":45.0,"key":"Gambling Chip"},{"floor":46.0,"key":"Ancient Tea Set"},{"floor":54.0,"key":"ShroomBag"}],"event_choices":[{"damage_healed":0.0,"max_hp_gain":0.0,"max_hp_loss":0.0,"gold_gain":0.0,"event_name":"Scrap Ooze","player_choice":"Success","floor":4.0,"gold_loss":0.0,"damage_taken":12.0,"relics_obtained":["Vajra"]},{"damage_healed":0.0,"max_hp_gain":0.0,"max_hp_loss":0.0,"gold_gain":75.0,"event_name":"World of Goop","player_choice":"Gather Gold","floor":5.0,"gold_loss":0.0,"damage_taken":11.0},{"damage_healed":0.0,"max_hp_gain":0.0,"max_hp_loss":0.0,"gold_gain":0.0,"event_name":"Big Fish","player_choice":"Box","floor":8.0,"gold_loss":0.0,"damage_taken":0.0,"relics_obtained":["Toy Ornithopter"],"cards_obtained":["Regret"]},{"damage_healed":0.0,"max_hp_gain":0.0,"max_hp_loss":0.0,"gold_gain":0.0,"event_name":"Vampires","player_choice":"Ignored","floor":19.0,"gold_loss":0.0,"damage_taken":0.0},{"damage_healed":0.0,"max_hp_gain":0.0,"max_hp_loss":0.0,"gold_gain":0.0,"event_name":"Cursed Tome","player_choice":"Ignored","floor":20.0,"gold_loss":0.0,"damage_taken":0.0},{"damage_healed":0.0,"max_hp_gain":0.0,"max_hp_loss":0.0,"gold_gain":0.0,"event_name":"WeMeetAgain","player_choice":"Gave Potion","floor":21.0,"gold_loss":0.0,"damage_taken":0.0,"relics_obtained":["Happy Flower"]},{"damage_healed":0.0,"max_hp_gain":0.0,"max_hp_loss":0.0,"gold_gain":0.0,"event_name":"Winding Halls","player_choice":"Embrace Madness","floor":36.0,"gold_loss":0.0,"damage_taken":9.0,"cards_obtained":["Madness","Madness"]},{"cards_removed":["Defend_MRS"],"damage_healed":0.0,"max_hp_gain":0.0,"max_hp_loss":0.0,"gold_gain":0.0,"event_name":"Bonfire Elementals","player_choice":"Offered Basic","floor":39.0,"gold_loss":0.0,"damage_taken":0.0},{"damage_healed":0.0,"max_hp_gain":0.0,"max_hp_loss":0.0,"gold_gain":0.0,"event_name":"MindBloom","player_choice":"Fight","floor":45.0,"gold_loss":0.0,"damage_taken":0.0}],"is_beta":false,"boss_relics":[{"not_picked":["Coffee Dripper","Cursed Key"],"picked":"RampagingMagicTools"},{"not_picked":["Runic Pyramid","Busted Crown"],"picked":"Empty Cage"}],"items_purged_floors":[2,28],"is_endless":false,"potions_floor_spawned":[6,11,12,14,16,27,29,31,41,42,45,47,54],"killed_by":"The Heart","ascension_level":0}}