{"host":"19kf8tqwqindyscq","time":1609962606,"event":{"mods":["2.2 Compatiblity","BaseMod","Colored Map","Colored Powertips","Conspire","Downfall","Gremlin Mod","GungeonMod","Hermit","Hubris","Infinite Spire","Minty Spire (QoL Compilation)","Quick Restart","Rare Cards Sparkle","Replay The Spire","Somnambulant","StSLib","SuperFastMode","The Bladedancer","The Bug Knight","The Construct","The Cursed","The Mystic","The Necromancer"],"gold_per_floor":[117,117,136,150,170,170,170,170],"floor_reached":7,"playtime":511,"items_purged":[],"score":43,"play_id":"06a6e2e9-e9e2-4c23-bf12-b12125818adf","local_time":"20210106165006","is_ascension_mode":false,"campfire_choices":[{"data":"DemoMod:ManualReload","floor":6,"key":"SMITH"}],"circlet_count":0,"master_deck":["DemoMod:Strike_Huntress","DemoMod:Strike_Huntress","DemoMod:Strike_Huntress","DemoMod:Defend_Huntress","DemoMod:Defend_Huntress","DemoMod:Defend_Huntress","DemoMod:Roll","DemoMod:ManualReload+1","DemoMod:RustySidearm","DemoMod:CrossBow","DemoMod:Ejector","DemoMod:DoubleSwitch","DemoMod:ChanceBullets","DemoMod:EasyReloadBullets"],"relics":["DemoMod:Dog","NeowsBlessing"],"acts_visited":["Exordium"],"potions_floor_usage":[7],"damage_taken":[{"damage":0,"enemies":"Jaw Worm","floor":1,"turns":1},{"damage":0,"enemies":"2 Louse","floor":3,"turns":1},{"damage":0,"enemies":"Cultist","floor":4,"turns":2},{"damage":15,"enemies":"Lots of Slimes","floor":5,"turns":8},{"damage":52,"enemies":"3 Sentries","floor":7,"turns":9}],"seed_played":"629748176453159034","potions_obtained":[{"floor":3,"key":"PowerPotion"}],"is_trial":false,"path_per_floor":["M","?","M","M","M","R","E"],"character_chosen":"HUNTRESS","items_purchased":[],"campfire_rested":0,"item_purchase_floors":[],"current_hp_per_floor":[70,70,70,70,55,55,3,3],"gold":170,"neow_bonus":"THREE_ENEMY_KILL","is_daily":false,"chose_seed":false,"campfire_upgraded":1,"win_rate":0.0,"timestamp":1609962606,"path_taken":["M","?","M","M","M","R","E"],"items_purchased_type":[],"build_version":"2020-12-22","purchased_purges":0,"victory":false,"max_hp_per_floor":[70,70,70,70,70,70,70,70],"card_choices":[{"not_picked":["DemoMod:ZorGun","DemoMod:MegaHand"],"picked":"DemoMod:Ejector","floor":1},{"not_picked":["DemoMod:HuntsMan","DemoMod:ConditionalReflex"],"picked":"DemoMod:DoubleSwitch","floor":3},{"not_picked":["DemoMod:CursedBullets","DemoMod:ShadowBullets"],"picked":"DemoMod:ChanceBullets","floor":4},{"not_picked":["DemoMod:DoubleSwitch","DemoMod:Unmoved"],"picked":"DemoMod:EasyReloadBullets","floor":5}],"player_experience":152310,"relics_obtained":[],"event_choices":[],"is_beta":false,"boss_relics":[],"items_purged_floors":[],"is_endless":false,"potions_floor_spawned":[3],"killed_by":"3 Sentries","ascension_level":0}}