{"host":"s41rn2jhghpwfrvz","time":1609899460,"event":{"mods":["BaseMod","Minty Spire (QoL Compilation)","Quick Restart","Relic Stats","SuperFastMode"],"gold_per_floor":[113,113,38,50,60,60,86,86,86,105,135,35,35,45,45,122,122,136,171,185,120,130,130,159,34,34,67,82,97,97,126,126,200,200,214,234,234,234,253,280,5,31,31,59,59,84,95,95,95,95,95,95,95,30,57,57],"floor_reached":57,"playtime":1656,"items_purged":["Flex","Static Discharge","Sweeping Beam","Leap"],"score":3776,"play_id":"045e6109-b03e-4440-80a2-c6ca0248d4c3","local_time":"20210106041740","daily_mods":["SealedDeck","Diverse","DeadlyEvents"],"is_ascension_mode":true,"campfire_choices":[{"data":"Blade Dance","floor":6,"key":"SMITH"},{"data":"Blade Dance","floor":15,"key":"SMITH"},{"data":"Dark Embrace","floor":23,"key":"SMITH"},{"floor":30,"key":"RECALL"},{"data":"Reinforced Body","floor":32,"key":"SMITH"},{"data":"Feel No Pain","floor":45,"key":"SMITH"},{"data":"Evolve","floor":49,"key":"SMITH"},{"data":"Gash","floor":53,"key":"SMITH"}],"circlet_count":0,"master_deck":["AscendersBane","Gash+1","Reinforced Body+1","Blade Dance+1","Evolve+1","TalkToTheHand+1","Dark Embrace+1","Feel No Pain+1"],"relics":["Burning Blood","Champion Belt","Shuriken","CeramicFish","Red Mask","Anchor","Centennial Puzzle","Boot","Bag of Preparation","Busted Crown","Blood Vial","Membership Card","StrikeDummy","The Courier","Bronze Scales","Sundial"],"acts_visited":["Exordium","TheCity","TheBeyond","TheEnding"],"potions_floor_usage":[56,56],"damage_taken":[{"damage":0,"enemies":"Jaw Worm","floor":1,"turns":2},{"damage":0,"enemies":"Cultist","floor":4,"turns":3},{"damage":2,"enemies":"Small Slimes","floor":5,"turns":3},{"damage":10,"enemies":"Gremlin Nob","floor":7,"turns":4},{"damage":1,"enemies":"Red Slaver","floor":10,"turns":2},{"damage":12,"enemies":"3 Sentries","floor":11,"turns":4},{"damage":8,"enemies":"Exordium Thugs","floor":14,"turns":3},{"damage":0,"enemies":"Slime Boss","floor":16,"turns":4},{"damage":5,"enemies":"Shell Parasite","floor":18,"turns":3},{"damage":12,"enemies":"Masked Bandits","floor":19,"turns":3},{"damage":0,"enemies":"Chosen","floor":20,"turns":3},{"damage":16,"enemies":"Centurion and Healer","floor":22,"turns":3},{"damage":0,"enemies":"Gremlin Leader","floor":24,"turns":3},{"damage":6,"enemies":"Slavers","floor":27,"turns":4},{"damage":0,"enemies":"Snake Plant","floor":28,"turns":3},{"damage":0,"enemies":"Cultist and Chosen","floor":29,"turns":3},{"damage":0,"enemies":"Book of Stabbing","floor":31,"turns":3},{"damage":0,"enemies":"Collector","floor":33,"turns":4},{"damage":0,"enemies":"Orb Walker","floor":35,"turns":2},{"damage":0,"enemies":"3 Darklings","floor":36,"turns":2},{"damage":0,"enemies":"Maw","floor":39,"turns":3},{"damage":0,"enemies":"Giant Head","floor":40,"turns":3},{"damage":0,"enemies":"Nemesis","floor":42,"turns":3},{"damage":0,"enemies":"Reptomancer","floor":44,"turns":3},{"damage":0,"enemies":"Giant Head","floor":46,"turns":3},{"damage":0,"enemies":"Transient","floor":47,"turns":4},{"damage":0,"enemies":"Awakened One","floor":50,"turns":4},{"damage":0,"enemies":"Donu and Deca","floor":51,"turns":3},{"damage":0,"enemies":"Shield and Spear","floor":55,"turns":3},{"damage":5,"enemies":"The Heart","floor":56,"turns":5}],"seed_played":"-4057704844525783113","potions_obtained":[{"floor":4,"key":"LiquidMemories"},{"floor":5,"key":"SteroidPotion"},{"floor":18,"key":"Swift Potion"},{"floor":27,"key":"Dexterity Potion"},{"floor":47,"key":"DuplicationPotion"}],"is_trial":true,"path_per_floor":["M","?","$","M","M","R","E","$","T","M","E","$","?","M","R","B",null,"M","?","M","$","M","R","E","$","T","E","M","M","R","E","R","B",null,"M","M","?","$","M","E","$","E","T","E","R","E","M","$","R","B","B",null,"R","$","E","B",null],"character_chosen":"IRONCLAD","items_purchased":["Dark Embrace","Membership Card","Feel No Pain","Bronze Scales"],"campfire_rested":0,"item_purchase_floors":[21,41,41,54],"current_hp_per_floor":[74,74,74,75,75,75,71,71,71,75,69,69,69,67,67,73,75,75,69,75,75,65,65,71,71,71,71,75,75,75,75,75,75,75,75,75,75,75,75,75,75,75,75,75,75,75,75,75,75,75,75,75,75,75,75,75],"gold":57,"neow_bonus":"","is_daily":false,"chose_seed":false,"campfire_upgraded":7,"win_rate":0.0,"timestamp":1609899460,"path_taken":["M","?","$","M","?","R","E","$","T","M","E","$","?","?","R","BOSS","M","?","?","$","M","R","E","?","T","E","M","M","R","E","R","BOSS","M","M","?","$","M","E","?","E","T","E","R","?","M","$","R","BOSS","BOSS","R","$","E","BOSS"],"items_purchased_type":["Card","Relic","Card","Relic"],"build_version":"2020-12-22","purchased_purges":4,"victory":true,"max_hp_per_floor":[75,75,75,75,75,75,75,75,75,75,75,75,75,75,75,75,75,75,75,75,75,75,75,75,75,75,75,75,75,75,75,75,75,75,75,75,75,75,75,75,75,75,75,75,75,75,75,75,75,75,75,75,75,75,75,75],"relic_stats":{"counters":[30,95],"CeramicFish":18,"Bag of Preparation":[26],"Boot":[128],"Burning Blood":82,"Blood Vial":0,"Centennial Puzzle":[6],"Busted Crown":18,"Shuriken":[233],"Sundial":[18],"Bronze Scales":[57],"Champion Belt":[0],"obtain_stats":[{"CeramicFish":11,"The Courier":44,"Bag of Preparation":31,"Boot":27,"Burning Blood":0,"Blood Vial":40,"Anchor":24,"Centennial Puzzle":26,"Busted Crown":34,"Shuriken":9,"Sundial":55,"Bronze Scales":54,"Red Mask":19,"Champion Belt":7,"Membership Card":41,"StrikeDummy":42},{"CeramicFish":6,"The Courier":24,"Bag of Preparation":17,"Boot":14,"Burning Blood":0,"Blood Vial":22,"Anchor":13,"Centennial Puzzle":13,"Busted Crown":18,"Shuriken":4,"Sundial":29,"Bronze Scales":28,"Red Mask":10,"Champion Belt":4,"Membership Card":22,"StrikeDummy":23},{"CeramicFish":18,"The Courier":73,"Bag of Preparation":53,"Boot":44,"Burning Blood":0,"Blood Vial":67,"Anchor":40,"Centennial Puzzle":40,"Busted Crown":57,"Shuriken":12,"Sundial":90,"Bronze Scales":87,"Red Mask":31,"Champion Belt":12,"Membership Card":67,"StrikeDummy":70}]},"card_choices":[{"not_picked":["Compile Driver","Pommel Strike","Flechettes"],"picked":"SKIP","floor":1},{"not_picked":["Body Slam","Perfected Strike","Cold Snap"],"picked":"SKIP","floor":4},{"not_picked":["Caltrops","WaveOfTheHand","CutThroughFate"],"picked":"SKIP","floor":5},{"not_picked":["Doppelganger","Halt","Finisher"],"picked":"SKIP","floor":7},{"not_picked":["Sword Boomerang","FollowUp","Anger"],"picked":"SKIP","floor":10},{"not_picked":["Fasting2","WaveOfTheHand","Blade Dance"],"picked":"SKIP","floor":11},{"not_picked":["Twin Strike","Study","Hello World"],"picked":"SKIP","floor":14},{"not_picked":["PathToVictory","Iron Wave","Blur"],"picked":"SKIP","floor":18},{"not_picked":["Blur","Slice","CrushJoints"],"picked":"SKIP","floor":20},{"not_picked":["Predator","Redo","Nirvana"],"picked":"SKIP","floor":22},{"not_picked":["Warcry","Reinforced Body","Indignation+1"],"picked":"SKIP","floor":24},{"not_picked":["Blur","MentalFortress","Poisoned Stab+1"],"picked":"SKIP","floor":27},{"not_picked":["Prepared","WreathOfFlame","Quick Slash"],"picked":"SKIP","floor":28},{"not_picked":["Underhanded Strike","PathToVictory","Havoc"],"picked":"SKIP","floor":29},{"not_picked":["Footwork","Compile Driver","MentalFortress+1"],"picked":"SKIP","floor":31},{"not_picked":["Pommel Strike+1"],"picked":"SKIP","floor":35},{"not_picked":["Sucker Punch"],"picked":"SKIP","floor":36},{"not_picked":["Tempest+1"],"picked":"SKIP","floor":39},{"not_picked":["Force Field"],"picked":"SKIP","floor":40},{"not_picked":["Wild Strike"],"picked":"SKIP","floor":42},{"not_picked":["Body Slam"],"picked":"SKIP","floor":44},{"not_picked":["Deflect"],"picked":"SKIP","floor":46},{"not_picked":["Double Energy"],"picked":"SKIP","floor":47},{"not_picked":["True Grit"],"picked":"SKIP","floor":55}],"player_experience":1654380,"relics_obtained":[{"floor":7,"key":"Champion Belt"},{"floor":9,"key":"Shuriken"},{"floor":11,"key":"CeramicFish"},{"floor":19,"key":"Red Mask"},{"floor":24,"key":"Anchor"},{"floor":26,"key":"Centennial Puzzle"},{"floor":27,"key":"Boot"},{"floor":31,"key":"Bag of Preparation"},{"floor":40,"key":"Blood Vial"},{"floor":42,"key":"StrikeDummy"},{"floor":44,"key":"The Courier"},{"floor":55,"key":"Sundial"}],"event_choices":[{"damage_healed":0,"gold_gain":0,"player_choice":"Forge","damage_taken":0,"max_hp_gain":0,"max_hp_loss":0,"event_name":"Accursed Blacksmith","floor":2,"gold_loss":0,"cards_upgraded":["TalkToTheHand"]},{"damage_healed":0,"gold_gain":0,"player_choice":"Leave","damage_taken":0,"max_hp_gain":0,"max_hp_loss":0,"event_name":"The Cleric","floor":13,"gold_loss":0},{"damage_healed":0,"gold_gain":0,"player_choice":"Fought Bandits","damage_taken":0,"max_hp_gain":0,"max_hp_loss":0,"event_name":"Masked Bandits","floor":19,"gold_loss":0},{"cards_removed":["Blade Dance"],"damage_healed":0,"gold_gain":0,"player_choice":"Removed Skill","damage_taken":0,"max_hp_gain":0,"max_hp_loss":0,"event_name":"Falling","floor":37,"gold_loss":0}],"is_beta":false,"boss_relics":[{"not_picked":["Snecko Eye","Velvet Choker","Mark of Pain"]},{"not_picked":["Cursed Key","Astrolabe"],"picked":"Busted Crown"}],"items_purged_floors":[3,12,25,41],"is_endless":false,"potions_floor_spawned":[4,5,10,16,18,27,28,29,31,42,44,46,47],"ascension_level":20}}