{"host":"x205naxbihvu3p76","time":1609937597,"event":{"mods":["AchievementEnabler","BaseMod","Minty Spire (QoL Compilation)","StSLib","SuperFastMode"],"gold_per_floor":[117,128,139,152,152,152,152,14,14,14,29,40,52,68,68,68,68],"floor_reached":16,"playtime":310,"items_purged":[],"score":187,"play_id":"779c23b8-896a-44b8-bd3d-22d2101f40bc","local_time":"20210106215317","is_ascension_mode":true,"campfire_choices":[{"data":"Barrage","floor":6.0,"key":"SMITH"},{"floor":10.0,"key":"REST"},{"floor":15,"key":"REST"}],"circlet_count":0,"master_deck":["AscendersBane","Strike_B","Strike_B","Strike_B","Defend_B","Defend_B","Defend_B","Defend_B","Zap+1","Dualcast","Genetic Algorithm","Capacitor","Conserve Battery","Barrage+1","Genetic Algorithm","Rainbow","Cold Snap","BootSequence"],"relics":["Cracked Core","Singing Bowl"],"acts_visited":["Exordium"],"potions_floor_usage":[16,16],"damage_taken":[{"damage":0.0,"enemies":"Small Slimes","floor":1.0,"turns":3.0},{"damage":3.0,"enemies":"Jaw Worm","floor":2.0,"turns":4.0},{"damage":0.0,"enemies":"2 Louse","floor":3.0,"turns":3.0},{"damage":29.0,"enemies":"Exordium Thugs","floor":4.0,"turns":7.0},{"damage":2.0,"enemies":"3 Louse","floor":11.0,"turns":3.0},{"damage":57,"enemies":"Gremlin Gang","floor":12,"turns":5},{"damage":0,"enemies":"Red Slaver","floor":13,"turns":3},{"damage":0,"enemies":"3 Louse","floor":14,"turns":2},{"damage":36,"enemies":"Slime Boss","floor":16,"turns":10}],"seed_played":"2725969901490907897","potions_obtained":[{"floor":1.0,"key":"PotionOfCapacity"},{"floor":3.0,"key":"Fruit Juice"},{"floor":12,"key":"Weak Potion"}],"is_trial":false,"path_per_floor":["M","M","M","M","?","R","?","$","T","R","M","M","M","M","R","B"],"character_chosen":"DEFECT","items_purchased":["Rainbow","Cold Snap"],"campfire_rested":2,"item_purchase_floors":[8,8],"current_hp_per_floor":[64,61,61,37,37,37,37,37,37,59,59,2,4,6,30,0,0],"gold":68,"neow_bonus":"UPGRADE_CARD","is_daily":false,"chose_seed":false,"campfire_upgraded":1,"win_rate":0.0,"timestamp":1609937597,"path_taken":["M","M","M","M","?","R","?","?","T","R","M","M","M","M","R","BOSS"],"items_purchased_type":["Card","Card"],"build_version":"2020-12-22","purchased_purges":0,"victory":false,"max_hp_per_floor":[71,71,71,76,76,76,76,76,76,76,78,78,80,82,82,82,82],"card_choices":[{"not_picked":["Storm","Stack"],"picked":"Genetic Algorithm","floor":1.0},{"not_picked":["Coolheaded","Leap"],"picked":"Capacitor","floor":2.0},{"not_picked":["Compile Driver","Steam Power"],"picked":"Conserve Battery","floor":3.0},{"not_picked":["Steam","Melter"],"picked":"Barrage","floor":4.0},{"not_picked":["Echo Form","Conserve Battery","Sweeping Beam"],"picked":"Singing Bowl","floor":11.0},{"not_picked":["Rip and Tear","Recycle"],"picked":"BootSequence","floor":12},{"not_picked":["Steam","Streamline","Static Discharge"],"picked":"Singing Bowl","floor":13},{"not_picked":["Skim","Loop","Conserve Battery"],"picked":"Singing Bowl","floor":14}],"player_experience":950942,"relics_obtained":[{"floor":9.0,"key":"Singing Bowl"}],"event_choices":[{"damage_healed":0.0,"max_hp_gain":0.0,"max_hp_loss":0.0,"gold_gain":0.0,"event_name":"Scrap Ooze","player_choice":"Fled","floor":5.0,"gold_loss":0.0,"damage_taken":0.0},{"damage_healed":0.0,"max_hp_gain":0.0,"max_hp_loss":0.0,"gold_gain":0.0,"cards_transformed":["Strike_B"],"event_name":"Living Wall","player_choice":"Change","floor":7.0,"gold_loss":0.0,"damage_taken":0.0,"cards_obtained":["Genetic Algorithm"]}],"is_beta":false,"boss_relics":[],"items_purged_floors":[],"is_endless":false,"potions_floor_spawned":[1,3,12,13],"killed_by":"Slime Boss","ascension_level":19}}