{"host":"2lo6hma6kymb0g9i","time":1609931622,"event":{"mods":["BaseMod","Colored Map","DeckTracker","Minty Spire (QoL Compilation)"],"gold_per_floor":[118,128,128,108,126,160,160,189,248,273,301,313,325,325],"floor_reached":13,"playtime":770,"items_purged":[],"score":190,"play_id":"439a8973-3a1f-4c94-9697-f97646c4a84c","local_time":"20210106201342","is_ascension_mode":true,"campfire_choices":[{"data":"Sever Soul","floor":7,"key":"SMITH"},{"data":"Armaments","floor":12,"key":"SMITH"}],"circlet_count":0,"master_deck":["AscendersBane","Strike_R","Strike_R","Strike_R","Strike_R","Strike_R","Defend_R","Defend_R","Defend_R","Defend_R","Bash","Twin Strike","Sever Soul+1","Power Through","Seeing Red","Armaments+1","Evolve"],"relics":["Burning Blood","MealTicket","Bottled Flame","MawBank","Dream Catcher"],"acts_visited":["Exordium"],"potions_floor_usage":[6,8,11],"damage_taken":[{"damage":4,"enemies":"Small Slimes","floor":1,"turns":4},{"damage":6,"enemies":"Cultist","floor":2,"turns":3},{"damage":2,"enemies":"2 Louse","floor":5,"turns":3},{"damage":28,"enemies":"Gremlin Nob","floor":6,"turns":5},{"damage":30,"enemies":"Lagavulin","floor":8,"turns":6},{"damage":26,"enemies":"Gremlin Gang","floor":10,"turns":6},{"damage":7,"enemies":"Red Slaver","floor":11,"turns":6},{"damage":8,"enemies":"Gremlin Nob","floor":13,"turns":3}],"seed_played":"-8890036160131455198","potions_obtained":[{"floor":1,"key":"Dexterity Potion"},{"floor":4,"key":"Ancient Potion"},{"floor":6,"key":"SkillPotion"},{"floor":8,"key":"GamblersBrew"},{"floor":11,"key":"SpeedPotion"}],"is_trial":false,"path_per_floor":["M","M","?","?","M","E","R","E","T","M","M","R","E"],"character_chosen":"IRONCLAD","items_purchased":[],"campfire_rested":0,"item_purchase_floors":[],"current_hp_per_floor":[70,70,75,75,79,57,57,33,33,13,12,12,4,4],"gold":325,"neow_bonus":"RANDOM_COMMON_RELIC","is_daily":false,"chose_seed":false,"campfire_upgraded":2,"win_rate":0.0,"timestamp":1609931622,"path_taken":["M","M","?","?","?","E","R","E","T","M","M","R","E"],"items_purchased_type":[],"build_version":"2020-12-22","purchased_purges":0,"victory":false,"max_hp_per_floor":[75,75,80,80,80,80,80,80,80,80,80,80,80,80],"card_choices":[{"not_picked":["Bloodletting","Perfected Strike"],"picked":"Twin Strike","floor":1},{"not_picked":["Sword Boomerang","Flex"],"picked":"Sever Soul","floor":2},{"not_picked":["Uppercut","Perfected Strike"],"picked":"Power Through","floor":5},{"not_picked":["Burning Pact","Iron Wave"],"picked":"Seeing Red","floor":6},{"not_picked":["Warcry","Uppercut"],"picked":"Armaments","floor":8},{"not_picked":["Thunderclap","Clothesline","Warcry"],"picked":"SKIP","floor":10},{"not_picked":["Body Slam","Pommel Strike"],"picked":"Evolve","floor":11}],"player_experience":928300,"relics_obtained":[{"floor":6,"key":"Bottled Flame"},{"floor":8,"key":"MawBank"},{"floor":9,"key":"Dream Catcher"}],"event_choices":[{"damage_healed":0,"gold_gain":0,"player_choice":"Donut","damage_taken":0,"max_hp_gain":5,"max_hp_loss":0,"event_name":"Big Fish","floor":3,"gold_loss":0},{"damage_healed":0,"gold_gain":0,"player_choice":"Bought 1 Potion","damage_taken":0,"max_hp_gain":0,"max_hp_loss":0,"event_name":"The Woman in Blue","floor":4,"gold_loss":0}],"is_beta":false,"boss_relics":[],"items_purged_floors":[],"is_endless":false,"potions_floor_spawned":[1,6,8,11],"killed_by":"Gremlin Nob","ascension_level":20}}