{"host":"40vzoph344nwp0en","time":1609971492,"event":{"mods":["2.2 Compatiblity","BaseMod","Bestiary","Colored Map","GifTheSpireLib","Highlight Path","Minty Spire (QoL Compilation)","Potionbrewer","Relic Sorter","Robot Space Explorer","StSLib","SuperFastMode","The Dragon Tamer","The Marked"],"gold_per_floor":[100113,100132,100146,99337,99354,99384,99384,99395,99395,99420,99439,99470,99486,98261,98261,98365,98365,98377,97371,97388,97487,97503,97503,97520,97554,97623,97623,96291,96391,96391,95409,95409,95509,95509,95519,95519,95529,95539,95555,95590,95590,95590,95617,95617,95617],"floor_reached":44,"playtime":3694,"items_purged":["theMarked:Strike","theMarked:Strike","theMarked:Strike","theMarked:Strike","theMarked:Strike"],"score":755,"play_id":"370d65f9-d791-412c-891a-1d543706b5ea","local_time":"20210106151812","is_ascension_mode":false,"campfire_choices":[{"data":"theMarked:SoldierOfQuellstein","floor":7,"key":"SMITH"},{"data":"theMarked:StartUp","floor":15,"key":"SMITH"},{"data":"Mayhem","floor":23,"key":"SMITH"},{"data":"theMarked:RogueSparks","floor":27,"key":"SMITH"},{"data":"theMarked:MysticalArsenal","floor":30,"key":"SMITH"},{"data":"theMarked:BindingBlade","floor":32,"key":"SMITH"},{"data":"theMarked:DeterminationOfTheMarked","floor":42,"key":"SMITH"}],"circlet_count":0,"master_deck":["theMarked:Defend","theMarked:Defend","theMarked:Defend","theMarked:Defend","theMarked:SoldierOfQuellstein+1","theMarked:HeightenedSenses","theMarked:TwofoldDefense","theMarked:TwofoldDefense","theMarked:ChainLightning","theMarked:RepellingDischarge","theMarked:BindingBlade+1","theMarked:SwordAndMagic","theMarked:StartUp+1","theMarked:Parkour","theMarked:EmpowerWeapon","theMarked:RepellingDischarge","theMarked:WardOff","theMarked:Generate","theMarked:KeepCalmAndFightOn","theMarked:MuscleMemory","theMarked:MuscleMemory","theMarked:DeterminationOfTheMarked+1","Mayhem+1","Swift Strike","theMarked:SoldierForm","theMarked:WardOff","theMarked:RogueSparks+1","Panache","theMarked:ChainLightning","theMarked:Electrocute+1","theMarked:Challenge","theMarked:MysticalArsenal+1","Sadistic Nature","theMarked:WardOff+1","Finesse+1","Thinking Ahead+1","theMarked:BanishingStrike","Parasite"],"relics":["theMarked:ArtifactOfAir","NeowsBlessing","Mango","Strawberry","Toolbox","Boot","Mummified Hand","Potion Belt","Torii","Toy Ornithopter","Centennial Puzzle","potionbrewer:BoosterPack","Cursed Key","MealTicket","Turnip","Cauldron","TungstenRod","Singing Bowl","Toxic Egg 2","Calipers","Lee\u0027s Waffle","theMarked:SecretDocuments","Meat on the Bone","TheAbacus","Bronze Scales","Bag of Marbles","Busted Crown","Bottled Lightning","Lantern"],"acts_visited":["Exordium","TheCity","TheBeyond"],"potions_floor_usage":[10,12,12,16,20,20,25,29,29,33,37,39],"damage_taken":[{"damage":0,"enemies":"Cultist","floor":1,"turns":1},{"damage":0,"enemies":"Jaw Worm","floor":2,"turns":1},{"damage":0,"enemies":"Small Slimes","floor":3,"turns":1},{"damage":2,"enemies":"Looter","floor":5,"turns":5},{"damage":14,"enemies":"3 Sentries","floor":6,"turns":9},{"damage":12,"enemies":"Exordium Thugs","floor":8,"turns":4},{"damage":31,"enemies":"Lagavulin","floor":10,"turns":4},{"damage":3,"enemies":"Large Slime","floor":11,"turns":5},{"damage":3,"enemies":"Gremlin Nob","floor":12,"turns":3},{"damage":1,"enemies":"Exordium Wildlife","floor":13,"turns":3},{"damage":1,"enemies":"Slime Boss","floor":16,"turns":11},{"damage":7,"enemies":"Shell Parasite","floor":18,"turns":3},{"damage":0,"enemies":"Spheric Guardian","floor":20,"turns":3},{"damage":9,"enemies":"Centurion and Healer","floor":22,"turns":4},{"damage":7,"enemies":"Snake Plant","floor":24,"turns":3},{"damage":16,"enemies":"Slavers","floor":25,"turns":3},{"damage":0,"enemies":"Colosseum Slavers","floor":29,"turns":2},{"damage":19,"enemies":"Colosseum Nobs","floor":29,"turns":3},{"damage":0,"enemies":"Champ","floor":33,"turns":6},{"damage":0,"enemies":"3 Darklings","floor":35,"turns":3},{"damage":0,"enemies":"Orb Walker","floor":37,"turns":2},{"damage":0,"enemies":"Sphere and 2 Shapes","floor":38,"turns":3},{"damage":13,"enemies":"Jaw Worm Horde","floor":39,"turns":3},{"damage":0,"enemies":"Giant Head","floor":40,"turns":6},{"damage":0,"enemies":"Writhing Mass","floor":44,"turns":1}],"seed_played":"7605001613815288650","potions_obtained":[{"floor":2,"key":"SneckoOil"},{"floor":3,"key":"DuplicationPotion"},{"floor":10,"key":"Fire Potion"},{"floor":11,"key":"SneckoOil"},{"floor":19,"key":"potionbrewer:QuicksilverPotion"},{"floor":19,"key":"PowerPotion"},{"floor":20,"key":"Fruit Juice"},{"floor":29,"key":"potionbrewer:EndurancePotion"},{"floor":33,"key":"BlessingOfTheForge"},{"floor":37,"key":"Strength Potion"},{"floor":39,"key":"Weak Potion"},{"floor":40,"key":"Block Potion"}],"is_trial":false,"path_per_floor":["M","M","M","$","M","E","R","M","T","E","M","E","M","$","R","B",null,"M","$","M","?","M","R","M","E","T","R","$","?","R","$","R","B",null,"M","?","M","M","M","E","?","R","T","M"],"character_chosen":"THE_DEFAULT","items_purchased":["Mango","Strawberry","Toolbox","theMarked:ChainLightning","potionbrewer:FreezingPotion","Toy Ornithopter","Centennial Puzzle","potionbrewer:BoosterPack","theMarked:MuscleMemory","theMarked:DeterminationOfTheMarked","Mayhem","potionbrewer:BarricadePotion","Swift Potion","Fire Potion","Swift Strike","MealTicket","Turnip","theMarked:RogueSparks","Panache","DistilledChaos","Cauldron","Toxic Egg 2","Calipers","Lee\u0027s Waffle","theMarked:MysticalArsenal","Sadistic Nature","potionbrewer:QuicksilverPotion","CultistPotion","theMarked:WardOff+1","TheAbacus","Bronze Scales","Bag of Marbles","Finesse+1","Thinking Ahead+1","DistilledChaos"],"campfire_rested":0,"item_purchase_floors":[4,4,4,4,4,14,14,14,14,14,14,14,14,14,14,19,19,19,19,19,19,28,28,28,28,28,28,28,28,31,31,31,31,31,31],"current_hp_per_floor":[70,70,70,91,89,75,75,63,63,32,29,26,25,25,25,29,91,84,84,96,96,87,87,80,69,69,69,103,86,86,101,101,107,107,109,109,111,113,105,107,107,107,107,107,107],"gold":95617,"neow_bonus":"THREE_ENEMY_KILL","is_daily":false,"chose_seed":false,"campfire_upgraded":7,"win_rate":0.0,"timestamp":1609971492,"path_taken":["M","M","?","$","M","E","R","M","T","E","M","E","M","$","R","BOSS","M","$","M","?","M","R","M","E","T","R","$","?","R","$","R","BOSS","M","?","?","M","M","E","?","R","T","M"],"items_purchased_type":["Relic","Relic","Relic","Card","Potion","Relic","Relic","Relic","Card","Card","Card","Potion","Potion","Potion","Card","Relic","Relic","Card","Card","Potion","Relic","Relic","Relic","Relic","Card","Card","Potion","Potion","Card","Relic","Relic","Relic","Card","Card","Potion"],"build_version":"2020-12-22","purchased_purges":5,"victory":false,"max_hp_per_floor":[70,70,70,91,91,91,91,91,91,91,91,91,91,91,91,91,91,91,91,96,96,96,96,96,96,96,96,103,105,105,105,105,107,107,109,109,111,113,113,115,115,115,115,115,115],"card_choices":[{"not_picked":["theMarked:Parkour","theMarked:Static"],"picked":"theMarked:HeightenedSenses","floor":1},{"not_picked":["theMarked:HeightenedSenses","theMarked:Electrify"],"picked":"theMarked:TwofoldDefense","floor":2},{"not_picked":["theMarked:PowerFlow","theMarked:ElementalBlade"],"picked":"theMarked:TwofoldDefense","floor":3},{"not_picked":["theMarked:Electrocute","theMarked:Aftermath"],"picked":"theMarked:RepellingDischarge","floor":5},{"not_picked":["theMarked:HeightenedSenses","theMarked:TwofoldDefense"],"picked":"theMarked:BindingBlade","floor":6},{"not_picked":["theMarked:HeightenedSenses","theMarked:WastefulDefense"],"picked":"theMarked:SwordAndMagic","floor":8},{"not_picked":["theMarked:EmpowerWeapon","theMarked:WastefulAttack","theMarked:ResourceFulStrike"],"picked":"SKIP","floor":10},{"not_picked":["theMarked:SummonStrength","theMarked:GodGivenPower"],"picked":"theMarked:StartUp","floor":11},{"not_picked":["theMarked:LightningStrikesTwice","theMarked:Static","theMarked:ElectricStrings"],"picked":"SKIP","floor":12},{"not_picked":["theMarked:WastefulAttack","theMarked:Parry"],"picked":"theMarked:Parkour","floor":13},{"not_picked":["theMarked:Vacuum","theMarked:BindingBlade"],"picked":"theMarked:SoldierForm","floor":16},{"not_picked":["theMarked:ResourceFulStrike","theMarked:Static"],"picked":"theMarked:WardOff","floor":18},{"not_picked":["theMarked:Standoff+1","theMarked:TakeCover+1"],"picked":"theMarked:ChainLightning","floor":20},{"not_picked":["theMarked:WastefulDefense","theMarked:BanishingWave","theMarked:HeightenedSenses"],"picked":"SKIP","floor":22},{"not_picked":["theMarked:EmpowerWeapon","theMarked:Aftermath"],"picked":"theMarked:Electrocute+1","floor":24},{"not_picked":["theMarked:Overthink+1","theMarked:Improvise"],"picked":"theMarked:Challenge","floor":25},{"not_picked":["theMarked:Static+1","theMarked:MaelstromOfLightning+1","theMarked:ResourceFulStrike+1"],"picked":"Singing Bowl","floor":29},{"not_picked":["theMarked:MuscleMemory","theMarked:Challenge+1","theMarked:SoldierForm"],"picked":"Singing Bowl","floor":33},{"not_picked":["theMarked:Reabsorb+1"],"picked":"Singing Bowl","floor":35},{"not_picked":["theMarked:ElectricStrings+1"],"picked":"Singing Bowl","floor":37},{"not_picked":["theMarked:Polarize+1"],"picked":"Singing Bowl","floor":38},{"not_picked":[],"picked":"theMarked:BanishingStrike","floor":39},{"not_picked":["theMarked:Overthink+1"],"picked":"Singing Bowl","floor":40}],"player_experience":371071,"relics_obtained":[{"floor":6,"key":"Boot"},{"floor":9,"key":"Mummified Hand"},{"floor":10,"key":"Potion Belt"},{"floor":12,"key":"Torii"},{"floor":25,"key":"TungstenRod"},{"floor":26,"key":"Singing Bowl"},{"floor":29,"key":"theMarked:SecretDocuments"},{"floor":29,"key":"Meat on the Bone"},{"floor":40,"key":"Bottled Lightning"},{"floor":43,"key":"Lantern"}],"event_choices":[{"damage_healed":0,"gold_gain":99,"player_choice":"Stole From Cult","damage_taken":0,"max_hp_gain":0,"max_hp_loss":0,"event_name":"Nest","floor":21,"gold_loss":0},{"damage_healed":0,"gold_gain":0,"player_choice":"Fight","damage_taken":0,"max_hp_gain":0,"max_hp_loss":0,"event_name":"Colosseum","floor":29,"gold_loss":0},{"damage_healed":0,"gold_gain":0,"player_choice":"Fought Nobs","damage_taken":0,"max_hp_gain":0,"max_hp_loss":0,"event_name":"Colosseum","floor":29,"gold_loss":0},{"cards_removed":["Pain"],"damage_healed":0,"gold_gain":0,"player_choice":"Removed Curses","damage_taken":0,"max_hp_gain":0,"max_hp_loss":0,"event_name":"Fountain of Cleansing","floor":36,"gold_loss":0},{"damage_healed":0,"gold_gain":0,"player_choice":"Ignored","damage_taken":0,"max_hp_gain":0,"max_hp_loss":0,"event_name":"NoteForYourself","floor":41,"gold_loss":0}],"is_beta":false,"boss_relics":[{"not_picked":["SacredBark","Pandora\u0027s Box"],"picked":"Cursed Key"},{"not_picked":["Tiny House","theMarked:SpiritSword"],"picked":"Busted Crown"}],"items_purged_floors":[4,14,19,28,31],"is_endless":false,"potions_floor_spawned":[2,3,10,11,20,29,33,37,39,40],"killed_by":"Writhing Mass","ascension_level":0}}