{"host":"g01l53quoe6lrer0","time":1609960029,"event":{"mods":["2.2 Compatiblity","AchievementEnabler","BaseMod","Colored Map","Highlight Path","Keyboard Shortcuts","Minty Spire (QoL Compilation)","Permanent Neow","StSLib","SuperFastMode","everything is the same but u backflip on backflip"],"gold_per_floor":[17,36,46,57,72,102,102,127,152,102,102,134,49,71,71,184,184,221,227,245,105,121,321,321,144,192,192,222,222,222,250,250,250,250],"floor_reached":33,"playtime":1079,"items_purged":["Strike_B","Defend_B"],"score":376,"play_id":"73c584d1-c9dc-4157-bb8f-2ae21dddbc99","local_time":"20210107040709","is_ascension_mode":true,"campfire_choices":[{"floor":7.0,"key":"REST"},{"data":"Zap","floor":11.0,"key":"SMITH"},{"floor":15.0,"key":"REST"},{"floor":24,"key":"REST"},{"floor":27,"key":"REST"},{"floor":32,"key":"REST"}],"circlet_count":0,"master_deck":["Defend_B","Defend_B","Defend_B","Zap+1","Dualcast","Streamline","Steam Power","Gash","Steam","Capacitor","Seek","Auto Shields","Cold Snap","Coolheaded","Cold Snap","Ball Lightning","Loop","Barrage","Defragment","Blizzard","Chill","Buffer","BootSequence+1","Chill","Stack","Redo+1","Fusion","Recycle","Self Repair","Hologram","Hologram","Self Repair+1","Stack+1"],"relics":["Cracked Core","Prayer Wheel","Ice Cream","Centennial Puzzle","CeramicFish","Inserter","Smiling Mask"],"acts_visited":["Exordium","TheCity"],"potions_floor_usage":[19,33,33],"damage_taken":[{"damage":1.0,"enemies":"Cultist","floor":1.0,"turns":3.0},{"damage":7.0,"enemies":"Small Slimes","floor":2.0,"turns":3.0},{"damage":0.0,"enemies":"Jaw Worm","floor":3.0,"turns":3.0},{"damage":1.0,"enemies":"2 Fungi Beasts","floor":4.0,"turns":3.0},{"damage":22.0,"enemies":"Exordium Thugs","floor":5.0,"turns":5.0},{"damage":12.0,"enemies":"Lagavulin","floor":6.0,"turns":10.0},{"damage":11.0,"enemies":"3 Sentries","floor":8.0,"turns":5.0},{"damage":0.0,"enemies":"Exordium Wildlife","floor":12.0,"turns":3.0},{"damage":2.0,"enemies":"3 Louse","floor":14.0,"turns":3.0},{"damage":19,"enemies":"Slime Boss","floor":16,"turns":8},{"damage":44,"enemies":"3 Byrds","floor":18,"turns":6},{"damage":6,"enemies":"2 Thieves","floor":19,"turns":4},{"damage":5,"enemies":"Snecko","floor":22,"turns":7},{"damage":2,"enemies":"Centurion and Healer","floor":28,"turns":11},{"damage":21,"enemies":"Snake Plant","floor":31,"turns":7},{"damage":69,"enemies":"Collector","floor":33,"turns":7}],"seed_played":"-6895241400831562839","potions_obtained":[{"floor":3.0,"key":"EssenceOfDarkness"},{"floor":4.0,"key":"Block Potion"},{"floor":6.0,"key":"Dexterity Potion"},{"floor":8.0,"key":"FearPotion"},{"floor":16,"key":"FearPotion"}],"is_trial":false,"path_per_floor":["M","M","M","M","M","E","R","E","T","?","R","M","$","M","R","B",null,"M","M","?","$","M","?","R","$","T","R","M","?","?","M","R","B"],"character_chosen":"DEFECT","items_purchased":["Defragment","Blizzard","Self Repair","DuplicationPotion"],"campfire_rested":5,"item_purchase_floors":[13,13,21,25],"current_hp_per_floor":[67,60,60,59,37,25,47,36,36,36,36,36,36,34,56,37,66,22,16,16,16,11,11,33,33,33,55,60,46,46,32,56,0,0],"gold":250,"neow_bonus":"ONE_RARE_RELIC","is_daily":false,"chose_seed":false,"campfire_upgraded":1,"win_rate":0.0,"timestamp":1609960029,"path_taken":["M","M","M","?","M","E","R","E","T","?","R","M","$","M","R","BOSS","M","M","?","$","M","?","R","$","T","R","?","?","?","M","R","BOSS"],"items_purchased_type":["Card","Card","Card","Potion"],"build_version":"2020-12-22","purchased_purges":2,"victory":false,"max_hp_per_floor":[75,75,75,75,75,75,75,75,75,75,75,75,75,75,75,75,75,75,75,75,75,75,75,75,75,75,75,75,80,80,80,80,80,80],"card_choices":[{"not_picked":["Steam","Scrape"],"picked":"Streamline","floor":1.0},{"not_picked":["Leap","Barrage"],"picked":"Steam Power","floor":1.0},{"not_picked":["Storm","Beam Cell"],"picked":"Gash","floor":2.0},{"not_picked":["Compile Driver","Heatsinks"],"picked":"Steam","floor":2.0},{"not_picked":["Ball Lightning","Leap"],"picked":"Capacitor","floor":3.0},{"not_picked":["Fusion","Melter","Sweeping Beam"],"picked":"SKIP","floor":3.0},{"not_picked":["Chaos","Steam"],"picked":"Seek","floor":4.0},{"not_picked":["FTL","Streamline"],"picked":"Auto Shields","floor":4.0},{"not_picked":["Sunder","Hologram"],"picked":"Cold Snap","floor":5.0},{"not_picked":["Barrage","Sweeping Beam"],"picked":"Coolheaded","floor":5.0},{"not_picked":["Gash","Creative AI"],"picked":"Cold Snap","floor":6.0},{"not_picked":["Sweeping Beam","Turbo"],"picked":"Ball Lightning","floor":8.0},{"not_picked":["Sweeping Beam","Steam Power"],"picked":"Loop","floor":12.0},{"not_picked":["Barrage","Turbo","White Noise"],"picked":"SKIP","floor":12.0},{"not_picked":["Turbo","White Noise"],"picked":"Barrage","floor":12.0},{"not_picked":["Leap","Hello World"],"picked":"Chill","floor":14.0},{"not_picked":["Stack","Redo","Cold Snap"],"picked":"SKIP","floor":14.0},{"not_picked":["Amplify","Machine Learning"],"picked":"Buffer","floor":16},{"not_picked":["Ball Lightning","Hologram"],"picked":"BootSequence+1","floor":18},{"not_picked":["Sweeping Beam+1","Gash"],"picked":"Chill","floor":18},{"not_picked":["Gash","Ball Lightning"],"picked":"Stack","floor":19},{"not_picked":["Static Discharge","Streamline+1"],"picked":"Redo+1","floor":19},{"not_picked":["Gash","Fission","Lockon"],"picked":"SKIP","floor":22},{"not_picked":["Redo","Beam Cell","Fusion"],"picked":"SKIP","floor":22},{"not_picked":["Coolheaded+1","Compile Driver"],"picked":"Hologram","floor":28},{"not_picked":["Redo","Storm"],"picked":"Hologram","floor":28},{"not_picked":["Ball Lightning","Rebound"],"picked":"Self Repair+1","floor":31},{"not_picked":["Steam Power","Sweeping Beam"],"picked":"Stack+1","floor":31}],"player_experience":40384,"relics_obtained":[{"floor":6.0,"key":"Ice Cream"},{"floor":8.0,"key":"Centennial Puzzle"},{"floor":9.0,"key":"CeramicFish"},{"floor":26,"key":"Smiling Mask"}],"event_choices":[{"cards_removed":["Strike_B"],"damage_healed":0.0,"max_hp_gain":0.0,"max_hp_loss":0.0,"gold_gain":0.0,"event_name":"The Cleric","player_choice":"Card Removal","floor":10.0,"gold_loss":50.0,"damage_taken":0.0},{"damage_healed":0,"gold_gain":0,"cards_transformed":["Strike_B","Strike_B"],"player_choice":"Became Test Subject","damage_taken":0,"max_hp_gain":0,"max_hp_loss":0,"event_name":"Drug Dealer","floor":20,"gold_loss":0,"cards_obtained":["Fusion","Recycle"]},{"damage_healed":0,"gold_gain":250,"player_choice":"Bet on Owner","damage_taken":0,"max_hp_gain":0,"max_hp_loss":0,"event_name":"The Joust","floor":23,"gold_loss":50},{"damage_healed":0,"gold_gain":0,"player_choice":"Shed Blood","damage_taken":19,"max_hp_gain":5,"max_hp_loss":0,"event_name":"Forgotten Altar","floor":29,"gold_loss":0},{"damage_healed":0,"gold_gain":0,"player_choice":"Ignored","damage_taken":0,"max_hp_gain":0,"max_hp_loss":0,"event_name":"Vampires","floor":30,"gold_loss":0}],"is_beta":false,"boss_relics":[{"not_picked":["Velvet Choker","Empty Cage"],"picked":"Inserter"}],"items_purged_floors":[21,25],"is_endless":false,"potions_floor_spawned":[3,4,6,8,16,28],"killed_by":"Collector","ascension_level":9}}