{"host":"uzcks4yhskks9i02","time":1609897818,"event":{"mods":["BaseMod","Minty Spire (QoL Compilation)","Quick Restart"],"gold_per_floor":[115,135,147,161,181,213,213,213,281,299,329,176,176,191,191,295,295,309,309,309,58,70,70,96,96,96],"floor_reached":25,"playtime":950,"items_purged":[],"score":413,"play_id":"9364a4b1-75ba-4eb1-bbad-fe2cf6284d16","local_time":"20210105185018","is_ascension_mode":true,"campfire_choices":[{"floor":7.0,"key":"REST"},{"floor":13.0,"key":"REST"},{"data":"Limit Break","floor":15.0,"key":"SMITH"},{"data":"Apotheosis","floor":23.0,"key":"SMITH"}],"circlet_count":0,"master_deck":["AscendersBane","Strike_R","Strike_R","Strike_R","Strike_R","Strike_R","Defend_R","Defend_R","Defend_R","Defend_R","Bash","Limit Break+1","Pommel Strike","Heavy Blade","Cleave","Flex","Heavy Blade","Perfected Strike","Barricade","Twin Strike","Uppercut","Exhume","Immolate","CurseOfTheBell","Heavy Blade+1","Apotheosis+1","Offering","Wild Strike+1","Shrug It Off"],"relics":["Burning Blood","Boot","StoneCalendar","Mercury Hourglass","Dream Catcher","Sling","Calling Bell","Pocketwatch","Smiling Mask","Molten Egg 2","Letter Opener"],"acts_visited":["Exordium","TheCity"],"potions_floor_usage":[25],"damage_taken":[{"damage":7.0,"enemies":"Small Slimes","floor":1.0,"turns":5.0},{"damage":7.0,"enemies":"Jaw Worm","floor":2.0,"turns":3.0},{"damage":14.0,"enemies":"2 Louse","floor":3.0,"turns":3.0},{"damage":10.0,"enemies":"2 Fungi Beasts","floor":4.0,"turns":3.0},{"damage":5.0,"enemies":"Gremlin Gang","floor":5.0,"turns":6.0},{"damage":41.0,"enemies":"Lagavulin","floor":6.0,"turns":7.0},{"damage":11.0,"enemies":"Looter","floor":10.0,"turns":2.0},{"damage":0.0,"enemies":"Gremlin Nob","floor":11.0,"turns":2.0},{"damage":1.0,"enemies":"2 Fungi Beasts","floor":14.0,"turns":2.0},{"damage":70.0,"enemies":"Hexaghost","floor":16.0,"turns":9.0},{"damage":3.0,"enemies":"Chosen","floor":18.0,"turns":4.0},{"damage":10.0,"enemies":"3 Byrds","floor":22.0,"turns":3.0},{"damage":29.0,"enemies":"Gremlin Leader","floor":24.0,"turns":5.0},{"damage":51,"enemies":"Centurion and Healer","floor":25,"turns":4}],"seed_played":"-385675487913576385","potions_obtained":[{"floor":3.0,"key":"Fire Potion"},{"floor":5.0,"key":"DuplicationPotion"},{"floor":11.0,"key":"EssenceOfSteel"}],"is_trial":false,"path_per_floor":["M","M","M","M","M","E","R","?","T","M","E","$","R","M","R","B",null,"M","?","?","$","M","R","E","M"],"character_chosen":"IRONCLAD","items_purchased":["Sling","Apotheosis","Offering"],"campfire_rested":2,"item_purchase_floors":[12,21,21],"current_hp_per_floor":[71,70,62,58,59,24,48,48,48,43,49,49,73,78,78,14,64,67,67,67,67,63,63,40,0,0],"gold":96,"neow_bonus":"ONE_RANDOM_RARE_CARD","is_daily":false,"chose_seed":false,"campfire_upgraded":2,"win_rate":0.0,"timestamp":1609897818,"path_taken":["M","M","M","M","M","E","R","?","T","M","E","$","R","M","R","BOSS","M","?","?","$","M","R","E","M"],"items_purchased_type":["Relic","Card","Card"],"build_version":"2020-12-22","purchased_purges":0,"victory":false,"max_hp_per_floor":[80,80,80,80,80,80,80,80,80,80,80,80,80,80,80,80,80,80,80,80,80,80,80,80,80,80],"card_choices":[{"not_picked":["Shrug It Off","Intimidate"],"picked":"Pommel Strike","floor":1.0},{"not_picked":["Headbutt","Warcry"],"picked":"Heavy Blade","floor":2.0},{"not_picked":["Thunderclap","Armaments"],"picked":"Cleave","floor":3.0},{"not_picked":["Headbutt","Metallicize"],"picked":"Flex","floor":4.0},{"not_picked":["Shockwave","Armaments"],"picked":"Heavy Blade","floor":5.0},{"not_picked":["Disarm","Shrug It Off"],"picked":"Perfected Strike","floor":6.0},{"not_picked":["Body Slam","Sever Soul"],"picked":"Barricade","floor":10.0},{"not_picked":["True Grit","Sword Boomerang"],"picked":"Twin Strike","floor":11.0},{"not_picked":["Body Slam","Cleave"],"picked":"Uppercut","floor":13.0},{"not_picked":["Anger","Twin Strike"],"picked":"Exhume","floor":14.0},{"not_picked":["Berserk","Exhume"],"picked":"Immolate","floor":16.0},{"not_picked":["Havoc","Fire Breathing"],"picked":"Heavy Blade+1","floor":18.0},{"not_picked":["Shrug It Off","Second Wind"],"picked":"Wild Strike+1","floor":22.0},{"not_picked":["Sever Soul+1","Evolve"],"picked":"Shrug It Off","floor":24.0}],"player_experience":485863,"relics_obtained":[{"floor":6.0,"key":"Boot"},{"floor":9.0,"key":"Mercury Hourglass"},{"floor":11.0,"key":"Dream Catcher"},{"floor":17.0,"key":"Pocketwatch"},{"floor":17.0,"key":"Smiling Mask"},{"floor":17.0,"key":"Molten Egg 2"},{"floor":24.0,"key":"Letter Opener"}],"event_choices":[{"damage_healed":0.0,"max_hp_gain":0.0,"max_hp_loss":0.0,"gold_gain":0.0,"event_name":"Dead Adventurer","player_choice":"Searched \u00271\u0027 times","floor":8.0,"gold_loss":0.0,"damage_taken":0.0,"relics_obtained":["StoneCalendar"]},{"damage_healed":0.0,"max_hp_gain":0.0,"max_hp_loss":0.0,"gold_gain":0.0,"event_name":"Beggar","player_choice":"Ignored","floor":19.0,"gold_loss":0.0,"damage_taken":0.0},{"damage_healed":0.0,"max_hp_gain":0.0,"max_hp_loss":0.0,"gold_gain":0.0,"event_name":"Vampires","player_choice":"Ignored","floor":20.0,"gold_loss":0.0,"damage_taken":0.0}],"is_beta":false,"boss_relics":[{"not_picked":["Sozu","Busted Crown"],"picked":"Calling Bell"}],"items_purged_floors":[],"is_endless":false,"potions_floor_spawned":[3,5,11,18],"killed_by":"Centurion and Healer","ascension_level":12}}