{"host":"qkbnayyek6fga752","time":1609905129,"event":{"mods":["100% Spire Juice","2.2 Compatiblity","Arknights The Spire","Aspiration","Astrologer","BaseMod","Beaked The Cultist","Better Altar","Better Match","Better Note","Better Sensory Stone","Better Skull","Better Third Choice","CCEM","CapriCore","ChefMod","Clockwork Mod","Conspire","Ekko","Energized Spire","Evolution","Hermit","Hubris","Humility","Koishi","Mad Scientist","Marisa????????","Minty Spire (QoL Compilation)","Quarter Circle Forward PUNCH!","Random Character Mod","Replay The Spire","Robot Space Explorer","SIMod","Spicy Shops","StSLib","The Administrix","The Alterego","The Animator","The Blackbeard","The Blue Laboratory","The Bug Knight","The Cursed","The Death Knight","The Disciple","The Druid","The Exalted","The Forsaken","The Gatherer","The Hayseed","The Hierophant","The Immortal","The Juggle","The Marked","The Necromancer","The Problem Sleuth","The Runesmith","The Sage","The Senshi","The Vixen","The Wild Card","TheArtist","TheLocksmith","TheSwordswoman","TheVacant","TheVelvet","Trackpad","Yuri Mod","thorton"],"gold_per_floor":[117,117,132,57,57,57,57,57,57],"floor_reached":7,"playtime":1152,"items_purged":["Acrobatics"],"score":39,"play_id":"7cffd294-bce4-4e52-846c-1ac3209a819b","local_time":"20210105225209","daily_mods":["SealedDeck","Diverse","Heirloom","DeadlyEvents","Elite Swarm","Uncertain Future"],"is_ascension_mode":false,"campfire_choices":[{"floor":6,"key":"REST"}],"circlet_count":0,"master_deck":["ats:Apocalypse","alterego_mod:Pet","Darkness","ekkoTheBoyWhoShatteredTime:Dash","thethorton:OddChange","RobotSpaceExplorer:FreezingShield","thethorton:BusinessBash","animator:Vesta","Tools of the Trade","Storm of Steel","DeathKnight:ChainsOfIce"],"relics":["MokouMod:PhoenixFeather","EVO:Axolotl","theForsaken:Kindling","CCEMRelics:Pendulum","trackpad:WritersBlock"],"acts_visited":["Exordium"],"potions_floor_usage":[1],"damage_taken":[{"damage":11,"enemies":"Small Slimes","floor":1,"turns":7},{"damage":15,"enemies":"Cultist","floor":3,"turns":5},{"damage":145,"enemies":"Gremlin Nob","floor":7,"turns":6}],"seed_played":"-2390020553673819685","potions_obtained":[{"floor":1,"key":"Fruit Juice"}],"is_trial":true,"path_per_floor":["M","?","M","$","?","R","E"],"character_chosen":"MKU","items_purchased":[],"campfire_rested":1,"item_purchase_floors":[],"current_hp_per_floor":[73,73,58,58,19,48,0,0,0],"gold":57,"neow_bonus":"","is_daily":false,"chose_seed":false,"campfire_upgraded":0,"win_rate":0.0,"timestamp":1609905129,"path_taken":["M","?","M","$","?","R","E"],"items_purchased_type":[],"build_version":"2020-12-22","purchased_purges":1,"victory":false,"max_hp_per_floor":[80,80,80,80,80,85,85,85,85],"card_choices":[{"not_picked":["theMarked:BanishingStrike","sagemod:Armor_Brew"],"picked":"animator:Vesta","floor":1},{"not_picked":["Clockwork:CogBarrier","blackbeard:Fencing"],"picked":"DeathKnight:ChainsOfIce","floor":3}],"player_experience":296667,"relics_obtained":[],"event_choices":[{"damage_healed":0,"gold_gain":0,"player_choice":"RE RE ","damage_taken":43,"relics_obtained":["CCEMRelics:Pendulum","trackpad:WritersBlock"],"max_hp_gain":0,"max_hp_loss":0,"event_name":"betterSkull:BetterSkull","floor":5,"gold_loss":0,"cards_upgraded":[]}],"is_beta":false,"boss_relics":[],"items_purged_floors":[4],"is_endless":false,"potions_floor_spawned":[1],"killed_by":"Gremlin Nob","ascension_level":0}}