{"host":"l12hrjjiowxu1z6t","time":1609962874,"event":{"mods":["AchievementEnabler","BaseMod","Colored Map","Colored Powertips","Highlight Path","Minty Spire (QoL Compilation)","Relic Stats"],"gold_per_floor":[118,129,129,146,196,196,224,174,199,199,21,39,39,50,50,153,153,172,87,87,100,120,120,155,165,165,165,165,90,90,107,107,202,202,215,231,231,231,231,60,60,60,60,94,120,120,40,53,53,53,53],"floor_reached":50,"playtime":2890,"items_purged":[],"score":516,"play_id":"25d551ae-aee5-4ba8-ba9f-e478132eac6f","local_time":"20210106195434","is_ascension_mode":false,"campfire_choices":[{"data":"Poisoned Stab","floor":6,"key":"SMITH"},{"data":"Crippling Poison","floor":10,"key":"SMITH"},{"data":"Bouncing Flask","floor":13,"key":"SMITH"},{"floor":15,"key":"REST"},{"data":"Venomology","floor":23,"key":"SMITH"},{"floor":28,"key":"REST"},{"floor":30,"key":"REST"},{"data":"Prepared","floor":32,"key":"SMITH"},{"data":"Metamorphosis","floor":41,"key":"SMITH"},{"floor":46,"key":"REST"},{"floor":49,"key":"REST"}],"circlet_count":0,"master_deck":["Strike_G","Strike_G","Defend_G","Defend_G","Survivor","Neutralize","Crippling Poison+1","PiercingWail","Poisoned Stab+1","Flying Knee","Poisoned Stab","Bouncing Flask+1","Prepared+1","Venomology+1","Calculated Gamble","Bane","Deadly Poison","Dagger Spray","Necronomicurse","Bullet Time","Acrobatics","Mayhem+1","Deep Breath","Metamorphosis+1","Dagger Spray+1","Finisher","Noxious Fumes+1","Parasite","Blade Dance+1"],"relics":["SacredBark","Blood Vial","Frozen Egg 2","Lantern","Anchor","Snecko Eye","WingedGreaves","Regal Pillow","Peace Pipe","Necronomicon","Empty Cage","Oddly Smooth Stone","Question Card"],"acts_visited":["Exordium","TheCity","TheBeyond"],"potions_floor_usage":[7,21,21,24,24,25,31,33,33,35,35,44,44,44,45,48,50],"damage_taken":[{"damage":1,"enemies":"Cultist","floor":1,"turns":4},{"damage":0,"enemies":"2 Louse","floor":2,"turns":3},{"damage":0,"enemies":"Jaw Worm","floor":4,"turns":6},{"damage":12,"enemies":"Lagavulin","floor":7,"turns":6},{"damage":2,"enemies":"Looter","floor":12,"turns":3},{"damage":0,"enemies":"2 Fungi Beasts","floor":14,"turns":2},{"damage":37,"enemies":"Hexaghost","floor":16,"turns":9},{"damage":0,"enemies":"Chosen","floor":18,"turns":3},{"damage":10,"enemies":"Shell Parasite","floor":21,"turns":4},{"damage":5,"enemies":"Centurion and Healer","floor":22,"turns":6},{"damage":26,"enemies":"Gremlin Leader","floor":24,"turns":5},{"damage":27,"enemies":"3 Cultists","floor":25,"turns":6},{"damage":5,"enemies":"Snake Plant","floor":31,"turns":2},{"damage":32,"enemies":"Collector","floor":33,"turns":8},{"damage":0,"enemies":"3 Shapes","floor":35,"turns":2},{"damage":16,"enemies":"3 Darklings","floor":36,"turns":4},{"damage":15,"enemies":"Giant Head","floor":44,"turns":6},{"damage":33,"enemies":"Reptomancer","floor":45,"turns":5},{"damage":19,"enemies":"Writhing Mass","floor":48,"turns":5},{"damage":80,"enemies":"Awakened One","floor":50,"turns":5}],"seed_played":"5156203725585763183","potions_obtained":[{"floor":1,"key":"DistilledChaos"},{"floor":7,"key":"Strength Potion"},{"floor":12,"key":"Fruit Juice"},{"floor":25,"key":"Poison Potion"},{"floor":33,"key":"ColorlessPotion"},{"floor":45,"key":"EssenceOfSteel"}],"is_trial":false,"path_per_floor":["M","M","?","M","T","R","E","?","T","R","$","M","R","M","R","B",null,"M","?","?","M","M","R","E","M","T","?","R","?","R","M","R","B",null,"M","M","?","?","?","$","R","?","T","E","E","R","$","M","R","B"],"character_chosen":"THE_SILENT","items_purchased":["Anchor","Poisoned Stab","Metamorphosis","Noxious Fumes+1"],"campfire_rested":5,"item_purchase_floors":[11,11,40,47],"current_hp_per_floor":[69,69,62,62,62,62,52,52,52,52,52,52,52,54,70,33,70,70,70,70,70,67,67,43,18,18,2,41,41,80,75,75,45,80,80,64,64,64,59,59,59,59,59,46,15,54,54,37,76,0,0],"gold":53,"neow_bonus":"BOSS_RELIC","is_daily":false,"chose_seed":false,"campfire_upgraded":6,"win_rate":0.0,"timestamp":1609962874,"path_taken":["M","?","?","M","?","R","E","?","T","R","$","M","R","M","R","BOSS","M","?","?","?","M","R","E","?","T","?","R","?","R","M","R","BOSS","M","M","?","?","?","$","R","?","T","E","E","R","$","M","R","BOSS"],"items_purchased_type":["Relic","Card","Card","Card"],"build_version":"2020-12-22","purchased_purges":0,"victory":false,"max_hp_per_floor":[70,70,70,70,70,70,70,70,70,70,70,70,70,70,70,70,70,70,70,70,80,80,80,80,80,80,80,80,80,80,80,80,80,80,80,80,80,80,80,80,80,80,80,80,80,80,80,80,80,80,80],"relic_stats":{"Blood Vial":22,"Peace Pipe":1,"Regal Pillow":60,"counters":[20,94],"Snecko Eye":[115,117,122,127],"Necronomicon":[19],"Question Card":1,"obtain_stats":[{"Lantern":9,"Regal Pillow":24,"SacredBark":0,"Oddly Smooth Stone":44,"Frozen Egg 2":7,"Empty Cage":34,"Question Card":45,"Blood Vial":5,"Peace Pipe":26,"Anchor":11,"Snecko Eye":17,"WingedGreaves":19,"Necronomicon":27,"Ring of the Snake":0},{"Lantern":4,"Regal Pillow":11,"SacredBark":0,"Oddly Smooth Stone":17,"Frozen Egg 2":4,"Empty Cage":14,"Question Card":18,"Blood Vial":3,"Peace Pipe":12,"Anchor":4,"Snecko Eye":7,"WingedGreaves":8,"Necronomicon":12,"Ring of the Snake":0},{"Lantern":19,"Regal Pillow":51,"SacredBark":0,"Oddly Smooth Stone":79,"Frozen Egg 2":19,"Empty Cage":67,"Question Card":84,"Blood Vial":13,"Peace Pipe":57,"Anchor":19,"Snecko Eye":33,"WingedGreaves":36,"Necronomicon":57,"Ring of the Snake":0}]},"card_choices":[{"not_picked":["Calculated Gamble","Footwork"],"picked":"Crippling Poison","floor":1},{"not_picked":["Flying Knee","Sucker Punch"],"picked":"PiercingWail","floor":2},{"not_picked":["PiercingWail","Flying Knee"],"picked":"Poisoned Stab","floor":4},{"not_picked":["Dagger Throw","Flechettes"],"picked":"Flying Knee","floor":7},{"not_picked":["Flechettes","Prepared"],"picked":"Bouncing Flask","floor":12},{"not_picked":["Poisoned Stab","Dodge and Roll"],"picked":"Prepared","floor":14},{"not_picked":["Wraith Form v2+1","Night Terror"],"picked":"Venomology","floor":16},{"not_picked":["Skewer+1","Underhanded Strike"],"picked":"Calculated Gamble","floor":18},{"not_picked":["Leg Sweep","Flying Knee","Prepared"],"picked":"SKIP","floor":21},{"not_picked":["Acrobatics+1","Escape Plan+1"],"picked":"Bane","floor":22},{"not_picked":["Poisoned Stab","Bouncing Flask"],"picked":"Deadly Poison","floor":24},{"not_picked":["Deadly Poison+1","Calculated Gamble"],"picked":"Dagger Spray","floor":25},{"not_picked":["Flying Knee","Dagger Throw","Slice"],"picked":"SKIP","floor":31},{"not_picked":["Unload","Wraith Form v2+1"],"picked":"Bullet Time","floor":33},{"not_picked":["Quick Slash","Acrobatics","Poisoned Stab+1"],"picked":"SKIP","floor":35},{"not_picked":["Quick Slash","Poisoned Stab+1"],"picked":"Acrobatics","floor":35},{"not_picked":["Cloak And Dagger+1","Bouncing Flask","Quick Slash"],"picked":"SKIP","floor":36},{"not_picked":["Swift Strike","Blind"],"picked":"Mayhem+1","floor":39},{"not_picked":["Purity","Bandage Up"],"picked":"Deep Breath","floor":39},{"not_picked":["Prepared","Backstab"],"picked":"Dagger Spray+1","floor":44},{"not_picked":["Slice+1","Quick Slash"],"picked":"Finisher","floor":45},{"not_picked":["Crippling Poison+1","Skewer+1","Poisoned Stab"],"picked":"Blade Dance+1","floor":48}],"player_experience":83517,"relics_obtained":[{"floor":5,"key":"Blood Vial"},{"floor":7,"key":"Frozen Egg 2"},{"floor":9,"key":"Lantern"},{"floor":24,"key":"Regal Pillow"},{"floor":26,"key":"Peace Pipe"},{"floor":27,"key":"Necronomicon"},{"floor":44,"key":"Oddly Smooth Stone"},{"floor":45,"key":"Question Card"}],"event_choices":[{"cards_removed":["Defend_G"],"damage_healed":0,"gold_gain":0,"player_choice":"Card Removal","damage_taken":7,"max_hp_gain":0,"max_hp_loss":0,"event_name":"Golden Wing","floor":3,"gold_loss":0},{"cards_removed":["Strike_G"],"damage_healed":0,"gold_gain":0,"player_choice":"Card Removal","damage_taken":0,"max_hp_gain":0,"max_hp_loss":0,"event_name":"The Cleric","floor":8,"gold_loss":50},{"damage_healed":0,"gold_gain":0,"player_choice":"Obtained Relic","damage_taken":0,"relics_obtained":["WingedGreaves"],"max_hp_gain":0,"max_hp_loss":0,"event_name":"Addict","floor":19,"gold_loss":85},{"damage_healed":0,"gold_gain":0,"player_choice":"Ignored","damage_taken":0,"max_hp_gain":0,"max_hp_loss":0,"event_name":"N\u0027loth","floor":20,"gold_loss":0},{"damage_healed":0,"gold_gain":0,"player_choice":"Obtained Book","damage_taken":16,"max_hp_gain":0,"max_hp_loss":0,"event_name":"Cursed Tome","floor":27,"gold_loss":0},{"cards_removed":["Strike_G"],"damage_healed":0,"gold_gain":0,"player_choice":"Gave Gold","damage_taken":0,"max_hp_gain":0,"max_hp_loss":0,"event_name":"Beggar","floor":29,"gold_loss":75},{"cards_removed":["Defend_G"],"damage_healed":0,"gold_gain":0,"player_choice":"Removed Skill","damage_taken":0,"max_hp_gain":0,"max_hp_loss":0,"event_name":"Falling","floor":37,"gold_loss":0},{"damage_healed":0,"gold_gain":0,"player_choice":"Ignored","damage_taken":0,"max_hp_gain":0,"max_hp_loss":0,"event_name":"Tomb of Lord Red Mask","floor":38,"gold_loss":0},{"damage_healed":0,"gold_gain":0,"player_choice":"Memory 2","damage_taken":5,"max_hp_gain":0,"max_hp_loss":0,"event_name":"SensoryStone","floor":39,"gold_loss":0},{"damage_healed":0,"gold_gain":0,"player_choice":"Bought 0 Potions","damage_taken":0,"max_hp_gain":0,"max_hp_loss":0,"event_name":"The Woman in Blue","floor":42,"gold_loss":0}],"is_beta":false,"boss_relics":[{"not_picked":["WristBlade","Philosopher\u0027s Stone"],"picked":"Snecko Eye"},{"not_picked":["Busted Crown","Coffee Dripper"],"picked":"Empty Cage"}],"items_purged_floors":[],"is_endless":false,"potions_floor_spawned":[1,7,12,22,25,33,45],"killed_by":"Awakened One","ascension_level":0}}