{"host":"jx3f6ezc0g3s9edc","time":1609901909,"event":{"mods":["AchievementEnabler","BaseMod","Bestiary","Colored Map","Highlight Path","Minty Spire (QoL Compilation)","StSLib"],"gold_per_floor":[117,117,127,77,3,3,14,26,26,26,26],"floor_reached":10,"playtime":543,"items_purged":[],"score":90,"play_id":"a102eb27-6c3d-4263-8ea9-4d3aab5c6330","local_time":"20210105215829","is_ascension_mode":true,"campfire_choices":[{"data":"Enlightenment","floor":6,"key":"SMITH"}],"circlet_count":0,"master_deck":["AscendersBane","Strike_R","Strike_R","Strike_R","Strike_R","Defend_R","Defend_R","Defend_R","Defend_R","Bash","Enlightenment+1","Flex","Evolve","Headbutt","Shrug It Off","Spot Weakness","Battle Trance"],"relics":["Burning Blood","Blood Vial"],"acts_visited":["Exordium"],"potions_floor_usage":[10],"damage_taken":[{"damage":8,"enemies":"2 Louse","floor":1,"turns":2},{"damage":11,"enemies":"Jaw Worm","floor":3,"turns":4},{"damage":10,"enemies":"Cultist","floor":7,"turns":6},{"damage":27,"enemies":"3 Louse","floor":8,"turns":5},{"damage":78,"enemies":"Gremlin Nob","floor":10,"turns":5}],"seed_played":"-1862260033119488268","potions_obtained":[{"floor":7,"key":"Regen Potion"}],"is_trial":false,"path_per_floor":["M","?","M","?","$","R","M","M","T","E"],"character_chosen":"IRONCLAD","items_purchased":["Headbutt","Shrug It Off"],"campfire_rested":0,"item_purchase_floors":[5,5],"current_hp_per_floor":[70,75,70,70,70,70,66,45,45,0,0],"gold":26,"neow_bonus":"RANDOM_COLORLESS","is_daily":false,"chose_seed":false,"campfire_upgraded":1,"win_rate":0.0,"timestamp":1609901909,"path_taken":["M","?","M","?","$","R","M","M","T","E"],"items_purchased_type":["Card","Card"],"build_version":"2020-12-22","purchased_purges":0,"victory":false,"max_hp_per_floor":[80,85,85,85,85,85,85,85,85,85,85],"card_choices":[{"not_picked":["Blind","Discovery"],"picked":"Enlightenment","floor":0},{"not_picked":["Clash","Warcry"],"picked":"Flex","floor":1},{"not_picked":["Havoc","Intimidate"],"picked":"Evolve","floor":3},{"not_picked":["Anger","Heavy Blade"],"picked":"Spot Weakness","floor":7},{"not_picked":["Body Slam","Blood for Blood"],"picked":"Battle Trance","floor":8}],"player_experience":729883,"relics_obtained":[{"floor":9,"key":"Blood Vial"}],"event_choices":[{"damage_healed":0,"gold_gain":0,"player_choice":"Donut","damage_taken":0,"max_hp_gain":5,"max_hp_loss":0,"event_name":"Big Fish","floor":2,"gold_loss":0},{"cards_removed":["Strike_R"],"damage_healed":0,"gold_gain":0,"player_choice":"Card Removal","damage_taken":0,"max_hp_gain":0,"max_hp_loss":0,"event_name":"The Cleric","floor":4,"gold_loss":50}],"is_beta":false,"boss_relics":[],"items_purged_floors":[],"is_endless":false,"potions_floor_spawned":[7],"killed_by":"Gremlin Nob","ascension_level":11}}