{"host":"s794kqxf2n1qz2yr","time":1609894691,"event":{"mods":["100% Spire Juice","2.2 Compatiblity","AchievementEnabler","Aspiration","BaseMod","Downfall","Friendly Minions","Hermit","Minty Spire (QoL Compilation)","Permanent Neow","StSLib","The Disciple","The Edgeheg","The Marked"],"gold_per_floor":[86,103,53,68,83,83,102,102,102,119,136,136,152,174,174,278,278,278,278,54,54,54],"floor_reached":21,"playtime":1261,"items_purged":[],"score":173,"play_id":"c196680a-ecd4-460c-8128-c0d45c9c6213","local_time":"20210106005811","is_ascension_mode":false,"campfire_choices":[{"data":"theEdgeheg:MasterEmerald","floor":6,"key":"SMITH"},{"data":"theEdgeheg:CoolExplosion","floor":8,"key":"SMITH"},{"data":"theEdgeheg:Butt","floor":15,"key":"SMITH"}],"circlet_count":0,"master_deck":["theEdgeheg:StarterShootAttack","theEdgeheg:StarterShootAttack","theEdgeheg:StarterShootAttack","theEdgeheg:StarterShootAttack","theEdgeheg:StarterDodgeSkill","theEdgeheg:StarterDodgeSkill","theEdgeheg:StarterDodgeSkill","theEdgeheg:BloodyKatana","theEdgeheg:ChaosControlSkill","theEdgeheg:GatherChaos","theEdgeheg:BlackKatana","theEdgeheg:MasterEmerald+1","theEdgeheg:QuickKatana","theEdgeheg:CoolExplosion+1","theEdgeheg:Butt+1","theEdgeheg:SupersonicSpeed","theEdgeheg:HappyTimmy","theEdgeheg:ChaosControlSkill","Strike_P","theEdgeheg:MasterEmerald"],"relics":["theEdgeheg:UltimateLifeformRelic","theEdgeheg:GreenEmeraldRelic","aspiration:Nostalgia","Guardian:ModeShifter","Girya","Vajra","Odd Mushroom","Ectoplasm","theEdgeheg:YellowEmeraldRelic"],"acts_visited":["Exordium","TheCity"],"potions_floor_usage":[11,14],"damage_taken":[{"damage":0,"enemies":"Cultist","floor":1,"turns":5},{"damage":1,"enemies":"2 Louse","floor":2,"turns":3},{"damage":0,"enemies":"Jaw Worm","floor":4,"turns":6},{"damage":0,"enemies":"Looter","floor":5,"turns":4},{"damage":2,"enemies":"Blue Slaver","floor":7,"turns":4},{"damage":1,"enemies":"Gremlin Gang","floor":10,"turns":7},{"damage":0,"enemies":"Red Slaver","floor":11,"turns":4},{"damage":1,"enemies":"Blue Slaver","floor":13,"turns":5},{"damage":0,"enemies":"The Mushroom Lair","floor":14,"turns":5},{"damage":4,"enemies":"Slime Boss","floor":16,"turns":15},{"damage":2,"enemies":"Spheric Guardian","floor":18,"turns":6},{"damage":1,"enemies":"3 Byrds","floor":21,"turns":1}],"seed_played":"-3532878413988192456","potions_obtained":[{"floor":2,"key":"GamblersBrew"},{"floor":7,"key":"Ancient Potion"},{"floor":11,"key":"Fruit Juice"},{"floor":14,"key":"Dexterity Potion"}],"is_trial":false,"path_per_floor":["M","M","?","M","M","R","M","R","T","M","M","T","M","?","R","B",null,"M","?","$","M"],"character_chosen":"THE_DEFAULT","items_purchased":["theEdgeheg:YellowEmeraldRelic","theEdgeheg:MasterEmerald"],"campfire_rested":0,"item_purchase_floors":[20,20],"current_hp_per_floor":[5,4,4,5,5,5,3,3,3,4,5,5,4,4,4,2,3,1,1,1,0,0],"gold":54,"neow_bonus":"NOSTALGIA","is_daily":false,"chose_seed":false,"campfire_upgraded":3,"win_rate":0.0,"timestamp":1609894691,"path_taken":["M","?","?","M","M","R","M","R","T","M","M","?","M","?","R","BOSS","M","?","$","?"],"items_purchased_type":["Relic","Card"],"build_version":"2020-12-22","purchased_purges":0,"victory":false,"max_hp_per_floor":[5,5,5,5,5,5,5,5,5,5,10,10,10,10,10,10,10,10,10,10,10,10],"card_choices":[{"not_picked":["theEdgeheg:SkateboardTrick","theEdgeheg:ChaosWhip"],"picked":"theEdgeheg:BlackKatana","floor":1},{"not_picked":["theEdgeheg:BlackKatana","theEdgeheg:BetterDodge"],"picked":"theEdgeheg:MasterEmerald","floor":2},{"not_picked":["theEdgeheg:Reload","theEdgeheg:TimmyBackflip"],"picked":"theEdgeheg:QuickKatana","floor":4},{"not_picked":["theEdgeheg:ChaosControlSkill","theEdgeheg:DashKatana"],"picked":"theEdgeheg:CoolExplosion","floor":5},{"not_picked":["theEdgeheg:DualPistols","theEdgeheg:Shotgun"],"picked":"theEdgeheg:Butt","floor":7},{"not_picked":["theEdgeheg:PlayRandomCard","theEdgeheg:Fastness"],"picked":"theEdgeheg:UnplayableBomb","floor":10},{"not_picked":["theEdgeheg:Fastness","theEdgeheg:BetterDodge"],"picked":"theEdgeheg:SupersonicSpeed","floor":11},{"not_picked":["theEdgeheg:RollAndShoot","theEdgeheg:BadassArsenal","theEdgeheg:MachineGun"],"picked":"SKIP","floor":13},{"not_picked":["theEdgeheg:CSGun","theEdgeheg:RuleOfCool"],"picked":"theEdgeheg:HappyTimmy","floor":16},{"not_picked":["theEdgeheg:Fastness","theEdgeheg:Reload"],"picked":"theEdgeheg:ChaosControlSkill","floor":18}],"player_experience":300358,"relics_obtained":[{"floor":9,"key":"Girya"},{"floor":12,"key":"Vajra"},{"floor":14,"key":"Odd Mushroom"}],"event_choices":[{"damage_healed":0,"gold_gain":0,"player_choice":"Left Gold","damage_taken":0,"max_hp_gain":0,"max_hp_loss":0,"event_name":"World of Goop","floor":3,"gold_loss":50},{"damage_healed":0,"gold_gain":0,"player_choice":"Fought Mushrooms","damage_taken":0,"max_hp_gain":0,"max_hp_loss":0,"event_name":"Mushrooms","floor":14,"gold_loss":0},{"cards_removed":["theEdgeheg:UnplayableBomb"],"damage_healed":0,"gold_gain":0,"player_choice":"Took Card","damage_taken":0,"max_hp_gain":0,"max_hp_loss":0,"event_name":"NoteForYourself","floor":19,"gold_loss":0,"cards_obtained":["Strike_P"]}],"is_beta":false,"boss_relics":[{"not_picked":["Empty Cage","aspiration:DefectSkillbook"],"picked":"Ectoplasm"}],"items_purged_floors":[],"is_endless":false,"potions_floor_spawned":[2,7,11,14],"killed_by":"3 Byrds","ascension_level":0}}