{"host":"zflsh8k62z0aeokr","time":1609971317,"event":{"mods":["AchievementEnabler","BaseMod","Downfall","HololiveMod","Marisa????????","Minty Spire (QoL Compilation)","StSLib","The Animator","The Mystic","The Saiyan","The Servant 0.9.4"],"gold_per_floor":[97,97,97,115,131,131,160,30,107,118,134,134,148,177,177,272,272,288,300,312,312],"floor_reached":20,"playtime":2887,"items_purged":[],"score":234,"play_id":"a43e05fc-a4cd-42ec-9326-2ed6c43fecd7","local_time":"20210106171517","is_ascension_mode":false,"campfire_choices":[{"floor":6,"key":"RECALL"},{"floor":12,"key":"REST"},{"floor":15,"key":"REST"}],"circlet_count":0,"master_deck":["Saiyan:SAIYA_Defend+1","Saiyan:SAIYA_Defend","Saiyan:SAIYA_Defend","Saiyan:SAIYA_Defend","Saiyan:EnergyBlast+1","Saiyan:KaioKen","Saiyan:RuthlessBlow","Saiyan:KiExplosion","Saiyan:Quickening","Saiyan:Fly","Saiyan:TurtleShell","Saiyan:MeteorDash","Saiyan:SaiyanHubris","Saiyan:TurtleShell","Saiyan:PowerPole","Saiyan:Makankosappo","Saiyan:PressOn","Saiyan:DragonFist","Saiyan:SenzuBean","Saiyan:SaiyanHubris","Bite","Bite","Bite","Bite","Bite"],"relics":["SaiyanSoul","SaiyanHeart","Centennial Puzzle","Happy Flower","Sozu","MawBank"],"acts_visited":["Exordium","TheCity"],"potions_floor_usage":[4,7,10,11,13],"damage_taken":[{"damage":10,"enemies":"2 Louse","floor":1,"turns":2},{"damage":0,"enemies":"Cultist","floor":4,"turns":2},{"damage":5,"enemies":"Small Slimes","floor":5,"turns":3},{"damage":0,"enemies":"Gremlin Nob","floor":7,"turns":5},{"damage":3,"enemies":"Looter","floor":10,"turns":4},{"damage":0,"enemies":"Exordium Wildlife","floor":11,"turns":3},{"damage":0,"enemies":"Large Slime","floor":13,"turns":6},{"damage":26,"enemies":"3 Sentries","floor":14,"turns":6},{"damage":59,"enemies":"Hexaghost","floor":16,"turns":11},{"damage":48,"enemies":"2 Thieves","floor":18,"turns":7},{"damage":48,"enemies":"Masked Bandits","floor":20,"turns":6}],"seed_played":"6416829171584698916","potions_obtained":[{"floor":1,"key":"Strength Potion"},{"floor":3,"key":"hexamod:EctoCoolerPotion"},{"floor":3,"key":"champ:CounterPotion"},{"floor":4,"key":"EssenceOfSteel"},{"floor":10,"key":"Fruit Juice"}],"is_trial":false,"path_per_floor":["M","?","?","M","M","R","E","$","T","M","M","R","M","E","R","B",null,"M","?","?"],"character_chosen":"SAIYAJIN","items_purchased":["Saiyan:MeteorDash","Saiyan:SaiyanHubris","Saiyan:TurtleShell"],"campfire_rested":2,"item_purchase_floors":[8,8,8],"current_hp_per_floor":[57,44,44,45,41,41,44,44,44,47,49,73,75,50,74,16,84,37,37,0,0],"gold":312,"neow_bonus":"TEN_PERCENT_HP_BONUS","is_daily":false,"chose_seed":false,"campfire_upgraded":0,"win_rate":0.0,"timestamp":1609971317,"path_taken":["M","?","?","M","M","R","E","$","T","M","M","R","?","E","R","BOSS","M","?","?"],"items_purchased_type":["Card","Card","Card"],"build_version":"2020-12-22","purchased_purges":0,"victory":false,"max_hp_per_floor":[67,67,67,68,69,69,72,72,72,78,80,80,82,83,83,84,84,85,59,60,60],"card_choices":[{"not_picked":["Saiyan:ThirstForFight","Saiyan:Overexert"],"picked":"Saiyan:KiExplosion","floor":1},{"not_picked":["Saiyan:ExpandingShockwave","Saiyan:BigBangAttack"],"picked":"Saiyan:Quickening","floor":4},{"not_picked":["Saiyan:FingerParry","Saiyan:FinalFlash"],"picked":"Saiyan:Fly","floor":5},{"not_picked":["Saiyan:SolarFlare","Saiyan:SoulSpice"],"picked":"Saiyan:TurtleShell","floor":7},{"not_picked":["Saiyan:Endure","Saiyan:KiExplosion"],"picked":"Saiyan:PowerPole","floor":10},{"not_picked":["Saiyan:KiStrike","Saiyan:Planning"],"picked":"Saiyan:Makankosappo","floor":11},{"not_picked":["Saiyan:PowerStance","Saiyan:Flurry"],"picked":"Saiyan:PressOn","floor":13},{"not_picked":["Saiyan:FinalFlash","Saiyan:PowerUp"],"picked":"Saiyan:DragonFist","floor":14},{"not_picked":["Saiyan:TransfigurationBeam","Saiyan:SolarFlare"],"picked":"Saiyan:SenzuBean","floor":16},{"not_picked":["Saiyan:DragonFist","Saiyan:BackAttack"],"picked":"Saiyan:SaiyanHubris","floor":18}],"player_experience":2114,"relics_obtained":[{"floor":7,"key":"Centennial Puzzle"},{"floor":14,"key":"Happy Flower"},{"floor":18,"key":"MawBank"}],"event_choices":[{"damage_healed":0,"gold_gain":0,"player_choice":"Entered Light","damage_taken":13,"max_hp_gain":0,"max_hp_loss":0,"event_name":"Shining Light","floor":2,"gold_loss":0,"cards_upgraded":["Saiyan:EnergyBlast","Saiyan:SAIYA_Defend"]},{"damage_healed":0,"gold_gain":0,"player_choice":"Got Potions","damage_taken":0,"max_hp_gain":0,"max_hp_loss":0,"event_name":"Lab","floor":3,"gold_loss":0},{"damage_healed":0,"gold_gain":0,"player_choice":"Became a vampire","damage_taken":0,"max_hp_gain":0,"max_hp_loss":26,"event_name":"Vampires","floor":19,"gold_loss":0,"cards_obtained":["Bite","Bite","Bite","Bite","Bite"]},{"damage_healed":0,"gold_gain":0,"player_choice":"Fought Bandits","damage_taken":0,"max_hp_gain":0,"max_hp_loss":0,"event_name":"Masked Bandits","floor":20,"gold_loss":0}],"is_beta":false,"boss_relics":[{"not_picked":["Hololive_TopUpMoneyS","Black Star"],"picked":"Sozu"}],"items_purged_floors":[],"is_endless":false,"potions_floor_spawned":[1,4,10,18],"killed_by":"Masked Bandits","ascension_level":0}}