{"host":"qr4czw4lps0sljwa","time":1609918552,"event":{"mods":["BaseMod","Downfall","Minty Spire (QoL Compilation)","StSLib"],"gold_per_floor":[99,99,99,99,114,128,128,141,153,169,196,196,229,242,259,358,358,358,378,378,67,84,84,135,135,13,13,113,163,163,181,193,193,193,193],"floor_reached":33,"playtime":2305,"items_purged":[],"score":282,"play_id":"a3b96764-3357-40f6-b8a4-126d25928cff","local_time":"20210105233552","is_ascension_mode":false,"campfire_choices":[{"data":"Slimebound:Split","floor":1,"key":"SMITH"},{"floor":12,"key":"REST"},{"data":"Slimebound:SelfFormingGoo","floor":18,"key":"SMITH"},{"floor":30,"key":"REST"}],"circlet_count":0,"master_deck":["Slimebound:Strike_Slimebound","Slimebound:Tackle","Slimebound:Defend_Slimebound","Slimebound:Defend_Slimebound","Slimebound:Defend_Slimebound","Slimebound:Defend_Slimebound","Slimebound:Split+1","Slimebound:CorrosiveSpit","Slimebound:SlimeBarrage","Slimebound:SplitMire","Slimebound:LeechEnergy","Slimebound:OozeBath","Slimebound:FirmFortitude","Slimebound:SplitMire","Slimebound:LivingWall","Slimebound:Repurpose","Slimebound:Repurpose","Slimebound:GoopSpray","Slimebound:HauntingLick","Slimebound:SelfFormingGoo+1","Slimebound:MegaLick+1","Slimebound:SpikyOuterGoop","expansioncontent:QuickStudy","Slimebound:RainOfGoop","Slimebound:HauntingLick","Slimebound:Schlurp","Writhe","Slimebound:Gluttony+1","Slimebound:GoopTackle","Slimebound:MegaLick","Slimebound:FormOfPuddle","Slimebound:BestDefense","Slimebound:Equalize","Necronomicurse","Slimebound:SplitLeeching"],"relics":["Slimebound:AbsorbEndCombatUpgraded","Bronze Scales","Du-Vu Doll","Happy Flower","Juzu Bracelet","Nloth\u0027s Gift","downfall:CloakOfManyFaces","CultistMask","FaceOfCleric","NlothsMask","GremlinMask","SsserpentHead","Necronomicon"],"acts_visited":["Exordium","TheCity"],"potions_floor_usage":[9,9,11,13,19,31,32],"damage_taken":[{"damage":0,"enemies":"Jaw Worm","floor":2,"turns":1},{"damage":0,"enemies":"Cultist","floor":3,"turns":1},{"damage":0,"enemies":"2 Louse","floor":4,"turns":1},{"damage":19,"enemies":"Red Slaver","floor":5,"turns":3},{"damage":16,"enemies":"Blue Slaver","floor":6,"turns":4},{"damage":24,"enemies":"2 Fungi Beasts","floor":8,"turns":2},{"damage":18,"enemies":"Gremlin Gang","floor":9,"turns":3},{"damage":20,"enemies":"Exordium Wildlife","floor":10,"turns":3},{"damage":33,"enemies":"Gremlin Nob","floor":11,"turns":3},{"damage":26,"enemies":"Lagavulin","floor":13,"turns":5},{"damage":23,"enemies":"Large Slime","floor":14,"turns":4},{"damage":11,"enemies":"Exordium Thugs","floor":15,"turns":4},{"damage":52,"enemies":"downfall:Silent","floor":16,"turns":6},{"damage":33,"enemies":"Shell Parasite","floor":19,"turns":4},{"damage":9,"enemies":"downfall:FleeingMerchant","floor":21,"turns":4},{"damage":12,"enemies":"3 Byrds","floor":22,"turns":3},{"damage":14,"enemies":"downfall:FleeingMerchant","floor":26,"turns":4},{"damage":42,"enemies":"downfall:FaceTrader","floor":28,"turns":8},{"damage":36,"enemies":"Snake Plant","floor":31,"turns":3},{"damage":37,"enemies":"Centurion and Healer","floor":32,"turns":6},{"damage":61,"enemies":"downfall:Watcher","floor":33,"turns":4}],"seed_played":"6261361766114120528","potions_obtained":[{"floor":5,"key":"SkillPotion"},{"floor":6,"key":"Swift Potion"},{"floor":8,"key":"Dexterity Potion"},{"floor":10,"key":"PowerPotion"},{"floor":15,"key":"EssenceOfSteel"},{"floor":22,"key":"SteroidPotion"},{"floor":28,"key":"BlessingOfTheForge"}],"is_trial":false,"path_per_floor":["R","M","M","M","M","M","T","M","M","M","E","R","E","M","M","B",null,"R","M","?","$","M","?","T","?","$","?","?","?","R","M","M","B"],"character_chosen":"SLIMEBOUND","items_purchased":["expansioncontent:QuickStudy","Slimebound:RainOfGoop","Slimebound:HauntingLick","Slimebound:GoopTackle","Slimebound:MegaLick"],"campfire_rested":2,"item_purchase_floors":[21,21,21,26,26],"current_hp_per_floor":[60,60,60,60,55,53,53,45,45,37,26,44,46,51,58,40,60,60,53,58,60,60,60,60,60,58,58,38,22,40,17,23,0,0,0],"gold":193,"neow_bonus":"THREE_ENEMY_KILL","is_daily":false,"chose_seed":false,"campfire_upgraded":2,"win_rate":0.0,"timestamp":1609918552,"path_taken":["R","M","M","M","M","M","T","M","M","M","E","R","E","M","M","BOSS","R","M","?","?","M","?","T","?","$","?","?","?","R","M","M","BOSS"],"items_purchased_type":["Card","Card","Card","Card","Card"],"build_version":"2020-12-22","purchased_purges":0,"victory":false,"max_hp_per_floor":[60,60,60,60,60,60,60,60,60,60,60,60,60,60,60,60,60,60,60,60,60,60,60,60,60,60,60,60,60,60,61,62,62,62,62],"card_choices":[{"not_picked":["Slimebound:GrowthPunch","Slimebound:MegaLick"],"picked":"Slimebound:SlimeBarrage","floor":2},{"not_picked":["Slimebound:RollThrough","Slimebound:LeechEnergy"],"picked":"Slimebound:SplitAcid","floor":3},{"not_picked":["Slimebound:GrowthPunch","Slimebound:Schlurp"],"picked":"Slimebound:SplitMire","floor":4},{"not_picked":["Slimebound:FinishingTackle","Slimebound:Dissolve"],"picked":"Slimebound:LeechEnergy","floor":5},{"not_picked":["Slimebound:FinishingTackle","Slimebound:GoopSpray"],"picked":"Slimebound:OozeBath","floor":6},{"not_picked":["Slimebound:SplitMire","Slimebound:LeechingTouch"],"picked":"Slimebound:FirmFortitude","floor":8},{"not_picked":["Slimebound:SamplingLick","Slimebound:FinishingTackle"],"picked":"Slimebound:SplitMire","floor":9},{"not_picked":["Slimebound:SlimeSpikes","Slimebound:Schlurp"],"picked":"Slimebound:LivingWall","floor":10},{"not_picked":["Slimebound:ForwardTackle","Slimebound:DouseInSlime"],"picked":"Slimebound:Repurpose","floor":11},{"not_picked":["Slimebound:SlimeSpikes","Slimebound:LeechEnergy"],"picked":"Slimebound:Repurpose","floor":13},{"not_picked":["Slimebound:Schlurp","Slimebound:Grow"],"picked":"Slimebound:GoopSpray","floor":14},{"not_picked":["Slimebound:PressTheAttack","Slimebound:SlimeBarrage"],"picked":"Slimebound:HauntingLick","floor":15},{"not_picked":["Slimebound:MinionMaster","Slimebound:DuplicatedForm"],"picked":"Slimebound:SelfFormingGoo","floor":16},{"not_picked":["Slimebound:FinishingTackle","Slimebound:LeechingTouch"],"picked":"Slimebound:MegaLick+1","floor":19},{"not_picked":["Slimebound:Grow","Slimebound:LeadByExample"],"picked":"Slimebound:SpikyOuterGoop","floor":21},{"not_picked":["Slimebound:SamplingLick+1","Slimebound:FinishingTackle"],"picked":"Slimebound:Schlurp","floor":22},{"not_picked":["Slimebound:AcidTongue","Slimebound:SplitAcid"],"picked":"Slimebound:Gluttony+1","floor":26},{"not_picked":["Slimebound:Repurpose+1","Slimebound:ItLooksTasty+1"],"picked":"Slimebound:Equalize","floor":28},{"not_picked":["Slimebound:WasteNot","Slimebound:SlimeSpikes+1"],"picked":"Slimebound:SplitLeeching","floor":31},{"not_picked":["Slimebound:SplitAcid","Slimebound:WasteNot","Slimebound:SplitLeeching"],"picked":"SKIP","floor":32}],"player_experience":191755,"relics_obtained":[{"floor":7,"key":"Bronze Scales"},{"floor":11,"key":"Du-Vu Doll"},{"floor":13,"key":"Happy Flower"},{"floor":28,"key":"downfall:CloakOfManyFaces"},{"floor":29,"key":"Necronomicon"}],"event_choices":[{"cards_removed":["Slimebound:SplitAcid"],"damage_healed":5,"gold_gain":0,"player_choice":"Offered Common","damage_taken":0,"max_hp_gain":0,"max_hp_loss":0,"event_name":"Bonfire Elementals","floor":20,"gold_loss":0},{"cards_removed":["Slimebound:SplitAcid"],"damage_healed":5,"gold_gain":0,"player_choice":"Offered Special","damage_taken":0,"max_hp_gain":0,"max_hp_loss":0,"event_name":"Bonfire Elementals","floor":20,"gold_loss":0},{"damage_healed":0,"gold_gain":0,"cards_transformed":["Slimebound:Strike_Slimebound","Slimebound:Strike_Slimebound"],"player_choice":"Became Test Subject","damage_taken":0,"max_hp_gain":0,"max_hp_loss":0,"event_name":"Drug Dealer","floor":27,"gold_loss":0,"cards_obtained":["Slimebound:FormOfPuddle","Slimebound:BestDefense"]}],"is_beta":false,"boss_relics":[{"not_picked":["Black Star","Sozu"],"picked":"Slimebound:AbsorbEndCombatUpgraded"}],"items_purged_floors":[],"is_endless":false,"potions_floor_spawned":[5,6,8,10,15,22,28],"killed_by":"downfall:Watcher","ascension_level":0}}