{"host":"g1wmg2w41xhsnw8g","time":1609899323,"event":{"mods":["2.2 Compatiblity","Act Like it!","BaseMod","Better Altar","Better Match","Better Note","Better Sensory Stone","Better Skull","Better Third Choice","BetterRewards","Booster Modes","CapriCore","Colored Map","Colored Powertips","Curses Come First","Defuse TimeMaze Blight","Displayed Cursed Tome","Evolution","Friendly Minions","GifTheSpireLib","Googly Eyes","Infinite Spire","Minty Spire (QoL Compilation)","Railgun Mod","Red Circlet Mod","Relic Sorter","Robot Space Explorer","Shop Mod","Spicy Shops","Spikes Relics","StSLib","The Sage","Transform Curses","Wandering Minibosses","????"],"gold_per_floor":[119,134,134,134,150,182,182,213,236,261,226,226,252,271,41,138,138,150,150,150,164,106,106,134,134,157,191,208,226,104,124,124,229,229,247,37,37,37,56,91,0,52,52,52,52,52],"floor_reached":45,"playtime":2691,"items_purged":["Pain"],"score":716,"play_id":"d459c799-6c05-45f8-a06c-f08888a60461","local_time":"20210105211523","daily_mods":["Allstar","Blue Cards","Heirloom","Elite Swarm"],"is_ascension_mode":true,"campfire_choices":[{"data":"Thunder Strike","floor":12,"key":"SMITH"},{"data":"Chill","floor":23,"key":"SMITH"},{"data":"TheRailgun:Biribiri","floor":25,"key":"SMITH"},{"data":"Electrodynamics","floor":32,"key":"SMITH"},{"data":"BlessedFruit","floor":44,"key":"SMITH"}],"circlet_count":0,"master_deck":["Compile Driver","Cold Snap","TheRailgun:Crack","TheRailgun:Electrical_Fire","Leap","Conserve Battery","TheRailgun:Discharge","TheRailgun:Static","TheRailgun:Zip","Thinking Ahead","Chrysalis","Swift Strike","Forethought","TheRailgun:Thunderbolt","TheRailgun:Zap","TheRailgun:Battery_Pack","Electrodynamics+1","Creative AI","Thunder Strike+1","TheRailgun:Biribiri+1","TheRailgun:Thunder","TheRailgun:Static+1","TheRailgun:Oneesama","Cold Snap","Chill+1","TheRailgun:Thunder+1","Core Surge+1","Chaos+1","Lockon+1","BootSequence","Echo Form","Loop+1","PanicButton+1","TheRailgun:Zap+1","Blizzard+1","Injury","infinitespire:UltimateForm","Beam Cell+1","TheRailgun:Judgement_Officer","BlessedFruit+1","BlessedFruit","Multi-Cast"],"relics":["TheRailgun:CoinRelic","EVO:Axolotl","infinitespire:Golems Mask","Sundial","infinitespire:PuzzleCube","Bag of Preparation","Art of War","infinitespire:Beetle Shell","Orichalcum","MerchantsRug","SpikesRelics:DaevaFist","Black Star","Nunchaku","Molten Egg 2","MiniBlackHole","RollingBoulder","Pen Nib","ClockworkSouvenir","Happy Flower","Astrolabe","Tiny Chest","Strawberry","WarpedTongs","SlaversCollar","Lee\u0027s Waffle","wanderingMiniBosses:Inkheart","Potion Belt","CeramicFish","Red Mask","Meat on the Bone","HeavenlyBonsai","Omamori"],"acts_visited":["Exordium","TheCity","TheBeyond"],"potions_floor_usage":[6,10,13,21,33],"damage_taken":[{"damage":1,"enemies":"Cultist","floor":1,"turns":3},{"damage":5,"enemies":"Jaw Worm","floor":2,"turns":3},{"damage":0,"enemies":"Small Slimes","floor":5,"turns":2},{"damage":0,"enemies":"3 Sentries","floor":6,"turns":4},{"damage":18,"enemies":"Lagavulin","floor":8,"turns":4},{"damage":20,"enemies":"Gremlin Nob","floor":10,"turns":4},{"damage":13,"enemies":"3 Sentries","floor":13,"turns":4},{"damage":0,"enemies":"3 Louse","floor":14,"turns":2},{"damage":5,"enemies":"Hexaghost","floor":16,"turns":8},{"damage":0,"enemies":"3 Byrds","floor":18,"turns":2},{"damage":0,"enemies":"Chosen","floor":21,"turns":3},{"damage":7,"enemies":"Nightmare","floor":24,"turns":5},{"damage":12,"enemies":"Gremlin Leader","floor":27,"turns":5},{"damage":13,"enemies":"Snake Plant","floor":28,"turns":3},{"damage":0,"enemies":"3 Cultists","floor":29,"turns":4},{"damage":12,"enemies":"Chosen and Byrds","floor":31,"turns":6},{"damage":9,"enemies":"Collector","floor":33,"turns":5},{"damage":0,"enemies":"3 Shapes","floor":35,"turns":3},{"damage":29,"enemies":"3 Darklings","floor":39,"turns":5},{"damage":0,"enemies":"Giant Head","floor":40,"turns":1},{"damage":32,"enemies":"Reptomancer","floor":42,"turns":5},{"damage":38,"enemies":"Nemesis","floor":45,"turns":3}],"seed_played":"5972087443050289102","potions_obtained":[{"floor":5,"key":"Swift Potion"},{"floor":6,"key":"Energy Potion"},{"floor":10,"key":"SkillPotion"},{"floor":16,"key":"Swift Potion"},{"floor":18,"key":"DistilledChaos"},{"floor":27,"key":"SmokeBomb"},{"floor":31,"key":"SteroidPotion"},{"floor":35,"key":"SteroidPotion"}],"is_trial":true,"path_per_floor":["M","M","?","T","M","E","?","E","T","E","?","R","E","M","R","B",null,"M","?","?","M","$","R","NM","R","T","E","M","M","$","M","R","B",null,"M","$","?","AVR","M","E","?","E","T","R","E"],"character_chosen":"THE_DEFAULT","items_purchased":["MerchantsRug","SpikesRelics:DaevaFist","Nunchaku","ClockworkSouvenir","Happy Flower","Tiny Chest","Strawberry"],"campfire_rested":0,"item_purchase_floors":[15,15,22,30,30,36,36],"current_hp_per_floor":[69,64,64,64,64,64,57,39,39,19,36,36,23,23,23,18,70,70,70,70,70,70,70,63,63,63,51,38,38,38,26,26,17,70,70,77,77,84,55,55,55,23,23,23,0,0],"gold":52,"neow_bonus":"","is_daily":false,"chose_seed":false,"campfire_upgraded":5,"win_rate":0.0,"timestamp":1609899323,"path_taken":["M","?","?","?","M","E","?","E","T","E","?","R","E","?","R","BOSS","M","?","?","?","$","R","NM","R","T","E","?","M","?","M","R","BOSS","M","$","?","AVR","?","E","?","E","T","R","E"],"items_purchased_type":["Relic","Relic","Relic","Relic","Relic","Relic","Relic"],"build_version":"2020-12-22","purchased_purges":1,"victory":false,"max_hp_per_floor":[70,70,70,70,70,70,70,70,70,70,70,70,70,70,70,70,70,70,70,70,70,70,70,70,70,70,70,70,70,70,70,70,70,70,70,77,77,84,84,84,84,84,84,84,88,88],"card_choices":[{"not_picked":["TheRailgun:Positive_Field","Leap"],"picked":"TheRailgun:Thunderbolt","floor":1},{"not_picked":["TheRailgun:Battery_Pack","TheRailgun:Crack"],"picked":"TheRailgun:Zap","floor":2},{"not_picked":["TheRailgun:Coin_Flip","TheRailgun:Taser"],"picked":"TheRailgun:Battery_Pack","floor":5},{"not_picked":["TheRailgun:Overload","Amplify"],"picked":"Electrodynamics","floor":6},{"not_picked":["Reboot","TheRailgun:Magnetic_Flight"],"picked":"Creative AI","floor":8},{"not_picked":["Echo Form","TheRailgun:Magnetic_Flight"],"picked":"Thunder Strike","floor":10},{"not_picked":["TheRailgun:Overload","Seek"],"picked":"Biased Cognition","floor":13},{"not_picked":["Go for the Eyes","TheRailgun:Positive_Field"],"picked":"TheRailgun:Biribiri","floor":14},{"not_picked":["Creative AI","Reboot"],"picked":"TheRailgun:Thunder","floor":16},{"not_picked":["Leap","Turbo"],"picked":"TheRailgun:Static+1","floor":18},{"not_picked":["TheRailgun:Iron_Dust_Sword","TheRailgun:Aerial_Shot"],"picked":"Chill","floor":21},{"not_picked":["Biased Cognition","Reboot"],"picked":"TheRailgun:Thunder+1","floor":24},{"not_picked":["Rainbow","TheRailgun:Level_6"],"picked":"Core Surge+1","floor":27},{"not_picked":["TheRailgun:Push+1","TheRailgun:Zip+1"],"picked":"Chaos+1","floor":28},{"not_picked":["DiskWipe","White Noise"],"picked":"Lockon+1","floor":29},{"not_picked":["TheRailgun:Electrical_Fire+1","DiskWipe"],"picked":"BootSequence","floor":31},{"not_picked":["All For One+1","TheRailgun:Overload"],"picked":"Echo Form","floor":33},{"not_picked":["TheRailgun:Crackle+1","Stack"],"picked":"Blizzard+1","floor":35},{"not_picked":["TheRailgun:Sister_Network","TheRailgun:Positive_Field+1"],"picked":"Beam Cell+1","floor":39},{"not_picked":["Hyperbeam+1","TheRailgun:Level_6"],"picked":"TheRailgun:Judgement_Officer","floor":40},{"not_picked":["TheRailgun:Circuitous","Echo Form"],"picked":"Multi-Cast","floor":42}],"player_experience":1065958,"relics_obtained":[{"floor":3,"key":"infinitespire:Eraser"},{"floor":4,"key":"Sundial"},{"floor":6,"key":"infinitespire:PuzzleCube"},{"floor":8,"key":"Bag of Preparation"},{"floor":9,"key":"Art of War"},{"floor":10,"key":"infinitespire:Beetle Shell"},{"floor":13,"key":"Orichalcum"},{"floor":24,"key":"Molten Egg 2"},{"floor":24,"key":"MiniBlackHole"},{"floor":26,"key":"RollingBoulder"},{"floor":27,"key":"Ornamental Fan"},{"floor":27,"key":"Pen Nib"},{"floor":39,"key":"wanderingMiniBosses:Inkheart"},{"floor":40,"key":"Potion Belt"},{"floor":40,"key":"CeramicFish"},{"floor":42,"key":"Meat on the Bone"},{"floor":42,"key":"HeavenlyBonsai"},{"floor":43,"key":"Omamori"}],"event_choices":[{"cards_removed":["TheRailgun:Defend"],"damage_healed":0,"gold_gain":0,"player_choice":"Card Removal","damage_taken":7,"max_hp_gain":0,"max_hp_loss":0,"event_name":"Golden Wing","floor":7,"gold_loss":0},{"damage_healed":17,"gold_gain":0,"player_choice":"Healed","damage_taken":0,"max_hp_gain":0,"max_hp_loss":0,"event_name":"The Cleric","floor":11,"gold_loss":35},{"cards_removed":["Electrodynamics"],"damage_healed":0,"gold_gain":0,"player_choice":"Take \u0026 Give","damage_taken":0,"max_hp_gain":0,"max_hp_loss":0,"event_name":"betterNote:BetterNote","floor":19,"gold_loss":0,"cards_obtained":["TheRailgun:Oneesama"]},{"damage_healed":0,"gold_gain":0,"player_choice":"Copied","damage_taken":0,"max_hp_gain":0,"max_hp_loss":0,"event_name":"Duplicator","floor":20,"gold_loss":0,"cards_obtained":["Cold Snap"]},{"damage_healed":0,"gold_gain":0,"player_choice":"Rummage","damage_taken":0,"relics_obtained":["WarpedTongs"],"max_hp_gain":0,"max_hp_loss":0,"event_name":"Accursed Blacksmith","floor":37,"gold_loss":0,"cards_obtained":["Pain"]},{"damage_healed":0,"gold_gain":0,"player_choice":"Paid","damage_taken":0,"relics_obtained":["Red Mask"],"max_hp_gain":0,"max_hp_loss":0,"event_name":"Tomb of Lord Red Mask","floor":41,"gold_loss":91}],"is_beta":false,"boss_relics":[{"not_picked":["Tiny House","Sandwich"],"picked":"Black Star"},{"not_picked":["Runic Dome","Cursed Key"],"picked":"Astrolabe"}],"items_purged_floors":[38],"is_endless":true,"potions_floor_spawned":[5,6,10,16,18,27,31,35],"killed_by":"Nemesis","ascension_level":1}}