{"host":"066y5nba5qw19k68","time":1609924023,"event":{"mods":["BaseMod","Colored Powertips","Downfall","Minty Spire (QoL Compilation)","Replay The Spire","Shop Mod","StSLib"],"gold_per_floor":[117,132,63,79,97,97,125,125,174,189,189,203,217,235,235,331,331,348,423,441,457,471,499,499,499,522,332,184,211,57,84,84,84,84],"floor_reached":33,"playtime":5870,"items_purged":[],"score":306,"play_id":"707e3e96-9ea4-4043-9a81-61462af0ec1c","local_time":"20210106170703","is_ascension_mode":true,"campfire_choices":[{"data":"Eruption","floor":6,"key":"SMITH"},{"data":"ForeignInfluence","floor":11,"key":"SMITH"},{"data":"Crescendo","floor":15,"key":"SMITH"},{"floor":24,"key":"REST"},{"floor":32,"key":"REST"}],"circlet_count":0,"master_deck":["Defend_P","Defend_P","Defend_P","Eruption+1","Vigilance+1","EmptyBody","FearNoEvil+1","Wallop","FlurryOfBlows","Crescendo+1","ForeignInfluence+1","Steam","FlurryOfBlows+1","Vault","Replay:LoomingThreat+1","WindmillStrike+1","LessonLearned+1","FollowUp+1","InnerPeace","Indignation","Adaptation","FollowUp"],"relics":["PureWater","NeowsBlessing","Meat on the Bone","Simple Rune","Astrolabe","Whetstone","Potion Belt","ReplayTheSpireMod:TigerMarble","Orichalcum","Golden Egg","Toolbox","Blood Vial"],"acts_visited":["Exordium","TheCity"],"potions_floor_usage":[16,29,29],"damage_taken":[{"damage":0,"enemies":"Cultist","floor":1,"turns":1},{"damage":0,"enemies":"Jaw Worm","floor":2,"turns":1},{"damage":0,"enemies":"Small Slimes","floor":4,"turns":1},{"damage":8,"enemies":"Exordium Thugs","floor":5,"turns":6},{"damage":38,"enemies":"Gremlin Nob","floor":7,"turns":5},{"damage":0,"enemies":"Exordium Wildlife","floor":10,"turns":2},{"damage":0,"enemies":"Lots of Slimes","floor":12,"turns":3},{"damage":0,"enemies":"3 Louse","floor":13,"turns":3},{"damage":0,"enemies":"Blue Slaver","floor":14,"turns":2},{"damage":19,"enemies":"Hexaghost","floor":16,"turns":6},{"damage":3,"enemies":"Shell Parasite","floor":18,"turns":2},{"damage":0,"enemies":"Chosen","floor":20,"turns":3},{"damage":0,"enemies":"Snake Plant","floor":21,"turns":3},{"damage":38,"enemies":"Cultist and Chosen","floor":22,"turns":6},{"damage":32,"enemies":"Book of Stabbing","floor":23,"turns":4},{"damage":15,"enemies":"Centurion and Healer","floor":25,"turns":6},{"damage":8,"enemies":"Slavers","floor":29,"turns":3},{"damage":138,"enemies":"Automaton","floor":33,"turns":7}],"seed_played":"-9050575931960253982","potions_obtained":[{"floor":4,"key":"champ:CounterPotion"},{"floor":5,"key":"Block Potion"},{"floor":12,"key":"SkillPotion"},{"floor":13,"key":"Dexterity Potion"},{"floor":21,"key":"Explosive Potion"}],"is_trial":false,"path_per_floor":["M","M","$","M","M","R","E","?","T","M","R","M","M","M","R","B",null,"M","?","M","M","M","E","R","M","T","$","$","E","$","T","R","B"],"character_chosen":"WATCHER","items_purchased":["Wallop","Adaptation","ReplayTheSpireMod:TigerMarble","Orichalcum","Toolbox"],"campfire_rested":2,"item_purchase_floors":[3,27,27,28,30],"current_hp_per_floor":[72,72,72,72,64,64,26,26,26,38,38,38,38,38,38,31,72,69,62,62,62,36,16,37,34,34,34,34,38,38,38,59,0,0],"gold":84,"neow_bonus":"THREE_ENEMY_KILL","is_daily":false,"chose_seed":false,"campfire_upgraded":3,"win_rate":0.0,"timestamp":1609924023,"path_taken":["M","M","?","M","M","R","E","?","T","M","R","M","M","M","R","BOSS","M","?","M","M","M","E","R","M","T","?","$","E","$","?","R","BOSS"],"items_purchased_type":["Card","Card","Relic","Relic","Relic"],"build_version":"2020-12-22","purchased_purges":0,"victory":false,"max_hp_per_floor":[72,72,72,72,72,72,72,72,72,72,72,72,72,72,72,72,72,72,72,72,72,72,72,72,72,72,72,72,72,72,72,72,72,72],"card_choices":[{"not_picked":["Prostrate","BowlingBash"],"picked":"EmptyBody","floor":1},{"not_picked":["WindmillStrike","Crescendo"],"picked":"FearNoEvil","floor":2},{"not_picked":["Vengeance","WheelKick","Replay:Anticipation"],"picked":"SKIP","floor":4},{"not_picked":["SashWhip","DeceiveReality"],"picked":"FlurryOfBlows","floor":5},{"not_picked":["Pray","Replay:Anticipation"],"picked":"Crescendo","floor":7},{"not_picked":["CrushJoints","Replay:DivineShield","Crescendo"],"picked":"SKIP","floor":10},{"not_picked":["Protect","JustLucky","Crescendo"],"picked":"SKIP","floor":12},{"not_picked":["Replay:DivineShield","ThirdEye","EmptyBody"],"picked":"SKIP","floor":13},{"not_picked":["ClearTheMind","Evaluate"],"picked":"FlurryOfBlows","floor":14},{"not_picked":["Brilliance","Replay:AllIn"],"picked":"Vault","floor":16},{"not_picked":["Crescendo","Evaluate","Collect+1"],"picked":"SKIP","floor":18},{"not_picked":["Replay:ManipulateFuture+1","Replay:LoomingThreat","CutThroughFate+1"],"picked":"SKIP","floor":20},{"not_picked":["Study","Sanctity"],"picked":"FollowUp","floor":21},{"not_picked":["Crescendo","SignatureMove"],"picked":"InnerPeace","floor":22},{"not_picked":["SandsOfTime","InnerPeace+1"],"picked":"Indignation","floor":23},{"not_picked":["FlurryOfBlows","DeceiveReality+1","FollowUp"],"picked":"SKIP","floor":25},{"not_picked":["FearNoEvil","Pray+1"],"picked":"FollowUp","floor":29}],"player_experience":67237,"relics_obtained":[{"floor":7,"key":"Meat on the Bone"},{"floor":9,"key":"Simple Rune"},{"floor":23,"key":"Whetstone"},{"floor":26,"key":"Potion Belt"},{"floor":29,"key":"Golden Egg"},{"floor":31,"key":"Blood Vial"}],"event_choices":[{"damage_healed":0,"gold_gain":75,"player_choice":"Touch","damage_taken":7,"max_hp_gain":0,"max_hp_loss":0,"event_name":"FaceTrader","floor":19,"gold_loss":0}],"is_beta":false,"boss_relics":[{"not_picked":["Replay:Grab Bag","Replay:Drink Me"],"picked":"Astrolabe"}],"items_purged_floors":[],"is_endless":false,"potions_floor_spawned":[4,5,12,13,21,22],"killed_by":"Automaton","ascension_level":1}}