{"host":"640uue19m79c7wbt","time":1609901892,"event":{"mods":["BaseMod","Colored Map","Googly Eyes","Highlight Path","Minty Spire (QoL Compilation)","Quick Restart","StSLib"],"gold_per_floor":[112,112,112,187,362,362,124,158,213,248,248,248,248],"floor_reached":12,"playtime":160,"items_purged":["Doubt"],"score":191,"play_id":"dc71a61e-2f02-48e5-a273-8a75e3e57420","local_time":"20210105215812","is_ascension_mode":true,"campfire_choices":[{"data":"Riddle With Holes","floor":6,"key":"SMITH"}],"circlet_count":0,"master_deck":["Strike_G+1","Strike_G","Strike_G","Strike_G","Defend_G","Defend_G","Defend_G","Defend_G","Defend_G","Survivor+1","Neutralize","Underhanded Strike","Riddle With Holes+1","Bullet Time","Accuracy","Dagger Throw","Acrobatics+1"],"relics":["Ring of the Snake","NeowsBlessing","Calipers","Toy Ornithopter","Toxic Egg 2","Eternal Feather"],"acts_visited":["Exordium"],"potions_floor_usage":[12],"damage_taken":[{"damage":0,"enemies":"Small Slimes","floor":1,"turns":1},{"damage":0,"enemies":"Lagavulin","floor":8,"turns":1},{"damage":0,"enemies":"3 Sentries","floor":10,"turns":1},{"damage":30,"enemies":"Lagavulin","floor":12,"turns":3}],"seed_played":"-7510165507290593937","potions_obtained":[{"floor":10,"key":"LiquidBronze"}],"is_trial":false,"path_per_floor":["M","?","?","?","?","R","$","E","T","E","?","E"],"character_chosen":"THE_SILENT","items_purchased":["Bullet Time","Accuracy"],"campfire_rested":0,"item_purchase_floors":[7,7],"current_hp_per_floor":[63,63,49,38,38,38,38,38,38,38,20,0,0],"gold":248,"neow_bonus":"THREE_ENEMY_KILL","is_daily":false,"chose_seed":false,"campfire_upgraded":1,"win_rate":0.0,"timestamp":1609901892,"path_taken":["M","?","?","?","?","R","$","E","T","E","?","E"],"items_purchased_type":["Card","Card"],"build_version":"2020-12-22","purchased_purges":1,"victory":false,"max_hp_per_floor":[70,70,70,70,70,70,70,70,70,70,70,70,70],"card_choices":[{"not_picked":["Blade Dance","PiercingWail"],"picked":"Underhanded Strike","floor":1},{"not_picked":["Dodge and Roll","Die Die Die"],"picked":"Dagger Throw","floor":8},{"not_picked":["Skewer","Sucker Punch"],"picked":"Acrobatics+1","floor":10}],"player_experience":576788,"relics_obtained":[{"floor":8,"key":"Calipers"},{"floor":9,"key":"Toy Ornithopter"},{"floor":10,"key":"Toxic Egg 2"}],"event_choices":[{"damage_healed":0,"gold_gain":0,"cards_transformed":["Strike_G"],"player_choice":"Change","damage_taken":0,"max_hp_gain":0,"max_hp_loss":0,"event_name":"Living Wall","floor":2,"gold_loss":0,"cards_obtained":["Riddle With Holes"]},{"damage_healed":0,"gold_gain":0,"player_choice":"Entered Light","damage_taken":14,"max_hp_gain":0,"max_hp_loss":0,"event_name":"Shining Light","floor":3,"gold_loss":0,"cards_upgraded":["Strike_G","Survivor"]},{"damage_healed":0,"gold_gain":75,"player_choice":"Gather Gold","damage_taken":11,"max_hp_gain":0,"max_hp_loss":0,"event_name":"World of Goop","floor":4,"gold_loss":0},{"damage_healed":0,"gold_gain":175,"player_choice":"AGREE","damage_taken":0,"max_hp_gain":0,"max_hp_loss":0,"event_name":"Liars Game","floor":5,"gold_loss":0,"cards_obtained":["Doubt"]},{"damage_healed":0,"gold_gain":0,"player_choice":"Success","damage_taken":18,"relics_obtained":["Eternal Feather"],"max_hp_gain":0,"max_hp_loss":0,"event_name":"Scrap Ooze","floor":11,"gold_loss":0}],"is_beta":false,"boss_relics":[],"items_purged_floors":[7],"is_endless":false,"potions_floor_spawned":[10],"killed_by":"Lagavulin","ascension_level":9}}