{"host":"jm9833yuloeli2yd","time":1609897994,"event":{"mods":["BaseMod","Better Altar","Better Match","Better Note","Better Sensory Stone","Better Skull","Better Third Choice","Better Vampires","BetterRewards","Colored Map","Colored Powertips","DeckTracker","Minty Spire (QoL Compilation)","Permanent Neow","Quick Restart","StSLib","SuperFastMode"],"gold_per_floor":[118,134,134,146,146,146,179,179,179,194,213,213,242,167,167,253,253,282,301,337,337,366,366,410,460,483,48,63,63,89,126,126,213,213,225,249,583,158,214,214,214,17,26,45,61,61,61,70,70,70,70],"floor_reached":50,"playtime":1698,"items_purged":["Defend_G","Bite","Defend_G"],"score":1351,"play_id":"08703ce6-151b-4019-b5c0-5258a5eb1a04","local_time":"20210105205314","is_ascension_mode":true,"campfire_choices":[{"data":"Neutralize","floor":6.0,"key":"SMITH"},{"data":"Dash","floor":8.0,"key":"SMITH"},{"floor":12.0,"key":"REST"},{"data":"Caltrops","floor":15.0,"key":"SMITH"},{"data":"Caltrops","floor":23,"key":"SMITH"},{"floor":29,"key":"REST"},{"data":"Calculated Gamble","floor":32,"key":"SMITH"},{"floor":40,"key":"RECALL"},{"data":"Footwork","floor":47,"key":"SMITH"},{"data":"Catalyst","floor":49,"key":"SMITH"}],"circlet_count":0,"master_deck":["AscendersBane","Defend_G","Defend_G+1","Survivor","Neutralize+1","Adrenaline","Caltrops+1","Noxious Fumes+1","Dash+1","Masterful Stab","Calculated Gamble+1","Sucker Punch","Corpse Explosion","Caltrops+1","Backflip","Bite","Bite","Bite","Well Laid Plans","Crippling Poison","Escape Plan","Escape Plan","Tools of the Trade","Crippling Poison","Crippling Poison+1","PiercingWail","Catalyst+1","Normality","Footwork+1","Flash of Steel"],"relics":["Ring of the Serpent","Mummified Hand","Pantograph","CeramicFish","Happy Flower","Akabeko","Eternal Feather","Centennial Puzzle","Cursed Key","Old Coin","ClockworkSouvenir","Snake Skull","WingedGreaves"],"acts_visited":["Exordium","TheCity","TheBeyond"],"potions_floor_usage":[24,33,45,50],"damage_taken":[{"damage":0.0,"enemies":"2 Louse","floor":1.0,"turns":4.0},{"damage":0.0,"enemies":"Small Slimes","floor":2.0,"turns":4.0},{"damage":3.0,"enemies":"Jaw Worm","floor":4.0,"turns":4.0},{"damage":3.0,"enemies":"Lagavulin","floor":7.0,"turns":8.0},{"damage":0.0,"enemies":"3 Louse","floor":10.0,"turns":2.0},{"damage":1.0,"enemies":"Red Slaver","floor":11.0,"turns":2.0},{"damage":0.0,"enemies":"Gremlin Nob","floor":13.0,"turns":3.0},{"damage":9.0,"enemies":"The Guardian","floor":16.0,"turns":10.0},{"damage":12.0,"enemies":"2 Thieves","floor":18.0,"turns":3.0},{"damage":18.0,"enemies":"Shell Parasite","floor":19.0,"turns":5.0},{"damage":1,"enemies":"Cultist and Chosen","floor":22,"turns":4},{"damage":34,"enemies":"Gremlin Leader","floor":24,"turns":7},{"damage":10,"enemies":"Snake Plant","floor":28,"turns":3},{"damage":0,"enemies":"Chosen and Byrds","floor":30,"turns":5},{"damage":20,"enemies":"Slavers","floor":31,"turns":2},{"damage":23,"enemies":"Automaton","floor":33,"turns":9},{"damage":7,"enemies":"Orb Walker","floor":35,"turns":4},{"damage":6,"enemies":"3 Shapes","floor":36,"turns":4},{"damage":0,"enemies":"Mind Bloom Boss Battle","floor":37,"turns":6},{"damage":53,"enemies":"2 Orb Walkers","floor":39,"turns":4},{"damage":14,"enemies":"Maw","floor":44,"turns":7},{"damage":37,"enemies":"Writhing Mass","floor":45,"turns":4},{"damage":73,"enemies":"Time Eater","floor":50,"turns":9}],"seed_played":"7383428774360140128","potions_obtained":[{"floor":1.0,"key":"Fire Potion"},{"floor":4.0,"key":"LiquidMemories"},{"floor":11.0,"key":"FearPotion"},{"floor":16.0,"key":"AttackPotion"},{"floor":21.0,"key":"ColorlessPotion"},{"floor":22,"key":"Strength Potion"},{"floor":24,"key":"Dexterity Potion"},{"floor":35,"key":"ColorlessPotion"},{"floor":37,"key":"Dexterity Potion"},{"floor":45,"key":"Fire Potion"}],"is_trial":false,"path_per_floor":["M","M","?","M","?","R","E","R","T","M","M","R","E","?","R","B",null,"M","M","?","?","M","R","E","?","T","$","M","R","M","E","R","B",null,"M","M","?","$","?","R","$","$","T","M","M","$","R","?","R","B"],"character_chosen":"THE_SILENT","items_purchased":["Adrenaline","Eternal Feather","Regen Potion","ClockworkSouvenir","Snake Skull","Catalyst"],"campfire_rested":2,"item_purchase_floors":[0,27,27,38,38,42],"current_hp_per_floor":[59,59,52,49,29,29,26,26,26,26,25,44,44,44,44,57,64,52,34,34,34,43,43,19,19,19,19,13,40,48,32,44,38,47,45,47,50,50,3,18,18,18,18,22,5,5,20,20,38,0,0],"gold":70,"neow_bonus":"","is_daily":false,"chose_seed":false,"campfire_upgraded":7,"win_rate":0.0,"timestamp":1609897994,"path_taken":["M","M","?","M","?","R","E","R","T","M","M","R","E","?","R","BOSS","M","M","?","?","?","R","E","?","T","?","M","R","M","E","R","BOSS","M","?","?","$","?","R","$","$","T","M","M","?","R","?","R","BOSS"],"items_purchased_type":["Card","Relic","Potion","Relic","Relic","Card"],"build_version":"2020-12-22","purchased_purges":3,"victory":false,"max_hp_per_floor":[66,66,66,66,66,66,66,66,66,66,66,66,66,66,66,66,66,66,66,50,50,50,50,50,50,50,50,50,50,50,50,50,50,50,50,50,50,50,50,50,50,50,50,50,50,50,50,50,50,50,50],"card_choices":[{"not_picked":["Accuracy","Dodge and Roll"],"picked":"Caltrops","floor":1.0},{"not_picked":["Caltrops","Backflip"],"picked":"Noxious Fumes","floor":2.0},{"not_picked":["Outmaneuver","Malaise"],"picked":"Dash","floor":4.0},{"not_picked":["Quick Slash","Crippling Poison"],"picked":"Masterful Stab","floor":7.0},{"not_picked":["Flying Knee","Slice"],"picked":"Calculated Gamble","floor":10.0},{"not_picked":["Acrobatics","Flying Knee"],"picked":"Sucker Punch","floor":11.0},{"not_picked":["Distraction","Masterful Stab","Acrobatics"],"picked":"SKIP","floor":13.0},{"not_picked":["Storm of Steel","Tools of the Trade"],"picked":"Corpse Explosion","floor":16.0},{"not_picked":["Calculated Gamble","Dagger Spray"],"picked":"Caltrops","floor":18.0},{"not_picked":["Acrobatics","Deadly Poison"],"picked":"Backflip","floor":19.0},{"not_picked":["Sucker Punch","Blade Dance+1"],"picked":"Well Laid Plans","floor":22},{"not_picked":["Quick Slash","Setup"],"picked":"Crippling Poison","floor":24},{"not_picked":["Deadly Poison","Bane","Poisoned Stab"],"picked":"SKIP","floor":28},{"not_picked":["Deadly Poison","Flying Knee+1"],"picked":"Escape Plan","floor":30},{"not_picked":["Dodge and Roll","Distraction"],"picked":"Escape Plan","floor":31},{"not_picked":["Unload","Die Die Die"],"picked":"Tools of the Trade","floor":33},{"not_picked":["Outmaneuver","Underhanded Strike","Bane"],"picked":"SKIP","floor":35},{"not_picked":["Well Laid Plans+1","Concentrate"],"picked":"Crippling Poison","floor":36},{"not_picked":["Dodge and Roll","Blade Dance"],"picked":"Crippling Poison+1","floor":37},{"not_picked":["Deflect","Accuracy"],"picked":"PiercingWail","floor":39},{"not_picked":["Crippling Poison","PiercingWail+1"],"picked":"Footwork","floor":44},{"not_picked":["Endless Agony","Slice","Dagger Throw"],"picked":"SKIP","floor":45},{"not_picked":["HandOfGreed","Forethought"],"picked":"Flash of Steel","floor":48}],"player_experience":1254963,"relics_obtained":[{"floor":7.0,"key":"Mummified Hand"},{"floor":9.0,"key":"Pantograph"},{"floor":13.0,"key":"CeramicFish"},{"floor":24,"key":"Happy Flower"},{"floor":26,"key":"Akabeko"},{"floor":31,"key":"Centennial Puzzle"},{"floor":37,"key":"Old Coin"},{"floor":39,"key":"WingedGreaves"}],"event_choices":[{"cards_removed":["Defend_G"],"damage_healed":0.0,"max_hp_gain":0.0,"max_hp_loss":0.0,"gold_gain":0.0,"event_name":"Golden Wing","player_choice":"Card Removal","floor":3.0,"gold_loss":0.0,"damage_taken":7.0},{"damage_healed":49.0,"max_hp_gain":0.0,"max_hp_loss":66.0,"gold_gain":0.0,"event_name":"betterThird:BetterShining","player_choice":"Upgrade","floor":5.0,"gold_loss":0.0,"damage_taken":20.0,"cards_upgraded":["Noxious Fumes","Defend_G"]},{"cards_removed":["Strike_G"],"damage_healed":0.0,"max_hp_gain":0.0,"max_hp_loss":0.0,"gold_gain":0.0,"event_name":"The Cleric","player_choice":"Card Removal","floor":14.0,"gold_loss":75.0,"damage_taken":0.0},{"damage_healed":0.0,"max_hp_gain":0.0,"max_hp_loss":16.0,"gold_gain":0.0,"event_name":"Vampires","player_choice":"Became a vampire","floor":20.0,"gold_loss":0.0,"damage_taken":0.0,"cards_obtained":["Bite","Bite","Bite","Bite"]},{"damage_healed":0.0,"max_hp_gain":0.0,"max_hp_loss":0.0,"gold_gain":0.0,"event_name":"Lab","player_choice":"Got Potions","floor":21.0,"gold_loss":0.0,"damage_taken":0.0},{"damage_healed":0,"gold_gain":100,"player_choice":"Bet on Murderer","damage_taken":0,"max_hp_gain":0,"max_hp_loss":0,"event_name":"The Joust","floor":25,"gold_loss":50},{"damage_healed":0,"gold_gain":0,"player_choice":"Fight","damage_taken":0,"max_hp_gain":0,"max_hp_loss":0,"event_name":"MindBloom","floor":37,"gold_loss":0},{"damage_healed":0,"gold_gain":0,"player_choice":"Fight","damage_taken":0,"max_hp_gain":0,"max_hp_loss":0,"event_name":"Mysterious Sphere","floor":39,"gold_loss":0},{"damage_healed":0,"gold_gain":3,"player_choice":"1","damage_taken":0,"max_hp_gain":0,"max_hp_loss":0,"event_name":"betterStone:BetterStone","floor":48,"gold_loss":0}],"is_beta":false,"boss_relics":[{"not_picked":["Snecko Eye","Empty Cage"],"picked":"Ring of the Serpent"},{"not_picked":["Calling Bell","WristBlade"],"picked":"Cursed Key"}],"items_purged_floors":[27,38,42],"is_endless":false,"potions_floor_spawned":[1,4,11,16,22,24,30,31,35,37,45],"killed_by":"Time Eater","ascension_level":20}}