{"host":"0m7uut7ws4kj19nt","time":1609962003,"event":{"mods":["AchievementEnabler","BaseMod","Minty Spire (QoL Compilation)","Replay The Spire","StSLib","The Cursed","The Necromancer"],"gold_per_floor":[118,118,138,100,65,93,105,105,179,214,231,231,265,265,265,370,370,385,385,403,421,192,192,221,221,221,231,85,104,432,448,448,543,543,553,564,564,614,629,655,655,682,682,694,55,55,55,68,68,68,68],"floor_reached":50,"playtime":3143,"items_purged":["Strike_G","ReplayTheSpireMod:Doomed"],"score":907,"play_id":"33cd9269-2cf2-4ab2-8668-846f897c6143","local_time":"20210107024003","is_ascension_mode":true,"campfire_choices":[{"data":"Bane","floor":8.0,"key":"SMITH"},{"data":"Glass Knife","floor":15.0,"key":"SMITH"},{"data":"ReplayTheSpireMod:Scrap Shanks","floor":23.0,"key":"SMITH"},{"data":"Die Die Die","floor":25.0,"key":"SMITH"},{"floor":32.0,"key":"REST"},{"floor":46.0,"key":"REST"},{"floor":49.0,"key":"RECALL"}],"circlet_count":0,"master_deck":["Strike_G","Strike_G","Defend_G","Defend_G","Defend_G+1","Defend_G","Defend_G+1","Survivor","Neutralize","Flying Knee+1","Dagger Throw","Toxin Wave","Bane+1","Eviscerate","Glass Knife+1","Die Die Die+1","Underhanded Strike+1","Acrobatics","ReplayTheSpireMod:Scrap Shanks+1","Deflect","Well Laid Plans","Eviscerate","ReplayTheSpireMod:Speed Training","CommonCold","Backflip","Grand Finale+1","Noxious Fumes+1","Prepared+1","Adrenaline","ReplayTheSpireMod:From All Sides+1","Masterful Stab+1","Eviscerate+1","Noxious Fumes+1","Crippling Poison","Madness","Madness","Predator+1","Parasite","Prepared","ReplayTheSpireMod:Uncanny Aura","Purity","Acrobatics"],"relics":["Ring of the Snake","NeowsBlessing","Bag of Preparation","Iron Hammer","Juzu Bracelet","Replay:Bottled Steam","Replay:Grab Bag","Painkiller Herb","Cursed Key","Snecko Scales","Molten Egg 2","ReplayTheSpireMod:Lightbulb","Old Coin","Empty Cage","Tingsha","The Courier","MealTicket","Toolbox","Replay:Baseball","Replay:Towering Pillar of Hats"],"acts_visited":["Exordium","TheCity","TheBeyond"],"potions_floor_usage":[50],"damage_taken":[{"damage":0.0,"enemies":"2 Louse","floor":1.0,"turns":1.0},{"damage":0.0,"enemies":"Small Slimes","floor":3.0,"turns":1.0},{"damage":0.0,"enemies":"3 Sentries","floor":6.0,"turns":2.0},{"damage":1.0,"enemies":"Jaw Worm","floor":7.0,"turns":3.0},{"damage":12.0,"enemies":"Lagavulin","floor":10.0,"turns":4.0},{"damage":0.0,"enemies":"3 Louse","floor":11.0,"turns":2.0},{"damage":22.0,"enemies":"Gremlin Nob","floor":13.0,"turns":4.0},{"damage":30.0,"enemies":"Hexaghost","floor":16.0,"turns":10.0},{"damage":6.0,"enemies":"3 Byrds","floor":18.0,"turns":2.0},{"damage":0.0,"enemies":"Chosen","floor":20.0,"turns":2.0},{"damage":0.0,"enemies":"Sentry and Sphere","floor":21.0,"turns":2.0},{"damage":0.0,"enemies":"Gremlin Leader","floor":24.0,"turns":3.0},{"damage":0.0,"enemies":"3 Cultists","floor":27.0,"turns":2.0},{"damage":20.0,"enemies":"Shelled Parasite and Fungi","floor":29.0,"turns":2.0},{"damage":0.0,"enemies":"Slavers","floor":30.0,"turns":3.0},{"damage":0.0,"enemies":"Snake Plant","floor":31.0,"turns":2.0},{"damage":3.0,"enemies":"Collector","floor":33.0,"turns":4.0},{"damage":0.0,"enemies":"3 Darklings","floor":35.0,"turns":2.0},{"damage":0.0,"enemies":"Orb Walker","floor":36.0,"turns":3.0},{"damage":7.0,"enemies":"Mind Bloom Boss Battle","floor":38.0,"turns":5.0},{"damage":12.0,"enemies":"Sphere and 2 Shapes","floor":39.0,"turns":2.0},{"damage":14.0,"enemies":"R_Hoarder","floor":40.0,"turns":5.0},{"damage":13.0,"enemies":"Nemesis","floor":42.0,"turns":5.0},{"damage":13.0,"enemies":"Writhing Mass","floor":44.0,"turns":5.0},{"damage":0.0,"enemies":"4 Shapes","floor":48.0,"turns":1.0},{"damage":69,"enemies":"Donu and Deca","floor":50,"turns":5}],"seed_played":"2563695554910610429","potions_obtained":[{"floor":3.0,"key":"Energy Potion"},{"floor":7.0,"key":"Explosive Potion"},{"floor":11.0,"key":"DuplicationPotion"},{"floor":16.0,"key":"GamblersBrew"},{"floor":21.0,"key":"Toxic Potion"},{"floor":27.0,"key":"LifebloodPotion"},{"floor":31.0,"key":"Elixir"},{"floor":35.0,"key":"FairyPotion"},{"floor":39.0,"key":"LiquidBronze"},{"floor":42.0,"key":"Energy Potion"}],"is_trial":false,"path_per_floor":["M","?","M","$","?","E","M","R","T","E","M","?","E","?","R","B",null,"?","?","?","?","T","T","E","T","T","?","T","?","E","?","T","B",null,"?","?","?","?","?","E","?","E","T","?","T","T","?","?","T","B"],"character_chosen":"THE_SILENT","items_purchased":["Toxin Wave","Well Laid Plans","Eviscerate","Grand Finale+1","ReplayTheSpireMod:Uncanny Aura","Toolbox","Replay:Baseball","Replay:Towering Pillar of Hats"],"campfire_rested":2,"item_purchase_floors":[4,22,22,28,45,45,45,45],"current_hp_per_floor":[63,49,49,49,66,66,65,65,65,53,53,53,31,54,54,24,59,53,53,53,53,53,53,53,53,53,53,53,33,33,33,54,51,65,65,65,65,58,46,32,23,10,10,21,36,57,57,57,57,0,0],"gold":68,"neow_bonus":"THREE_ENEMY_KILL","is_daily":false,"chose_seed":false,"campfire_upgraded":4,"win_rate":0.0,"timestamp":1609962003,"path_taken":["M","?","M","$","?","E","M","R","T","E","M","?","E","?","R","BOSS","?","?","?","?","T","T","E","T","T","?","T","?","E","?","T","BOSS","?","?","?","?","?","E","?","E","T","?","T","T","?","?","T","BOSS"],"items_purchased_type":["Card","Card","Card","Card","Card","Relic","Relic","Relic"],"build_version":"2020-12-22","purchased_purges":2,"victory":false,"max_hp_per_floor":[70,70,70,70,70,70,70,70,70,70,70,70,70,70,70,70,70,70,70,70,70,70,70,70,70,70,70,70,70,70,70,70,70,70,70,70,70,70,70,70,70,70,70,70,70,70,70,70,70,70,70],"card_choices":[{"not_picked":["PiercingWail","Sneak Up"],"picked":"Flying Knee","floor":1.0},{"not_picked":["Outmaneuver","Deadly Poison"],"picked":"Dagger Throw","floor":3.0},{"not_picked":["Underhanded Strike","Poisoned Stab"],"picked":"Bane","floor":6.0},{"not_picked":["Outmaneuver","PiercingWail","Flying Knee"],"picked":"SKIP","floor":7.0},{"not_picked":["Deflect","Outmaneuver"],"picked":"Eviscerate","floor":10.0},{"not_picked":["ReplayTheSpireMod:The Works","Bane","Choke"],"picked":"SKIP","floor":11.0},{"not_picked":["Underhanded Strike","Finisher"],"picked":"Glass Knife","floor":13.0},{"not_picked":["Glass Knife","ReplayTheSpireMod:From All Sides"],"picked":"Die Die Die","floor":16.0},{"not_picked":["Blade Dance+1","ReplayTheSpireMod:Shiv Toss"],"picked":"Underhanded Strike+1","floor":18.0},{"not_picked":["Deflect","Acrobatics+1"],"picked":"ReplayTheSpireMod:Scrap Shanks","floor":20.0},{"not_picked":["Dagger Throw","PiercingWail"],"picked":"Deflect","floor":21.0},{"not_picked":["Quick Slash+1","Flechettes+1"],"picked":"ReplayTheSpireMod:Speed Training","floor":24.0},{"not_picked":["Distraction","Replay:Poison Smokescreen"],"picked":"Backflip","floor":27.0},{"not_picked":["Bane+1","ReplayTheSpireMod:Exploit Weakness"],"picked":"Noxious Fumes+1","floor":29.0},{"not_picked":["Deflect+1","Dodge and Roll+1"],"picked":"Prepared+1","floor":30.0},{"not_picked":["Hidden Blade","Reflex"],"picked":"Adrenaline","floor":31.0},{"not_picked":["Poison Darts","Venomology"],"picked":"ReplayTheSpireMod:From All Sides+1","floor":33.0},{"not_picked":["Poisoned Stab+1","Bane+1"],"picked":"Masterful Stab+1","floor":35.0},{"not_picked":["Flying Knee+1","Acrobatics"],"picked":"Eviscerate+1","floor":36.0},{"not_picked":["Cloak And Dagger+1","Flying Knee+1"],"picked":"Noxious Fumes+1","floor":38.0},{"not_picked":["Choke+1","Blade Dance+1"],"picked":"Crippling Poison","floor":39.0},{"not_picked":["Flying Knee+1","Bane+1","Sucker Punch+1"],"picked":"SKIP","floor":40.0},{"not_picked":["Bane+1","Escape Plan+1"],"picked":"Predator+1","floor":42.0},{"not_picked":["Catalyst","Well Laid Plans"],"picked":"Prepared","floor":44.0},{"not_picked":["Discovery","Secret Technique"],"picked":"Purity","floor":47.0},{"not_picked":["Poisoned Stab+1","Sucker Punch+1"],"picked":"Acrobatics","floor":48.0}],"player_experience":151246,"relics_obtained":[{"floor":6.0,"key":"Bag of Preparation"},{"floor":9.0,"key":"Iron Hammer"},{"floor":10.0,"key":"Juzu Bracelet"},{"floor":13.0,"key":"Replay:Bottled Steam"},{"floor":24.0,"key":"Molten Egg 2"},{"floor":26.0,"key":"ReplayTheSpireMod:Lightbulb"},{"floor":30.0,"key":"Old Coin"},{"floor":38.0,"key":"Tingsha"},{"floor":40.0,"key":"The Courier"},{"floor":42.0,"key":"MealTicket"}],"event_choices":[{"damage_healed":0.0,"max_hp_gain":0.0,"max_hp_loss":0.0,"gold_gain":0.0,"event_name":"Shining Light","player_choice":"Entered Light","floor":2.0,"gold_loss":0.0,"damage_taken":14.0,"cards_upgraded":["Defend_G","Defend_G"]},{"damage_healed":17.0,"max_hp_gain":0.0,"max_hp_loss":0.0,"gold_gain":0.0,"event_name":"The Cleric","player_choice":"Healed","floor":5.0,"gold_loss":35.0,"damage_taken":0.0},{"damage_healed":23.0,"max_hp_gain":0.0,"max_hp_loss":0.0,"gold_gain":0.0,"event_name":"Big Fish","player_choice":"Banana","floor":14.0,"gold_loss":0.0,"damage_taken":0.0},{"damage_healed":0.0,"max_hp_gain":0.0,"max_hp_loss":0.0,"gold_gain":0.0,"event_name":"The Library","player_choice":"Read","floor":19.0,"gold_loss":0.0,"damage_taken":0.0,"cards_obtained":["Acrobatics"]},{"damage_healed":0.0,"max_hp_gain":0.0,"max_hp_loss":0.0,"gold_gain":0.0,"event_name":"Tomb of Lord Red Mask","player_choice":"Ignored","floor":37.0,"gold_loss":0.0,"damage_taken":0.0},{"damage_healed":0.0,"max_hp_gain":0.0,"max_hp_loss":0.0,"gold_gain":0.0,"event_name":"MindBloom","player_choice":"Fight","floor":38.0,"gold_loss":0.0,"damage_taken":0.0},{"damage_healed":0.0,"max_hp_gain":0.0,"max_hp_loss":0.0,"gold_gain":0.0,"event_name":"Winding Halls","player_choice":"Embrace Madness","floor":41.0,"gold_loss":0.0,"damage_taken":9.0,"cards_obtained":["Madness","Madness"]},{"damage_healed":0.0,"max_hp_gain":0.0,"max_hp_loss":0.0,"gold_gain":0.0,"event_name":"SensoryStone","player_choice":"Memory 1","floor":47.0,"gold_loss":0.0,"damage_taken":0.0}],"is_beta":false,"boss_relics":[{"not_picked":["Honey Jar","Calling Bell"],"picked":"Replay:Grab Bag"},{"not_picked":["Abe\u0027s Treasure","ChewingGum"],"picked":"Painkiller Herb"},{"not_picked":["Runic Dome","Philosopher\u0027s Stone"],"picked":"Cursed Key"},{"not_picked":["Ring of the Serpent","WristBlade"],"picked":"Snecko Scales"},{"not_picked":["Tiny House","Pandora\u0027s Box"],"picked":"Empty Cage"}],"items_purged_floors":[22,45],"is_endless":false,"potions_floor_spawned":[3,7,11,16,21,24,27,29,31,35,39,42],"killed_by":"Donu and Deca","ascension_level":7}}