{"host":"8rwquwrlbfkmmuup","time":1609902336,"event":{"mods":["BaseMod","Downfall","Halation","Infinite Spire","Marisa????????","Minty Spire (QoL Compilation)","Replay The Spire","Shop Mod","StSLib","The Animator","The Senshi","The Servant 0.9.4"],"gold_per_floor":[111,131,131,27,27,27,58,58,58,136,16,16,120,207,207,397,397,466,466,466,128,128,128,128,247,322,4,113,113,113,201,201,395,395,456,703,809,873,967,967,981,981],"floor_reached":41,"playtime":2890,"items_purged":["Strike_MRS","Defend_MRS","Defend_MRS","Defend_MRS"],"score":581,"play_id":"200db6be-54eb-469f-bbff-136f0ee6873a","local_time":"20210105190536","is_ascension_mode":false,"campfire_choices":[{"data":"WitchOfGreed","floor":6.0,"key":"SMITH"},{"floor":15.0,"key":"REST"},{"data":"MillisecondPulsars","floor":23.0,"key":"SMITH"},{"floor":29.0,"key":"REST"},{"floor":32.0,"key":"REST"},{"floor":40.0,"key":"REST"}],"circlet_count":0,"master_deck":["MasterSpark","UpSweep","GalacticHalo","WitchOfGreed","ShootingEcho+1","Robbery+1","WitchOfGreed+1","FairyDestructionRay","EnergyRecoil","WitchOfGreed","AlicesGift","SuperPerseids","MillisecondPulsars+1","ShootTheMoon+1","infinitespire:FutureSight","expansioncontent:Collect","MilkyWay","J.A.X.","ShootingEcho+1","AlicesGift","WitchOfGreed","MilkyWay","expansioncontent:CaCaw","GalacticHalo","Acceleration","MysteriousBeam","AbsoluteMagnitude","AsteroidBelt+1","infinitespire:SevenWalls","Singularity+1","AlicesGift+1","ReplayTheSpireMod:Splinters","AlicesGift","OrrerysSun+1"],"relics":["MiniHakkero","NeowsBlessing","Mercury Hourglass","Replay:Bandana","Bottled Lightning","Philosopher\u0027s Stone","Ornamental Fan","HandDrill","MerchantsRug","halation:EternalFortune","Bird Faced Urn","infinitespire:Bottled Soul","halation:QuantumPhysicsTextbook","Honey Jar","Mango","Du-Vu Doll","ReplayTheSpireMod:TigerMarble"],"acts_visited":["Exordium","TheCity","TheBeyond"],"potions_floor_usage":[41,41,41,41,41,41],"damage_taken":[{"damage":0.0,"enemies":"2 Louse","floor":1.0,"turns":1.0},{"damage":0.0,"enemies":"Jaw Worm","floor":2.0,"turns":1.0},{"damage":0.0,"enemies":"3 Sentries","floor":7.0,"turns":1.0},{"damage":8.0,"enemies":"Cultist","floor":10.0,"turns":5.0},{"damage":14.0,"enemies":"Replay:BlueRogue","floor":13.0,"turns":7.0},{"damage":6.0,"enemies":"3 Louse","floor":14.0,"turns":3.0},{"damage":25.0,"enemies":"Slime Boss","floor":16.0,"turns":8.0},{"damage":22.0,"enemies":"Spheric Guardian","floor":18.0,"turns":4.0},{"damage":46.0,"enemies":"Book of Stabbing","floor":25.0,"turns":5.0},{"damage":12.0,"enemies":"Chosen","floor":28.0,"turns":5.0},{"damage":19.0,"enemies":"Slavers","floor":31.0,"turns":4.0},{"damage":49.0,"enemies":"Collector","floor":33.0,"turns":8.0},{"damage":0.0,"enemies":"Orb Walker","floor":35.0,"turns":2.0},{"damage":23.0,"enemies":"infinitespire:Three Voidlings","floor":36.0,"turns":3.0},{"damage":58.0,"enemies":"Nightmare_Alpha","floor":36.0,"turns":8.0},{"damage":16.0,"enemies":"2 Orb Walkers","floor":37.0,"turns":3.0},{"damage":13.0,"enemies":"3 Shapes","floor":39.0,"turns":3.0},{"damage":55,"enemies":"Nightmare","floor":41,"turns":3}],"seed_played":"2490458457752354865","potions_obtained":[{"floor":2.0,"key":"Flashbang"},{"floor":10.0,"key":"PowerPotion"},{"floor":13.0,"key":"sneckomod:MuddlingPotion"},{"floor":13.0,"key":"CultistPotion"},{"floor":16.0,"key":"sneckomod:MuddlingPotion"},{"floor":16.0,"key":"Block Potion"},{"floor":18.0,"key":"PowerPotion"},{"floor":18.0,"key":"champ:CounterPotion"},{"floor":18.0,"key":"Ancient Potion"},{"floor":25.0,"key":"SpeedPotion"},{"floor":25.0,"key":"sneckomod:MuddlingPotion"},{"floor":25.0,"key":"Strength Potion"},{"floor":28.0,"key":"EssenceOfSteel"},{"floor":28.0,"key":"Explosive Potion"},{"floor":28.0,"key":"SteroidPotion"},{"floor":31.0,"key":"Venom Potion"},{"floor":31.0,"key":"Doom Potion"},{"floor":31.0,"key":"LifebloodPotion"},{"floor":33.0,"key":"Fire Potion"},{"floor":33.0,"key":"PowerPotion"},{"floor":33.0,"key":"Energy Potion"},{"floor":35.0,"key":"Adrenaline Potion"},{"floor":35.0,"key":"EntropicBrew"},{"floor":36.0,"key":"PowerPotion"},{"floor":37.0,"key":"Reflective Coating"},{"floor":37.0,"key":"StarNLove"},{"floor":38.0,"key":"CultistPotion"},{"floor":38.0,"key":"EntropicBrew"},{"floor":39.0,"key":"StarNLove"},{"floor":39.0,"key":"champ:CounterPotion"}],"is_trial":false,"path_per_floor":["M","M","?","$","?","R","E","?","T","M","$","?","E","M","R","B",null,"M","?","AVR","$","?","R","?","E","T","$","M","R","?","E","R","B",null,"M","?","?","?","M","R","NM"],"character_chosen":"MARISA","items_purchased":["Robbery+1","WitchOfGreed","WitchOfGreed","MerchantsRug","expansioncontent:Collect","MilkyWay","AlicesGift","WitchOfGreed","MilkyWay","expansioncontent:CaCaw","GalacticHalo"],"campfire_rested":4,"item_purchase_floors":[4,4,11,21,21,21,27,27,27,27,27],"current_hp_per_floor":[75,75,75,75,63,63,63,63,63,55,55,48,34,28,50,25,75,53,53,53,53,53,53,56,10,10,10,10,33,33,24,47,15,81,81,32,26,26,19,47,0,0],"gold":981,"neow_bonus":"THREE_ENEMY_KILL","is_daily":false,"chose_seed":false,"campfire_upgraded":2,"win_rate":0.0,"timestamp":1609902336,"path_taken":["M","M","?","$","?","R","E","?","T","M","$","?","E","?","R","BOSS","M","?","AVR","?","?","R","?","E","T","$","M","R","?","E","R","BOSS","M","?","?","?","M","R","NM"],"items_purchased_type":["Card","Card","Card","Relic","Card","Card","Card","Card","Card","Card","Card"],"build_version":"2020-12-22","purchased_purges":4,"victory":false,"max_hp_per_floor":[75,75,75,75,75,75,75,75,75,75,75,75,75,75,75,75,75,75,75,75,75,75,75,78,78,78,78,78,78,78,78,78,81,81,81,95,95,95,95,95,95,95],"card_choices":[{"not_picked":["ShootingEcho","LuminesStrike"],"picked":"GalacticHalo","floor":1.0},{"not_picked":["EnergyRecoil","PowerUp"],"picked":"WitchOfGreed","floor":2.0},{"not_picked":["ShootTheMoon","GravityBeat"],"picked":"FairyDestructionRay","floor":7.0},{"not_picked":["Orbital","DoubleSpark"],"picked":"EnergyRecoil","floor":10.0},{"not_picked":["DarkMatter","GalacticHalo"],"picked":"AlicesGift","floor":13.0},{"not_picked":["GalacticHalo","GasGiant"],"picked":"SuperPerseids","floor":14.0},{"not_picked":["ManaRampage","EscapeVelocity"],"picked":"MillisecondPulsars","floor":16.0},{"not_picked":["NonDirectionalLaser+1","UnstableBomb"],"picked":"ShootTheMoon+1","floor":18.0},{"not_picked":["6A","DarkMatter"],"picked":"ShootingEcho+1","floor":25.0},{"not_picked":["WitchLeyline","UnstableBomb"],"picked":"Acceleration","floor":28.0},{"not_picked":["UnstableBomb","DC"],"picked":"MysteriousBeam","floor":31.0},{"not_picked":["BigCrunch","MillisecondPulsars"],"picked":"AbsoluteMagnitude","floor":33.0},{"not_picked":["MilkyWay+1","WitchOfGreed","GrandCross"],"picked":"AsteroidBelt+1","floor":35.0},{"not_picked":["ReplayTheSpireMod:Chaos Vortex","infinitespire:FinalStrike"],"picked":"infinitespire:SevenWalls","floor":36.0},{"not_picked":["SuperPerseids+1","UnstableBomb","MysteriousBeam"],"picked":"Singularity+1","floor":36.0},{"not_picked":["FairyDestructionRay","DoubleSpark","OneTimeOff"],"picked":"AlicesGift+1","floor":37.0},{"not_picked":["DarkMatter","UnstableBomb","SatelliteIllusion"],"picked":"AlicesGift","floor":38.0},{"not_picked":["WitchLeyline+1","DC+1","GalacticHalo"],"picked":"OrrerysSun+1","floor":39.0}],"player_experience":69812,"relics_obtained":[{"floor":7.0,"key":"Replay:Bandana"},{"floor":9.0,"key":"infinitespire:BottledMercury"},{"floor":13.0,"key":"Bottled Lightning"},{"floor":25.0,"key":"Bird Faced Urn"},{"floor":26.0,"key":"infinitespire:Bottled Soul"},{"floor":31.0,"key":"halation:QuantumPhysicsTextbook"},{"floor":33.0,"key":"halation:EternalFortune"},{"floor":36.0,"key":"Mango"},{"floor":37.0,"key":"Du-Vu Doll"},{"floor":38.0,"key":"ReplayTheSpireMod:TigerMarble"}],"event_choices":[{"damage_healed":0.0,"max_hp_gain":0.0,"max_hp_loss":0.0,"gold_gain":0.0,"event_name":"Scrap Ooze","player_choice":"Success","floor":5.0,"gold_loss":0.0,"damage_taken":12.0,"relics_obtained":["Mercury Hourglass"]},{"cards_removed":["Strike_MRS"],"damage_healed":0.0,"max_hp_gain":0.0,"max_hp_loss":0.0,"gold_gain":0.0,"event_name":"Golden Wing","player_choice":"Card Removal","floor":12.0,"gold_loss":0.0,"damage_taken":7.0},{"damage_healed":0.0,"max_hp_gain":0.0,"max_hp_loss":0.0,"gold_gain":0.0,"event_name":"WeMeetAgain","player_choice":"Gave Potion","floor":19.0,"gold_loss":0.0,"damage_taken":0.0,"relics_obtained":["Ornamental Fan"]},{"damage_healed":0.0,"max_hp_gain":0.0,"max_hp_loss":0.0,"gold_gain":0.0,"event_name":"Drug Dealer","player_choice":"Obtain J.A.X.","floor":22.0,"gold_loss":0.0,"damage_taken":0.0,"cards_obtained":["J.A.X."]},{"cards_removed":["Defend_MRS"],"damage_healed":0.0,"max_hp_gain":0.0,"max_hp_loss":0.0,"gold_gain":0.0,"event_name":"Back to Basics","player_choice":"Elegance","floor":30.0,"gold_loss":0.0,"damage_taken":0.0},{"damage_healed":0.0,"max_hp_gain":0.0,"max_hp_loss":0.0,"gold_gain":0.0,"event_name":"Mysterious Sphere","player_choice":"Fight","floor":37.0,"gold_loss":0.0,"damage_taken":0.0}],"is_beta":false,"boss_relics":[{"not_picked":["Velvet Choker","Kintsugi"],"picked":"Philosopher\u0027s Stone"},{"not_picked":["halation:ForbiddenBikini","Empty Cage"],"picked":"Honey Jar"}],"items_purged_floors":[11,20,21,27],"is_endless":true,"potions_floor_spawned":[2,14,18,36],"killed_by":"Nightmare","ascension_level":0}}