{"host":"chv1qanoipyt46jc","time":1609904577,"event":{"mods":["2.2 Compatiblity","AchievementEnabler","BaseMod","BetterRewards","CapriCore","Card Filter","Evolution","Gold Saver","Grow up Mod","Minty Spire (QoL Compilation)","Rare Cards Sparkle","Relic Filter","Remove Card Discount Mod","Reorder Act Four","StSLib"],"gold_per_floor":[816,816,816,828,847,847,872,872,872,888,916,916,942,942,942,1038,1038,1056,1056,1088,1032,1046,1080,1080,1094,1117,1109,1109,1141,1141,1157,1157,1257,1257,1272,1291,1302,1317,1174,1205,1219,1219,1219,1219,1238,1265,1280,1280,1280,1280,1280,1241,1241,1268,1268],"floor_reached":56,"playtime":1623,"items_purged":["SashWhip","Vigilance","Eruption","ThirdEye","FollowUp","ThirdEye","ThirdEye+1","ThirdEye+1","SashWhip+1","SashWhip+1"],"score":1540,"play_id":"57e53512-be3b-49a8-a3e6-72ba9bbbc5e9","local_time":"20210105214257","is_ascension_mode":false,"campfire_choices":[{"floor":6,"key":"RECALL"},{"data":"SashWhip","floor":8,"key":"SMITH"},{"data":"SashWhip","floor":12,"key":"SMITH"},{"data":"ThirdEye","floor":15,"key":"SMITH"},{"data":"DevaForm","floor":24,"key":"SMITH"}],"circlet_count":0,"master_deck":["DevaForm+1","PathToVictory+1","PathToVictory+1","ConjureBlade+1","PathToVictory+1"],"relics":["PureWater","EVO:Axolotl","TungstenRod","Bronze Scales","Torii","Toxic Egg 2","Boot","Omamori","Art of War","Ancient Tea Set","Coffee Dripper","Red Mask","Whetstone","War Paint","Centennial Puzzle","Black Star","Medical Kit","CeramicFish","MealTicket","Pear","Dream Catcher","Bag of Marbles","Turnip","FossilizedHelix"],"acts_visited":["Exordium","TheCity","TheBeyond","TheEnding"],"potions_floor_usage":[55,55],"damage_taken":[{"damage":0,"enemies":"Jaw Worm","floor":1,"turns":3},{"damage":0,"enemies":"Cultist","floor":4,"turns":3},{"damage":0,"enemies":"Small Slimes","floor":5,"turns":4},{"damage":19,"enemies":"Lagavulin","floor":7,"turns":9},{"damage":0,"enemies":"2 Fungi Beasts","floor":10,"turns":3},{"damage":16,"enemies":"Gremlin Nob","floor":11,"turns":5},{"damage":16,"enemies":"Lagavulin","floor":13,"turns":6},{"damage":58,"enemies":"Hexaghost","floor":16,"turns":14},{"damage":0,"enemies":"Spheric Guardian","floor":18,"turns":5},{"damage":11,"enemies":"Masked Bandits","floor":20,"turns":5},{"damage":0,"enemies":"2 Thieves","floor":22,"turns":3},{"damage":22,"enemies":"Slavers","floor":23,"turns":4},{"damage":5,"enemies":"Snecko","floor":25,"turns":3},{"damage":20,"enemies":"Book of Stabbing","floor":29,"turns":3},{"damage":5,"enemies":"Cultist and Chosen","floor":31,"turns":3},{"damage":45,"enemies":"Champ","floor":33,"turns":5},{"damage":33,"enemies":"3 Darklings","floor":35,"turns":4},{"damage":6,"enemies":"Orb Walker","floor":36,"turns":2},{"damage":39,"enemies":"Transient","floor":37,"turns":5},{"damage":14,"enemies":"Writhing Mass","floor":38,"turns":3},{"damage":42,"enemies":"Reptomancer","floor":40,"turns":3},{"damage":10,"enemies":"4 Shapes","floor":41,"turns":4},{"damage":12,"enemies":"3 Darklings","floor":45,"turns":3},{"damage":15,"enemies":"Nemesis","floor":46,"turns":3},{"damage":15,"enemies":"Sphere and 2 Shapes","floor":47,"turns":3},{"damage":96,"enemies":"Donu and Deca","floor":50,"turns":5},{"damage":44,"enemies":"Shield and Spear","floor":54,"turns":3},{"damage":100,"enemies":"The Heart","floor":55,"turns":6}],"seed_played":"223570997475472608","potions_obtained":[{"floor":4,"key":"GamblersBrew"},{"floor":5,"key":"Explosive Potion"},{"floor":10,"key":"BlessingOfTheForge"},{"floor":31,"key":"FairyPotion"},{"floor":40,"key":"Fire Potion"}],"is_trial":false,"path_per_floor":["M","?","$","M","M","R","E","R","T","M","E","R","E","?","R","B",null,"M","?","?","$","M","E","R","M","T","$","?","E","R","M","R","B",null,"M","M","M","M","$","E","M","R","T","R","M","E","M","?","R","B",null,"$","R","E","B",null],"character_chosen":"WATCHER","items_purchased":["TungstenRod","Bronze Scales","Torii","Toxic Egg 2","PathToVictory+1","Medical Kit","PathToVictory+1"],"campfire_rested":0,"item_purchase_floors":[0,0,0,0,21,39,52],"current_hp_per_floor":[50,60,70,80,90,100,91,101,111,121,115,125,119,134,144,96,257,267,277,276,286,296,284,294,299,309,319,329,319,329,334,344,309,427,404,408,379,375,385,353,353,363,383,393,391,386,381,391,401,315,607,617,627,593,503],"gold":1268,"neow_bonus":"","is_daily":false,"chose_seed":false,"campfire_upgraded":4,"win_rate":0.0,"timestamp":1609904577,"path_taken":["M","?","$","M","?","R","E","R","T","M","E","R","E","?","R","BOSS","M","?","?","$","M","E","R","M","T","?","?","E","R","M","R","BOSS","M","M","M","M","$","E","M","R","T","R","M","E","M","?","R","BOSS","$","R","E","BOSS"],"items_purchased_type":["Relic","Relic","Relic","Relic","Card","Relic","Card"],"build_version":"2020-12-22","purchased_purges":10,"victory":true,"max_hp_per_floor":[92,102,112,122,132,142,152,162,172,182,192,202,212,227,237,247,257,267,277,287,297,307,317,327,337,347,357,367,377,387,397,407,417,427,437,447,457,467,477,487,497,507,527,537,547,557,567,577,587,597,607,617,627,637,647],"card_choices":[{"not_picked":["BowlingBash","WheelKick","ThirdEye+1"],"picked":"SKIP","floor":1},{"not_picked":["Evaluate+1","JustLucky","Crescendo+1"],"picked":"SKIP","floor":4},{"not_picked":["ClearTheMind+1","EmptyFist","ForeignInfluence+1"],"picked":"SKIP","floor":5},{"not_picked":["TalkToTheHand","EmptyFist","JustLucky"],"picked":"SKIP","floor":7},{"not_picked":["WaveOfTheHand+1","EmptyBody+1","WheelKick"],"picked":"SKIP","floor":10},{"not_picked":["ThirdEye+1","Worship+1","BowlingBash"],"picked":"SKIP","floor":11},{"not_picked":["ClearTheMind+1","Halt+1","Vengeance+1"],"picked":"SKIP","floor":13},{"not_picked":["Omniscience+1","Wish+1"],"picked":"DevaForm","floor":16},{"not_picked":["ClearTheMind+1","CrushJoints+1","FollowUp"],"picked":"SKIP","floor":18},{"not_picked":["ClearTheMind+1","CrushJoints+1"],"picked":"FollowUp","floor":18},{"not_picked":["SandsOfTime","Evaluate+1"],"picked":"PathToVictory+1","floor":22},{"not_picked":["ThirdEye+1","EmptyFist","FlyingSleeves"],"picked":"SKIP","floor":23},{"not_picked":["Evaluate+1","EmptyBody+1","JustLucky"],"picked":"SKIP","floor":25},{"not_picked":["WaveOfTheHand+1","Consecrate","Adaptation"],"picked":"SKIP","floor":29},{"not_picked":["Tantrum+1","Halt+1","InnerPeace+1"],"picked":"SKIP","floor":31},{"not_picked":["DeusExMachina+1","MasterReality"],"picked":"ConjureBlade+1","floor":33},{"not_picked":["Adaptation","Wallop+1","Indignation+1"],"picked":"SKIP","floor":35},{"not_picked":["FlurryOfBlows+1","BowlingBash","EmptyFist"],"picked":"SKIP","floor":36},{"not_picked":["ReachHeaven+1","WindmillStrike+1","Prostrate+1"],"picked":"SKIP","floor":37},{"not_picked":["ReachHeaven+1","Adaptation+1","FollowUp"],"picked":"SKIP","floor":38},{"not_picked":["ReachHeaven+1","Adaptation+1","FollowUp"],"picked":"SKIP","floor":38},{"not_picked":["JustLucky","Study+1","FlyingSleeves+1"],"picked":"SKIP","floor":40},{"not_picked":["SashWhip+1","FollowUp","Study"],"picked":"SKIP","floor":41},{"not_picked":["FlurryOfBlows","Nirvana+1","FollowUp"],"picked":"SKIP","floor":45},{"not_picked":["FlurryOfBlows+1","SandsOfTime","Crescendo+1"],"picked":"SKIP","floor":46},{"not_picked":["Consecrate+1","Wireheading","SashWhip"],"picked":"SKIP","floor":47},{"not_picked":["BowlingBash+1","ThirdEye+1","Prostrate+1"],"picked":"SKIP","floor":54}],"player_experience":292311,"relics_obtained":[{"floor":7,"key":"Omamori"},{"floor":11,"key":"Art of War"},{"floor":13,"key":"Ancient Tea Set"},{"floor":20,"key":"Red Mask"},{"floor":23,"key":"Whetstone"},{"floor":26,"key":"War Paint"},{"floor":29,"key":"Centennial Puzzle"},{"floor":40,"key":"CeramicFish"},{"floor":40,"key":"MealTicket"},{"floor":43,"key":"Pear"},{"floor":46,"key":"Dream Catcher"},{"floor":46,"key":"Bag of Marbles"},{"floor":54,"key":"Turnip"},{"floor":54,"key":"FossilizedHelix"}],"event_choices":[{"cards_removed":["SashWhip"],"damage_healed":0,"gold_gain":0,"player_choice":"Gave Card","damage_taken":0,"relics_obtained":["Boot"],"max_hp_gain":0,"max_hp_loss":0,"event_name":"WeMeetAgain","floor":2,"gold_loss":0},{"damage_healed":0,"gold_gain":0,"player_choice":"Donut","damage_taken":0,"max_hp_gain":5,"max_hp_loss":0,"event_name":"Big Fish","floor":14,"gold_loss":0},{"damage_healed":0,"gold_gain":0,"player_choice":"Simplicity","damage_taken":0,"max_hp_gain":0,"max_hp_loss":0,"event_name":"Back to Basics","floor":19,"gold_loss":0,"cards_upgraded":[]},{"damage_healed":0,"gold_gain":0,"player_choice":"Fought Bandits","damage_taken":0,"max_hp_gain":0,"max_hp_loss":0,"event_name":"Masked Bandits","floor":20,"gold_loss":0},{"damage_healed":0,"gold_gain":0,"player_choice":"Ignored","damage_taken":0,"max_hp_gain":0,"max_hp_loss":0,"event_name":"Beggar","floor":28,"gold_loss":0},{"damage_healed":0,"gold_gain":0,"player_choice":"Memory 1","damage_taken":0,"max_hp_gain":0,"max_hp_loss":0,"event_name":"SensoryStone","floor":48,"gold_loss":0}],"is_beta":false,"boss_relics":[{"not_picked":["Pandora\u0027s Box","Busted Crown"],"picked":"Coffee Dripper"},{"not_picked":["Tiny House","Sozu"],"picked":"Black Star"}],"items_purged_floors":[0,0,0,0,21,21,27,27,27,27],"is_endless":false,"potions_floor_spawned":[4,5,10,22,23,25,31,35,40,41,45,47,54],"ascension_level":0}}