{"host":"w01zow3jg16g8jdh","time":1609942906,"event":{"mods":["AchievementEnabler","BaseMod","DeckTracker","Keyboard Shortcuts","Minty Spire (QoL Compilation)","Permanent Neow","StSLib","SuperFastMode"],"gold_per_floor":[111,123,140,140,152,152,152,187,187,187,112,112,112,135,135,228,228,243,314,330,230,254,289,289,325,325,325,366,366,390,409,409,505,505,521,539,554,554,266,299,318,356,356,400,400,413,432,451,451,451,451],"floor_reached":50,"playtime":2153,"items_purged":["Defend_G","Defend_G","Strike_G"],"score":1488,"play_id":"17111bee-4293-4827-8790-8c9a4bb5f842","local_time":"20210106232146","is_ascension_mode":true,"campfire_choices":[{"data":"Dash","floor":6.0,"key":"SMITH"},{"data":"Tactician","floor":10.0,"key":"SMITH"},{"floor":15.0,"key":"REST"},{"floor":24.0,"key":"REST"},{"floor":27.0,"key":"REST"},{"floor":32.0,"key":"REST"},{"floor":49.0,"key":"RECALL"}],"circlet_count":0,"master_deck":["AscendersBane","Strike_G","Defend_G","Defend_G","Survivor","Neutralize","Reflex","Tactician+1","Escape Plan","Dash+1","Tactician+1","Calculated Gamble+1","Venomology+1","CurseOfTheBell","Prepared+1","Acrobatics+1","Reflex+1","Venomology+1","Bouncing Flask+1"],"relics":["Ring of the Snake","Golden Idol","Toxic Egg 2","InkBottle","Calling Bell","Happy Flower","Ornamental Fan","Du-Vu Doll","Blue Candle","Mercury Hourglass","Gremlin Horn","Centennial Puzzle","Regal Pillow","Black Star","Bag of Preparation","Mango","Lantern","Akabeko","Frozen Egg 2","Unceasing Top","Omamori"],"acts_visited":["Exordium","TheCity","TheBeyond"],"potions_floor_usage":[50,50,50],"damage_taken":[{"damage":4.0,"enemies":"Jaw Worm","floor":1.0,"turns":7.0},{"damage":6.0,"enemies":"Cultist","floor":2.0,"turns":5.0},{"damage":7.0,"enemies":"Small Slimes","floor":3.0,"turns":3.0},{"damage":1.0,"enemies":"Exordium Wildlife","floor":5.0,"turns":5.0},{"damage":13.0,"enemies":"Gremlin Nob","floor":8.0,"turns":4.0},{"damage":1.0,"enemies":"Blue Slaver","floor":14.0,"turns":5.0},{"damage":17.0,"enemies":"The Guardian","floor":16.0,"turns":25.0},{"damage":7.0,"enemies":"Shell Parasite","floor":18.0,"turns":7.0},{"damage":11.0,"enemies":"Chosen","floor":20.0,"turns":5.0},{"damage":0.0,"enemies":"Snecko","floor":22.0,"turns":5.0},{"damage":19.0,"enemies":"Book of Stabbing","floor":23.0,"turns":5.0},{"damage":18.0,"enemies":"Slavers","floor":25.0,"turns":7.0},{"damage":6.0,"enemies":"Book of Stabbing","floor":28.0,"turns":4.0},{"damage":0.0,"enemies":"Centurion and Healer","floor":30.0,"turns":5.0},{"damage":0.0,"enemies":"Snake Plant","floor":31.0,"turns":2.0},{"damage":1.0,"enemies":"Automaton","floor":33.0,"turns":1.0},{"damage":0.0,"enemies":"3 Shapes","floor":35.0,"turns":1.0},{"damage":0.0,"enemies":"3 Darklings","floor":36.0,"turns":1.0},{"damage":0.0,"enemies":"4 Shapes","floor":37.0,"turns":1.0},{"damage":0.0,"enemies":"Giant Head","floor":40.0,"turns":1.0},{"damage":0.0,"enemies":"Writhing Mass","floor":41.0,"turns":2.0},{"damage":0.0,"enemies":"Nemesis","floor":42.0,"turns":1.0},{"damage":0.0,"enemies":"Reptomancer","floor":44.0,"turns":2.0},{"damage":0.0,"enemies":"Spire Growth","floor":46.0,"turns":3.0},{"damage":0.0,"enemies":"Jaw Worm Horde","floor":47.0,"turns":1.0},{"damage":0.0,"enemies":"3 Darklings","floor":48.0,"turns":1.0},{"damage":63,"enemies":"Time Eater","floor":50,"turns":9}],"seed_played":"-4251829920483937209","potions_obtained":[{"floor":1.0,"key":"BlessingOfTheForge"},{"floor":2.0,"key":"Poison Potion"},{"floor":13.0,"key":"LiquidMemories"},{"floor":13.0,"key":"SkillPotion"},{"floor":18.0,"key":"Swift Potion"},{"floor":25.0,"key":"PowerPotion"},{"floor":33.0,"key":"Weak Potion"}],"is_trial":false,"path_per_floor":["M","M","M","?","M","R","?","E","T","R","$","?","?","M","R","B",null,"M","T","M","$","M","E","R","E","T","R","E","?","M","M","R","B",null,"M","M","M","?","$","E","M","E","T","E","?","M","M","M","R","B"],"character_chosen":"THE_SILENT","items_purchased":["Bag of Preparation"],"campfire_rested":4,"item_purchase_floors":[39],"current_hp_per_floor":[55,49,42,42,41,41,41,28,28,28,28,28,28,27,43,26,47,40,40,29,29,29,10,26,8,8,24,18,18,18,18,49,48,53,53,53,53,54,54,68,68,68,68,68,68,68,68,68,68,5,5],"gold":451,"neow_bonus":"REMOVE_TWO","is_daily":false,"chose_seed":false,"campfire_upgraded":2,"win_rate":0.0,"timestamp":1609942906,"path_taken":["M","M","M","?","?","R","?","E","T","R","?","?","?","M","R","BOSS","M","?","M","$","?","E","R","E","T","R","E","?","M","?","R","BOSS","M","M","M","?","?","E","M","E","T","E","?","?","M","M","R","BOSS"],"items_purchased_type":["Relic"],"build_version":"2020-12-22","purchased_purges":3,"victory":false,"max_hp_per_floor":[60,60,60,60,60,60,54,54,54,54,54,54,54,54,54,54,54,54,54,54,54,54,54,54,54,54,54,54,54,54,54,54,54,54,54,54,54,54,54,68,68,68,68,68,68,68,68,68,68,68,68],"card_choices":[{"not_picked":["Catalyst","Backflip"],"picked":"Reflex","floor":1.0},{"not_picked":["PiercingWail","Quick Slash"],"picked":"Tactician","floor":2.0},{"not_picked":["Bane","Sucker Punch"],"picked":"Escape Plan","floor":3.0},{"not_picked":["Caltrops","Deflect"],"picked":"Dash","floor":5.0},{"not_picked":["Slice","Dagger Spray"],"picked":"Tactician+1","floor":8.0},{"not_picked":["Finisher","Poisoned Stab"],"picked":"Calculated Gamble+1","floor":14.0},{"not_picked":["Glass Knife","Envenom"],"picked":"Venomology+1","floor":16.0},{"not_picked":["Sucker Punch","Distraction+1"],"picked":"Dagger Throw","floor":18.0},{"not_picked":["All Out Attack","Sucker Punch"],"picked":"Prepared+1","floor":20.0},{"not_picked":["Poisoned Stab","Dagger Throw","Eviscerate"],"picked":"SKIP","floor":22.0},{"not_picked":["Well Laid Plans","Unload","Blade Dance+1"],"picked":"SKIP","floor":23.0},{"not_picked":["Cloak And Dagger+1","Burst+1"],"picked":"Acrobatics+1","floor":25.0},{"not_picked":["Dagger Spray","Unload","Outmaneuver+1"],"picked":"SKIP","floor":28.0},{"not_picked":["Underhanded Strike","Flying Knee+1"],"picked":"Reflex+1","floor":30.0},{"not_picked":["Flying Knee","Dash","Dodge and Roll+1"],"picked":"SKIP","floor":31.0},{"not_picked":["Storm of Steel+1","Glass Knife"],"picked":"Venomology+1","floor":33.0},{"not_picked":["Poisoned Stab+1","Infinite Blades","Flying Knee"],"picked":"SKIP","floor":35.0},{"not_picked":["Blade Dance+1","Eviscerate","Concentrate+1"],"picked":"SKIP","floor":36.0},{"not_picked":["Slice","Crippling Poison+1","Tactician+1"],"picked":"SKIP","floor":37.0},{"not_picked":["Underhanded Strike","Deadly Poison+1","Backflip+1"],"picked":"SKIP","floor":40.0},{"not_picked":["Leg Sweep+1","Slice","Dodge and Roll+1"],"picked":"SKIP","floor":41.0},{"not_picked":["Dodge and Roll+1","Backflip+1","Masterful Stab"],"picked":"SKIP","floor":42.0},{"not_picked":["Slice+1","Crippling Poison+1"],"picked":"Bouncing Flask+1","floor":44.0},{"not_picked":["Deadly Poison+1","Backflip+1","Flying Knee"],"picked":"SKIP","floor":46.0},{"not_picked":["Dagger Spray","Unload","Leg Sweep+1"],"picked":"SKIP","floor":47.0},{"not_picked":["Quick Slash+1","Choke","Sucker Punch"],"picked":"SKIP","floor":48.0}],"player_experience":295547,"relics_obtained":[{"floor":8.0,"key":"Toxic Egg 2"},{"floor":9.0,"key":"InkBottle"},{"floor":17.0,"key":"Happy Flower"},{"floor":17.0,"key":"Ornamental Fan"},{"floor":17.0,"key":"Du-Vu Doll"},{"floor":19.0,"key":"Blue Candle"},{"floor":23.0,"key":"Mercury Hourglass"},{"floor":25.0,"key":"Gremlin Horn"},{"floor":26.0,"key":"Centennial Puzzle"},{"floor":28.0,"key":"Regal Pillow"},{"floor":40.0,"key":"Mango"},{"floor":40.0,"key":"Lantern"},{"floor":42.0,"key":"Akabeko"},{"floor":42.0,"key":"Frozen Egg 2"},{"floor":44.0,"key":"Unceasing Top"},{"floor":44.0,"key":"Omamori"}],"event_choices":[{"damage_healed":0.0,"max_hp_gain":0.0,"max_hp_loss":0.0,"gold_gain":0.0,"event_name":"Match and Keep!","player_choice":"0 cards matched","floor":4.0,"gold_loss":0.0,"damage_taken":0.0,"cards_obtained":[]},{"damage_healed":0.0,"max_hp_gain":0.0,"max_hp_loss":6.0,"gold_gain":0.0,"event_name":"Golden Idol","player_choice":"Lose Max HP","floor":7.0,"gold_loss":0.0,"damage_taken":0.0,"relics_obtained":["Golden Idol"]},{"cards_removed":["Strike_G"],"damage_healed":0.0,"max_hp_gain":0.0,"max_hp_loss":0.0,"gold_gain":0.0,"event_name":"Living Wall","player_choice":"Forget","floor":12.0,"gold_loss":0.0,"damage_taken":0.0},{"damage_healed":0.0,"max_hp_gain":0.0,"max_hp_loss":0.0,"gold_gain":0.0,"event_name":"Lab","player_choice":"Got Potions","floor":13.0,"gold_loss":0.0,"damage_taken":0.0},{"cards_removed":["Strike_G"],"damage_healed":0.0,"max_hp_gain":0.0,"max_hp_loss":0.0,"gold_gain":0.0,"event_name":"Purifier","player_choice":"Purged","floor":29.0,"gold_loss":0.0,"damage_taken":0.0},{"damage_healed":1.0,"max_hp_gain":0.0,"max_hp_loss":0.0,"gold_gain":0.0,"event_name":"Wheel of Change","player_choice":"Full Heal","floor":38.0,"gold_loss":0.0,"damage_taken":0.0},{"cards_removed":["Dagger Throw"],"damage_healed":0.0,"max_hp_gain":0.0,"max_hp_loss":0.0,"gold_gain":0.0,"event_name":"Falling","player_choice":"Removed Attack","floor":45.0,"gold_loss":0.0,"damage_taken":0.0}],"is_beta":false,"boss_relics":[{"not_picked":["Snecko Eye","Philosopher\u0027s Stone"],"picked":"Calling Bell"},{"not_picked":["SacredBark","Runic Pyramid"],"picked":"Black Star"}],"items_purged_floors":[11,21,39],"is_endless":false,"potions_floor_spawned":[1,2,14,18,20,25,31,33,35,36,46,47,48],"killed_by":"Time Eater","ascension_level":20}}