{"host":"g1wmg2w41xhsnw8g","time":1609912839,"event":{"mods":["2.2 Compatiblity","Act Like it!","BaseMod","Better Altar","Better Match","Better Note","Better Sensory Stone","Better Skull","Better Third Choice","BetterRewards","Booster Modes","CapriCore","Colored Map","Colored Powertips","Curses Come First","Defuse TimeMaze Blight","Displayed Cursed Tome","Evolution","Friendly Minions","GifTheSpireLib","Googly Eyes","Infinite Spire","Minty Spire (QoL Compilation)","Railgun Mod","Red Circlet Mod","Relic Sorter","Robot Space Explorer","Shop Mod","Spicy Shops","Spikes Relics","StSLib","The Sage","Transform Curses","Wandering Minibosses","????"],"gold_per_floor":[112,123,123,143,162,162,189,29,83,112,132,143,162,91,91,190,190,207,30,50,61,61,61,61,61,61,61,74,84,84,97,46,144,144,157,157,157,0,12,12,62,62,62,75,105,50,50,65,53,59],"floor_reached":51,"playtime":2376,"items_purged":["TheRailgun:Defend","Pain"],"score":796,"play_id":"57d3df6f-eaae-40ad-9f5f-185e8991ded7","local_time":"20210106010038","is_ascension_mode":true,"campfire_choices":[{"data":"TheRailgun:Zip","floor":6,"key":"SMITH"},{"floor":15,"key":"REST"},{"data":"TheRailgun:Thunderbolt","floor":23,"key":"SMITH"},{"data":"TheRailgun:Teleporter","floor":25,"key":"SMITH"},{"data":"TheRailgun:Zap","floor":40,"key":"SMITH"},{"data":"TheRailgun:Spark","floor":42,"key":"SMITH"}],"circlet_count":0,"master_deck":["TheRailgun:Spark+1","TheRailgun:Thunderbolt+1","TheRailgun:Thundershock","TheRailgun:Defend","TheRailgun:Defend","TheRailgun:Static","TheRailgun:Zip+1","TheRailgun:Spark","TheRailgun:Battery_Pack","TheRailgun:Zap","TheRailgun:Teleporter+1","TheRailgun:Taser+1","TheRailgun:Electrical_Fire","TheRailgun:Heroinism+1","TheRailgun:Zap+1","TheRailgun:Magnetic_Flight+1","infinitespire:Collect+1","TheRailgun:Charge+1","TheRailgun:Thunderjolt+1","TheRailgun:Judgement_Officer+1","TheRailgun:Battery_Pack+1","TheRailgun:Railgun+1","TheRailgun:Static+1","TheRailgun:Zip+1","Electrodynamics+1","TheRailgun:Iron_Dust_Field+1","wanderingMiniBosses:FinaleOfPromise+1","TheRailgun:Biribiri+1","TheRailgun:Zap"],"relics":["TheRailgun:CoinRelic","EVO:Axolotl","RoseTintedShades","MerchantsRug","sagemod:Singing_Vial","Tiny Chest","Sling","Frozen Egg 2","Busted Crown","Membership Card","SnailShell","WarpedTongs","Ornamental Fan","Toxic Egg 2","SacredBark","CaptainsWheel","Chemical X","Gremlin Horn","Red Mask","BicycleWheel","wanderingMiniBosses:Blackblade","Toy Ornithopter","BlackRope","OrangePellets","MealTicket","infinitespire:Midas Blood"],"acts_visited":["Exordium","TheCity","TheBeyond"],"potions_floor_usage":[3,4,5,5,10,16,18,21,29,41],"damage_taken":[{"damage":12,"enemies":"Jaw Worm","floor":1,"turns":3},{"damage":0,"enemies":"Cultist","floor":2,"turns":3},{"damage":7,"enemies":"infinitespire:Voidling","floor":4,"turns":2},{"damage":7,"enemies":"Exordium Thugs","floor":5,"turns":2},{"damage":27,"enemies":"Gremlin Nob","floor":7,"turns":4},{"damage":3,"enemies":"3 Sentries","floor":10,"turns":2},{"damage":12,"enemies":"2 Fungi Beasts","floor":11,"turns":2},{"damage":8,"enemies":"Red Slaver","floor":12,"turns":3},{"damage":1,"enemies":"3 Louse","floor":13,"turns":2},{"damage":28,"enemies":"Hexaghost","floor":16,"turns":6},{"damage":8,"enemies":"Shell Parasite","floor":18,"turns":7},{"damage":0,"enemies":"Spheric Guardian","floor":20,"turns":3},{"damage":1,"enemies":"Centurion and Healer","floor":21,"turns":5},{"damage":2,"enemies":"Shelled Parasite and Fungi","floor":28,"turns":3},{"damage":0,"enemies":"Chosen and Byrds","floor":29,"turns":3},{"damage":6,"enemies":"3 Cultists","floor":31,"turns":3},{"damage":0,"enemies":"Automaton","floor":33,"turns":1},{"damage":0,"enemies":"Orb Walker","floor":35,"turns":2},{"damage":0,"enemies":"3 Shapes","floor":39,"turns":2},{"damage":0,"enemies":"Mind Bloom Boss Battle","floor":41,"turns":3},{"damage":0,"enemies":"3 Darklings","floor":44,"turns":1},{"damage":8,"enemies":"Nemesis","floor":45,"turns":3},{"damage":3,"enemies":"Spire Growth","floor":48,"turns":3},{"damage":16,"enemies":"Donu and Deca","floor":50,"turns":5}],"seed_played":"6915629324535876485","potions_obtained":[{"floor":2,"key":"Energy Potion"},{"floor":3,"key":"Fruit Juice"},{"floor":3,"key":"Dexterity Potion"},{"floor":3,"key":"DistilledChaos"},{"floor":4,"key":"Explosive Potion"},{"floor":7,"key":"Explosive Potion"},{"floor":11,"key":"Energy Potion"},{"floor":16,"key":"DuplicationPotion"},{"floor":20,"key":"Explosive Potion"},{"floor":21,"key":"Dexterity Potion"},{"floor":28,"key":"LiquidBronze"},{"floor":31,"key":"DuplicationPotion"},{"floor":35,"key":"SpeedPotion"},{"floor":44,"key":"SpeedPotion"},{"floor":45,"key":"SpeedPotion"}],"is_trial":false,"path_per_floor":["M","M","?","M","M","R","E","R","T","E","M","M","M","$","R","B",null,"M","$","M","M","?","R","T","R","T","AVR","M","M","?","M","R","B",null,"M","?","T","?","M","R","?","R","T","M","E","R","T","M","R","B",null],"character_chosen":"THE_DEFAULT","items_purchased":["RoseTintedShades","Strawberry","MerchantsRug","Sling","TheRailgun:Teleporter","DollysMirror","Membership Card","SnailShell","Chemical X","OrangePellets","MealTicket","TheRailgun:Zap"],"campfire_rested":1,"item_purchase_floors":[0,0,0,8,8,14,19,19,32,46,46,49],"current_hp_per_floor":[70,70,75,68,61,61,34,34,34,31,19,11,10,10,36,8,87,79,79,79,78,78,78,78,78,78,78,76,76,76,70,70,70,87,87,87,87,87,87,87,87,87,87,87,79,79,79,76,76,60],"gold":59,"neow_bonus":"","is_daily":false,"chose_seed":false,"campfire_upgraded":5,"win_rate":0.0,"timestamp":1609912838,"path_taken":["M","M","?","M","M","R","E","R","T","E","M","?","M","$","R","BOSS","M","$","M","?","?","R","?","R","T","AVR","?","M","?","M","R","BOSS","M","?","?","?","M","R","?","R","T","?","E","R","?","M","R","BOSS"],"items_purchased_type":["Relic","Relic","Relic","Relic","Card","Relic","Relic","Relic","Relic","Relic","Relic","Card"],"build_version":"2020-12-22","purchased_purges":2,"victory":true,"max_hp_per_floor":[82,82,87,87,87,87,87,87,87,87,87,87,87,87,87,87,87,87,87,87,87,87,87,87,87,87,87,87,87,87,87,87,87,87,87,87,87,87,87,87,87,87,87,87,87,87,87,87,87,87],"card_choices":[{"not_picked":["TheRailgun:Heroinism","TheRailgun:Sister_Noise"],"picked":"TheRailgun:Spark","floor":1},{"not_picked":["TheRailgun:Recharge","TheRailgun:Charge"],"picked":"TheRailgun:Battery_Pack","floor":2},{"not_picked":["TheRailgun:Spark","TheRailgun:Magnetic_Movement","TheRailgun:Teleporter"],"picked":"Singing Bowl","floor":4},{"not_picked":["TheRailgun:Overload","TheRailgun:Coin_Flip"],"picked":"TheRailgun:Zap","floor":5},{"not_picked":["TheRailgun:Crack","TheRailgun:Spark","TheRailgun:Positive_Field"],"picked":"Singing Bowl","floor":7},{"not_picked":["TheRailgun:Circuit_Breaker+1","TheRailgun:Push"],"picked":"TheRailgun:Taser+1","floor":10},{"not_picked":["TheRailgun:Sister_Network","TheRailgun:Recharge","TheRailgun:Zip"],"picked":"SKIP","floor":11},{"not_picked":["TheRailgun:Circuitous+1","TheRailgun:Token_Collection"],"picked":"TheRailgun:Electrical_Fire","floor":12},{"not_picked":["TheRailgun:Crack","TheRailgun:Gekota_Phone"],"picked":"TheRailgun:Heroinism+1","floor":13},{"not_picked":["TheRailgun:Circuitous+1","TheRailgun:Overload+1"],"picked":"TheRailgun:Magnetic_Flight+1","floor":16},{"not_picked":["TheRailgun:Gekotamania"],"picked":"SKIP","floor":18},{"not_picked":["TheRailgun:Electric_Fence"],"picked":"Singing Bowl","floor":20},{"not_picked":["TheRailgun:Thunderjolt"],"picked":"Singing Bowl","floor":21},{"not_picked":["TheRailgun:Electrical_Fire"],"picked":"Singing Bowl","floor":28},{"not_picked":[],"picked":"TheRailgun:Charge+1","floor":29},{"not_picked":[],"picked":"TheRailgun:Thunderjolt+1","floor":31},{"not_picked":[],"picked":"TheRailgun:Judgement_Officer+1","floor":33},{"not_picked":[],"picked":"TheRailgun:Zip+1","floor":35},{"not_picked":[],"picked":"TheRailgun:Iron_Dust_Field+1","floor":39},{"not_picked":[],"picked":"wanderingMiniBosses:FinaleOfPromise","floor":41},{"not_picked":["TheRailgun:Recharge+1"],"picked":"Singing Bowl","floor":41},{"not_picked":[],"picked":"TheRailgun:Biribiri+1","floor":44},{"not_picked":["TheRailgun:Magnetic_Movement+1"],"picked":"Singing Bowl","floor":45},{"not_picked":["TheRailgun:Aerial_Shot+1"],"picked":"SKIP","floor":48}],"player_experience":1068649,"relics_obtained":[{"floor":7,"key":"Tiny Chest"},{"floor":9,"key":"Bronze Scales"},{"floor":10,"key":"Frozen Egg 2"},{"floor":24,"key":"Ornamental Fan"},{"floor":26,"key":"Toxic Egg 2"},{"floor":37,"key":"Gremlin Horn"},{"floor":41,"key":"BicycleWheel"},{"floor":41,"key":"wanderingMiniBosses:Blackblade"},{"floor":43,"key":"Toy Ornithopter"},{"floor":45,"key":"BlackRope"},{"floor":47,"key":"infinitespire:Midas Blood"}],"event_choices":[{"damage_healed":0,"gold_gain":0,"player_choice":"Got Potions","damage_taken":0,"max_hp_gain":0,"max_hp_loss":0,"event_name":"Lab","floor":3,"gold_loss":0},{"damage_healed":0,"gold_gain":0,"player_choice":"Rummage","damage_taken":0,"relics_obtained":["WarpedTongs"],"max_hp_gain":0,"max_hp_loss":0,"event_name":"Accursed Blacksmith","floor":22,"gold_loss":0,"cards_obtained":["Pain"]},{"damage_healed":0,"gold_gain":0,"player_choice":"Bought 0 Potions","damage_taken":0,"max_hp_gain":0,"max_hp_loss":0,"event_name":"The Woman in Blue","floor":30,"gold_loss":0},{"damage_healed":0,"gold_gain":3,"player_choice":"4","damage_taken":0,"max_hp_gain":0,"max_hp_loss":0,"event_name":"betterStone:BetterStone","floor":36,"gold_loss":0,"cards_obtained":["Electrodynamics"]},{"damage_healed":0,"gold_gain":0,"player_choice":"Paid","damage_taken":0,"relics_obtained":["Red Mask"],"max_hp_gain":0,"max_hp_loss":0,"event_name":"Tomb of Lord Red Mask","floor":38,"gold_loss":157},{"damage_healed":0,"gold_gain":0,"player_choice":"Fight","damage_taken":0,"max_hp_gain":0,"max_hp_loss":0,"event_name":"MindBloom","floor":41,"gold_loss":0}],"is_beta":false,"boss_relics":[{"not_picked":["Runic Pyramid","Sozu"],"picked":"Busted Crown"},{"not_picked":["Sandwich","Snecko Eye"],"picked":"Astrolabe"}],"items_purged_floors":[0,27],"is_endless":false,"potions_floor_spawned":[2,4,7,11,16,20,21,28,31,35,44,45],"ascension_level":1}}