{"host":"d2y4rmbezebiv8aj","time":1609930317,"event":{"mods":["AchievementEnabler","BaseMod","Bestiary","BetterRewards","Colored Map","Colored Powertips","Custom Start","Highlight Path","Minty Spire (QoL Compilation)","Quick Restart","Rare Cards Sparkle","Relic Sorter","Relic Stats","Shop Mod","Slay-I","StSLib","SuperFastMode"],"gold_per_floor":[118,135,151,134,149,175,68,68,68,78,88,8,8,0,0,97,97,117,67,14,24,35,35,35],"floor_reached":23,"playtime":739,"items_purged":[],"score":254,"play_id":"ed53a68c-454a-4031-a5a0-a31a77c457b8","local_time":"20210106115157","is_ascension_mode":true,"campfire_choices":[{"floor":8,"key":"REST"},{"data":"Caltrops","floor":13,"key":"SMITH"},{"data":"Footwork","floor":15,"key":"SMITH"}],"circlet_count":0,"master_deck":["Strike_G","Strike_G","Strike_G","Strike_G","Strike_G","Defend_G","Defend_G","Defend_G","Defend_G","Defend_G","Survivor","Neutralize","Footwork","Deflect","Cloak And Dagger","Infinite Blades","Dash","Sucker Punch","Footwork+1","All Out Attack","Slice","Caltrops","Caltrops+1","Night Terror","Caltrops","Slice","Backstab+1","Slice"],"relics":["Ring of the Snake","NeowsBlessing","Regal Pillow","Matryoshka","HoveringKite"],"acts_visited":["Exordium","TheCity"],"potions_floor_usage":[6,16,16,23,23],"damage_taken":[{"damage":0,"enemies":"Cultist","floor":1,"turns":1},{"damage":0,"enemies":"Small Slimes","floor":2,"turns":1},{"damage":0,"enemies":"2 Louse","floor":3,"turns":1},{"damage":5,"enemies":"Exordium Thugs","floor":4,"turns":7},{"damage":0,"enemies":"Blue Slaver","floor":5,"turns":5},{"damage":20,"enemies":"3 Sentries","floor":6,"turns":11},{"damage":5,"enemies":"Exordium Wildlife","floor":10,"turns":6},{"damage":4,"enemies":"2 Fungi Beasts","floor":11,"turns":4},{"damage":10,"enemies":"Hexaghost","floor":16,"turns":11},{"damage":0,"enemies":"3 Byrds","floor":18,"turns":2},{"damage":19,"enemies":"Spheric Guardian","floor":21,"turns":5},{"damage":24,"enemies":"Centurion and Healer","floor":22,"turns":11},{"damage":23,"enemies":"Snecko","floor":23,"turns":3}],"seed_played":"4168416157445226047","potions_obtained":[{"floor":1,"key":"Block Potion"},{"floor":2,"key":"Energy Potion"},{"floor":4,"key":"FearPotion"},{"floor":10,"key":"Dexterity Potion"},{"floor":21,"key":"Swift Potion"},{"floor":22,"key":"BlessingOfTheForge"}],"is_trial":false,"path_per_floor":["M","M","M","M","M","E","$","R","T","M","M","$","R","?","R","B",null,"M","?","$","M","M","M"],"character_chosen":"THE_SILENT","items_purchased":["Footwork","All Out Attack","Caltrops","Slice"],"campfire_rested":1,"item_purchase_floors":[7,7,12,20],"current_hp_per_floor":[63,63,63,58,58,38,38,70,70,65,61,61,61,61,61,51,65,65,65,65,46,22,0,0],"gold":35,"neow_bonus":"THREE_ENEMY_KILL","is_daily":false,"chose_seed":false,"campfire_upgraded":2,"win_rate":0.0,"timestamp":1609930317,"path_taken":["M","M","M","M","M","E","$","R","T","M","M","?","R","?","R","BOSS","M","?","?","M","M","M"],"items_purchased_type":["Card","Card","Card","Card"],"build_version":"2020-12-22","purchased_purges":0,"victory":false,"max_hp_per_floor":[70,70,70,70,70,70,70,70,70,70,70,70,70,70,70,70,70,70,70,70,70,70,70,70],"relic_stats":{"Regal Pillow":11,"counters":[13,68],"HoveringKite":[5],"obtain_stats":[{"Regal Pillow":6,"Matryoshka":9,"NeowsBlessing":0,"HoveringKite":17,"Ring of the Snake":0},{"Regal Pillow":6,"Matryoshka":6,"NeowsBlessing":0,"HoveringKite":9,"Ring of the Snake":0},{"Regal Pillow":26,"Matryoshka":26,"NeowsBlessing":0,"HoveringKite":47,"Ring of the Snake":0}],"Ring of the Snake":[26]},"card_choices":[{"not_picked":["Flying Knee","Leg Sweep"],"picked":"Footwork","floor":1},{"not_picked":["Eviscerate","Leg Sweep"],"picked":"Deflect","floor":2},{"not_picked":["PiercingWail","Caltrops"],"picked":"Cloak And Dagger","floor":3},{"not_picked":["Crippling Poison","Backflip"],"picked":"Infinite Blades","floor":4},{"not_picked":["Cloak And Dagger","Prepared"],"picked":"Dash","floor":5},{"not_picked":["Adrenaline","Blade Dance"],"picked":"Sucker Punch","floor":6},{"not_picked":["Blade Dance","Prepared"],"picked":"Slice","floor":10},{"not_picked":["Distraction","Deflect"],"picked":"Caltrops","floor":11},{"not_picked":["Grand Finale","Burst"],"picked":"Night Terror","floor":16},{"not_picked":["Deadly Poison","Dash"],"picked":"Caltrops","floor":18},{"not_picked":["PiercingWail+1","Caltrops"],"picked":"Backstab+1","floor":21},{"not_picked":["Cloak And Dagger","Quick Slash"],"picked":"Slice","floor":22}],"player_experience":355529,"relics_obtained":[{"floor":6,"key":"Regal Pillow"},{"floor":9,"key":"Matryoshka"}],"event_choices":[{"damage_healed":0,"gold_gain":0,"player_choice":"Left Gold","damage_taken":0,"max_hp_gain":0,"max_hp_loss":0,"event_name":"World of Goop","floor":14,"gold_loss":8},{"damage_healed":0,"gold_gain":0,"player_choice":"Bet on Murderer","damage_taken":0,"max_hp_gain":0,"max_hp_loss":0,"event_name":"The Joust","floor":19,"gold_loss":50}],"is_beta":false,"boss_relics":[{"not_picked":["Empty Cage","Pandora\u0027s Box"],"picked":"HoveringKite"}],"items_purged_floors":[],"is_endless":false,"potions_floor_spawned":[1,2,4,10,21,22],"killed_by":"Snecko","ascension_level":6}}