{"host":"2yqfi47fogfu1ic4","time":1609893466,"event":{"mods":["AchievementEnabler","BaseMod","Colored Map","Colored Powertips","Highlight Path","Minty Spire (QoL Compilation)","Permanent Neow","Relic Stats","StSLib"],"gold_per_floor":[111,127,277,294,211,211,226,226,251,48,82,94,14,25,25,99,99,113,123,123,142,67,67,78,78,159,184,184,195,16,34,34,110,110,128,141,152,152,23,23,23],"floor_reached":40,"playtime":2594,"items_purged":["Doubt","Strike_G"],"score":830,"play_id":"cff8cf54-89d6-4044-9958-0f9efba32b20","local_time":"20210106013746","is_ascension_mode":true,"campfire_choices":[{"data":"Poisoned Stab","floor":6.0,"key":"SMITH"},{"data":"Underhanded Strike","floor":8.0,"key":"SMITH"},{"floor":15.0,"key":"REST"},{"data":"RitualDagger","floor":23.0,"key":"SMITH"},{"floor":25,"key":"REST"},{"floor":28,"key":"REST"},{"floor":32,"key":"REST"}],"circlet_count":0,"master_deck":["AscendersBane","Strike_G","Strike_G","Strike_G","Defend_G","Defend_G","Defend_G","Defend_G","Defend_G","Survivor","Neutralize","Backflip","Flying Knee","Poisoned Stab+1","Underhanded Strike+1","Dash","Poisoned Stab","Dash","PiercingWail","Terror","Backstab","RitualDagger+1","Dagger Throw","PiercingWail","Wraith Form v2","Escape Plan","Corpse Explosion","CurseOfTheBell","Acrobatics","Acrobatics"],"relics":["Sozu","Pen Nib","Art of War","Tiny Chest","Runic Pyramid","Ornamental Fan","Calling Bell","Boot","HornCleat","Girya"],"acts_visited":["Exordium","TheCity","TheBeyond"],"potions_floor_usage":[],"damage_taken":[{"damage":1.0,"enemies":"Cultist","floor":1.0,"turns":4.0},{"damage":2.0,"enemies":"Jaw Worm","floor":2.0,"turns":5.0},{"damage":2.0,"enemies":"Small Slimes","floor":4.0,"turns":4.0},{"damage":25.0,"enemies":"Gremlin Gang","floor":7.0,"turns":5.0},{"damage":10.0,"enemies":"3 Sentries","floor":11.0,"turns":6.0},{"damage":0.0,"enemies":"Red Slaver","floor":12.0,"turns":2.0},{"damage":3.0,"enemies":"Looter","floor":14.0,"turns":3.0},{"damage":18.0,"enemies":"Slime Boss","floor":16.0,"turns":9.0},{"damage":5.0,"enemies":"Shell Parasite","floor":18.0,"turns":4.0},{"damage":5.0,"enemies":"2 Thieves","floor":19.0,"turns":4.0},{"damage":0.0,"enemies":"Centurion and Healer","floor":21.0,"turns":4.0},{"damage":36,"enemies":"Shelled Parasite and Fungi","floor":24,"turns":4},{"damage":0,"enemies":"Snecko","floor":29,"turns":3},{"damage":21,"enemies":"Centurion and Healer","floor":31,"turns":5},{"damage":31,"enemies":"Automaton","floor":33,"turns":9},{"damage":0,"enemies":"Orb Walker","floor":35,"turns":3},{"damage":13,"enemies":"3 Darklings","floor":36,"turns":5},{"damage":16,"enemies":"Transient","floor":37,"turns":6},{"damage":69,"enemies":"Giant Head","floor":40,"turns":7}],"seed_played":"2013830925272762777","potions_obtained":[],"is_trial":false,"path_per_floor":["M","M","?","M","?","R","M","R","T","$","E","M","$","M","R","B",null,"M","M","?","M","?","R","M","R","T","T","R","M","$","M","R","B",null,"M","M","M","?","$","E"],"character_chosen":"THE_SILENT","items_purchased":["Dash","Poisoned Stab","Terror","Wraith Form v2","Acrobatics"],"campfire_rested":4,"item_purchase_floors":[10,10,13,30,39],"current_hp_per_floor":[58,56,56,54,54,54,29,29,29,29,19,19,19,16,35,17,54,49,44,38,38,38,38,2,21,21,21,40,40,40,19,38,7,51,51,38,22,22,22,0,0],"gold":23,"neow_bonus":"BOSS_RELIC","is_daily":false,"chose_seed":false,"campfire_upgraded":3,"win_rate":0.0,"timestamp":1609893466,"path_taken":["M","?","?","M","?","R","?","R","T","$","E","M","?","M","R","BOSS","M","M","?","M","?","R","M","R","T","?","R","M","?","M","R","BOSS","M","M","M","?","$","E"],"items_purchased_type":["Card","Card","Card","Card","Card"],"build_version":"2020-12-22","purchased_purges":2,"victory":false,"max_hp_per_floor":[66,66,66,66,66,66,66,66,66,66,66,66,66,66,66,66,66,66,66,66,66,66,66,66,66,66,66,66,66,66,66,66,66,66,66,66,66,63,63,63,63],"relic_stats":{"Sozu":9,"counters":[19,92],"Ornamental Fan":[60],"Tiny Chest":1,"Pen Nib":[18],"Art of War":[6],"Boot":[3],"obtain_stats":[{"Sozu":0,"Calling Bell":34,"Girya":34,"HornCleat":34,"Ornamental Fan":26,"Tiny Chest":11,"Pen Nib":5,"Art of War":9,"Boot":34,"Ring of the Snake":0,"Runic Pyramid":17},{"Sozu":0,"Calling Bell":15,"Girya":15,"HornCleat":15,"Ornamental Fan":12,"Tiny Chest":5,"Pen Nib":3,"Art of War":4,"Boot":15,"Ring of the Snake":0,"Runic Pyramid":8},{"Sozu":0,"Calling Bell":71,"Girya":71,"HornCleat":71,"Ornamental Fan":54,"Tiny Chest":24,"Pen Nib":13,"Art of War":18,"Boot":71,"Ring of the Snake":0,"Runic Pyramid":38}]},"card_choices":[{"not_picked":["Slice","Distraction"],"picked":"Backflip","floor":1.0},{"not_picked":["Sucker Punch","Quick Slash"],"picked":"Flying Knee","floor":2.0},{"not_picked":["Infinite Blades","Sucker Punch"],"picked":"Poisoned Stab","floor":4.0},{"not_picked":["Sucker Punch","Deflect"],"picked":"Underhanded Strike","floor":7.0},{"not_picked":["Quick Slash","Sucker Punch"],"picked":"Dash","floor":11.0},{"not_picked":["Bouncing Flask","Poisoned Stab"],"picked":"PiercingWail","floor":12.0},{"not_picked":["Deadly Poison","Bane"],"picked":"Backstab","floor":14.0},{"not_picked":["Bane","Setup","Finisher"],"picked":"SKIP","floor":18.0},{"not_picked":["Concentrate","Slice","Deadly Poison"],"picked":"SKIP","floor":19.0},{"not_picked":["Caltrops","Eviscerate"],"picked":"Dagger Throw","floor":21.0},{"not_picked":["Escape Plan","All Out Attack"],"picked":"PiercingWail","floor":24},{"not_picked":["Flying Knee+1","Dodge and Roll","Underhanded Strike"],"picked":"SKIP","floor":29},{"not_picked":["Deflect","Prepared"],"picked":"Escape Plan","floor":31},{"not_picked":["Envenom","Bullet Time"],"picked":"Corpse Explosion","floor":33},{"not_picked":["Quick Slash+1","Flying Knee+1","Deadly Poison+1"],"picked":"SKIP","floor":35},{"not_picked":["Dodge and Roll","Well Laid Plans","Deflect"],"picked":"SKIP","floor":36},{"not_picked":["Endless Agony","Predator"],"picked":"Acrobatics","floor":37}],"player_experience":2091274,"relics_obtained":[{"floor":9.0,"key":"Art of War"},{"floor":11.0,"key":"Tiny Chest"},{"floor":26,"key":"Ornamental Fan"},{"floor":34,"key":"Boot"},{"floor":34,"key":"HornCleat"},{"floor":34,"key":"Girya"}],"event_choices":[{"damage_healed":0.0,"max_hp_gain":0.0,"max_hp_loss":0.0,"gold_gain":150.0,"event_name":"Liars Game","player_choice":"AGREE","floor":3.0,"gold_loss":0.0,"damage_taken":0.0,"cards_obtained":["Doubt"]},{"damage_healed":0.0,"max_hp_gain":0.0,"max_hp_loss":0.0,"gold_gain":0.0,"event_name":"WeMeetAgain","player_choice":"Paid Gold","floor":5.0,"gold_loss":83.0,"damage_taken":0.0,"relics_obtained":["Pen Nib"]},{"damage_healed":0.0,"max_hp_gain":0.0,"max_hp_loss":0.0,"gold_gain":0.0,"event_name":"Nest","player_choice":"Joined the Cult","floor":20.0,"gold_loss":0.0,"damage_taken":6.0,"cards_obtained":["RitualDagger"]},{"cards_removed":["Strike_G"],"damage_healed":0.0,"max_hp_gain":0.0,"max_hp_loss":0.0,"gold_gain":0.0,"event_name":"Beggar","player_choice":"Gave Gold","floor":22.0,"gold_loss":75.0,"damage_taken":0.0},{"damage_healed":0,"gold_gain":0,"player_choice":"Max HP","damage_taken":0,"max_hp_gain":0,"max_hp_loss":3,"event_name":"Winding Halls","floor":38,"gold_loss":0}],"is_beta":false,"boss_relics":[{"not_picked":["Busted Crown","Philosopher\u0027s Stone"],"picked":"Runic Pyramid"},{"not_picked":["Runic Dome","SacredBark"],"picked":"Calling Bell"}],"items_purged_floors":[10,39],"is_endless":false,"potions_floor_spawned":[2,4,11,12,14,29,33,35,36],"killed_by":"Giant Head","ascension_level":20}}