{"host":"vlqejv0notyktumz","time":1609894665,"event":{"mods":["AchievementEnabler","BaseMod","Googly Eyes","Minty Spire (QoL Compilation)"],"gold_per_floor":[111,130,80,80,91,91,22,22,45,61,96,110,110,127,127,127,127],"floor_reached":16,"playtime":433,"items_purged":[],"score":112,"play_id":"eb094115-d321-4f6e-9e20-55833c5493c6","local_time":"20210105185745","is_ascension_mode":true,"campfire_choices":[{"data":"Eruption","floor":6,"key":"SMITH"},{"data":"Vigilance","floor":15,"key":"SMITH"}],"circlet_count":0,"master_deck":["Strike_P","Strike_P","Defend_P","Defend_P","Defend_P","Defend_P","Eruption+1","Vigilance+1","FearNoEvil","CrushJoints","Conclude","ThirdEye","ClearTheMind","Establishment","Crescendo"],"relics":["PureWater","NeowsBlessing","Centennial Puzzle","Bottled Tornado"],"acts_visited":["Exordium"],"potions_floor_usage":[11,11,11,16,16],"damage_taken":[{"damage":0,"enemies":"Small Slimes","floor":1,"turns":1},{"damage":0,"enemies":"2 Louse","floor":2,"turns":1},{"damage":0,"enemies":"Cultist","floor":5,"turns":1},{"damage":16,"enemies":"Exordium Thugs","floor":10,"turns":7},{"damage":13,"enemies":"Lagavulin","floor":11,"turns":4},{"damage":0,"enemies":"2 Fungi Beasts","floor":12,"turns":3},{"damage":2,"enemies":"Red Slaver","floor":14,"turns":2},{"damage":47,"enemies":"Slime Boss","floor":16,"turns":7}],"seed_played":"5689072423799062364","potions_obtained":[{"floor":4,"key":"StancePotion"},{"floor":4,"key":"Swift Potion"},{"floor":4,"key":"Energy Potion"},{"floor":11,"key":"FearPotion"},{"floor":14,"key":"Dexterity Potion"}],"is_trial":false,"path_per_floor":["M","M","?","?","M","R","$","?","T","M","E","M","$","M","R","B"],"character_chosen":"WATCHER","items_purchased":["ThirdEye","ClearTheMind"],"campfire_rested":0,"item_purchase_floors":[7,7],"current_hp_per_floor":[72,72,72,72,72,72,72,72,72,56,43,43,43,41,41,0,0],"gold":127,"neow_bonus":"THREE_ENEMY_KILL","is_daily":false,"chose_seed":false,"campfire_upgraded":2,"win_rate":0.0,"timestamp":1609894665,"path_taken":["M","M","?","?","?","R","?","?","T","?","E","M","$","M","R","BOSS"],"items_purchased_type":["Card","Card"],"build_version":"2020-12-22","purchased_purges":0,"victory":false,"max_hp_per_floor":[72,72,72,72,72,72,72,72,72,72,72,72,72,72,72,72,72],"card_choices":[{"not_picked":["ThirdEye","MentalFortress"],"picked":"FearNoEvil","floor":1},{"not_picked":["Evaluate","BowlingBash"],"picked":"CrushJoints","floor":2},{"not_picked":["WaveOfTheHand","Vengeance"],"picked":"Conclude","floor":5},{"not_picked":["FlurryOfBlows","Nirvana"],"picked":"Crescendo","floor":10},{"not_picked":["Indignation","FollowUp","Sanctity"],"picked":"SKIP","floor":11},{"not_picked":["Nirvana","ClearTheMind","CrushJoints"],"picked":"SKIP","floor":12},{"not_picked":["FollowUp","Vengeance","CrushJoints"],"picked":"SKIP","floor":14}],"player_experience":298214,"relics_obtained":[{"floor":9,"key":"Centennial Puzzle"},{"floor":11,"key":"Bottled Tornado"}],"event_choices":[{"cards_removed":["Strike_P"],"damage_healed":0,"gold_gain":0,"player_choice":"Card Removal","damage_taken":0,"max_hp_gain":0,"max_hp_loss":0,"event_name":"The Cleric","floor":3,"gold_loss":50},{"damage_healed":0,"gold_gain":0,"player_choice":"Got Potions","damage_taken":0,"max_hp_gain":0,"max_hp_loss":0,"event_name":"Lab","floor":4,"gold_loss":0},{"damage_healed":0,"gold_gain":0,"cards_transformed":["Strike_P"],"player_choice":"Transformed","damage_taken":0,"max_hp_gain":0,"max_hp_loss":0,"event_name":"Transmorgrifier","floor":8,"gold_loss":0,"cards_obtained":["Establishment"]}],"is_beta":false,"boss_relics":[],"items_purged_floors":[],"is_endless":false,"potions_floor_spawned":[5,11,14],"killed_by":"Slime Boss","ascension_level":2}}