{"host":"b4asi0laiv85suj9","time":1609913939,"event":{"mods":["ATMod(°¢èªMod)","BaseMod","Minty Spire (QoL Compilation)","MostiFishMod","Relic Stats","StSLib","TestMod","noobMod"],"gold_per_floor":[118,129,229,239,164,196,211,211,260,260,291,305,340,358,358,432,432,449,466,52,52,66,92,92,106,106,140,155,155,175,206,206,278,278,289,305,305,305,99,99,126,126,180,211,230,263,276,290,290,290,290,290,290,59,88,88],"floor_reached":57,"playtime":2829,"items_purged":["Strike_R","Strike_R","Defend_R"],"score":3173,"play_id":"aa75b2da-33ea-4341-9eb0-1907f3a24f6c","local_time":"20210106141859","is_ascension_mode":true,"campfire_choices":[{"data":"AT_FamilyPortrait","floor":15.0,"key":"SMITH"},{"data":"Searing Blow","floor":24,"key":"SMITH"},{"data":"Searing Blow+1","floor":29,"key":"SMITH"},{"data":"Searing Blow+2","floor":32,"key":"SMITH"},{"floor":40,"key":"RECALL"},{"data":"Searing Blow+7","floor":42,"key":"SMITH"},{"data":"Searing Blow+8","floor":49,"key":"SMITH"},{"data":"MostiFishMod:UltimateDefense","floor":53,"key":"SMITH"}],"circlet_count":0,"master_deck":["AscendersBane","Strike_R","Strike_R","Defend_R","Defend_R","Bash","AT_FamilyPortrait+1","Blood for Blood","Second Wind","Infernal Blade","Searing Blow+9","AT_GerminateFire","AT_BodySlamDance","MostiFishMod:Mania","AT_ManFootWork","MostiFishMod:DarkDeal","MostiFishMod:FlyOverUtopia+1","AT_IchimonjiDouble","MostiFishMod:FireWorks","AT_CaressingTears","Burning Pact+1","MostiFishMod:OrdinaryWorld","MostiFishMod:BrandingRite+1","Dark Embrace","Pommel Strike","MostiFishMod:UltimateDefense+2","Burning Pact","Exhume","Armaments","Shrug It Off+1"],"relics":["testmod-TestBox","DaveBox","ice","AT_ATBox","RhineFirstAidKit","testmod-CyclicPeriapt","Transparent","SynthV:TestCard","The Courier","Boot","WarpedTongs","testmod-IndustrialRevolution","Mercury Hourglass","HaiYi:Twilight","AT_SilvercatRing","AT_RedTearstoneRing","testmod-Muramasa","Empty Cage","Nunchaku","Regal Pillow","AT_BellDemon","AT_BladeRuinedKing","testmod-Brilliant","Letter Opener","Sundial","Bottled Flame","Vajra","AT_ChloranthyRing","Du-Vu Doll","AT_ArchangelStaff"],"acts_visited":["Exordium","TheCity","TheBeyond","TheEnding"],"potions_floor_usage":[56,56],"damage_taken":[{"damage":7.0,"enemies":"2 Louse","floor":1.0,"turns":1.0},{"damage":14.0,"enemies":"Cultist","floor":2.0,"turns":2.0},{"damage":14.0,"enemies":"Jaw Worm","floor":4.0,"turns":2.0},{"damage":7.0,"enemies":"Gremlin Nob","floor":6.0,"turns":1.0},{"damage":14.0,"enemies":"3 Louse","floor":7.0,"turns":2.0},{"damage":28.0,"enemies":"3 Sentries","floor":11.0,"turns":2.0},{"damage":24.0,"enemies":"Exordium Thugs","floor":12.0,"turns":2.0},{"damage":23.0,"enemies":"Gremlin Nob","floor":13.0,"turns":2.0},{"damage":36.0,"enemies":"Large Slime","floor":14.0,"turns":3.0},{"damage":80.0,"enemies":"The Guardian","floor":16.0,"turns":5.0},{"damage":20.0,"enemies":"Shell Parasite","floor":18.0,"turns":2.0},{"damage":13.0,"enemies":"2 Thieves","floor":19.0,"turns":1.0},{"damage":25.0,"enemies":"Chosen and Byrds","floor":22.0,"turns":2.0},{"damage":27.0,"enemies":"Gremlin Leader","floor":23.0,"turns":2.0},{"damage":20,"enemies":"Centurion and Healer","floor":25,"turns":2},{"damage":16,"enemies":"Book of Stabbing","floor":27,"turns":1},{"damage":24,"enemies":"Cultist and Chosen","floor":28,"turns":2},{"damage":12,"enemies":"Chosen and Byrds","floor":30,"turns":1},{"damage":33,"enemies":"Slavers","floor":31,"turns":2},{"damage":29,"enemies":"Champ","floor":33,"turns":2},{"damage":17,"enemies":"3 Shapes","floor":35,"turns":1},{"damage":12,"enemies":"3 Darklings","floor":36,"turns":1},{"damage":26,"enemies":"Giant Head","floor":41,"turns":1},{"damage":30,"enemies":"Reptomancer","floor":44,"turns":2},{"damage":12,"enemies":"Sphere and 2 Shapes","floor":45,"turns":1},{"damage":29,"enemies":"Giant Head","floor":46,"turns":2},{"damage":8,"enemies":"4 Shapes","floor":47,"turns":1},{"damage":17,"enemies":"Writhing Mass","floor":48,"turns":1},{"damage":54,"enemies":"Awakened One","floor":50,"turns":3},{"damage":29,"enemies":"Donu and Deca","floor":51,"turns":2},{"damage":21,"enemies":"Shield and Spear","floor":55,"turns":1},{"damage":85,"enemies":"The Heart","floor":56,"turns":4}],"seed_played":"-88934585039053382","potions_obtained":[{"floor":1.0,"key":"ColorlessPotion"},{"floor":4.0,"key":"SkillPotion"},{"floor":11.0,"key":"PowerPotion"}],"is_trial":false,"path_per_floor":["M","M","?","M","$","E","M","?","T","?","E","M","E","M","R","B",null,"M","M","$","?","M","E","R","M","T","E","M","R","M","E","R","B",null,"M","M","?","?","$","R","E","R","T","E","M","E","M","M","R","B","B",null,"R","$","E","B",null],"character_chosen":"IRONCLAD","items_purchased":["AT_SilvercatRing","MostiFishMod:FlyOverUtopia","AT_IchimonjiDouble","Nunchaku","AT_ChloranthyRing"],"campfire_rested":0,"item_purchase_floors":[20,20,20,39,54],"current_hp_per_floor":[75,78,78,78,78,78,78,83,83,83,86,86,86,86,86,86,86,86,86,86,86,86,86,86,86,86,86,86,86,86,86,86,86,86,86,86,86,86,86,86,86,86,86,86,86,86,86,86,86,86,86,86,86,86,86,61],"gold":88,"neow_bonus":"BOSS_RELIC","is_daily":false,"chose_seed":false,"campfire_upgraded":7,"win_rate":0.0,"timestamp":1609913939,"path_taken":["M","M","?","M","$","E","?","?","T","?","E","M","E","M","R","BOSS","M","M","$","?","?","E","R","M","T","E","M","R","M","E","R","BOSS","M","M","?","?","$","R","E","R","T","E","?","E","M","M","R","BOSS","BOSS","R","$","E","BOSS"],"items_purchased_type":["Relic","Card","Card","Relic","Relic"],"build_version":"2020-12-22","purchased_purges":3,"victory":true,"max_hp_per_floor":[75,78,78,78,78,78,78,83,83,83,86,86,86,86,86,86,86,86,86,86,86,86,86,86,86,86,86,86,86,86,86,86,86,86,86,86,86,86,86,86,86,86,86,86,86,86,86,86,86,86,86,86,86,86,86,86],"relic_stats":{"Nunchaku":[6],"Regal Pillow":0,"counters":[32,58],"Sundial":[4],"Letter Opener":[115],"Boot":[52],"obtain_stats":[{"AT_BellDemon":43,"Regal Pillow":41,"AT_ATBox":0,"DaveBox":0,"Vajra":48,"ice":0,"Boot":9,"Empty Cage":34,"AT_ArchangelStaff":55,"Burning Blood":0,"testmod-Brilliant":45,"Nunchaku":39,"RhineFirstAidKit":0,"Sundial":46,"AT_ChloranthyRing":54,"AT_RedTearstoneRing":27,"testmod-Muramasa":31,"testmod-TestBox":0,"testmod-CyclicPeriapt":0,"The Courier":6,"AT_BladeRuinedKing":44,"Letter Opener":46,"AT_SilvercatRing":20,"testmod-IndustrialRevolution":11,"WarpedTongs":10,"Mercury Hourglass":13,"Du-Vu Doll":55,"Bottled Flame":47,"SynthV:TestCard":1,"Transparent":0,"HaiYi:Twilight":17},{"AT_BellDemon":23,"Regal Pillow":23,"AT_ATBox":0,"DaveBox":0,"Vajra":28,"ice":0,"Boot":5,"Empty Cage":20,"AT_ArchangelStaff":31,"Burning Blood":0,"testmod-Brilliant":25,"Nunchaku":22,"RhineFirstAidKit":0,"Sundial":26,"AT_ChloranthyRing":30,"AT_RedTearstoneRing":16,"testmod-Muramasa":19,"testmod-TestBox":0,"testmod-CyclicPeriapt":0,"The Courier":4,"AT_BladeRuinedKing":24,"Letter Opener":26,"AT_SilvercatRing":12,"testmod-IndustrialRevolution":6,"WarpedTongs":5,"Mercury Hourglass":8,"Du-Vu Doll":31,"Bottled Flame":27,"SynthV:TestCard":1,"Transparent":0,"HaiYi:Twilight":10},{"AT_BellDemon":41,"Regal Pillow":41,"AT_ATBox":0,"DaveBox":0,"Vajra":48,"ice":0,"Boot":8,"Empty Cage":38,"AT_ArchangelStaff":54,"Burning Blood":0,"testmod-Brilliant":44,"Nunchaku":40,"RhineFirstAidKit":0,"Sundial":46,"AT_ChloranthyRing":53,"AT_RedTearstoneRing":32,"testmod-Muramasa":36,"testmod-TestBox":0,"testmod-CyclicPeriapt":0,"The Courier":6,"AT_BladeRuinedKing":43,"Letter Opener":46,"AT_SilvercatRing":25,"testmod-IndustrialRevolution":10,"WarpedTongs":8,"Mercury Hourglass":14,"Du-Vu Doll":54,"Bottled Flame":47,"SynthV:TestCard":1,"Transparent":0,"HaiYi:Twilight":22}],"WarpedTongs":[43],"Mercury Hourglass":[223]},"card_choices":[{"not_picked":["Anger","Thunderclap"],"picked":"Blood for Blood","floor":1.0},{"not_picked":["Body Slam","Clash","Dark Embrace","Twin Strike"],"picked":"Second Wind","floor":2.0},{"not_picked":["AT_BodySlamDance","Flex","Warcry","Dropkick"],"picked":"Infernal Blade","floor":4.0},{"not_picked":["Wild Strike","Carnage","Bloodletting","Disarm"],"picked":"Searing Blow","floor":6.0},{"not_picked":["Warcry","MostiFishMod:CullingBlade","Armaments","Twin Strike"],"picked":"AT_GerminateFire","floor":7.0},{"not_picked":["Disarm","Second Wind","Rampage","Brutality"],"picked":"AT_BodySlamDance","floor":11.0},{"not_picked":["Flame Barrier","Seeing Red","Twin Strike","Iron Wave","Perfected Strike"],"picked":"SKIP","floor":12.0},{"not_picked":["Anger","AT_BodySlamDance","Battle Trance","Sword Boomerang"],"picked":"MostiFishMod:Mania","floor":13.0},{"not_picked":["Wild Strike","Heavy Blade","Havoc","Twin Strike"],"picked":"AT_ManFootWork","floor":14.0},{"not_picked":["Limit Break","MostiFishMod:FireWorks","MostiFishMod:CullingBlade","AT_Dispersion"],"picked":"MostiFishMod:DarkDeal","floor":16.0},{"not_picked":["True Grit","Heavy Blade","Wild Strike","Armaments","Clothesline"],"picked":"SKIP","floor":18.0},{"not_picked":["Heavy Blade","Anger","Sword Boomerang","True Grit","Searing Blow"],"picked":"SKIP","floor":19.0},{"not_picked":["Heavy Blade+1","Warcry","Clash","True Grit"],"picked":"MostiFishMod:FireWorks","floor":22.0},{"not_picked":["Flame Barrier","Wild Strike","AT_BodySlamDance","AT_IchimonjiDouble"],"picked":"AT_CaressingTears","floor":23},{"not_picked":["Havoc","Sentinel","Heavy Blade","Carnage+1"],"picked":"Burning Pact+1","floor":25},{"not_picked":["Pummel","Wild Strike+1","Anger","Twin Strike"],"picked":"MostiFishMod:OrdinaryWorld","floor":27},{"not_picked":["AT_GerminateFire","Cleave","Anger","Thunderclap"],"picked":"MostiFishMod:BrandingRite+1","floor":28},{"not_picked":["Thunderclap","Cleave","Sword Boomerang","Reckless Charge+1"],"picked":"Dark Embrace","floor":30},{"not_picked":["Body Slam+1","MostiFishMod:TemporaryOutbreak","Armaments","Warcry"],"picked":"Pommel Strike","floor":31},{"not_picked":["MostiFishMod:OrdinaryWorld","Impervious","MostiFishMod:Mania","MostiFishMod:FlyOverUtopia"],"picked":"MostiFishMod:UltimateDefense","floor":33},{"not_picked":["AT_BodySlamDance","Clothesline","Armaments","Cleave"],"picked":"True Grit+1","floor":35},{"not_picked":["Cleave","AT_CaressingTears","Headbutt","Intimidate","AT_ManFootWork"],"picked":"SKIP","floor":36},{"not_picked":["Headbutt+1","AT_BodySlamDance","Perfected Strike","AT_DrawKnifeCut"],"picked":"Burning Pact","floor":41},{"not_picked":["Havoc","Dark Embrace","Perfected Strike","MostiFishMod:ChineseTea"],"picked":"Exhume","floor":44},{"not_picked":["Perfected Strike","Inflame","Shrug It Off","Headbutt"],"picked":"Armaments","floor":45},{"not_picked":["MostiFishMod:CullingBlade","Thunderclap","Havoc+1","Anger+1","Flame Barrier"],"picked":"SKIP","floor":46},{"not_picked":["Havoc","AT_IchimonjiDouble","Rampage","Clash","Anger"],"picked":"SKIP","floor":47},{"not_picked":["Anger","Body Slam","Flex","Cleave","Shockwave"],"picked":"SKIP","floor":48},{"not_picked":["Clothesline+1","Blood for Blood","Rage+1","Berserk"],"picked":"Shrug It Off+1","floor":55}],"player_experience":284268,"relics_obtained":[{"floor":1.0,"key":"SynthV:TestCard"},{"floor":6.0,"key":"The Courier"},{"floor":9.0,"key":"Boot"},{"floor":11.0,"key":"testmod-IndustrialRevolution"},{"floor":13.0,"key":"Mercury Hourglass"},{"floor":27,"key":"AT_RedTearstoneRing"},{"floor":31,"key":"testmod-Muramasa"},{"floor":41,"key":"Regal Pillow"},{"floor":43,"key":"AT_BellDemon"},{"floor":44,"key":"AT_BladeRuinedKing"},{"floor":45,"key":"testmod-Brilliant"},{"floor":46,"key":"Letter Opener"},{"floor":46,"key":"Sundial"},{"floor":47,"key":"Bottled Flame"},{"floor":48,"key":"Vajra"},{"floor":55,"key":"Du-Vu Doll"},{"floor":55,"key":"AT_ArchangelStaff"}],"event_choices":[{"damage_healed":0.0,"max_hp_gain":0.0,"max_hp_loss":0.0,"gold_gain":100.0,"event_name":"Wheel of Change","player_choice":"Gold","floor":3.0,"gold_loss":0.0,"damage_taken":0.0},{"damage_healed":0.0,"max_hp_gain":5.0,"max_hp_loss":0.0,"gold_gain":0.0,"event_name":"Big Fish","player_choice":"Donut","floor":8.0,"gold_loss":0.0,"damage_taken":0.0},{"damage_healed":0.0,"max_hp_gain":0.0,"max_hp_loss":0.0,"gold_gain":0.0,"event_name":"Accursed Blacksmith","player_choice":"Rummage","floor":10.0,"gold_loss":0.0,"damage_taken":0.0,"relics_obtained":["WarpedTongs"],"cards_obtained":["Pain"]},{"cards_removed":["Pain"],"damage_healed":0.0,"max_hp_gain":0.0,"max_hp_loss":0.0,"gold_gain":0.0,"event_name":"Purifier","player_choice":"Purged","floor":21.0,"gold_loss":0.0,"damage_taken":0.0},{"cards_removed":["True Grit"],"damage_healed":0,"gold_gain":0,"player_choice":"Removed Skill","damage_taken":0,"max_hp_gain":0,"max_hp_loss":0,"event_name":"Falling","floor":37,"gold_loss":0},{"damage_healed":0,"gold_gain":0,"player_choice":"0 cards matched","damage_taken":0,"max_hp_gain":0,"max_hp_loss":0,"event_name":"Match and Keep!","floor":38,"gold_loss":0,"cards_obtained":[]}],"is_beta":false,"boss_relics":[{"not_picked":["testmod-DeterminationOfClimber","testmod-Prudence"],"picked":"HaiYi:Twilight"},{"not_picked":["Sozu","testmod-Nine"],"picked":"Empty Cage"}],"items_purged_floors":[5,39,54],"is_endless":false,"potions_floor_spawned":[1,4,7,11,13,19,22,30,31,41,46,48],"ascension_level":20}}