{"host":"x205naxbihvu3p76","time":1609936800,"event":{"mods":["AchievementEnabler","BaseMod","Minty Spire (QoL Compilation)","StSLib","SuperFastMode"],"gold_per_floor":[118,129,54,3,153,153,49,49,126,126,140,140,173,190,190,264,264,283,296,311,311,57,57,90,90,114,114,124,138,95,128,128,200,200,210,3,19,0,0,0,0,0,79,79,94,110,126,153,153,153,153],"floor_reached":50,"playtime":1448,"items_purged":["Doubt","Rainbow+1"],"score":1039,"play_id":"5ffefb8c-6bce-4e5e-ba28-738febf4bba2","local_time":"20210106214000","is_ascension_mode":true,"campfire_choices":[{"data":"Barrage","floor":6.0,"key":"SMITH"},{"data":"Beam Cell","floor":8.0,"key":"SMITH"},{"data":"Zap","floor":10.0,"key":"SMITH"},{"data":"Defragment","floor":15.0,"key":"SMITH"},{"floor":23.0,"key":"REST"},{"floor":27.0,"key":"REST"},{"floor":32.0,"key":"REST"},{"data":"Echo Form","floor":40.0,"key":"SMITH"},{"data":"Electrodynamics","floor":42.0,"key":"SMITH"},{"floor":49.0,"key":"REST"}],"circlet_count":0,"master_deck":["AscendersBane","Defend_B","Defend_B","Defend_B","Dualcast+1","Barrage+1","Cold Snap+1","Echo Form+1","Leap","Beam Cell+1","Chaos+1","Defragment+1","Electrodynamics+1","Hologram+1","Multi-Cast+1","Fission+1","Defragment+1","Finesse+1","Fusion+1","Glacier+1","Biased Cognition+1","BootSequence+1","Deep Breath+1","Reinforced Body+1","Coolheaded+1"],"relics":["Cracked Core","Toxic Egg 2","Matryoshka","Sozu","DollysMirror","Thread and Needle","Ancient Tea Set","Centennial Puzzle","Lizard Tail","Astrolabe","Membership Card","Red Mask","Vajra","Mercury Hourglass","Whetstone"],"acts_visited":["Exordium","TheCity","TheBeyond"],"potions_floor_usage":[],"damage_taken":[{"damage":6.0,"enemies":"2 Louse","floor":1.0,"turns":3.0},{"damage":0.0,"enemies":"Jaw Worm","floor":2.0,"turns":4.0},{"damage":5.0,"enemies":"Cultist","floor":11.0,"turns":4.0},{"damage":6.0,"enemies":"3 Sentries","floor":13.0,"turns":8.0},{"damage":6.0,"enemies":"Looter","floor":14.0,"turns":3.0},{"damage":29.0,"enemies":"Hexaghost","floor":16.0,"turns":9.0},{"damage":7.0,"enemies":"Chosen","floor":18.0,"turns":5.0},{"damage":23.0,"enemies":"3 Byrds","floor":19.0,"turns":4.0},{"damage":13.0,"enemies":"Snecko","floor":20.0,"turns":5.0},{"damage":0.0,"enemies":"Gremlin Leader","floor":24.0,"turns":5.0},{"damage":0.0,"enemies":"3 Cultists","floor":28.0,"turns":4.0},{"damage":0.0,"enemies":"Sentry and Sphere","floor":29.0,"turns":4.0},{"damage":46.0,"enemies":"Book of Stabbing","floor":31.0,"turns":6.0},{"damage":49.0,"enemies":"Champ","floor":33.0,"turns":11.0},{"damage":0.0,"enemies":"Orb Walker","floor":35.0,"turns":4.0},{"damage":12.0,"enemies":"3 Darklings","floor":37.0,"turns":4.0},{"damage":3.0,"enemies":"Maw","floor":45.0,"turns":9.0},{"damage":0.0,"enemies":"Sphere and 2 Shapes","floor":46.0,"turns":3.0},{"damage":0.0,"enemies":"4 Shapes","floor":47.0,"turns":2.0},{"damage":7.0,"enemies":"Reptomancer","floor":48.0,"turns":7.0},{"damage":51,"enemies":"Donu and Deca","floor":50,"turns":16}],"seed_played":"1134877838551129693","potions_obtained":[{"floor":2.0,"key":"CultistPotion"},{"floor":13.0,"key":"Strength Potion"}],"is_trial":false,"path_per_floor":["M","M","?","$","?","R","$","R","T","R","M","?","E","M","R","B",null,"M","M","M","?","$","R","E","?","T","R","M","M","$","E","R","B",null,"M","$","M","?","?","R","?","R","T","?","M","M","M","E","R","B"],"character_chosen":"DEFECT","items_purchased":["Leap","Beam Cell","DollysMirror","Finesse+1","Glacier+1","Membership Card"],"campfire_rested":4,"item_purchase_floors":[4,7,22,22,30,36],"current_hp_per_floor":[58,58,58,58,58,58,58,58,58,58,53,53,47,41,41,12,56,49,26,13,13,13,34,34,34,34,55,55,55,55,9,30,35,62,62,62,50,50,50,50,50,50,50,50,47,47,47,40,60,9,9],"gold":153,"neow_bonus":"THREE_CARDS","is_daily":false,"chose_seed":false,"campfire_upgraded":6,"win_rate":0.0,"timestamp":1609936800,"path_taken":["M","M","?","$","?","R","$","R","T","R","M","?","E","M","R","BOSS","M","M","M","?","$","R","E","?","T","R","?","?","$","E","R","BOSS","M","$","M","?","?","R","?","R","T","?","M","M","M","E","R","BOSS"],"items_purchased_type":["Card","Card","Relic","Card","Card","Relic"],"build_version":"2020-12-22","purchased_purges":2,"victory":false,"max_hp_per_floor":[71,71,71,71,71,71,71,71,71,71,71,71,71,71,71,71,71,71,71,71,71,71,71,71,71,71,71,71,71,71,71,71,71,71,71,71,71,71,71,71,67,67,67,67,67,67,67,67,67,67,67],"card_choices":[{"not_picked":["FTL","Stack"],"picked":"Barrage","floor":0.0},{"not_picked":["Streamline","Stack"],"picked":"Cold Snap","floor":1.0},{"not_picked":["Sweeping Beam","Barrage"],"picked":"Echo Form","floor":2.0},{"not_picked":["Leap+1","Rip and Tear","Stack+1"],"picked":"SKIP","floor":11.0},{"not_picked":["Go for the Eyes","Conserve Battery+1"],"picked":"Chaos+1","floor":13.0},{"not_picked":["Cold Snap","Turbo+1"],"picked":"Defragment","floor":14.0},{"not_picked":["Machine Learning","Fission+1"],"picked":"Electrodynamics","floor":16.0},{"not_picked":["Beam Cell","Steam+1"],"picked":"Hologram+1","floor":18.0},{"not_picked":["Loop","Barrage","Rip and Tear"],"picked":"SKIP","floor":19.0},{"not_picked":["Blizzard","Ball Lightning","Doom and Gloom"],"picked":"SKIP","floor":20.0},{"not_picked":["Hello World","Barrage","Skim+1"],"picked":"SKIP","floor":24.0},{"not_picked":["Steam+1","Scrape+1"],"picked":"Fusion+1","floor":28.0},{"not_picked":["Ball Lightning","Steam+1","Force Field+1"],"picked":"SKIP","floor":29.0},{"not_picked":["Conserve Battery+1","Stack+1","Turbo+1"],"picked":"SKIP","floor":31.0},{"not_picked":["Stack+1","FTL+1","Conserve Battery+1"],"picked":"SKIP","floor":35.0},{"not_picked":["Genetic Algorithm+1","Gash","Redo+1"],"picked":"SKIP","floor":37.0},{"not_picked":["Mind Blast","HandOfGreed"],"picked":"Deep Breath+1","floor":44.0},{"not_picked":["Ball Lightning","Static Discharge+1","Rip and Tear"],"picked":"SKIP","floor":45.0},{"not_picked":["Doom and Gloom","Streamline"],"picked":"Reinforced Body+1","floor":46.0},{"not_picked":["Chaos+1","Cold Snap","Double Energy+1"],"picked":"SKIP","floor":47.0},{"not_picked":["Compile Driver","Streamline"],"picked":"Coolheaded+1","floor":48.0}],"player_experience":949124,"relics_obtained":[{"floor":9.0,"key":"Toxic Egg 2"},{"floor":13.0,"key":"Matryoshka"},{"floor":24.0,"key":"Thread and Needle"},{"floor":26.0,"key":"Ancient Tea Set"},{"floor":26.0,"key":"Centennial Puzzle"},{"floor":31.0,"key":"Lizard Tail"},{"floor":43.0,"key":"Vajra"},{"floor":43.0,"key":"Mercury Hourglass"},{"floor":48.0,"key":"Whetstone"}],"event_choices":[{"cards_removed":["Strike_B"],"damage_healed":0.0,"max_hp_gain":0.0,"max_hp_loss":0.0,"gold_gain":0.0,"event_name":"The Cleric","player_choice":"Card Removal","floor":3.0,"gold_loss":75.0,"damage_taken":0.0},{"damage_healed":0.0,"max_hp_gain":0.0,"max_hp_loss":0.0,"gold_gain":150.0,"event_name":"Liars Game","player_choice":"AGREE","floor":5.0,"gold_loss":0.0,"damage_taken":0.0,"cards_obtained":["Doubt"]},{"damage_healed":0.0,"max_hp_gain":0.0,"max_hp_loss":0.0,"gold_gain":0.0,"event_name":"Match and Keep!","player_choice":"0 cards matched","floor":12.0,"gold_loss":0.0,"damage_taken":0.0,"cards_obtained":[]},{"damage_healed":0.0,"max_hp_gain":0.0,"max_hp_loss":0.0,"gold_gain":0.0,"cards_transformed":["Strike_B","Strike_B"],"event_name":"Drug Dealer","player_choice":"Became Test Subject","floor":21.0,"gold_loss":0.0,"damage_taken":0.0,"cards_obtained":["Multi-Cast","Fission"]},{"damage_healed":0.0,"max_hp_gain":0.0,"max_hp_loss":0.0,"gold_gain":0.0,"event_name":"Upgrade Shrine","player_choice":"Upgraded","floor":25.0,"gold_loss":0.0,"damage_taken":0.0,"cards_upgraded":["Dualcast"]},{"damage_healed":0.0,"max_hp_gain":0.0,"max_hp_loss":0.0,"gold_gain":0.0,"event_name":"Tomb of Lord Red Mask","player_choice":"Paid","floor":38.0,"gold_loss":19.0,"damage_taken":0.0,"relics_obtained":["Red Mask"]},{"damage_healed":0.0,"max_hp_gain":0.0,"max_hp_loss":0.0,"gold_gain":0.0,"event_name":"Mysterious Sphere","player_choice":"Ignored","floor":39.0,"gold_loss":0.0,"damage_taken":0.0},{"damage_healed":0.0,"max_hp_gain":0.0,"max_hp_loss":4.0,"gold_gain":0.0,"event_name":"Winding Halls","player_choice":"Max HP","floor":41.0,"gold_loss":0.0,"damage_taken":0.0},{"damage_healed":0.0,"max_hp_gain":0.0,"max_hp_loss":0.0,"gold_gain":0.0,"event_name":"SensoryStone","player_choice":"Memory 1","floor":44.0,"gold_loss":0.0,"damage_taken":0.0}],"is_beta":false,"boss_relics":[{"not_picked":["Ectoplasm","Empty Cage"],"picked":"Sozu"},{"not_picked":["Coffee Dripper","Tiny House"],"picked":"Astrolabe"}],"items_purged_floors":[7,36],"is_endless":false,"potions_floor_spawned":[2,13,19,29,31,33,35,45,46],"killed_by":"Donu and Deca","ascension_level":19}}