{"host":"5fasz840ryq7obdf","time":1609943285,"event":{"mods":["2.2 Compatiblity","AchievementEnabler","BaseMod","Bestiary","Better Altar","Better Skull","Better Third Choice","BetterRewards","Block Reminder","Colored Powertips","Curses Come First","Downfall","Minty Spire (QoL Compilation)","Quick Restart","Relic Sorter","Relic Stats","Shop Mod","Spicy Shops","StSLib","SuperFastMode","ojb\u0027s Better Paths Mod","ojb\u0027s Info Mod"],"gold_per_floor":[99,114,132,132,146,178,205,217,230,155,170,183,183,30,50,155,155,155,172,172,172,183,183,183,183],"floor_reached":23,"playtime":4556,"items_purged":[],"score":215,"play_id":"3211d350-4671-48c2-b2fd-0d5780866947","local_time":"20210106142805","is_ascension_mode":true,"campfire_choices":[{"data":"hexamod:Float","floor":1.0,"key":"SMITH"},{"floor":10.0,"key":"REST"},{"floor":13.0,"key":"REST"},{"floor":18.0,"key":"RECALL"}],"circlet_count":0,"master_deck":["hexamod:Strike","hexamod:Strike","hexamod:Defend","hexamod:Defend","hexamod:Defend","hexamod:Sear","hexamod:Float+1","hexamod:HeatCrush","hexamod:FastForward","Regret","hexamod:SpectersWail","hexamod:NightmareGuise","hexamod:GhostOfSpireFuture","hexamod:RadiantFlame","hexamod:Hexaguard","hexamod:WildfireWeapon","hexamod:SoulSteal","hexamod:GhostflameInferno","hexamod:ExtraCrispy","hexamod:TimeOfNeed","hexamod:HeatShield+1","hexamod:RainOfEmbers+1","hexamod:Again+1","hexamod:HauntingEcho","hexamod:EmpoweredFlame+1"],"relics":["hexamod:SpiritBrand","Gambling Chip","Orichalcum","PreservedInsect","Potion Belt","downfall:HeartBlessingGreen","Astrolabe"],"acts_visited":["Exordium","TheCity"],"potions_floor_usage":[22],"damage_taken":[{"damage":0.0,"enemies":"Cultist","floor":2.0,"turns":3.0},{"damage":8.0,"enemies":"Jaw Worm","floor":3.0,"turns":3.0},{"damage":5.0,"enemies":"Small Slimes","floor":5.0,"turns":3.0},{"damage":39.0,"enemies":"Lagavulin","floor":6.0,"turns":9.0},{"damage":0.0,"enemies":"Gremlin Gang","floor":8.0,"turns":3.0},{"damage":2.0,"enemies":"3 Louse","floor":9.0,"turns":3.0},{"damage":4.0,"enemies":"Lots of Slimes","floor":11.0,"turns":2.0},{"damage":8.0,"enemies":"Red Slaver","floor":12.0,"turns":3.0},{"damage":0.0,"enemies":"downfall:FleeingMerchant","floor":14.0,"turns":4.0},{"damage":2.0,"enemies":"Gremlin Gang","floor":15.0,"turns":4.0},{"damage":27.0,"enemies":"downfall:Ironclad","floor":16.0,"turns":9.0},{"damage":16,"enemies":"Chosen","floor":19,"turns":6},{"damage":23,"enemies":"Shell Parasite","floor":22,"turns":6},{"damage":26,"enemies":"Centurion and Healer","floor":23,"turns":5}],"seed_played":"-2035409838362766725","potions_obtained":[{"floor":5.0,"key":"Fire Potion"},{"floor":6.0,"key":"sneckomod:MuddlingPotion"},{"floor":8.0,"key":"SmokeBomb"},{"floor":11.0,"key":"Explosive Potion"},{"floor":15.0,"key":"Energy Potion"},{"floor":16.0,"key":"ColorlessPotion"},{"floor":21,"key":"downfall:CursedFountainPotion"}],"is_trial":false,"path_per_floor":["R","M","M","?","M","E","T","M","M","R","M","M","R","$","M","B",null,"R","M","?","?","M","M"],"character_chosen":"THE_SPIRIT","items_purchased":["hexamod:GhostflameInferno"],"campfire_rested":2,"item_purchase_floors":[14],"current_hp_per_floor":[63,63,55,55,50,11,11,11,9,27,23,15,33,33,31,4,63,63,47,47,47,24,0,0,0],"gold":183,"neow_bonus":"ONE_RARE_RELIC","is_daily":false,"chose_seed":false,"campfire_upgraded":1,"win_rate":0.0,"timestamp":1609943285,"path_taken":["R","M","M","?","M","E","T","M","M","R","M","M","R","$","M","BOSS","R","M","?","?","?","M"],"items_purchased_type":["Card"],"build_version":"2020-12-22","purchased_purges":0,"victory":false,"max_hp_per_floor":[63,63,63,63,63,63,63,63,63,63,63,63,63,63,63,63,63,63,63,63,63,63,63,63,63],"relic_stats":{"counters":[14,63],"Gambling Chip":[34],"Astrolabe":["hexamod:HeatShield","hexamod:RainOfEmbers","hexamod:Again"],"PreservedInsect":100,"Orichalcum":[18],"obtain_stats":[{"Potion Belt":7,"Gambling Chip":0,"Astrolabe":17,"downfall:HeartBlessingGreen":10,"PreservedInsect":6,"Orichalcum":4,"hexamod:SpiritBrand":0},{"Potion Belt":4,"Gambling Chip":0,"Astrolabe":11,"downfall:HeartBlessingGreen":6,"PreservedInsect":4,"Orichalcum":2,"hexamod:SpiritBrand":0},{"Potion Belt":18,"Gambling Chip":0,"Astrolabe":46,"downfall:HeartBlessingGreen":24,"PreservedInsect":18,"Orichalcum":6,"hexamod:SpiritBrand":0}]},"card_choices":[{"not_picked":["hexamod:SwordOfDarkness","hexamod:BurningTouch"],"picked":"hexamod:HeatCrush","floor":2.0},{"not_picked":["hexamod:BurningTouch","hexamod:SpectralSpark"],"picked":"hexamod:FastForward","floor":3.0},{"not_picked":["hexamod:ThirdSeal","hexamod:GhostOfSpirePast"],"picked":"hexamod:SpectersWail","floor":5.0},{"not_picked":["hexamod:Firestarter","hexamod:RainOfEmbers"],"picked":"hexamod:NightmareGuise","floor":6.0},{"not_picked":["hexamod:SpectralAdrenaline","hexamod:BacktrackSmack"],"picked":"hexamod:GhostOfSpireFuture","floor":8.0},{"not_picked":["hexamod:PhantomFireball","hexamod:GhostOfSpirePast"],"picked":"hexamod:RadiantFlame","floor":9.0},{"not_picked":["hexamod:GhostOfSpirePast","hexamod:SecondSeal"],"picked":"hexamod:Hexaguard","floor":11.0},{"not_picked":["hexamod:FastForward","hexamod:GhostShield"],"picked":"hexamod:WildfireWeapon","floor":12.0},{"not_picked":["hexamod:HauntingEcho","hexamod:RainOfEmbers"],"picked":"hexamod:SoulSteal","floor":14.0},{"not_picked":["hexamod:ThermalTransfer","hexamod:NightmareStrike"],"picked":"hexamod:ExtraCrispy","floor":15.0},{"not_picked":["hexamod:TurnItUp","hexamod:SearingWound"],"picked":"hexamod:TimeOfNeed","floor":16.0},{"not_picked":["hexamod:SpectersWail","hexamod:SwordOfDarkness+1"],"picked":"hexamod:HauntingEcho","floor":19},{"not_picked":["hexamod:HeatShield","hexamod:BurningTouch"],"picked":"hexamod:EmpoweredFlame+1","floor":22}],"player_experience":1563758,"relics_obtained":[{"floor":6.0,"key":"PreservedInsect"},{"floor":7.0,"key":"Potion Belt"}],"event_choices":[{"damage_healed":0.0,"max_hp_gain":0.0,"max_hp_loss":0.0,"gold_gain":0.0,"event_name":"Big Fish","player_choice":"Box","floor":4.0,"gold_loss":0.0,"damage_taken":0.0,"relics_obtained":["Orichalcum"],"cards_obtained":["Regret"]}],"is_beta":false,"boss_relics":[{"not_picked":["SacredBark","Runic Pyramid"],"picked":"Astrolabe"}],"items_purged_floors":[],"is_endless":false,"potions_floor_spawned":[5,6,8,11,15,16],"killed_by":"Centurion and Healer","ascension_level":2}}