{"host":"hve1dyh1ly81yl9f","time":1609945702,"event":{"mods":["BaseMod","Colored Map","DeckTracker","Highlight Path","Keyboard Shortcuts","Minty Spire (QoL Compilation)","Permanent Neow","StSLib","SuperFastMode"],"gold_per_floor":[115,127,139,139,151,151,177,177,177,210,227,240,8,21,21,122,122,137,151,151,151,151,151,51,51,51,51,76,49,82,97,97,97,97],"floor_reached":33,"playtime":818,"items_purged":["Stack","Defend_B"],"score":395,"play_id":"42e36f38-a612-42fa-b167-40514c263413","local_time":"20210107000822","is_ascension_mode":false,"campfire_choices":[{"floor":6.0,"key":"RECALL"},{"floor":8.0,"key":"REST"},{"floor":15.0,"key":"REST"},{"data":"Bite","floor":23.0,"key":"SMITH"},{"data":"Bite","floor":25.0,"key":"SMITH"},{"data":"Bite","floor":27.0,"key":"SMITH"},{"floor":32,"key":"REST"}],"circlet_count":0,"master_deck":["Defend_B","Defend_B","Zap","Dualcast","Rebound","Gash","Gash","FTL","Gash","Gash","Turbo","Skim","All For One","Go for the Eyes","Steam+1","Bite+1","Bite+1","Bite+1","Bite","Bite","Rebound","Go for the Eyes","FTL","Beam Cell"],"relics":["Cracked Core","Pen Nib","Lantern","Symbiotic Virus","Dream Catcher","SlaversCollar","Pantograph","Bronze Scales"],"acts_visited":["Exordium","TheCity"],"potions_floor_usage":[30,33,33],"damage_taken":[{"damage":8.0,"enemies":"2 Louse","floor":1.0,"turns":3.0},{"damage":11.0,"enemies":"Jaw Worm","floor":2.0,"turns":2.0},{"damage":8.0,"enemies":"Small Slimes","floor":3.0,"turns":3.0},{"damage":5.0,"enemies":"Looter","floor":5.0,"turns":2.0},{"damage":26.0,"enemies":"Lagavulin","floor":7.0,"turns":7.0},{"damage":22.0,"enemies":"Gremlin Nob","floor":10.0,"turns":4.0},{"damage":12.0,"enemies":"Blue Slaver","floor":11.0,"turns":2.0},{"damage":3.0,"enemies":"Red Slaver","floor":12.0,"turns":2.0},{"damage":6.0,"enemies":"Large Slime","floor":14.0,"turns":3.0},{"damage":0.0,"enemies":"Slime Boss","floor":16.0,"turns":4.0},{"damage":10.0,"enemies":"Chosen","floor":18.0,"turns":2.0},{"damage":25.0,"enemies":"2 Thieves","floor":19.0,"turns":3.0},{"damage":20,"enemies":"Slavers","floor":28,"turns":3},{"damage":21,"enemies":"Book of Stabbing","floor":30,"turns":4},{"damage":12,"enemies":"Snecko","floor":31,"turns":4},{"damage":68,"enemies":"Automaton","floor":33,"turns":6}],"seed_played":"7474589037774845182","potions_obtained":[{"floor":1.0,"key":"FocusPotion"},{"floor":3.0,"key":"DistilledChaos"},{"floor":14.0,"key":"LiquidBronze"},{"floor":16.0,"key":"PowerPotion"},{"floor":28,"key":"Explosive Potion"},{"floor":30,"key":"LiquidBronze"}],"is_trial":false,"path_per_floor":["M","M","M","?","M","R","E","R","T","E","M","M","$","M","R","B",null,"M","M","?","?","?","R","$","R","T","R","E","$","E","M","R","B"],"character_chosen":"DEFECT","items_purchased":["Dream Catcher","Rebound"],"campfire_rested":3,"item_purchase_floors":[13,29],"current_hp_per_floor":[81,70,62,62,57,57,31,57,57,35,23,20,20,14,40,40,89,79,54,54,54,54,54,54,54,54,54,44,44,36,27,45,0,0],"gold":97,"neow_bonus":"TWENTY_PERCENT_HP_BONUS","is_daily":false,"chose_seed":false,"campfire_upgraded":3,"win_rate":0.0,"timestamp":1609945702,"path_taken":["M","M","M","?","M","R","E","R","T","E","M","M","$","M","R","BOSS","M","M","?","?","?","R","$","R","T","R","E","$","E","M","R","BOSS"],"items_purchased_type":["Relic","Card"],"build_version":"2020-12-22","purchased_purges":2,"victory":false,"max_hp_per_floor":[89,89,89,89,89,89,89,89,89,89,89,89,89,89,89,89,89,89,89,62,62,62,62,62,62,62,62,62,62,62,62,62,62,62],"card_choices":[{"not_picked":["Stack","Storm"],"picked":"Rebound","floor":1.0},{"not_picked":["Reinforced Body","Streamline"],"picked":"Gash","floor":2.0},{"not_picked":["Self Repair","Stack"],"picked":"Gash","floor":3.0},{"not_picked":["Leap","Melter","Redo"],"picked":"SKIP","floor":5.0},{"not_picked":["Leap","Reinforced Body"],"picked":"FTL","floor":7.0},{"not_picked":["Turbo","Rebound"],"picked":"Gash","floor":10.0},{"not_picked":["Core Surge","Compile Driver"],"picked":"Gash","floor":11.0},{"not_picked":["Coolheaded","Compile Driver"],"picked":"Stack","floor":12.0},{"not_picked":["Barrage","Ball Lightning"],"picked":"Turbo","floor":14.0},{"not_picked":["Coolheaded","Conserve Battery"],"picked":"Skim","floor":15.0},{"not_picked":["Reboot","Buffer"],"picked":"All For One","floor":16.0},{"not_picked":["Sunder","Barrage"],"picked":"Go for the Eyes","floor":18.0},{"not_picked":["Coolheaded","Streamline"],"picked":"Steam+1","floor":19.0},{"not_picked":["Cold Snap","Streamline+1","Conserve Battery+1"],"picked":"SKIP","floor":28},{"not_picked":["Double Energy+1","Force Field+1"],"picked":"Go for the Eyes","floor":30},{"not_picked":["Coolheaded","Streamline"],"picked":"FTL","floor":31},{"not_picked":["Conserve Battery","Aggregate+1"],"picked":"Beam Cell","floor":32}],"player_experience":276250,"relics_obtained":[{"floor":7.0,"key":"Pen Nib"},{"floor":9.0,"key":"Lantern"},{"floor":10.0,"key":"Symbiotic Virus"},{"floor":28,"key":"Pantograph"},{"floor":30,"key":"Bronze Scales"}],"event_choices":[{"cards_removed":["Decay"],"damage_healed":0.0,"max_hp_gain":0.0,"max_hp_loss":0.0,"gold_gain":0.0,"event_name":"Living Wall","player_choice":"Forget","floor":4.0,"gold_loss":0.0,"damage_taken":0.0},{"damage_healed":0.0,"max_hp_gain":0.0,"max_hp_loss":27.0,"gold_gain":0.0,"event_name":"Vampires","player_choice":"Became a vampire","floor":20.0,"gold_loss":0.0,"damage_taken":0.0,"cards_obtained":["Bite","Bite","Bite","Bite","Bite"]},{"cards_removed":["Defend_B"],"damage_healed":0.0,"max_hp_gain":0.0,"max_hp_loss":0.0,"gold_gain":0.0,"event_name":"Back to Basics","player_choice":"Elegance","floor":21.0,"gold_loss":0.0,"damage_taken":0.0},{"damage_healed":0.0,"max_hp_gain":0.0,"max_hp_loss":0.0,"gold_gain":0.0,"event_name":"Ghosts","player_choice":"Ignored","floor":22.0,"gold_loss":0.0,"damage_taken":0.0}],"is_beta":false,"boss_relics":[{"not_picked":["Nuclear Battery","Runic Dome"],"picked":"SlaversCollar"}],"items_purged_floors":[13,24],"is_endless":false,"potions_floor_spawned":[1,3,14,16,28,30,31],"killed_by":"Automaton","ascension_level":0}}