{"host":"s41rn2jhghpwfrvz","time":1609909834,"event":{"mods":["BaseMod","Minty Spire (QoL Compilation)","Quick Restart","Relic Stats","SuperFastMode"],"gold_per_floor":[111,111,111,111,135,135,154,193,219,58,102,142,160,183,183,281,281,301,301,320,42,92,127,127,127],"floor_reached":24,"playtime":780,"items_purged":[],"score":668,"play_id":"f92febc1-5747-4449-a09e-6e66ed3ab176","local_time":"20210106071034","daily_mods":["SealedDeck","Diverse","DeadlyEvents"],"is_ascension_mode":true,"campfire_choices":[{"data":"Body Slam","floor":6,"key":"SMITH"},{"data":"Barricade","floor":15,"key":"SMITH"}],"circlet_count":0,"master_deck":["AscendersBane","Hologram","Second Wind","Blade Dance+1","Beam Cell","Self Repair","PiercingWail+1","Feel No Pain","Acrobatics","Body Slam+1","Barricade+1","Reflex+1","Calculated Gamble+1","Adaptation+1"],"relics":["Burning Blood","Golden Idol","Bag of Marbles","Medical Kit","Toxic Egg 2","Pen Nib","Astrolabe","Sundial","Singing Bowl"],"acts_visited":["Exordium","TheCity"],"potions_floor_usage":[12,24],"damage_taken":[{"damage":0,"enemies":"Jaw Worm","floor":1,"turns":4},{"damage":0,"enemies":"2 Louse","floor":5,"turns":4},{"damage":0,"enemies":"Small Slimes","floor":7,"turns":4},{"damage":3,"enemies":"3 Sentries","floor":8,"turns":12},{"damage":0,"enemies":"Lagavulin","floor":11,"turns":4},{"damage":0,"enemies":"Gremlin Nob","floor":12,"turns":3},{"damage":3,"enemies":"Blue Slaver","floor":13,"turns":3},{"damage":11,"enemies":"Looter","floor":14,"turns":4},{"damage":13,"enemies":"The Guardian","floor":16,"turns":6},{"damage":25,"enemies":"Shell Parasite","floor":18,"turns":5},{"damage":12,"enemies":"Chosen","floor":20,"turns":6},{"damage":31,"enemies":"Gremlin Leader","floor":23,"turns":5},{"damage":37,"enemies":"Slavers","floor":24,"turns":5}],"seed_played":"4672431483686139567","potions_obtained":[{"floor":1,"key":"Energy Potion"},{"floor":7,"key":"BlessingOfTheForge"},{"floor":12,"key":"BlessingOfTheForge"}],"is_trial":true,"path_per_floor":["M","?","?","?","M","R","M","E","T","$","E","E","M","M","R","B",null,"M","?","M","$","?","E","E"],"character_chosen":"IRONCLAD","items_purchased":["Medical Kit","Sundial"],"campfire_rested":0,"item_purchase_floors":[10,21],"current_hp_per_floor":[75,49,26,26,39,39,45,55,55,55,61,67,75,75,75,75,75,56,56,57,57,50,34,0,0],"gold":127,"neow_bonus":"","is_daily":false,"chose_seed":false,"campfire_upgraded":2,"win_rate":0.0,"timestamp":1609909834,"path_taken":["M","?","?","?","M","R","M","E","T","$","?","E","M","?","R","BOSS","M","?","M","$","?","E","?"],"items_purchased_type":["Relic","Relic"],"build_version":"2020-12-22","purchased_purges":0,"victory":false,"max_hp_per_floor":[75,75,75,75,75,75,75,75,75,75,75,75,75,75,75,75,75,75,75,75,75,75,77,77,77],"relic_stats":{"Singing Bowl":2,"counters":[13,65],"Golden Idol":78,"Sundial":[6],"Astrolabe":["Reflex","Calculated Gamble","Adaptation"],"Pen Nib":[9],"Medical Kit":[7],"obtain_stats":[{"Singing Bowl":23,"Golden Idol":2,"Sundial":21,"Astrolabe":17,"Pen Nib":12,"Bag of Marbles":8,"Toxic Egg 2":11,"Medical Kit":10,"Burning Blood":0},{"Singing Bowl":12,"Golden Idol":1,"Sundial":11,"Astrolabe":9,"Pen Nib":6,"Bag of Marbles":4,"Toxic Egg 2":5,"Medical Kit":4,"Burning Blood":0},{"Singing Bowl":60,"Golden Idol":4,"Sundial":55,"Astrolabe":44,"Pen Nib":31,"Bag of Marbles":24,"Toxic Egg 2":28,"Medical Kit":24,"Burning Blood":0}],"Burning Blood":72},"card_choices":[{"not_picked":["Searing Blow","FlurryOfBlows"],"picked":"Acrobatics","floor":1},{"not_picked":["Halt","Armaments"],"picked":"Body Slam","floor":5},{"not_picked":["Coolheaded","Deflect","Calculated Gamble"],"picked":"SKIP","floor":7},{"not_picked":["Lockon","Acrobatics"],"picked":"Barricade","floor":8},{"not_picked":["Amplify+1","EmptyBody+1","Electrodynamics"],"picked":"SKIP","floor":11},{"not_picked":["SashWhip","Blade Dance+1","Wireheading"],"picked":"SKIP","floor":12},{"not_picked":["Deflect+1","Underhanded Strike","TalkToTheHand"],"picked":"SKIP","floor":13},{"not_picked":["EmptyFist","Reprogram+1","Shrug It Off+1"],"picked":"SKIP","floor":14},{"not_picked":["Sweeping Beam","Battle Trance+1","Wireheading+1"],"picked":"SKIP","floor":18},{"not_picked":["Dodge and Roll+1","Quick Slash","True Grit+1"],"picked":"SKIP","floor":20},{"not_picked":["Poisoned Stab","Hologram+1","Prepared+1"],"picked":"Singing Bowl","floor":23}],"player_experience":1654380,"relics_obtained":[{"floor":8,"key":"Bag of Marbles"},{"floor":11,"key":"Toxic Egg 2"},{"floor":12,"key":"Pen Nib"},{"floor":23,"key":"Singing Bowl"}],"event_choices":[{"damage_healed":0,"gold_gain":0,"player_choice":"Take Damage","damage_taken":26,"relics_obtained":["Golden Idol"],"max_hp_gain":0,"max_hp_loss":0,"event_name":"Golden Idol","floor":2,"gold_loss":0},{"damage_healed":0,"gold_gain":0,"player_choice":"Entered Light","damage_taken":23,"max_hp_gain":0,"max_hp_loss":0,"event_name":"Shining Light","floor":3,"gold_loss":0,"cards_upgraded":["PiercingWail","Undo"]},{"damage_healed":0,"gold_gain":0,"player_choice":"Grow","damage_taken":0,"max_hp_gain":0,"max_hp_loss":0,"event_name":"Living Wall","floor":4,"gold_loss":0,"cards_upgraded":["Blade Dance"]},{"damage_healed":0,"gold_gain":0,"player_choice":"Ignored","damage_taken":0,"max_hp_gain":0,"max_hp_loss":0,"event_name":"The Mausoleum","floor":19,"gold_loss":0},{"damage_healed":0,"gold_gain":50,"player_choice":"Touch","damage_taken":7,"max_hp_gain":0,"max_hp_loss":0,"event_name":"FaceTrader","floor":22,"gold_loss":0}],"is_beta":false,"boss_relics":[{"not_picked":["Ectoplasm","Black Blood"],"picked":"Astrolabe"}],"items_purged_floors":[],"is_endless":false,"potions_floor_spawned":[1,7,12,14,16,23],"killed_by":"Slavers","ascension_level":20}}