{"host":"y89x8uui45kcjy42","time":1609938032,"event":{"mods":["2.2 Compatiblity","BaseMod","CapriCore","Colored Map","Colored Powertips","Custom Start","Friendly Minions","Keyboard Shortcuts","Minty Spire (QoL Compilation)","Relic Stats","Slay the Relics Exporter","StSLib","SuperFastMode","Uncapped"],"gold_per_floor":[118,132,145,158,83,113,113,131,158,158,233,266,266,291,291,384,384,405,18,18,38,59,59,95,95,174,205,205,224,243,158,158,247,247,271,58,0,13,13,54,54,54,80,80,101,124,143,143,143],"floor_reached":48,"playtime":1358,"items_purged":["Strike_G","Defend_G","Strike_G"],"score":1174,"play_id":"ec771837-4544-4c6f-aadc-ea164ad107de","local_time":"20210106220032","is_ascension_mode":true,"campfire_choices":[{"data":"Neutralize","floor":7.0,"key":"SMITH"},{"data":"Quick Slash","floor":15,"key":"SMITH"},{"data":"Prepared","floor":23,"key":"SMITH"},{"data":"Storm of Steel","floor":25,"key":"SMITH"},{"data":"Acrobatics","floor":28,"key":"SMITH"},{"data":"Tactician","floor":32,"key":"SMITH"},{"data":"Grand Finale","floor":41,"key":"SMITH"},{"floor":44,"key":"RECALL"}],"circlet_count":0,"master_deck":["AscendersBane","Defend_G","Survivor+1","Neutralize+1","Eviscerate+1","Flying Knee+1","Bullet Time+1","Reflex+1","Wraith Form v2+1","Choke+1","Backflip+1","Quick Slash+1","Storm of Steel+1","Acrobatics+1","Prepared+1","Tactician+1","Grand Finale+1"],"relics":["Ring of the Serpent","Ring of the Serpent","Pen Nib","PreservedInsect","Golden Idol","Smiling Mask","Oddly Smooth Stone","Blood Vial","Happy Flower","Nunchaku","Eternal Feather","Snake Skull","Omamori","WristBlade","War Paint","Red Mask","Ninja Scroll"],"acts_visited":["Exordium","TheCity","TheBeyond"],"potions_floor_usage":[],"damage_taken":[{"damage":0.0,"enemies":"Cultist","floor":1.0,"turns":2.0},{"damage":0.0,"enemies":"Jaw Worm","floor":2.0,"turns":1.0},{"damage":0.0,"enemies":"Small Slimes","floor":3.0,"turns":2.0},{"damage":0.0,"enemies":"Looter","floor":4.0,"turns":1.0},{"damage":0.0,"enemies":"Gremlin Nob","floor":6.0,"turns":2.0},{"damage":8,"enemies":"Lots of Slimes","floor":8,"turns":3},{"damage":5,"enemies":"3 Sentries","floor":12,"turns":3},{"damage":0,"enemies":"Blue Slaver","floor":14,"turns":1},{"damage":13,"enemies":"The Guardian","floor":16,"turns":4},{"damage":3,"enemies":"Spheric Guardian","floor":18,"turns":3},{"damage":0,"enemies":"Chosen","floor":21,"turns":1},{"damage":9,"enemies":"Centurion and Healer","floor":22,"turns":3},{"damage":5,"enemies":"Gremlin Leader","floor":24,"turns":2},{"damage":6,"enemies":"Slavers","floor":27,"turns":2},{"damage":0,"enemies":"3 Cultists","floor":29,"turns":3},{"damage":0,"enemies":"Snecko","floor":30,"turns":1},{"damage":12,"enemies":"Champ","floor":33,"turns":4},{"damage":0,"enemies":"Orb Walker","floor":35,"turns":2},{"damage":0,"enemies":"3 Darklings","floor":38,"turns":2},{"damage":0,"enemies":"Reptomancer","floor":40,"turns":2},{"damage":22,"enemies":"Maw","floor":45,"turns":4},{"damage":46,"enemies":"Sphere and 2 Shapes","floor":46,"turns":4},{"damage":4,"enemies":"Writhing Mass","floor":47,"turns":3},{"damage":41,"enemies":"2 Orb Walkers","floor":48,"turns":2}],"seed_played":"-2606175760310944844","potions_obtained":[{"floor":2.0,"key":"DuplicationPotion"},{"floor":4.0,"key":"Weak Potion"},{"floor":8,"key":"LiquidMemories"},{"floor":22,"key":"FairyPotion"}],"is_trial":false,"path_per_floor":["M","M","M","M","$","E","R","M","T","?","?","E","?","M","R","B",null,"M","$","?","M","M","R","E","R","T","E","R","M","M","?","R","B",null,"M","$","?","M","?","E","R","?","T","R","M","M","M","?"],"character_chosen":"THE_SILENT","items_purchased":["Oddly Smooth Stone","Blood Vial","War Paint"],"campfire_rested":0,"item_purchase_floors":[19,19,36],"current_hp_per_floor":[65,65,65,65,65,65,65,57,57,32,21,16,21,21,21,8,60,57,57,57,59,52,52,49,49,49,45,54,56,58,58,67,57,72,74,74,74,76,76,77,77,73,73,73,51,7,5,0,0],"gold":143,"neow_bonus":"TEN_PERCENT_HP_BONUS","is_daily":false,"chose_seed":false,"campfire_upgraded":7,"win_rate":0.0,"timestamp":1609938032,"path_taken":["M","?","M","M","$","E","R","M","T","?","?","E","?","M","R","BOSS","M","$","?","M","M","R","E","R","T","E","R","?","M","?","R","BOSS","M","$","?","M","?","E","R","?","T","R","M","?","M","?"],"items_purchased_type":["Relic","Relic","Relic"],"build_version":"2020-12-22","purchased_purges":3,"victory":false,"max_hp_per_floor":[72,72,72,72,72,72,72,72,72,72,72,72,77,77,77,77,77,77,77,77,77,77,77,77,77,77,77,77,77,77,77,77,77,77,77,77,77,77,77,77,77,73,73,73,73,73,73,73,73],"relic_stats":{"Blood Vial":25,"Nunchaku":[15],"Happy Flower":[11],"counters":[24,57],"Golden Idol":125,"Eternal Feather":18,"Pen Nib":[24],"PreservedInsect":183,"Snake Skull":[0],"War Paint":["Backflip","Survivor"],"Smiling Mask":125,"obtain_stats":[{"Happy Flower":20,"Golden Idol":10,"Astrolabe":0,"Oddly Smooth Stone":19,"Eternal Feather":26,"Pen Nib":6,"PreservedInsect":9,"Snake Skull":27,"Omamori":31,"War Paint":36,"Smiling Mask":12,"Blood Vial":19,"Nunchaku":24,"WristBlade":34,"Ninja Scroll":40,"Red Mask":37,"Ring of the Serpent":0,"Ring of the Snake":0},{"Happy Flower":10,"Golden Idol":6,"Astrolabe":0,"Oddly Smooth Stone":10,"Eternal Feather":13,"Pen Nib":5,"PreservedInsect":6,"Snake Skull":14,"Omamori":16,"War Paint":18,"Smiling Mask":7,"Blood Vial":10,"Nunchaku":13,"WristBlade":17,"Ninja Scroll":20,"Red Mask":18,"Ring of the Serpent":0,"Ring of the Snake":0},{"Happy Flower":22,"Golden Idol":11,"Astrolabe":0,"Oddly Smooth Stone":22,"Eternal Feather":28,"Pen Nib":8,"PreservedInsect":11,"Snake Skull":30,"Omamori":34,"War Paint":40,"Smiling Mask":14,"Blood Vial":22,"Nunchaku":28,"WristBlade":38,"Ninja Scroll":44,"Red Mask":40,"Ring of the Serpent":0,"Ring of the Snake":0}]},"card_choices":[{"not_picked":["Bane","Cloak And Dagger","Deflect"],"picked":"SKIP","floor":1.0},{"not_picked":["Riddle With Holes","Deflect","Flechettes"],"picked":"SKIP","floor":2.0},{"not_picked":["PiercingWail","Endless Agony"],"picked":"Backflip","floor":3.0},{"not_picked":["Bane","Dodge and Roll","Dagger Throw"],"picked":"SKIP","floor":4.0},{"not_picked":["Distraction","Corpse Explosion"],"picked":"Quick Slash","floor":6.0},{"not_picked":["Underhanded Strike","Dagger Throw","Dodge and Roll"],"picked":"SKIP","floor":8},{"not_picked":["Caltrops","Terror","Outmaneuver"],"picked":"SKIP","floor":12},{"not_picked":["Sucker Punch","Bane","Poisoned Stab"],"picked":"SKIP","floor":14},{"not_picked":["Glass Knife","Night Terror"],"picked":"Storm of Steel","floor":16},{"not_picked":["Choke","Quick Slash"],"picked":"Acrobatics","floor":18},{"not_picked":["Noxious Fumes","Dodge and Roll","Dagger Throw"],"picked":"SKIP","floor":21},{"not_picked":["Backflip","Cloak And Dagger"],"picked":"Prepared","floor":22},{"not_picked":["Venomology","Distraction","Backflip"],"picked":"SKIP","floor":24},{"not_picked":["Endless Agony","Prepared","Dagger Throw"],"picked":"SKIP","floor":27},{"not_picked":["Outmaneuver","Blade Dance","Quick Slash+1"],"picked":"SKIP","floor":29},{"not_picked":["Reflex","Terror+1"],"picked":"Tactician","floor":30},{"not_picked":["Unload","Doppelganger"],"picked":"Grand Finale","floor":33},{"not_picked":["Eviscerate","Backflip","Cloak And Dagger"],"picked":"SKIP","floor":35},{"not_picked":["Predator","Choke","Flying Knee"],"picked":"SKIP","floor":38},{"not_picked":["Backflip","Corpse Explosion","Outmaneuver+1"],"picked":"SKIP","floor":40},{"not_picked":["Backstab+1","Flying Knee+1","Poisoned Stab"],"picked":"SKIP","floor":45},{"not_picked":["Outmaneuver","Deflect","Leg Sweep"],"picked":"SKIP","floor":46},{"not_picked":["Deadly Poison+1","Cloak And Dagger+1","Catalyst"],"picked":"SKIP","floor":47}],"player_experience":572134,"relics_obtained":[{"floor":6.0,"key":"Pen Nib"},{"floor":9,"key":"PreservedInsect"},{"floor":12,"key":"Smiling Mask"},{"floor":24,"key":"Nunchaku"},{"floor":26,"key":"Eternal Feather"},{"floor":27,"key":"Snake Skull"},{"floor":40,"key":"Ninja Scroll"}],"event_choices":[{"damage_healed":0,"gold_gain":0,"player_choice":"Take Damage","damage_taken":25,"relics_obtained":["Golden Idol"],"max_hp_gain":0,"max_hp_loss":0,"event_name":"Golden Idol","floor":10,"gold_loss":0},{"damage_healed":0,"gold_gain":75,"player_choice":"Gather Gold","damage_taken":11,"max_hp_gain":0,"max_hp_loss":0,"event_name":"World of Goop","floor":11,"gold_loss":0},{"damage_healed":0,"gold_gain":0,"player_choice":"Donut","damage_taken":0,"max_hp_gain":5,"max_hp_loss":0,"event_name":"Big Fish","floor":13,"gold_loss":0},{"damage_healed":0,"gold_gain":0,"player_choice":"Gave Potion","damage_taken":0,"relics_obtained":["Happy Flower"],"max_hp_gain":0,"max_hp_loss":0,"event_name":"WeMeetAgain","floor":20,"gold_loss":0},{"damage_healed":0,"gold_gain":0,"player_choice":"Obtained Relic","damage_taken":0,"relics_obtained":["Omamori"],"max_hp_gain":0,"max_hp_loss":0,"event_name":"Addict","floor":31,"gold_loss":85},{"damage_healed":0,"gold_gain":0,"player_choice":"Paid","damage_taken":0,"relics_obtained":["Red Mask"],"max_hp_gain":0,"max_hp_loss":0,"event_name":"Tomb of Lord Red Mask","floor":37,"gold_loss":58},{"damage_healed":0,"gold_gain":0,"player_choice":"Memory 1","damage_taken":0,"max_hp_gain":0,"max_hp_loss":0,"event_name":"SensoryStone","floor":39,"gold_loss":0},{"damage_healed":0,"gold_gain":0,"player_choice":"Max HP","damage_taken":0,"max_hp_gain":0,"max_hp_loss":4,"event_name":"Winding Halls","floor":42,"gold_loss":0},{"damage_healed":0,"gold_gain":0,"player_choice":"Fight","damage_taken":0,"max_hp_gain":0,"max_hp_loss":0,"event_name":"Mysterious Sphere","floor":48,"gold_loss":0}],"is_beta":false,"boss_relics":[{"not_picked":["Runic Pyramid","Snecko Eye"],"picked":"Ring of the Serpent"},{"not_picked":["Calling Bell","Velvet Choker"],"picked":"WristBlade"}],"items_purged_floors":[5,19,36],"is_endless":false,"potions_floor_spawned":[2,4,6,8,14,22,24,27,35],"killed_by":"2 Orb Walkers","ascension_level":20}}