{"host":"w2015cq1v71a9t6a","time":1609966666,"event":{"mods":["AchievementEnabler","BaseMod","BetterRewards","Colored Map","Colored Powertips","Dio Mod","Infinite Spire","Minty Spire (QoL Compilation)","Quick Restart","Replay The Spire","StSLib","Synergy Search","Td1madao Mod"],"gold_per_floor":[119,9352,9302,9319,8405,8430,8430,8442,8469,8487,8499,8516,8540,8559,8559,8663,8663,8679,8629,8639,7892,7915,7915,7968,7986,8009,8031,7540,7616,7616,7642,7642,7786,7786,7812,7882,7982,8018,8118,8118,8145,8170,8170,8170,8206,8238,8238,8294,8294,8334],"floor_reached":51,"playtime":1813,"items_purged":["Defend_R","Strike_R","Strike_R","Strike_R","Defend_R","Demon Form"],"score":831,"play_id":"86b77de1-978e-4215-b4bd-04c40e0c4d9b","local_time":"20210106215746","is_ascension_mode":false,"campfire_choices":[{"data":"Flex","floor":7,"key":"SMITH"},{"data":"Seeing Red","floor":15,"key":"SMITH"},{"data":"Apotheosis","floor":23,"key":"SMITH"},{"floor":32,"key":"REST"},{"data":"infinitespire:FutureSight","floor":40,"key":"SMITH"},{"data":"infinitespire:NeuralNetwork","floor":44,"key":"SMITH"},{"data":"Flex","floor":47,"key":"SMITH"},{"data":"infinitespire:Collect","floor":49,"key":"SMITH"}],"circlet_count":0,"master_deck":["Strike_R+1","Strike_R+1","Defend_R","Bash","Flex+1","Pommel Strike","Whirlwind","Demon Form","Pommel Strike","ReplayTheSpireMod:Muscle Training","Seeing Red+1","Inflame","Apotheosis+1","Seeing Red","Flex+1","Pot Of Greed","Pot Of Greed","infinitespire:Collect+1","Limit Break","infinitespire:FutureSight+1","infinitespire:NeuralNetwork+1"],"relics":["Burning Blood","NeowsBlessing","Orichalcum","Chameleon Ring","Brimstone","Replay:Kaleidoscope","Potion Belt","Centennial Puzzle","Oddly Smooth Stone","Strawberry","Philosopher\u0027s Stone","Durian","Whetstone","Regal Pillow","Ornamental Fan","Replay:Bandana","Replay:Mystery Machine","Grinning Jar","infinitespire:ShieldingShard","Blue Doll","Busted Crown","Electric Blood","Champion Belt","Lee\u0027s Waffle","Replay:Wanted Poster","Pocketwatch","Happy Flower"],"acts_visited":["Exordium","TheCity","TheBeyond"],"potions_floor_usage":[8,16,16,20,25,27,33,36,48,50,50,50],"damage_taken":[{"damage":0,"enemies":"Small Slimes","floor":1,"turns":1},{"damage":0,"enemies":"Cultist","floor":4,"turns":1},{"damage":0,"enemies":"Gremlin Nob","floor":6,"turns":1},{"damage":0,"enemies":"Jaw Worm","floor":8,"turns":1},{"damage":1,"enemies":"2 Fungi Beasts","floor":10,"turns":2},{"damage":2,"enemies":"Exordium Wildlife","floor":11,"turns":2},{"damage":1,"enemies":"Blue Slaver","floor":12,"turns":2},{"damage":1,"enemies":"3 Louse","floor":14,"turns":1},{"damage":38,"enemies":"The Guardian","floor":16,"turns":5},{"damage":1,"enemies":"3 Byrds","floor":18,"turns":3},{"damage":19,"enemies":"2 Thieves","floor":20,"turns":2},{"damage":0,"enemies":"Snecko","floor":25,"turns":2},{"damage":14,"enemies":"Shelled Parasite and Fungi","floor":27,"turns":3},{"damage":9,"enemies":"Chosen and Byrds","floor":31,"turns":5},{"damage":23,"enemies":"StardustCrusaders","floor":33,"turns":3},{"damage":14,"enemies":"Orb Walker","floor":35,"turns":2},{"damage":5,"enemies":"2 Orb Walkers","floor":36,"turns":1},{"damage":14,"enemies":"3 Shapes","floor":38,"turns":1},{"damage":1,"enemies":"Sphere and 2 Shapes","floor":41,"turns":1},{"damage":23,"enemies":"3 Darklings","floor":42,"turns":2},{"damage":0,"enemies":"Maw","floor":45,"turns":2},{"damage":9,"enemies":"Jaw Worm Horde","floor":46,"turns":1},{"damage":7,"enemies":"Reptomancer","floor":48,"turns":1},{"damage":14,"enemies":"Donu and Deca","floor":50,"turns":2}],"seed_played":"3309743291893475903","potions_obtained":[{"floor":6,"key":"FearPotion"},{"floor":14,"key":"Fire Potion"},{"floor":16,"key":"Energy Potion"},{"floor":18,"key":"Weak Potion"},{"floor":20,"key":"FearPotion"},{"floor":27,"key":"LiquidBronze"},{"floor":35,"key":"DistilledChaos"},{"floor":36,"key":"DistilledChaos"},{"floor":38,"key":"Swift Potion"}],"is_trial":false,"path_per_floor":["M","$","?","M","$","E","R","M","T","M","M","M","T","M","R","B",null,"M","?","M","$","T","R","?","M","T","M","$","T","AVR","M","R","B",null,"M","?","?","M","AVR","R","M","M","T","R","M","M","R","E","R","B",null],"character_chosen":"IRONCLAD","items_purchased":["Orichalcum","Chameleon Ring","Brimstone","Energy Potion","Pommel Strike","Demon Form","Pommel Strike","Replay:Kaleidoscope","Potion Belt","Explosive Potion","BloodPotion","Weak Potion","Durian","Whetstone","Apotheosis","Replay:Mystery Machine","Grinning Jar","Energy Potion"],"campfire_rested":1,"item_purchase_floors":[2,2,2,2,2,5,5,5,5,5,5,5,21,21,21,28,28,28],"current_hp_per_floor":[80,80,80,80,80,80,80,80,80,80,80,80,87,87,87,55,87,87,87,74,79,79,79,43,49,49,41,41,41,41,38,80,63,92,84,85,85,77,99,99,99,82,82,82,88,85,85,84,84,76],"gold":8334,"neow_bonus":"THREE_ENEMY_KILL","is_daily":false,"chose_seed":false,"campfire_upgraded":7,"win_rate":0.0,"timestamp":1609966666,"path_taken":["M","$","?","M","$","E","R","M","T","M","M","M","?","M","R","BOSS","M","?","?","$","?","R","?","M","T","M","?","?","AVR","M","R","BOSS","M","?","?","M","AVR","R","M","M","T","R","?","M","R","E","R","BOSS"],"items_purchased_type":["Relic","Relic","Relic","Potion","Card","Card","Card","Relic","Relic","Potion","Potion","Potion","Relic","Relic","Card","Relic","Relic","Potion"],"build_version":"2020-12-22","purchased_purges":6,"victory":true,"max_hp_per_floor":[80,80,80,80,80,80,80,80,80,80,80,80,87,87,87,87,87,87,87,87,92,92,92,92,92,92,92,92,92,92,92,92,92,92,92,92,92,92,99,99,99,99,99,99,99,99,99,99,99,99],"card_choices":[{"not_picked":["Havoc","Warcry"],"picked":"Flex","floor":1},{"not_picked":["Replay:Undeath\u0027s Touch","Warcry"],"picked":"Whirlwind","floor":4},{"not_picked":["ReplayTheSpireMod:Stacked","Perfected Strike"],"picked":"ReplayTheSpireMod:Muscle Training","floor":6},{"not_picked":["Headbutt","Massacre","Infernal Blade"],"picked":"SKIP","floor":8},{"not_picked":["True Grit","Iron Wave"],"picked":"Seeing Red","floor":10},{"not_picked":["Exhume","ReplayTheSpireMod:Limb From Limb","Sword Boomerang"],"picked":"SKIP","floor":11},{"not_picked":["infinitespire:OneForAll","Pommel Strike"],"picked":"Inflame","floor":12},{"not_picked":["Wild Strike","Disarm","Heavy Blade"],"picked":"SKIP","floor":14},{"not_picked":["Brutality","Impervious"],"picked":"Demon Form","floor":16},{"not_picked":["Dual Wield+1","Cleave","Iron Wave"],"picked":"SKIP","floor":18},{"not_picked":["Run Through","Twin Strike","Shrug It Off+1"],"picked":"SKIP","floor":20},{"not_picked":["Abandon+1","Flame Barrier"],"picked":"Seeing Red","floor":25},{"not_picked":["Heavy Blade+1","Demon Form"],"picked":"Flex","floor":27},{"not_picked":["Body Slam"],"picked":"SKIP","floor":31},{"not_picked":[],"picked":"Limit Break","floor":33},{"not_picked":["Carnage"],"picked":"SKIP","floor":35},{"not_picked":["Twin Strike"],"picked":"SKIP","floor":38},{"not_picked":["Iron Wave"],"picked":"SKIP","floor":41},{"not_picked":["Cleave+1"],"picked":"SKIP","floor":42},{"not_picked":["ReplayReversal"],"picked":"SKIP","floor":45},{"not_picked":["Whirlwind+1"],"picked":"SKIP","floor":46},{"not_picked":["Ghostly Armor"],"picked":"SKIP","floor":48}],"player_experience":34438,"relics_obtained":[{"floor":6,"key":"Centennial Puzzle"},{"floor":9,"key":"Oddly Smooth Stone"},{"floor":13,"key":"Strawberry"},{"floor":22,"key":"Regal Pillow"},{"floor":24,"key":"Ornamental Fan"},{"floor":26,"key":"Replay:Bandana"},{"floor":29,"key":"infinitespire:ShieldingShard"},{"floor":36,"key":"Champion Belt"},{"floor":43,"key":"Pocketwatch"},{"floor":48,"key":"Happy Flower"}],"event_choices":[{"cards_removed":["Defend_R"],"damage_healed":0,"gold_gain":0,"player_choice":"Card Removal","damage_taken":0,"max_hp_gain":0,"max_hp_loss":0,"event_name":"The Cleric","floor":3,"gold_loss":50},{"damage_healed":0,"gold_gain":0,"player_choice":"Bet on Murderer","damage_taken":0,"max_hp_gain":0,"max_hp_loss":0,"event_name":"The Joust","floor":19,"gold_loss":50},{"damage_healed":0,"gold_gain":0,"player_choice":"Fight","damage_taken":0,"max_hp_gain":0,"max_hp_loss":0,"event_name":"Mysterious Sphere","floor":36,"gold_loss":0},{"damage_healed":0,"gold_gain":100,"player_choice":"Pray","damage_taken":0,"max_hp_gain":0,"max_hp_loss":0,"event_name":"Golden Shrine","floor":37,"gold_loss":0}],"is_beta":false,"boss_relics":[{"not_picked":["Abe\u0027s Treasure","Honey Jar"],"picked":"Philosopher\u0027s Stone"},{"not_picked":["Coffee Dripper","infinitespire:Burning Sword"],"picked":"Electric Blood"}],"items_purged_floors":[2,5,21,28,30,39],"is_endless":false,"potions_floor_spawned":[6,14,16,18,20,27,31,35,36,38,45],"ascension_level":0}}