{"host":"1a3cjta80tad0aqj","time":1609906895,"event":{"mods":["2.2 Compatiblity","AchievementEnabler","BaseMod","Colored Map","DeckTracker","KOR Keyword Fix","Keyboard Shortcuts","Minty Spire (QoL Compilation)","Permanent Neow","Quick Restart","Random Character Button","StSLib","SuperFastMode","everything is the same but u backflip on backflip"],"gold_per_floor":[116,132,132,9,9,9,28,28,28,56,56,132,144,168,168,272,272,295,369,31,41,120,120,204,204,213,232,242,260,93,242,242,349,349,374,393,420,448,498,498,508,522,531,557,118,184,184,243,243,243],"floor_reached":51,"playtime":2567,"items_purged":["Regret","Strike_P","Pain","Normality"],"score":722,"play_id":"76aca74f-77d0-44fb-9e85-b9e38ef7f9aa","local_time":"20210106132135","is_ascension_mode":false,"campfire_choices":[{"data":"Eruption","floor":6,"key":"SMITH"},{"data":"ClearTheMind","floor":11,"key":"SMITH"},{"data":"ForeignInfluence","floor":15,"key":"SMITH"},{"floor":23,"key":"REST"},{"data":"Dramatic Entrance","floor":25,"key":"SMITH"},{"floor":32,"key":"REST"},{"data":"CarveReality","floor":40,"key":"SMITH"},{"data":"Brilliance","floor":47,"key":"SMITH"},{"data":"Conclude","floor":49,"key":"SMITH"}],"circlet_count":0,"master_deck":["Strike_P+1","Strike_P+1","Defend_P","Eruption+1","Vigilance","Omniscience+1","TalkToTheHand+1","DeusExMachina+1","ForeignInfluence+1","Indignation","ClearTheMind+1","Indignation+1","Conclude+1","Brilliance+1","WreathOfFlame+1","CrushJoints+1","Dramatic Entrance+1","Meditate","Sanctity","SpiritShield","CarveReality+1","InnerPeace+1","Evaluate+1","CarveReality+1","Halt","Master of Strategy"],"relics":["Astrolabe","Art of War","SsserpentHead","CeramicFish","Cursed Key","Membership Card","Anchor","Red Mask","Thread and Needle","TeardropLocket","SacredBark","Whetstone","CaptainsWheel","Unceasing Top","Strange Spoon"],"acts_visited":["Exordium","TheCity","TheBeyond"],"potions_floor_usage":[13,18,22,28,28,33,50,50,50],"damage_taken":[{"damage":3,"enemies":"Jaw Worm","floor":1,"turns":3},{"damage":6,"enemies":"Small Slimes","floor":2,"turns":3},{"damage":0,"enemies":"Cultist","floor":7,"turns":2},{"damage":2,"enemies":"Gremlin Gang","floor":10,"turns":2},{"damage":0,"enemies":"Large Slime","floor":12,"turns":3},{"damage":0,"enemies":"Lots of Slimes","floor":13,"turns":3},{"damage":12,"enemies":"Blue Slaver","floor":14,"turns":3},{"damage":0,"enemies":"Slime Boss","floor":16,"turns":2},{"damage":17,"enemies":"Chosen","floor":18,"turns":2},{"damage":22,"enemies":"2 Thieves","floor":19,"turns":3},{"damage":10,"enemies":"Shelled Parasite and Fungi","floor":22,"turns":4},{"damage":0,"enemies":"Masked Bandits","floor":24,"turns":2},{"damage":0,"enemies":"Sentry and Sphere","floor":27,"turns":2},{"damage":5,"enemies":"Snake Plant","floor":28,"turns":2},{"damage":4,"enemies":"3 Cultists","floor":29,"turns":2},{"damage":43,"enemies":"Champ","floor":33,"turns":10},{"damage":0,"enemies":"3 Darklings","floor":35,"turns":2},{"damage":0,"enemies":"Orb Walker","floor":36,"turns":2},{"damage":3,"enemies":"Transient","floor":37,"turns":5},{"damage":0,"enemies":"Jaw Worm Horde","floor":38,"turns":1},{"damage":8,"enemies":"4 Shapes","floor":41,"turns":2},{"damage":0,"enemies":"Transient","floor":42,"turns":5},{"damage":0,"enemies":"Jaw Worm Horde","floor":44,"turns":2},{"damage":1,"enemies":"Spire Growth","floor":46,"turns":3},{"damage":37,"enemies":"Donu and Deca","floor":50,"turns":3}],"seed_played":"-865154796246480325","potions_obtained":[{"floor":2,"key":"AttackPotion"},{"floor":7,"key":"Block Potion"},{"floor":13,"key":"Ancient Potion"},{"floor":16,"key":"ColorlessPotion"},{"floor":18,"key":"Fruit Juice"},{"floor":22,"key":"Swift Potion"},{"floor":28,"key":"BottledMiracle"},{"floor":36,"key":"Swift Potion"},{"floor":37,"key":"Strength Potion"}],"is_trial":false,"path_per_floor":["M","M","?","$","?","R","M","?","T","M","R","M","M","M","R","B",null,"M","M","$","?","M","R","?","R","T","M","M","M","$","?","R","B",null,"M","M","M","M","?","R","M","M","T","M","$","M","R","?","R","B",null],"character_chosen":"WATCHER","items_purchased":["Swift Potion","Membership Card","Anchor","Block Potion","Dramatic Entrance","TeardropLocket","Block Potion","CaptainsWheel","Unceasing Top","Strange Spoon"],"campfire_rested":2,"item_purchase_floors":[4,20,20,20,20,30,30,45,45,45],"current_hp_per_floor":[69,63,63,63,56,56,56,56,56,54,54,54,54,42,42,42,72,60,38,38,38,28,51,51,51,51,51,46,42,42,42,65,22,77,77,77,74,74,77,77,69,69,69,69,69,68,68,68,68,31],"gold":243,"neow_bonus":"BOSS_RELIC","is_daily":false,"chose_seed":false,"campfire_upgraded":7,"win_rate":0.0,"timestamp":1609906895,"path_taken":["M","M","?","$","?","R","M","?","T","M","R","?","M","M","R","BOSS","M","?","$","?","?","R","?","R","T","M","M","M","?","?","R","BOSS","M","M","M","M","?","R","M","M","T","M","$","?","R","?","R","BOSS"],"items_purchased_type":["Potion","Relic","Relic","Potion","Card","Relic","Potion","Relic","Relic","Relic"],"build_version":"2020-12-22","purchased_purges":4,"victory":true,"max_hp_per_floor":[72,72,72,72,72,72,72,72,72,72,72,72,72,72,72,72,72,77,77,77,77,77,77,77,77,77,77,77,77,77,77,77,77,77,77,77,77,77,77,77,77,77,77,77,77,77,77,77,77,77],"card_choices":[{"not_picked":["CrushJoints","SashWhip"],"picked":"ForeignInfluence","floor":1},{"not_picked":["EmptyBody","Protect"],"picked":"Consecrate","floor":2},{"not_picked":["Halt","Omniscience"],"picked":"Indignation","floor":7},{"not_picked":["Evaluate","BowlingBash"],"picked":"ClearTheMind","floor":10},{"not_picked":["Wallop","FearNoEvil"],"picked":"Indignation","floor":12},{"not_picked":["ThirdEye","Study","JustLucky"],"picked":"SKIP","floor":13},{"not_picked":["Weave","WaveOfTheHand"],"picked":"Conclude","floor":14},{"not_picked":["DevaForm","Alpha"],"picked":"Brilliance","floor":16},{"not_picked":["SashWhip","Wireheading"],"picked":"WreathOfFlame","floor":18},{"not_picked":["Protect","Prostrate"],"picked":"CrushJoints+1","floor":19},{"not_picked":["ClearTheMind","FlurryOfBlows"],"picked":"Meditate","floor":22},{"not_picked":["EmptyFist","CrushJoints"],"picked":"Sanctity","floor":27},{"not_picked":["LessonLearned","Evaluate","CrushJoints"],"picked":"SKIP","floor":28},{"not_picked":["JustLucky","Fasting2","Collect"],"picked":"SKIP","floor":29},{"not_picked":["Establishment","Wish"],"picked":"SpiritShield","floor":33},{"not_picked":["BattleHymn","ThirdEye+1"],"picked":"CarveReality+1","floor":35},{"not_picked":["Study+1","Consecrate"],"picked":"InnerPeace+1","floor":36},{"not_picked":["Prostrate","Protect"],"picked":"Evaluate+1","floor":37},{"not_picked":["WaveOfTheHand","TalkToTheHand+1"],"picked":"CarveReality","floor":38},{"not_picked":["PathToVictory","SignatureMove","EmptyFist+1"],"picked":"SKIP","floor":41},{"not_picked":["JustLucky+1","SignatureMove","Fasting2+1"],"picked":"SKIP","floor":42},{"not_picked":["Weave+1","SashWhip+1"],"picked":"Halt","floor":44},{"not_picked":["Wallop","Study+1","BowlingBash"],"picked":"SKIP","floor":46},{"not_picked":["Discovery","Swift Strike"],"picked":"Master of Strategy","floor":48}],"player_experience":158620,"relics_obtained":[{"floor":9,"key":"CeramicFish"},{"floor":24,"key":"Red Mask"},{"floor":26,"key":"Thread and Needle"},{"floor":43,"key":"Whetstone"}],"event_choices":[{"damage_healed":0,"gold_gain":0,"player_choice":"Box","damage_taken":0,"relics_obtained":["Art of War"],"max_hp_gain":0,"max_hp_loss":0,"event_name":"Big Fish","floor":3,"gold_loss":0,"cards_obtained":["Regret"]},{"cards_removed":["Strike_P"],"damage_healed":0,"gold_gain":0,"player_choice":"Card Removal","damage_taken":7,"max_hp_gain":0,"max_hp_loss":0,"event_name":"Golden Wing","floor":5,"gold_loss":0},{"damage_healed":0,"gold_gain":0,"player_choice":"Trade","damage_taken":0,"relics_obtained":["SsserpentHead"],"max_hp_gain":0,"max_hp_loss":0,"event_name":"FaceTrader","floor":8,"gold_loss":0},{"damage_healed":0,"gold_gain":0,"player_choice":"Upgraded Two","damage_taken":0,"max_hp_gain":0,"max_hp_loss":0,"event_name":"Designer","floor":21,"gold_loss":40,"cards_upgraded":["WreathOfFlame","Indignation"]},{"damage_healed":0,"gold_gain":0,"player_choice":"Fought Bandits","damage_taken":0,"max_hp_gain":0,"max_hp_loss":0,"event_name":"Masked Bandits","floor":24,"gold_loss":0},{"damage_healed":0,"gold_gain":99,"player_choice":"Stole From Cult","damage_taken":0,"max_hp_gain":0,"max_hp_loss":0,"event_name":"Nest","floor":31,"gold_loss":0},{"cards_removed":["Consecrate"],"damage_healed":5,"gold_gain":0,"player_choice":"Offered Common","damage_taken":0,"max_hp_gain":0,"max_hp_loss":0,"event_name":"Bonfire Elementals","floor":39,"gold_loss":0},{"cards_removed":["Consecrate"],"damage_healed":5,"gold_gain":0,"player_choice":"Offered Special","damage_taken":0,"max_hp_gain":0,"max_hp_loss":0,"event_name":"Bonfire Elementals","floor":39,"gold_loss":0},{"damage_healed":0,"gold_gain":0,"player_choice":"Memory 1","damage_taken":0,"max_hp_gain":0,"max_hp_loss":0,"event_name":"SensoryStone","floor":48,"gold_loss":0}],"is_beta":false,"boss_relics":[{"not_picked":["Empty Cage","Velvet Choker"],"picked":"Cursed Key"},{"not_picked":["Runic Dome","Fusion Hammer"],"picked":"SacredBark"}],"items_purged_floors":[4,20,30,45],"is_endless":false,"potions_floor_spawned":[2,7,13,16,18,22,24,28,36,37,42,46],"ascension_level":0}}