{"host":"16bdbdkejmwbwkj8","time":1609947058,"event":{"mods":["BaseMod","Colored Map","Downfall","Minty Spire (QoL Compilation)","StSLib"],"gold_per_floor":[217,231,243,2,22,22,22,35,117,132,86,86,86,86,86,215,215,228,242,1,21,40,40,0,41,64,83,8,34,34,52,52,147,147,160,171,171,2,21,21,21,37,37,14,39,39,90,109,109,109,109,109],"floor_reached":50,"playtime":3152,"items_purged":["Slimebound:Strike_Slimebound"],"score":511,"play_id":"4a3230cd-936a-41cb-b16a-4aee66d48247","local_time":"20210106103058","is_ascension_mode":false,"campfire_choices":[{"data":"Slimebound:Split","floor":6,"key":"SMITH"},{"floor":15,"key":"REST"},{"data":"Slimebound:RollThrough","floor":23,"key":"SMITH"},{"floor":32,"key":"REST"},{"data":"Apotheosis","floor":40,"key":"SMITH"},{"floor":46,"key":"REST"},{"floor":49,"key":"DIG"}],"circlet_count":0,"master_deck":["Slimebound:Tackle","Slimebound:Defend_Slimebound","Slimebound:Defend_Slimebound","Slimebound:Defend_Slimebound","Slimebound:Defend_Slimebound","Slimebound:Split+1","Slimebound:CorrosiveSpit","Slimebound:BestDefense","Slimebound:PressTheAttack","Slimebound:FlameTackle","Slimebound:Schlurp","Slimebound:LevelUp","Slimebound:FinishingTackle","Slimebound:Chomp","Slimebound:RollThrough+1","Slimebound:SamplingLick","Slimebound:PrepareCrush","Slimebound:Grow","Slimebound:GoopTackle+1","Slimebound:FirmFortitude","Slimebound:FinishingTackle","Slimebound:MegaLick","Slimebound:LeechingTouch","Slimebound:LeechEnergy","Slimebound:MassFeed+1","Slimebound:Repurpose","Slimebound:ViciousTackle","Slimebound:LeechLife","Slimebound:LeechEnergy+1","Slimebound:ComboTackle+1","Apotheosis+1","Slimebound:Gluttony+1","Parasite","Slimebound:Repurpose+1","Slimebound:RollThrough","Slimebound:ProtectTheBoss","Slimebound:ServeAndProtect+1","Slimebound:ViciousTackle+1","Slimebound:SplitLeeching"],"relics":["Slimebound:AbsorbEndCombat","Membership Card","Bag of Marbles","Mummified Hand","Bloody Idol","Snecko Eye","Letter Opener","Shovel","Toy Ornithopter","Dream Catcher","Sozu","HandDrill","Incense Burner","Meat on the Bone","Ancient Tea Set","Ice Cream","Lantern"],"acts_visited":["Exordium","TheCity","TheBeyond"],"potions_floor_usage":[5,13,16,22,25,31,31,33,33],"damage_taken":[{"damage":5,"enemies":"Cultist","floor":1,"turns":3},{"damage":5,"enemies":"2 Louse","floor":2,"turns":3},{"damage":4,"enemies":"Small Slimes","floor":3,"turns":3},{"damage":13,"enemies":"2 Fungi Beasts","floor":5,"turns":4},{"damage":20,"enemies":"Blue Slaver","floor":8,"turns":3},{"damage":17,"enemies":"3 Louse","floor":10,"turns":3},{"damage":8,"enemies":"Lots of Slimes","floor":13,"turns":1},{"damage":24,"enemies":"Hexaghost","floor":16,"turns":7},{"damage":19,"enemies":"Shell Parasite","floor":18,"turns":3},{"damage":0,"enemies":"Spheric Guardian","floor":19,"turns":2},{"damage":9,"enemies":"Centurion and Healer","floor":21,"turns":4},{"damage":4,"enemies":"Shelled Parasite and Fungi","floor":22,"turns":4},{"damage":34,"enemies":"Book of Stabbing","floor":25,"turns":5},{"damage":21,"enemies":"Sentry and Sphere","floor":27,"turns":4},{"damage":0,"enemies":"Snake Plant","floor":31,"turns":2},{"damage":53,"enemies":"Collector","floor":33,"turns":7},{"damage":14,"enemies":"Orb Walker","floor":35,"turns":3},{"damage":0,"enemies":"3 Shapes","floor":36,"turns":1},{"damage":10,"enemies":"Sphere and 2 Shapes","floor":39,"turns":4},{"damage":28,"enemies":"Writhing Mass","floor":42,"turns":4},{"damage":50,"enemies":"Nemesis","floor":45,"turns":5},{"damage":43,"enemies":"2 Orb Walkers","floor":47,"turns":4},{"damage":22,"enemies":"Transient","floor":48,"turns":5},{"damage":94,"enemies":"Time Eater","floor":50,"turns":5}],"seed_played":"2300273572221402517","potions_obtained":[{"floor":2,"key":"FearPotion"},{"floor":3,"key":"EssenceOfSteel"},{"floor":5,"key":"SmokeBomb"},{"floor":8,"key":"Ancient Potion"},{"floor":16,"key":"LiquidBronze"},{"floor":18,"key":"Explosive Potion"},{"floor":21,"key":"Slimebound:SpawnSlimePotion"},{"floor":25,"key":"Slimebound:SlimedPotion"},{"floor":27,"key":"Slimebound:SlimedPotion"},{"floor":31,"key":"champ:CounterPotion"}],"is_trial":false,"path_per_floor":["M","M","M","$","M","R","?","M","T","M","$","?","M","?","R","B",null,"M","M","$","M","M","R","?","E","T","M","?","T","?","M","R","B",null,"M","M","?","$","M","R","T","M","T","$","E","R","?","M","R","B"],"character_chosen":"SLIMEBOUND","items_purchased":["Membership Card","Bag of Marbles","Slimebound:Schlurp","Slimebound:RollThrough","Slimebound:SamplingLick","Letter Opener","Slimebound:FirmFortitude","Slimebound:FinishingTackle","Slimebound:MegaLick","Apotheosis","HandDrill","Slimebound:RollThrough"],"campfire_rested":3,"item_purchase_floors":[4,4,4,11,11,20,20,20,20,38,38,44],"current_hp_per_floor":[59,60,60,60,55,55,55,45,45,38,38,23,25,25,43,41,60,53,53,53,51,49,49,49,25,25,6,6,6,6,27,45,29,60,53,58,58,58,64,64,64,51,51,51,38,57,51,52,52,0,0,0],"gold":109,"neow_bonus":"HUNDRED_GOLD","is_daily":false,"chose_seed":false,"campfire_upgraded":3,"win_rate":0.0,"timestamp":1609947058,"path_taken":["M","M","?","$","M","R","?","?","T","M","$","?","M","?","R","BOSS","M","M","$","?","M","R","?","E","T","M","?","?","?","M","R","BOSS","M","M","?","$","?","R","?","M","T","$","E","R","?","M","R","BOSS"],"items_purchased_type":["Relic","Relic","Card","Card","Card","Relic","Card","Card","Card","Card","Relic","Card"],"build_version":"2020-12-22","purchased_purges":1,"victory":false,"max_hp_per_floor":[60,60,60,60,60,60,60,60,60,60,60,60,60,60,60,60,60,60,60,60,60,60,60,60,60,60,60,60,60,60,60,60,60,60,60,60,60,60,64,64,64,64,64,64,64,64,64,64,64,64,64,64],"card_choices":[{"not_picked":["Slimebound:DivideAndConquer","Slimebound:ServeAndProtect"],"picked":"Slimebound:BestDefense","floor":1},{"not_picked":["Slimebound:FirmFortitude","Slimebound:ServeAndProtect"],"picked":"Slimebound:PressTheAttack","floor":2},{"not_picked":["Slimebound:HauntingLick","Slimebound:GoopSpray"],"picked":"Slimebound:FlameTackle","floor":3},{"not_picked":["Slimebound:LivingWall","Slimebound:SplitBruiser"],"picked":"Slimebound:LevelUp","floor":5},{"not_picked":["Slimebound:MegaLick","Slimebound:FormOfPuddle"],"picked":"Slimebound:FinishingTackle","floor":8},{"not_picked":["Slimebound:ComboTackle","Slimebound:RainOfGoop"],"picked":"Slimebound:Chomp","floor":10},{"not_picked":["Slimebound:Darklings","Slimebound:Teamwork"],"picked":"Slimebound:PrepareCrush","floor":16},{"not_picked":["Slimebound:GrowthPunch","Slimebound:SplitAcid"],"picked":"Slimebound:Grow","floor":18},{"not_picked":["Slimebound:LevelUp","Slimebound:LeechingTouch+1"],"picked":"Slimebound:GoopTackle+1","floor":19},{"not_picked":["Slimebound:PressTheAttack","Slimebound:FinishingTackle+1"],"picked":"Slimebound:LeechingTouch","floor":21},{"not_picked":["Slimebound:PressTheAttack","Slimebound:SplitMire","Slimebound:SplitAcid"],"picked":"SKIP","floor":22},{"not_picked":["Slimebound:FirmFortitude","Slimebound:PressTheAttack"],"picked":"Slimebound:LeechEnergy","floor":25},{"not_picked":["Slimebound:RollThrough","Slimebound:SlimeSpikes"],"picked":"Slimebound:MassFeed","floor":27},{"not_picked":["Slimebound:FlameTackle","Slimebound:BestDefense+1"],"picked":"Slimebound:Repurpose","floor":31},{"not_picked":["Slimebound:GoopSpray","Slimebound:DivideAndConquer"],"picked":"Slimebound:ViciousTackle","floor":32},{"not_picked":["Slimebound:MassFeed","Slimebound:Darklings"],"picked":"Slimebound:LeechLife","floor":33},{"not_picked":["Slimebound:RainOfGoop","Slimebound:FormOfPuddle"],"picked":"Slimebound:LeechEnergy+1","floor":35},{"not_picked":["Slimebound:SplitBruiser","Slimebound:Repurpose+1"],"picked":"Slimebound:ComboTackle+1","floor":36},{"not_picked":["Slimebound:Prepare","Slimebound:SplitSpecialist"],"picked":"Slimebound:Gluttony+1","floor":39},{"not_picked":["Slimebound:LeechEnergy","Slimebound:ForwardTackle"],"picked":"Slimebound:Repurpose+1","floor":42},{"not_picked":["Slimebound:Equalize","Slimebound:SplitAcid+1"],"picked":"Slimebound:ProtectTheBoss","floor":45},{"not_picked":["Slimebound:LeechingTouch","Slimebound:TagTeam"],"picked":"Slimebound:ServeAndProtect+1","floor":46},{"not_picked":["Slimebound:SpikyOuterGoop+1","Slimebound:DivideAndConquer"],"picked":"Slimebound:ViciousTackle+1","floor":47},{"not_picked":["Slimebound:DivideAndConquer+1","Slimebound:SplitBruiser"],"picked":"Slimebound:SplitLeeching","floor":48}],"player_experience":113108,"relics_obtained":[{"floor":9,"key":"Mummified Hand"},{"floor":25,"key":"Shovel"},{"floor":26,"key":"Toy Ornithopter"},{"floor":29,"key":"Dream Catcher"},{"floor":41,"key":"Incense Burner"},{"floor":43,"key":"Meat on the Bone"},{"floor":45,"key":"Ancient Tea Set"},{"floor":47,"key":"Ice Cream"},{"floor":49,"key":"Lantern"}],"event_choices":[{"damage_healed":0,"gold_gain":0,"player_choice":"Ignored","damage_taken":0,"max_hp_gain":0,"max_hp_loss":0,"event_name":"NoteForYourself","floor":7,"gold_loss":0},{"damage_healed":0,"gold_gain":0,"player_choice":"Take Damage","damage_taken":15,"relics_obtained":["Golden Idol"],"max_hp_gain":0,"max_hp_loss":0,"event_name":"Golden Idol","floor":12,"gold_loss":0},{"cards_removed":["Slimebound:Strike_Slimebound"],"damage_healed":0,"gold_gain":0,"player_choice":"Purged","damage_taken":0,"max_hp_gain":0,"max_hp_loss":0,"event_name":"Purifier","floor":14,"gold_loss":0},{"damage_healed":0,"gold_gain":0,"player_choice":"Paid Fearfully","damage_taken":0,"max_hp_gain":0,"max_hp_loss":0,"event_name":"Masked Bandits","floor":24,"gold_loss":40},{"cards_removed":["Slimebound:Strike_Slimebound"],"damage_healed":0,"gold_gain":0,"player_choice":"Gave Gold","damage_taken":0,"max_hp_gain":0,"max_hp_loss":0,"event_name":"Beggar","floor":28,"gold_loss":75},{"damage_healed":0,"gold_gain":0,"player_choice":"Gave Idol","damage_taken":0,"relics_obtained":["Bloody Idol"],"max_hp_gain":0,"max_hp_loss":0,"event_name":"Forgotten Altar","floor":30,"relics_lost":["Golden Idol"],"gold_loss":0},{"damage_healed":0,"gold_gain":0,"player_choice":"Upgraded","damage_taken":0,"max_hp_gain":0,"max_hp_loss":0,"event_name":"Upgrade Shrine","floor":37,"gold_loss":0,"cards_upgraded":["Slimebound:MassFeed"]},{"damage_healed":0,"gold_gain":0,"player_choice":"Fight","damage_taken":0,"max_hp_gain":0,"max_hp_loss":0,"event_name":"Mysterious Sphere","floor":47,"gold_loss":0}],"is_beta":false,"boss_relics":[{"not_picked":["Coffee Dripper","Slimebound:TarBlob"],"picked":"Snecko Eye"},{"not_picked":["Cursed Key","Calling Bell"],"picked":"Sozu"}],"items_purged_floors":[20],"is_endless":false,"potions_floor_spawned":[2,3,5,8,16,18,21,25,27,31,36,39,42,48],"killed_by":"Time Eater","ascension_level":0}}