{"host":"d9m9v0h6vo0edadb","time":1609932044,"event":{"mods":["BaseMod","Hermit","Keyboard Shortcuts","Minty Spire (QoL Compilation)","StSLib","SuperFastMode","The Cursed"],"gold_per_floor":[118,118,138,158,158,158,183,183,183,183,202,202,235,248,248,248,248],"floor_reached":16,"playtime":205,"items_purged":[],"score":220,"play_id":"aefe6436-b1ad-425a-9e65-d1a2bdff61c4","local_time":"20210106202044","is_ascension_mode":true,"campfire_choices":[{"data":"Zap","floor":6,"key":"SMITH"},{"data":"Coolheaded","floor":8,"key":"SMITH"},{"data":"Self Repair","floor":10,"key":"SMITH"},{"data":"Electrodynamics","floor":12,"key":"SMITH"},{"data":"Lockon","floor":15,"key":"SMITH"}],"circlet_count":0,"master_deck":["AscendersBane","Strike_B","Strike_B","Strike_B","Defend_B","Defend_B","Defend_B","Defend_B","Zap+1","Dualcast","Coolheaded+1","Self Repair+1","Coolheaded+1","Recycle+1","Electrodynamics+1","Lockon+1"],"relics":["Cracked Core","NeowsBlessing","Toxic Egg 2","Singing Bowl","Pen Nib","Vajra"],"acts_visited":["Exordium"],"potions_floor_usage":[7,16],"damage_taken":[{"damage":0,"enemies":"Cultist","floor":1,"turns":1},{"damage":0,"enemies":"2 Louse","floor":3,"turns":1},{"damage":0,"enemies":"Small Slimes","floor":4,"turns":1},{"damage":17,"enemies":"Lagavulin","floor":7,"turns":8},{"damage":4,"enemies":"Red Slaver","floor":11,"turns":3},{"damage":8,"enemies":"3 Sentries","floor":13,"turns":2},{"damage":9,"enemies":"Blue Slaver","floor":14,"turns":3},{"damage":49,"enemies":"Hexaghost","floor":16,"turns":9}],"seed_played":"6099753706260579841","potions_obtained":[{"floor":4,"key":"FearPotion"},{"floor":7,"key":"Swift Potion"},{"floor":11,"key":"EssenceOfSteel"}],"is_trial":false,"path_per_floor":["M","T","M","M","?","R","E","R","T","R","M","R","E","M","R","B"],"character_chosen":"DEFECT","items_purchased":[],"campfire_rested":0,"item_purchase_floors":[],"current_hp_per_floor":[64,64,64,64,64,64,54,54,54,54,52,52,44,47,47,0,0],"gold":248,"neow_bonus":"THREE_ENEMY_KILL","is_daily":false,"chose_seed":false,"campfire_upgraded":5,"win_rate":0.0,"timestamp":1609932044,"path_taken":["M","?","M","?","?","R","E","R","T","R","M","R","E","M","R","BOSS"],"items_purchased_type":[],"build_version":"2020-12-22","purchased_purges":0,"victory":false,"max_hp_per_floor":[71,71,71,71,71,71,71,71,71,71,73,73,73,75,75,75,75],"card_choices":[{"not_picked":["Leap","Sweeping Beam"],"picked":"Coolheaded","floor":1},{"not_picked":["Double Energy+1","Ball Lightning"],"picked":"Self Repair","floor":3},{"not_picked":["Cold Snap","Leap+1"],"picked":"Coolheaded+1","floor":4},{"not_picked":["Heatsinks","Force Field+1"],"picked":"Electrodynamics","floor":7},{"not_picked":["White Noise+1","Redo+1","Auto Shields+1"],"picked":"Singing Bowl","floor":11},{"not_picked":["Streamline","Redo+1"],"picked":"Lockon","floor":13},{"not_picked":["Aggregate+1","Double Energy+1","Conserve Battery+1"],"picked":"Singing Bowl","floor":14}],"player_experience":954085,"relics_obtained":[{"floor":2,"key":"Toxic Egg 2"},{"floor":7,"key":"Singing Bowl"},{"floor":9,"key":"Pen Nib"},{"floor":13,"key":"Vajra"}],"event_choices":[{"damage_healed":0,"gold_gain":0,"cards_transformed":["Strike_B"],"player_choice":"Change","damage_taken":0,"max_hp_gain":0,"max_hp_loss":0,"event_name":"Living Wall","floor":5,"gold_loss":0,"cards_obtained":["Recycle"]}],"is_beta":false,"boss_relics":[],"items_purged_floors":[],"is_endless":false,"potions_floor_spawned":[4,7,11],"killed_by":"Hexaghost","ascension_level":20}}