{"host":"bxdue9bkfm2khp2x","time":1609907762,"event":{"mods":["ATMod(阿瑾Mod)","Aspiration","BaseMod","Better Vampires","Challenge The Spire","Colored Powertips","Conspire","Decade(王小明)","Dota2Spire","Highlight Path","Marisa（F雨　魔理沙）","Minty Spire (QoL Compilation)","MostiFishMod","Replay The Spire","RumiaBox-露米娅的神秘盒子","Spicy Shops","StSLib","Td1madao Mod","The Alterego","The Cursed","The Servant 0.9.4","WarShipGirlsR/战舰少女R mod","Youmu（魂魄妖梦）","noobMod","vexMod","【功能Mod】混沌之环修复补丁","【遗物卡牌】REMEMod","篝火指南"],"gold_per_floor":[111,111,124,124,141,141,141,141,141,152,166,91,91,104,104,177,177,192,192,209,109,109,140,140,175,175,175,50,62,62,112,112,186,186,203,222,232,282,295,328,328,357,357,374,374,63,63,63,63,88,113],"floor_reached":52,"playtime":5275,"items_purged":["Defend_S","Defend_S","Strike_S","Parasite"],"score":1886,"play_id":"c79e15f9-a69a-4e1c-9ac0-fc959524906e","local_time":"20210106123602","is_ascension_mode":true,"campfire_choices":[{"data":"MoonPhase","floor":6,"key":"SMITH"},{"data":"TheCursedMod:Hemoplague","floor":8,"key":"SMITH"},{"data":"Moondial","floor":13,"key":"SMITH"},{"data":"Dilation","floor":15,"key":"SMITH"},{"data":"Unruled","floor":24,"key":"SMITH"},{"data":"FlawlessForm","floor":27,"key":"SMITH"},{"data":"Luminosity","floor":32,"key":"SMITH"},{"data":"SoulSculpture","floor":41,"key":"SMITH"},{"data":"BottledTime","floor":45,"key":"SMITH"},{"data":"Foresight","floor":47,"key":"SMITH"},{"data":"DoubleEdge","floor":49,"key":"SMITH"}],"circlet_count":0,"master_deck":["AscendersBane","Defend_S","Defend_S","KidneyShot","Exchange","TheCursedMod:Hemoplague+1","BottledTime+1","Spin+1","MoonPhase+1","Dilation+1","Moondial+1","FlawlessForm+1","SpecialFormula","BestPractice","Unruled+1","DoubleEdge+1","Luminosity+1","Bite","SoulSculpture+1","Foresight+1"],"relics":["Uniform","DaveBox","REME_ComplimentaryCards","ice","AT_ATBox","FeatherPendant","SynthV:TestCard","MagicDraw3","ChiXiaoBlade","Red Mask","Dream Catcher","Replay:Accelerometer","Simple Rune","InkBottle","Replay:WaspNest","AT_MibuBalloonWealth"],"acts_visited":["Exordium","TheCity","TheBeyond"],"potions_floor_usage":[16,23,35,37,50],"damage_taken":[{"damage":1,"enemies":"2 Louse","floor":1,"turns":3},{"damage":0,"enemies":"Jaw Worm","floor":3,"turns":3},{"damage":0,"enemies":"conspire:RoseBush","floor":5,"turns":4},{"damage":0,"enemies":"Exordium Thugs","floor":10,"turns":2},{"damage":1,"enemies":"2 Fungi Beasts","floor":11,"turns":1},{"damage":0,"enemies":"Looter","floor":14,"turns":1},{"damage":0,"enemies":"Slime Boss","floor":16,"turns":3},{"damage":0,"enemies":"conspire:FuzzyDice","floor":18,"turns":4},{"damage":0,"enemies":"Shell Parasite","floor":20,"turns":5},{"damage":0,"enemies":"Masked Bandits","floor":23,"turns":3},{"damage":0,"enemies":"Replay:Snechameleon","floor":25,"turns":2},{"damage":0,"enemies":"Sentry and Sphere","floor":29,"turns":1},{"damage":0,"enemies":"Collector","floor":33,"turns":2},{"damage":0,"enemies":"Orb Walker","floor":35,"turns":2},{"damage":0,"enemies":"3 Darklings","floor":36,"turns":3},{"damage":2,"enemies":"4 Shapes","floor":37,"turns":4},{"damage":18,"enemies":"Writhing Mass","floor":39,"turns":3},{"damage":0,"enemies":"Giant Head","floor":40,"turns":5},{"damage":1,"enemies":"Nemesis","floor":42,"turns":5},{"damage":0,"enemies":"Maw","floor":44,"turns":5},{"damage":3,"enemies":"Replay:Hell Engine","floor":50,"turns":4},{"damage":7,"enemies":"Time Eater","floor":51,"turns":4}],"seed_played":"8126577460746154851","potions_obtained":[{"floor":3,"key":"Death Potion"},{"floor":11,"key":"ColorlessPotion"},{"floor":16,"key":"Fire Potion"},{"floor":23,"key":"Milkshake"},{"floor":36,"key":"Swift Potion"},{"floor":37,"key":"Elixir"},{"floor":40,"key":"LifebloodPotion"}],"is_trial":false,"path_per_floor":["M","?","M","?","M","R","?","R","T","M","M","$","R","M","R","B",null,"M","?","M","$","?","?","R","E","T","R","$","M","?","?","R","B",null,"M","M","M","?","M","E","R","E","T","M","R","$","R","?","R","B","B",null],"character_chosen":"THE_SERVANT","items_purchased":["AT_MibuBalloonWealth"],"campfire_rested":0,"item_purchase_floors":[46],"current_hp_per_floor":[53,58,58,58,58,58,58,58,58,58,57,57,57,57,57,57,63,63,59,59,59,59,65,65,65,65,65,65,65,61,61,61,61,61,61,61,61,61,57,61,61,61,61,61,61,58,58,58,58,58,58],"gold":113,"neow_bonus":"REMOVE_CARD","is_daily":false,"chose_seed":false,"campfire_upgraded":11,"win_rate":0.0,"timestamp":1609907762,"path_taken":["M","?","M","?","M","R","?","R","T","M","M","$","R","M","R","BOSS","M","?","M","$","?","?","R","E","T","R","?","M","?","?","R","BOSS","M","M","?","?","M","E","R","E","T","?","R","$","R","?","R","BOSS","BOSS"],"items_purchased_type":["Relic"],"build_version":"2020-12-22","purchased_purges":4,"victory":true,"max_hp_per_floor":[60,65,65,65,65,65,65,65,65,65,65,65,65,65,65,65,65,65,65,65,65,65,65,65,65,65,65,65,65,61,61,61,61,61,61,61,61,61,61,61,61,61,61,61,61,58,58,58,58,58,58],"card_choices":[{"not_picked":["Rewind","Ricochet"],"picked":"BottledTime","floor":1},{"not_picked":["Collapse","Unruled","Rewind","Alleviate","SpecialFormula"],"picked":"SKIP","floor":3},{"not_picked":["Sabotage","Ricochet","Rewind","Alleviate"],"picked":"MoonPhase","floor":5},{"not_picked":[],"picked":"Dilation","floor":7},{"not_picked":["ReturningBlade","ShatteredReality","DualDimension","Starlight"],"picked":"Moondial","floor":10},{"not_picked":["FastForward","SilverBlades","Potential","Hightail","TimeWarp"],"picked":"SKIP","floor":11},{"not_picked":["PendulumOfEternity","Replace","Rewind","Alleviate","BottledTime"],"picked":"SKIP","floor":14},{"not_picked":["ForgedInTime","Duplication","TheWorld","SoulSculpture"],"picked":"FlawlessForm","floor":16},{"not_picked":["Ricochet","Replace","ShatteredReality","Foresight","Potential+1"],"picked":"SKIP","floor":18},{"not_picked":["SilverBlades","Replace","Rewind","ForgedInTime"],"picked":"SpecialFormula","floor":20},{"not_picked":["StarChef","Gouge","Ricochet","Replace"],"picked":"Unruled","floor":23},{"not_picked":["GearUp+1","Shuttle","Spin","TimeTheft"],"picked":"DoubleEdge","floor":25},{"not_picked":["Revamp","Comet","DoubleEdge","ShatteredReality"],"picked":"Luminosity","floor":29},{"not_picked":["FlawlessForm","PendulumOfEternity","Solidify","FloweringNight"],"picked":"SoulSculpture","floor":33},{"not_picked":["Replace","Reset","FastForward+1","TimeWarp","Revamp+1"],"picked":"SKIP","floor":35},{"not_picked":["Rearm","DoubleEdge+1","Orbit","Unruled","TimeWarp"],"picked":"SKIP","floor":36},{"not_picked":["Contraction","Spin","Duplication","SilverBlades","ShiftingGears"],"picked":"SKIP","floor":37},{"not_picked":["Revamp+1","Deadline+1","Starlight","Alleviate"],"picked":"Foresight","floor":39},{"not_picked":["Potential","PendulumOfEternity","ShatteredReality+1","Revamp","Rewind"],"picked":"SKIP","floor":40},{"not_picked":["Alleviate","Hightail","Foresight","Initiator","Barrier"],"picked":"SKIP","floor":42},{"not_picked":["Replace+1","Defy","RealityMarble+1","Revamp","Ricochet+1"],"picked":"SKIP","floor":44}],"player_experience":1335153,"relics_obtained":[{"floor":1,"key":"SynthV:TestCard"},{"floor":9,"key":"MagicDraw3"},{"floor":23,"key":"Red Mask"},{"floor":25,"key":"Dream Catcher"},{"floor":26,"key":"Replay:Accelerometer"},{"floor":40,"key":"Simple Rune"},{"floor":42,"key":"InkBottle"},{"floor":43,"key":"Replay:WaspNest"}],"event_choices":[{"damage_healed":0,"gold_gain":0,"player_choice":"Donut","damage_taken":0,"max_hp_gain":5,"max_hp_loss":0,"event_name":"Big Fish","floor":2,"gold_loss":0},{"damage_healed":0,"gold_gain":0,"player_choice":"Leave","damage_taken":0,"max_hp_gain":0,"max_hp_loss":0,"event_name":"conspire:Investor","floor":19,"gold_loss":0},{"damage_healed":0,"gold_gain":0,"player_choice":"Read","damage_taken":0,"max_hp_gain":0,"max_hp_loss":0,"event_name":"The Library","floor":22,"gold_loss":0,"cards_obtained":["BestPractice"]},{"damage_healed":0,"gold_gain":0,"player_choice":"Fought Bandits","damage_taken":0,"max_hp_gain":0,"max_hp_loss":0,"event_name":"Masked Bandits","floor":23,"gold_loss":0},{"damage_healed":0,"gold_gain":0,"player_choice":"Became a vampire","damage_taken":0,"max_hp_gain":0,"max_hp_loss":4,"event_name":"Vampires","floor":30,"gold_loss":0,"cards_obtained":["Bite"]},{"damage_healed":0,"gold_gain":50,"player_choice":"Pray","damage_taken":0,"max_hp_gain":0,"max_hp_loss":0,"event_name":"Golden Shrine","floor":31,"gold_loss":0},{"damage_healed":0,"gold_gain":50,"player_choice":"Pray","damage_taken":0,"max_hp_gain":0,"max_hp_loss":0,"event_name":"Golden Shrine","floor":38,"gold_loss":0}],"is_beta":false,"boss_relics":[{"not_picked":["HereWithMe","PatriotShield"],"picked":"ChiXiaoBlade"},{"not_picked":["aspiration:SecretTechniqueScroll","Replay:Bronze Core","EE1DDrone"]}],"items_purged_floors":[12,21,28,46],"is_endless":false,"potions_floor_spawned":[3,11,16,23,36,37,40],"ascension_level":20}}