{"host":"lq7kzi2nz43yw1nt","time":1609977397,"event":{"mods":["AchievementEnabler","Act Like it!","BaseMod","Better Third Choice","BetterRewards","Block Reminder","Conspire","Gensokyo","GifTheSpireLib","Hubris","Infinite Spire","Koishi","Marisa????????","Minty Spire (QoL Compilation)","Quick Restart","Rare Cards Sparkle","Relic Sorter","Remilia??????","Replay The Spire","Shop Mod","Spicy Shops","Spikes Relics","StSLib","SuperFastMode","The Servant 0.9.4","Trackpad"],"gold_per_floor":[113,128,128,128,128,128,128,158,233,5,5,22,22,22,22,121,121,141,141,141,2,2,33,33,44,115,365,375,375,375],"floor_reached":29,"playtime":539,"items_purged":[],"score":511,"play_id":"c0991418-6a06-4c0d-945f-4fdb1af7cb2f","local_time":"20210106185637","is_ascension_mode":true,"campfire_choices":[{"floor":6,"key":"REST"},{"floor":11,"key":"REST"},{"floor":13,"key":"REST"},{"data":"MysteriousBeam","floor":15,"key":"SMITH"},{"floor":24,"key":"REST"}],"circlet_count":0,"master_deck":["AscendersBane","Strike_MRS","Strike_MRS+1","Strike_MRS","Strike_MRS","Defend_MRS","Defend_MRS","Defend_MRS+1","Defend_MRS","MasterSpark+1","UpSweep","DC+1","WitchLeyline","infinitespire:Punishment+1","SuperNova+1","MysteriousBeam+1","OortCloud","UltimateShortwave","PulseMagic+1","CollectingQuirk","Infernal Blade+1","6A","SporeBomb"],"relics":["MiniHakkero","MerchantsRug","Gremlin Food","hubris:FruitBowl","Omamori","Meat on the Bone","MealTicket","CosmicIsotope","hubris:Towel","hubris:Icosahedron","Oddly Smooth Stone","infinitespire:Broken Mirror"],"acts_visited":["Exordium","Exordium"],"potions_floor_usage":[16],"damage_taken":[{"damage":0,"enemies":"Cultist","floor":1,"turns":2},{"damage":0,"enemies":"Small Slimes","floor":2,"turns":2},{"damage":18,"enemies":"Gremlin Nob","floor":8,"turns":3},{"damage":0,"enemies":"2 Louse","floor":12,"turns":1},{"damage":37,"enemies":"Hexaghost","floor":16,"turns":5},{"damage":0,"enemies":"Gensokyo:2_Gloops","floor":18,"turns":3},{"damage":39,"enemies":"Gensokyo:Koishi","floor":23,"turns":4},{"damage":14,"enemies":"Gensokyo:3_Dogs","floor":25,"turns":3},{"damage":32,"enemies":"Gensokyo:Slime_Group","floor":28,"turns":3},{"damage":38,"enemies":"Gensokyo:Wraith","floor":29,"turns":3}],"seed_played":"-3318636054780199975","potions_obtained":[{"floor":8,"key":"SkillPotion"},{"floor":18,"key":"Adrenaline Potion"}],"is_trial":false,"path_per_floor":["M","M","$","?","?","R","?","E","T","$","R","M","R","$","R","B",null,"M","?","?","$","?","E","R","M","T","?","M","M"],"character_chosen":"MARISA","items_purchased":["MerchantsRug","Lantern","Gremlin Food","DC","hubris:FruitBowl","MealTicket","OortCloud","CollectingQuirk"],"campfire_rested":4,"item_purchase_floors":[0,0,0,0,3,10,10,21],"current_hp_per_floor":[50,50,31,14,14,36,36,18,18,18,40,40,62,75,75,38,66,66,66,66,75,75,48,70,56,56,56,36,0,0],"gold":375,"neow_bonus":"","is_daily":false,"chose_seed":false,"campfire_upgraded":1,"win_rate":0.0,"timestamp":1609977397,"path_taken":["M","M","?","?","?","R","?","E","T","$","R","M","R","?","R","BOSS","M","?","?","?","?","E","R","?","T","?","M","M"],"items_purchased_type":["Relic","Relic","Relic","Card","Relic","Relic","Card","Card"],"build_version":"2020-12-22","purchased_purges":0,"victory":false,"max_hp_per_floor":[75,75,75,75,75,75,75,75,75,75,75,75,75,75,75,75,75,75,75,75,75,75,75,75,75,75,75,75,75,75],"card_choices":[{"not_picked":["Acceleration","GravityBeat"],"picked":"WitchLeyline","floor":1},{"not_picked":["WitchOfGreed","EventHorizon"],"picked":"DoubleSpark","floor":2},{"not_picked":["ReplayTheSpireMod:Haul","infinitespire:Gouge"],"picked":"infinitespire:Punishment","floor":4},{"not_picked":["DC","StarlightTyphoon"],"picked":"MysteriousBeam","floor":8},{"not_picked":["FairyDestructionRay","WitchLeyline","ShootingEcho"],"picked":"SKIP","floor":12},{"not_picked":["BinaryStars","FinalSpark"],"picked":"UltimateShortwave","floor":16},{"not_picked":["MachineGunSpark","DarkSpark"],"picked":"PulseMagic+1","floor":18},{"not_picked":["Acceleration","ShootingEcho"],"picked":"6A","floor":23},{"not_picked":["6A","DragonMeteor","DarkSpark"],"picked":"SKIP","floor":25},{"not_picked":["DarkMatter","WitchLeyline"],"picked":"SporeBomb","floor":28}],"player_experience":531978,"relics_obtained":[{"floor":8,"key":"Omamori"},{"floor":9,"key":"Meat on the Bone"},{"floor":23,"key":"Oddly Smooth Stone"},{"floor":26,"key":"infinitespire:Broken Mirror"}],"event_choices":[{"damage_healed":0,"gold_gain":0,"player_choice":"Grow","damage_taken":0,"max_hp_gain":0,"max_hp_loss":0,"event_name":"Living Wall","floor":7,"gold_loss":0,"cards_upgraded":["infinitespire:Punishment"]}],"is_beta":false,"boss_relics":[{"not_picked":["Abe\u0027s Treasure","Replay:Drink Me"],"picked":"CosmicIsotope"}],"items_purged_floors":[],"is_endless":false,"potions_floor_spawned":[8,18],"killed_by":"Gensokyo:Wraith","ascension_level":11}}