{"host":"dy418aaq5dl16weq","time":1609922283,"event":{"mods":["AchievementEnabler","BaseMod","Googly Eyes","Minty Spire (QoL Compilation)","StSLib"],"gold_per_floor":[115,115,132,144,69,69,98,98,125,149,149,180,32,32,32,127,127,146,163,163,197,112,112,141,153,211,258,88,99,117,140,140,243,243,253,272,290,165,165,165,176,176,176,176,176,195,195,195,195,195,195,195,45,75,75,75],"floor_reached":55,"playtime":4032,"items_purged":["Strike_P","Strike_P","Defend_P","Eruption+1"],"score":686,"play_id":"a85882fd-01e2-4d68-b0ac-f32bc7b216f7","local_time":"20210106003803","is_ascension_mode":false,"campfire_choices":[{"data":"Eruption","floor":6,"key":"SMITH"},{"floor":8,"key":"REST"},{"data":"WindmillStrike","floor":15,"key":"SMITH"},{"floor":23,"key":"REST"},{"floor":25,"key":"REST"},{"floor":32,"key":"REST"},{"floor":40,"key":"RECALL"},{"floor":42,"key":"REST"},{"data":"Devotion","floor":44,"key":"SMITH"},{"floor":49,"key":"REST"},{"data":"TalkToTheHand","floor":52,"key":"SMITH"}],"circlet_count":0,"master_deck":["Defend_P+1","Defend_P","Vigilance","ThirdEye+1","ReachHeaven+1","WindmillStrike+1","ConjureBlade","Devotion","Protect+1","Brilliance","TalkToTheHand+1","Wallop+1","Devotion+1"],"relics":["Velvet Choker","Whetstone","Vajra","Akabeko","Gambling Chip","Black Star","Potion Belt","MawBank","Oddly Smooth Stone","Prayer Wheel","Bottled Flame","Ancient Tea Set","VioletLotus","Darkstone Periapt","Bronze Scales","Bag of Marbles"],"acts_visited":["Exordium","TheCity","TheBeyond","TheEnding"],"potions_floor_usage":[21,30,30,33,37,50],"damage_taken":[{"damage":0,"enemies":"Cultist","floor":1,"turns":2},{"damage":0,"enemies":"2 Louse","floor":3,"turns":2},{"damage":0,"enemies":"Jaw Worm","floor":4,"turns":3},{"damage":13,"enemies":"Lagavulin","floor":7,"turns":4},{"damage":9,"enemies":"3 Sentries","floor":12,"turns":3},{"damage":27,"enemies":"The Guardian","floor":16,"turns":4},{"damage":0,"enemies":"Spheric Guardian","floor":18,"turns":2},{"damage":10,"enemies":"Chosen","floor":19,"turns":2},{"damage":0,"enemies":"Snecko","floor":21,"turns":2},{"damage":27,"enemies":"Book of Stabbing","floor":24,"turns":7},{"damage":41,"enemies":"Slavers","floor":27,"turns":4},{"damage":13,"enemies":"Cultist and Chosen","floor":29,"turns":4},{"damage":5,"enemies":"Snake Plant","floor":30,"turns":3},{"damage":19,"enemies":"Champ","floor":33,"turns":8},{"damage":11,"enemies":"3 Shapes","floor":35,"turns":4},{"damage":1,"enemies":"3 Darklings","floor":36,"turns":5},{"damage":13,"enemies":"Jaw Worm Horde","floor":37,"turns":6},{"damage":12,"enemies":"Writhing Mass","floor":41,"turns":5},{"damage":10,"enemies":"4 Shapes","floor":46,"turns":3},{"damage":35,"enemies":"Donu and Deca","floor":50,"turns":6},{"damage":63,"enemies":"Shield and Spear","floor":54,"turns":6},{"damage":48,"enemies":"The Heart","floor":55,"turns":2}],"seed_played":"4860546983120619790","potions_obtained":[{"floor":4,"key":"Dexterity Potion"},{"floor":18,"key":"ColorlessPotion"},{"floor":21,"key":"Fire Potion"},{"floor":27,"key":"DuplicationPotion"},{"floor":33,"key":"BlessingOfTheForge"},{"floor":41,"key":"Swift Potion"},{"floor":46,"key":"Energy Potion"}],"is_trial":false,"path_per_floor":["M","?","M","M","$","R","E","R","T","T","?","E","$","?","R","B",null,"M","M","?","M","?","R","E","R","T","E","$","M","M","T","R","B",null,"M","M","M","$","?","R","M","R","T","R","?","M","?","?","R","B",null,"R","$","E","B"],"character_chosen":"WATCHER","items_purchased":["ConjureBlade","TalkToTheHand"],"campfire_rested":6,"item_purchase_floors":[13,28],"current_hp_per_floor":[72,72,72,72,72,72,59,72,72,72,58,49,49,42,42,15,72,72,62,49,49,49,72,45,68,68,27,27,14,9,9,32,13,77,66,65,52,52,52,52,40,63,63,63,56,46,46,46,69,34,77,77,77,14,0,0],"gold":75,"neow_bonus":"BOSS_RELIC","is_daily":false,"chose_seed":false,"campfire_upgraded":4,"win_rate":0.0,"timestamp":1609922283,"path_taken":["M","?","M","?","$","R","E","R","T","?","?","E","?","?","R","BOSS","M","M","?","M","?","R","E","R","T","E","$","?","M","?","R","BOSS","M","?","M","?","?","R","M","R","T","R","?","?","?","?","R","BOSS","R","$","E","BOSS"],"items_purchased_type":["Card","Card"],"build_version":"2020-12-22","purchased_purges":4,"victory":false,"max_hp_per_floor":[72,72,72,72,72,72,72,72,72,72,72,72,72,72,72,72,72,72,72,77,77,77,77,77,77,77,77,77,77,77,77,77,77,77,77,77,77,77,77,77,77,77,77,77,77,77,77,77,77,77,77,77,77,77,77,77],"card_choices":[{"not_picked":["ForeignInfluence","Vengeance"],"picked":"ThirdEye","floor":1},{"not_picked":["Indignation","Consecrate","CutThroughFate"],"picked":"SKIP","floor":3},{"not_picked":["Crescendo","SignatureMove"],"picked":"ReachHeaven","floor":4},{"not_picked":["ClearTheMind","Sanctity","Swivel"],"picked":"SKIP","floor":7},{"not_picked":["FollowUp","EmptyBody"],"picked":"WindmillStrike","floor":12},{"not_picked":["LessonLearned","Brilliance"],"picked":"Devotion","floor":16},{"not_picked":["Consecrate","Prostrate"],"picked":"Protect+1","floor":18},{"not_picked":["BattleHymn","ClearTheMind","Consecrate"],"picked":"SKIP","floor":19},{"not_picked":["FlurryOfBlows","Study","Consecrate+1"],"picked":"SKIP","floor":21},{"not_picked":["Halt","CutThroughFate"],"picked":"Brilliance","floor":24},{"not_picked":["Pray","Adaptation","CutThroughFate"],"picked":"SKIP","floor":27},{"not_picked":["Collect","Study"],"picked":"Wallop+1","floor":29},{"not_picked":["WheelKick","Conclude","Evaluate"],"picked":"SKIP","floor":29},{"not_picked":["Adaptation","FlurryOfBlows","EmptyFist"],"picked":"SKIP","floor":30},{"not_picked":["SashWhip","CutThroughFate","JustLucky"],"picked":"SKIP","floor":30},{"not_picked":["Judgement","LessonLearned"],"picked":"Devotion","floor":33},{"not_picked":["BattleHymn","FlurryOfBlows","SashWhip+1"],"picked":"SKIP","floor":35},{"not_picked":["FlurryOfBlows+1","Fasting2","LikeWater"],"picked":"SKIP","floor":35},{"not_picked":["FearNoEvil+1","CutThroughFate+1","FollowUp"],"picked":"SKIP","floor":36},{"not_picked":["FlurryOfBlows+1","Scrawl","FollowUp"],"picked":"SKIP","floor":36},{"not_picked":["SashWhip","CutThroughFate","Evaluate+1"],"picked":"SKIP","floor":37},{"not_picked":["EmptyMind+1","FearNoEvil+1","Adaptation+1"],"picked":"SKIP","floor":37},{"not_picked":["ReachHeaven+1","WheelKick","Consecrate+1"],"picked":"SKIP","floor":41},{"not_picked":["Nirvana","Worship+1","FollowUp"],"picked":"SKIP","floor":41},{"not_picked":["ThirdEye+1","JustLucky","FlurryOfBlows"],"picked":"SKIP","floor":46},{"not_picked":["Conclude","Protect","Consecrate"],"picked":"SKIP","floor":46},{"not_picked":["FlurryOfBlows+1","DevaForm","WheelKick+1"],"picked":"SKIP","floor":54}],"player_experience":581452,"relics_obtained":[{"floor":7,"key":"Whetstone"},{"floor":9,"key":"Vajra"},{"floor":10,"key":"Akabeko"},{"floor":12,"key":"Gambling Chip"},{"floor":24,"key":"MawBank"},{"floor":24,"key":"Oddly Smooth Stone"},{"floor":27,"key":"Prayer Wheel"},{"floor":27,"key":"Bottled Flame"},{"floor":31,"key":"Ancient Tea Set"},{"floor":43,"key":"Darkstone Periapt"},{"floor":54,"key":"Bronze Scales"},{"floor":54,"key":"Bag of Marbles"}],"event_choices":[{"cards_removed":["Defend_P"],"damage_healed":0,"gold_gain":0,"player_choice":"Offered Basic","damage_taken":0,"max_hp_gain":0,"max_hp_loss":0,"event_name":"Bonfire Elementals","floor":2,"gold_loss":0},{"damage_healed":0,"gold_gain":0,"player_choice":"Entered Light","damage_taken":14,"max_hp_gain":0,"max_hp_loss":0,"event_name":"Shining Light","floor":11,"gold_loss":0,"cards_upgraded":["Defend_P","ThirdEye"]},{"cards_removed":["Strike_P"],"damage_healed":0,"gold_gain":0,"player_choice":"Card Removal","damage_taken":7,"max_hp_gain":0,"max_hp_loss":0,"event_name":"Golden Wing","floor":14,"gold_loss":0},{"damage_healed":0,"gold_gain":0,"player_choice":"Shed Blood","damage_taken":18,"max_hp_gain":5,"max_hp_loss":0,"event_name":"Forgotten Altar","floor":20,"gold_loss":0},{"damage_healed":0,"gold_gain":0,"player_choice":"Obtained Relic","damage_taken":0,"relics_obtained":["Potion Belt"],"max_hp_gain":0,"max_hp_loss":0,"event_name":"Addict","floor":22,"gold_loss":85},{"damage_healed":0,"gold_gain":0,"player_choice":"Ignored","damage_taken":0,"max_hp_gain":0,"max_hp_loss":0,"event_name":"Mysterious Sphere","floor":39,"gold_loss":0},{"damage_healed":0,"gold_gain":0,"player_choice":"Damaged","damage_taken":7,"max_hp_gain":0,"max_hp_loss":0,"event_name":"Wheel of Change","floor":45,"gold_loss":0},{"cards_removed":["Strike_P"],"damage_healed":0,"gold_gain":0,"player_choice":"Removed Attack","damage_taken":0,"max_hp_gain":0,"max_hp_loss":0,"event_name":"Falling","floor":47,"gold_loss":0},{"damage_healed":0,"gold_gain":0,"player_choice":"Ignored","damage_taken":0,"max_hp_gain":0,"max_hp_loss":0,"event_name":"SecretPortal","floor":48,"gold_loss":0}],"is_beta":false,"boss_relics":[{"not_picked":["Philosopher\u0027s Stone","Fusion Hammer"],"picked":"Black Star"},{"not_picked":["Astrolabe","Runic Pyramid"],"picked":"VioletLotus"}],"items_purged_floors":[5,28,38,53],"is_endless":false,"potions_floor_spawned":[4,18,21,27,33,41,46],"killed_by":"The Heart","ascension_level":0}}