{"host":"va54hb6vb0xjmjwj","time":1609961183,"event":{"mods":["BaseMod","Highlight Path","Minty Spire (QoL Compilation)","Replay The Spire","StSLib","The Bug Knight"],"gold_per_floor":[119,132,64,84,66,95,95,18,18,18,38,66,85,85,85,187,187,205,20,36,48,1,1,28,28,54,68,68,84,104,104,104],"floor_reached":31,"playtime":1935,"items_purged":[],"score":344,"play_id":"d7615a47-7f28-4ce1-a2d3-dc4ee44be34d","local_time":"20210106142623","is_ascension_mode":false,"campfire_choices":[{"data":"Ragnarok","floor":7,"key":"SMITH"},{"data":"Collect","floor":15,"key":"SMITH"},{"floor":23,"key":"REST"},{"floor":28,"key":"REST"}],"circlet_count":0,"master_deck":["Strike_P","Strike_P","Strike_P","Strike_P","Defend_P","Defend_P","Defend_P","Defend_P","Eruption+1","Vigilance+1","FlurryOfBlows","FlurryOfBlows","Ragnarok+1","Prostrate+1","Replay:AtTheReady","LessonLearned","Consecrate","ClearTheMind","Crescendo","Collect+1","Devotion+1","Replay:BluntJabs+1","Evaluate+1","Conclude","TalkToTheHand","CrushJoints","Replay:LoomingThreat+1","Replay:Battleflow+1","WaveOfTheHand+1","Judgement"],"relics":["PureWater","NeowsBlessing","Question Card","Garlic","Singing Bowl","Sundial","Honey Jar","Damaru","Replay:Rubber Ducky"],"acts_visited":["Exordium","TheCity"],"potions_floor_usage":[12,16,29,29],"damage_taken":[{"damage":0,"enemies":"Cultist","floor":1,"turns":1},{"damage":0,"enemies":"Small Slimes","floor":2,"turns":1},{"damage":0,"enemies":"Jaw Worm","floor":4,"turns":1},{"damage":1,"enemies":"Exordium Thugs","floor":5,"turns":5},{"damage":23,"enemies":"Replay:BlueRogue","floor":6,"turns":6},{"damage":7,"enemies":"Exordium Wildlife","floor":11,"turns":3},{"damage":0,"enemies":"HollowMod:MossKnight","floor":12,"turns":4},{"damage":0,"enemies":"Blue Slaver","floor":13,"turns":2},{"damage":0,"enemies":"Slime Boss","floor":16,"turns":3},{"damage":30,"enemies":"2 Thieves","floor":18,"turns":3},{"damage":0,"enemies":"Chosen","floor":20,"turns":3},{"damage":16,"enemies":"3 Cultists","floor":21,"turns":4},{"damage":21,"enemies":"Replay:Snechameleon","floor":24,"turns":6},{"damage":8,"enemies":"Snake Plant","floor":27,"turns":3},{"damage":19,"enemies":"Snecko","floor":29,"turns":3},{"damage":3,"enemies":"Centurion and Healer","floor":30,"turns":3},{"damage":21,"enemies":"Shelled Parasite and Fungi","floor":31,"turns":3}],"seed_played":"2976609562587516926","potions_obtained":[{"floor":2,"key":"SkillPotion"},{"floor":6,"key":"Ancient Potion"},{"floor":13,"key":"Fire Potion"},{"floor":16,"key":"Weak Potion"},{"floor":27,"key":"Strength Potion"},{"floor":29,"key":"BlessingOfTheForge"}],"is_trial":false,"path_per_floor":["M","M","$","M","M","E","R","$","T","T","M","E","M","?","R","B",null,"M","$","M","M","$","R","E","?","T","M","R","M","M","M"],"character_chosen":"WATCHER","items_purchased":["Ragnarok","Consecrate","ClearTheMind","Damaru","Evaluate+1","CrushJoints"],"campfire_rested":2,"item_purchase_floors":[3,8,8,19,19,22],"current_hp_per_floor":[72,72,72,72,71,48,48,48,48,48,41,41,41,46,46,46,72,42,42,42,26,26,47,26,26,26,18,39,20,17,0,0],"gold":104,"neow_bonus":"THREE_ENEMY_KILL","is_daily":false,"chose_seed":false,"campfire_upgraded":2,"win_rate":0.0,"timestamp":1609961183,"path_taken":["M","M","$","?","M","E","R","$","T","?","M","E","M","?","R","BOSS","M","$","M","M","?","R","E","?","T","M","R","?","M","M"],"items_purchased_type":["Card","Card","Card","Relic","Card","Card"],"build_version":"2020-12-22","purchased_purges":0,"victory":false,"max_hp_per_floor":[72,72,72,72,72,72,72,72,72,72,72,72,72,72,72,72,72,72,72,72,72,72,72,72,72,72,72,72,72,72,72,72],"card_choices":[{"not_picked":["ThirdEye","BowlingBash"],"picked":"FlurryOfBlows","floor":1},{"not_picked":["Replay:BluntJabs","Halt"],"picked":"FlurryOfBlows","floor":2},{"not_picked":["Fasting2","CrushJoints"],"picked":"Prostrate","floor":4},{"not_picked":["Replay:Vibes","ClearTheMind"],"picked":"Replay:AtTheReady","floor":5},{"not_picked":["ConjureBlade","Evaluate"],"picked":"LessonLearned","floor":6},{"not_picked":["WheelKick","Wireheading","ThirdEye"],"picked":"Crescendo","floor":11},{"not_picked":["JustLucky","EmptyBody","Replay:AllIn"],"picked":"Prostrate","floor":12},{"not_picked":["Replay:Vibes","Replay:Anticipation","Wallop"],"picked":"Collect","floor":13},{"not_picked":["Omniscience","Ragnarok","ConjureBlade"],"picked":"Devotion","floor":16},{"not_picked":["FlyingSleeves","Replay:AtTheReady","EmptyBody","ThirdEye"],"picked":"Replay:BluntJabs+1","floor":18},{"not_picked":["Weave","Replay:BluntJabs","CutThroughFate","FlyingSleeves"],"picked":"Conclude","floor":20},{"not_picked":["WheelKick","BowlingBash","Fasting2","SignatureMove"],"picked":"TalkToTheHand","floor":21},{"not_picked":["Consecrate","Replay:Battleflow+1","Weave","PathToVictory"],"picked":"Replay:LoomingThreat","floor":24},{"not_picked":["Protect","CutThroughFate","Crescendo","Replay:BluntJabs"],"picked":"Replay:Battleflow+1","floor":27},{"not_picked":["Replay:ManipulateFuture","BowlingBash+1","Replay:AtTheReady","FearNoEvil"],"picked":"WaveOfTheHand+1","floor":29},{"not_picked":["Replay:BluntJabs","EmptyBody","Crescendo","LikeWater"],"picked":"Judgement","floor":30}],"player_experience":210270,"relics_obtained":[{"floor":6,"key":"Question Card"},{"floor":9,"key":"Garlic"},{"floor":10,"key":"Singing Bowl"},{"floor":12,"key":"Sundial"},{"floor":24,"key":"Replay:Rubber Ducky"}],"event_choices":[{"cards_removed":["Prostrate"],"damage_healed":5,"gold_gain":0,"player_choice":"Offered Common","damage_taken":0,"max_hp_gain":0,"max_hp_loss":0,"event_name":"Bonfire Elementals","floor":14,"gold_loss":0},{"cards_removed":["Prostrate"],"damage_healed":5,"gold_gain":0,"player_choice":"Offered Special","damage_taken":0,"max_hp_gain":0,"max_hp_loss":0,"event_name":"Bonfire Elementals","floor":14,"gold_loss":0},{"damage_healed":0,"gold_gain":0,"player_choice":"Forge","damage_taken":0,"max_hp_gain":0,"max_hp_loss":0,"event_name":"Accursed Blacksmith","floor":25,"gold_loss":0,"cards_upgraded":["Replay:LoomingThreat"]}],"is_beta":false,"boss_relics":[{"not_picked":["Pandora\u0027s Box","SacredBark"],"picked":"Honey Jar"}],"items_purged_floors":[],"is_endless":false,"potions_floor_spawned":[2,6,13,16,27,29],"killed_by":"Shelled Parasite and Fungi","ascension_level":0}}