{"host":"ji1fk25fd1ga4ji1","time":1609937614,"event":{"mods":["2.2 Compatiblity","BaseMod","Colored Map","DeckTracker","Minty Spire (QoL Compilation)","Permanent Neow","Quick Restart","StSLib","SuperFastMode"],"gold_per_floor":[114,132,57,68,68,68,88,117,143,0,11,11,22,48,48,148,148,159,178,25,39,39,39,39],"floor_reached":23,"playtime":418,"items_purged":["Strike_R"],"score":239,"play_id":"4b87eacb-aa40-4b58-80b5-daf7ff0d8172","local_time":"20210106215334","is_ascension_mode":true,"campfire_choices":[{"data":"Demon Form","floor":6.0,"key":"SMITH"},{"data":"Heavy Blade","floor":12.0,"key":"SMITH"},{"data":"Spot Weakness","floor":15.0,"key":"SMITH"}],"circlet_count":0,"master_deck":["Strike_R","Strike_R","Strike_R","Strike_R","Defend_R","Defend_R","Defend_R","Bash","Demon Form+1","True Grit","Spot Weakness+1","Cleave","Heavy Blade+1","Limit Break+1","Offering"],"relics":["Burning Blood","Oddly Smooth Stone","Dream Catcher","Membership Card","Omamori","Calling Bell","Lantern","Shuriken","Calipers","Regal Pillow"],"acts_visited":["Exordium","TheCity"],"potions_floor_usage":[23,23],"damage_taken":[{"damage":7.0,"enemies":"Jaw Worm","floor":1.0,"turns":6.0},{"damage":0.0,"enemies":"Small Slimes","floor":2.0,"turns":5.0},{"damage":6.0,"enemies":"Cultist","floor":4.0,"turns":5.0},{"damage":8.0,"enemies":"2 Fungi Beasts","floor":7.0,"turns":3.0},{"damage":19.0,"enemies":"Lagavulin","floor":8.0,"turns":6.0},{"damage":6.0,"enemies":"3 Louse","floor":11.0,"turns":4.0},{"damage":0.0,"enemies":"Red Slaver","floor":13.0,"turns":4.0},{"damage":6.0,"enemies":"Gremlin Nob","floor":14.0,"turns":3.0},{"damage":43.0,"enemies":"Slime Boss","floor":16.0,"turns":9.0},{"damage":12.0,"enemies":"Chosen","floor":18.0,"turns":5.0},{"damage":37.0,"enemies":"3 Byrds","floor":19.0,"turns":6.0},{"damage":19.0,"enemies":"Shelled Parasite and Fungi","floor":21.0,"turns":4.0},{"damage":37,"enemies":"Slavers","floor":23,"turns":3}],"seed_played":"2884184167826407456","potions_obtained":[{"floor":1.0,"key":"AttackPotion"},{"floor":2.0,"key":"Dexterity Potion"},{"floor":7.0,"key":"Fire Potion"},{"floor":19.0,"key":"Swift Potion"},{"floor":21.0,"key":"BlessingOfTheForge"}],"is_trial":false,"path_per_floor":["M","M","$","M","?","R","M","E","T","$","M","R","M","E","R","B",null,"M","M","$","M","?","E"],"character_chosen":"IRONCLAD","items_purchased":["Membership Card","Regal Pillow","Offering"],"campfire_rested":0,"item_purchase_floors":[10,20,20],"current_hp_per_floor":[79,80,80,80,73,73,71,58,58,58,58,58,64,64,64,27,80,74,43,43,30,30,0,0],"gold":39,"neow_bonus":"ONE_RANDOM_RARE_CARD","is_daily":false,"chose_seed":false,"campfire_upgraded":3,"win_rate":0.0,"timestamp":1609937614,"path_taken":["M","M","$","M","?","R","M","E","T","$","M","R","M","E","R","BOSS","M","M","$","M","?","E"],"items_purchased_type":["Relic","Relic","Card"],"build_version":"2020-12-22","purchased_purges":1,"victory":false,"max_hp_per_floor":[80,80,80,80,80,80,80,80,80,80,80,80,80,80,80,80,80,80,80,80,80,80,80,80],"card_choices":[{"not_picked":["Flame Barrier","Dual Wield"],"picked":"True Grit","floor":1.0},{"not_picked":["Perfected Strike","Armaments"],"picked":"Spot Weakness","floor":2.0},{"not_picked":["Pommel Strike","Havoc"],"picked":"Cleave","floor":4.0},{"not_picked":["Wild Strike","Headbutt","Flex"],"picked":"SKIP","floor":7.0},{"not_picked":["Body Slam","Feel No Pain","Wild Strike"],"picked":"SKIP","floor":8.0},{"not_picked":["Twin Strike","Wild Strike"],"picked":"Heavy Blade","floor":11.0},{"not_picked":["Brutality","Dropkick","Wild Strike"],"picked":"SKIP","floor":13.0},{"not_picked":["Body Slam","Fire Breathing","Rampage"],"picked":"SKIP","floor":14.0},{"not_picked":["Juggernaut","Feed"],"picked":"Limit Break","floor":16.0},{"not_picked":["Warcry","Cleave+1","Headbutt+1"],"picked":"SKIP","floor":18.0},{"not_picked":["Warcry","Combust","Wild Strike"],"picked":"SKIP","floor":19.0},{"not_picked":["Power Through","Dual Wield","Flex"],"picked":"SKIP","floor":21.0}],"player_experience":802610,"relics_obtained":[{"floor":8.0,"key":"Oddly Smooth Stone"},{"floor":9.0,"key":"Dream Catcher"},{"floor":14.0,"key":"Omamori"},{"floor":17.0,"key":"Lantern"},{"floor":17.0,"key":"Shuriken"},{"floor":17.0,"key":"Calipers"}],"event_choices":[{"cards_removed":["Defend_R"],"damage_healed":0.0,"max_hp_gain":0.0,"max_hp_loss":0.0,"gold_gain":0.0,"event_name":"Golden Wing","player_choice":"Card Removal","floor":5.0,"gold_loss":0.0,"damage_taken":7.0},{"damage_healed":0.0,"max_hp_gain":0.0,"max_hp_loss":0.0,"gold_gain":0.0,"event_name":"Accursed Blacksmith","player_choice":"Forge","floor":22.0,"gold_loss":0.0,"damage_taken":0.0,"cards_upgraded":["Limit Break"]}],"is_beta":false,"boss_relics":[{"not_picked":["Snecko Eye","Tiny House"],"picked":"Calling Bell"}],"items_purged_floors":[3],"is_endless":false,"potions_floor_spawned":[1,2,7,19,21],"killed_by":"Slavers","ascension_level":1}}