{"host":"uv231blk40vjdojr","time":1609935676,"event":{"mods":["BaseMod","Minty Spire (QoL Compilation)","Relic Stats"],"gold_per_floor":[117,134,134,134,209,239,239,289,289,305,323,340,36,46,46,117,117,135,60,71,85,10,10,41,41,41,74,74,74,74,74,74,148,148,166,191,31,31,43,72,87,99,151,151,151,151,179,190,190,190,190],"floor_reached":52,"playtime":2977,"items_purged":["Reckless Charge"],"score":1996,"play_id":"c3c788e8-e62f-4efe-aa85-5f29afb5b825","local_time":"20210106132116","is_ascension_mode":true,"campfire_choices":[{"data":"Bash","floor":7.0,"key":"SMITH"},{"data":"Armaments","floor":15.0,"key":"SMITH"},{"data":"Flame Barrier","floor":23.0,"key":"SMITH"},{"data":"Metallicize","floor":29.0,"key":"SMITH"},{"data":"Pommel Strike","floor":32.0,"key":"SMITH"},{"floor":44.0,"key":"REST"},{"data":"Juggernaut","floor":46.0,"key":"SMITH"},{"floor":49.0,"key":"REST"}],"circlet_count":0,"master_deck":["AscendersBane","Strike_R","Strike_R","Strike_R","Strike_R","Defend_R+1","Defend_R+1","Defend_R","Defend_R","Bash+1","Pommel Strike+1","Immolate+1","Sever Soul","Armaments+1","Metallicize+1","Feed","Flame Barrier+1","Demon Form+1","Offering","Sword Boomerang+1","Whirlwind+1","Juggernaut+1"],"relics":["Burning Blood","NeowsBlessing","Pocketwatch","War Paint","Self Forming Clay","StrikeDummy","Snecko Eye","Molten Egg 2","Gremlin Horn","Nloth\u0027s Gift","Mark of Pain","Girya","Medical Kit","Pantograph","Orichalcum","InkBottle"],"acts_visited":["Exordium","TheCity","TheBeyond"],"potions_floor_usage":[],"damage_taken":[{"damage":0.0,"enemies":"Cultist","floor":1.0,"turns":1.0},{"damage":0.0,"enemies":"Small Slimes","floor":2.0,"turns":1.0},{"damage":0.0,"enemies":"3 Sentries","floor":6.0,"turns":2.0},{"damage":0.0,"enemies":"2 Louse","floor":10.0,"turns":1.0},{"damage":0.0,"enemies":"2 Fungi Beasts","floor":11.0,"turns":2.0},{"damage":0.0,"enemies":"Lots of Slimes","floor":12.0,"turns":1.0},{"damage":0.0,"enemies":"Large Slime","floor":14.0,"turns":3.0},{"damage":26.0,"enemies":"Hexaghost","floor":16.0,"turns":8.0},{"damage":9.0,"enemies":"2 Thieves","floor":18.0,"turns":3.0},{"damage":0.0,"enemies":"Chosen","floor":20.0,"turns":2.0},{"damage":4.0,"enemies":"Shelled Parasite and Fungi","floor":21.0,"turns":5.0},{"damage":10.0,"enemies":"Slavers","floor":24.0,"turns":4.0},{"damage":9.0,"enemies":"Gremlin Leader","floor":27.0,"turns":5.0},{"damage":44.0,"enemies":"Champ","floor":33.0,"turns":9.0},{"damage":1.0,"enemies":"3 Shapes","floor":35.0,"turns":4.0},{"damage":3.0,"enemies":"Mind Bloom Boss Battle","floor":36.0,"turns":6.0},{"damage":6.0,"enemies":"Orb Walker","floor":39.0,"turns":2.0},{"damage":29.0,"enemies":"Nemesis","floor":40.0,"turns":5.0},{"damage":24.0,"enemies":"Maw","floor":41.0,"turns":6.0},{"damage":9.0,"enemies":"4 Shapes","floor":42.0,"turns":4.0},{"damage":40.0,"enemies":"Reptomancer","floor":47.0,"turns":4.0},{"damage":13.0,"enemies":"Jaw Worm Horde","floor":48.0,"turns":2.0},{"damage":60.0,"enemies":"Donu and Deca","floor":50.0,"turns":6.0},{"damage":76,"enemies":"Time Eater","floor":51,"turns":8}],"seed_played":"-1171290678743171263","potions_obtained":[{"floor":1.0,"key":"EssenceOfSteel"},{"floor":10.0,"key":"SneckoOil"},{"floor":14.0,"key":"HeartOfIron"},{"floor":16.0,"key":"Fire Potion"},{"floor":21.0,"key":"SkillPotion"},{"floor":27.0,"key":"SteroidPotion"},{"floor":33.0,"key":"ColorlessPotion"},{"floor":36.0,"key":"Block Potion"}],"is_trial":false,"path_per_floor":["M","M","?","?","?","E","R","?","T","M","M","M","$","M","R","B",null,"M","$","M","M","?","R","E","$","T","E","?","R","?","?","R","B",null,"M","?","$","?","M","E","M","M","T","R","?","R","E","M","R","B","B",null],"character_chosen":"IRONCLAD","items_purchased":["StrikeDummy","Metallicize","Medical Kit"],"campfire_rested":2,"item_purchase_floors":[13,13,37],"current_hp_per_floor":[74,75,70,70,59,65,65,65,65,71,75,75,75,75,75,55,70,71,71,77,83,83,83,83,83,83,83,83,83,83,83,83,49,83,91,98,98,98,98,79,64,65,65,98,98,98,64,57,88,52,7],"gold":190,"neow_bonus":"THREE_ENEMY_KILL","is_daily":false,"chose_seed":false,"campfire_upgraded":6,"win_rate":0.0,"timestamp":1609935676,"path_taken":["M","M","?","?","?","E","R","?","T","?","M","M","$","M","R","BOSS","M","$","M","M","?","R","E","$","T","E","?","R","?","?","R","BOSS","M","?","$","?","M","E","?","M","T","R","?","R","E","M","R","BOSS","BOSS"],"items_purchased_type":["Relic","Card","Relic"],"build_version":"2020-12-22","purchased_purges":1,"victory":true,"max_hp_per_floor":[75,75,75,75,75,75,75,75,75,75,75,75,75,75,75,75,75,79,79,79,83,83,83,87,87,87,90,90,90,90,90,90,94,94,97,101,101,101,101,105,108,112,112,112,106,106,106,106,106,106,106],"relic_stats":{"Gremlin Horn":[11,12],"counters":[24,94],"Self Forming Clay":[129],"War Paint":["Defend_R","Defend_R"],"Orichalcum":[0],"Medical Kit":[17],"Burning Blood":125,"Pantograph":43,"Snecko Eye":[146,150,145,154],"Nloth\u0027s Gift":0,"obtain_stats":[{"Girya":36,"NeowsBlessing":0,"Gremlin Horn":27,"Self Forming Clay":9,"Juzu Bracelet":24,"War Paint":6,"Orichalcum":43,"Medical Kit":37,"Burning Blood":0,"Pantograph":40,"Snecko Eye":17,"Molten Egg 2":26,"Mark of Pain":34,"Nloth\u0027s Gift":31,"StrikeDummy":13,"InkBottle":47,"Pocketwatch":3},{"Girya":16,"NeowsBlessing":0,"Gremlin Horn":13,"Self Forming Clay":3,"Juzu Bracelet":12,"War Paint":3,"Orichalcum":20,"Medical Kit":16,"Burning Blood":0,"Pantograph":18,"Snecko Eye":8,"Molten Egg 2":12,"Mark of Pain":14,"Nloth\u0027s Gift":13,"StrikeDummy":6,"InkBottle":21,"Pocketwatch":2},{"Girya":57,"NeowsBlessing":0,"Gremlin Horn":38,"Self Forming Clay":4,"Juzu Bracelet":33,"War Paint":4,"Orichalcum":74,"Medical Kit":57,"Burning Blood":0,"Pantograph":64,"Snecko Eye":19,"Molten Egg 2":33,"Mark of Pain":47,"Nloth\u0027s Gift":38,"StrikeDummy":8,"InkBottle":78,"Pocketwatch":2}],"InkBottle":[7],"Pocketwatch":[122]},"card_choices":[{"not_picked":["Perfected Strike","Heavy Blade"],"picked":"Reckless Charge","floor":1.0},{"not_picked":["True Grit","Havoc"],"picked":"Pommel Strike","floor":2.0},{"not_picked":["Second Wind","Dual Wield"],"picked":"Immolate","floor":6.0},{"not_picked":["Sword Boomerang","Havoc"],"picked":"Sever Soul","floor":10.0},{"not_picked":["Power Through","True Grit","Warcry"],"picked":"SKIP","floor":11.0},{"not_picked":["True Grit","Sword Boomerang"],"picked":"Armaments","floor":12.0},{"not_picked":["Rage","Heavy Blade","Seeing Red"],"picked":"SKIP","floor":14.0},{"not_picked":["Impervious","Exhume"],"picked":"Feed","floor":16.0},{"not_picked":["Iron Wave+1","Pommel Strike","Dropkick"],"picked":"SKIP","floor":18.0},{"not_picked":["Fire Breathing","Flex"],"picked":"Flame Barrier","floor":20.0},{"not_picked":["Sword Boomerang","Body Slam+1","Havoc"],"picked":"SKIP","floor":21.0},{"not_picked":["Thunderclap","Dual Wield"],"picked":"Demon Form","floor":24.0},{"not_picked":["Seeing Red","Ghostly Armor","Rupture"],"picked":"SKIP","floor":27.0},{"not_picked":["Brutality","Immolate+1"],"picked":"Offering","floor":33.0},{"not_picked":["Havoc","Twin Strike+1"],"picked":"Sword Boomerang+1","floor":35.0},{"not_picked":["Body Slam+1","Flex","Clash+1"],"picked":"SKIP","floor":39.0},{"not_picked":["Rampage+1","Warcry"],"picked":"Whirlwind+1","floor":40.0},{"not_picked":["Rampage+1","Bloodletting"],"picked":"Juggernaut","floor":41.0},{"not_picked":["Combust","Searing Blow+1","Pommel Strike+1"],"picked":"SKIP","floor":42.0},{"not_picked":["Body Slam+1","Shrug It Off+1","Carnage+1"],"picked":"SKIP","floor":47.0},{"not_picked":["Armaments","Iron Wave+1","Anger+1"],"picked":"SKIP","floor":48.0}],"player_experience":583379,"relics_obtained":[{"floor":6.0,"key":"War Paint"},{"floor":9.0,"key":"Self Forming Clay"},{"floor":24.0,"key":"Juzu Bracelet"},{"floor":26.0,"key":"Molten Egg 2"},{"floor":27.0,"key":"Gremlin Horn"},{"floor":36.0,"key":"Girya"},{"floor":40.0,"key":"Pantograph"},{"floor":43.0,"key":"Orichalcum"},{"floor":47.0,"key":"InkBottle"}],"event_choices":[{"damage_healed":0.0,"max_hp_gain":0.0,"max_hp_loss":0.0,"gold_gain":0.0,"event_name":"Scrap Ooze","player_choice":"Success","floor":3.0,"gold_loss":0.0,"damage_taken":5.0,"relics_obtained":["Pocketwatch"]},{"damage_healed":0.0,"max_hp_gain":0.0,"max_hp_loss":0.0,"gold_gain":0.0,"event_name":"Liars Game","player_choice":"Ignored","floor":4.0,"gold_loss":0.0,"damage_taken":0.0},{"damage_healed":0.0,"max_hp_gain":0.0,"max_hp_loss":0.0,"gold_gain":75.0,"event_name":"World of Goop","player_choice":"Gather Gold","floor":5.0,"gold_loss":0.0,"damage_taken":11.0},{"damage_healed":0.0,"max_hp_gain":0.0,"max_hp_loss":0.0,"gold_gain":50.0,"event_name":"Golden Shrine","player_choice":"Pray","floor":8.0,"gold_loss":0.0,"damage_taken":0.0},{"cards_removed":["Strike_R"],"damage_healed":0.0,"max_hp_gain":0.0,"max_hp_loss":0.0,"gold_gain":0.0,"event_name":"Beggar","player_choice":"Gave Gold","floor":22.0,"gold_loss":75.0,"damage_taken":0.0},{"damage_healed":0.0,"max_hp_gain":0.0,"max_hp_loss":0.0,"gold_gain":0.0,"event_name":"Upgrade Shrine","player_choice":"Upgraded","floor":28.0,"gold_loss":0.0,"damage_taken":0.0,"cards_upgraded":["Demon Form"]},{"damage_healed":0.0,"max_hp_gain":0.0,"max_hp_loss":0.0,"gold_gain":0.0,"event_name":"N\u0027loth","player_choice":"Traded Relic","floor":31.0,"relics_lost":["Juzu Bracelet"],"gold_loss":0.0,"damage_taken":0.0,"relics_obtained":["Nloth\u0027s Gift"]},{"damage_healed":0.0,"max_hp_gain":0.0,"max_hp_loss":0.0,"gold_gain":0.0,"event_name":"MindBloom","player_choice":"Fight","floor":36.0,"gold_loss":0.0,"damage_taken":0.0},{"damage_healed":0.0,"max_hp_gain":0.0,"max_hp_loss":0.0,"gold_gain":0.0,"event_name":"Accursed Blacksmith","player_choice":"Forge","floor":38.0,"gold_loss":0.0,"damage_taken":0.0,"cards_upgraded":["Immolate"]},{"damage_healed":0.0,"max_hp_gain":0.0,"max_hp_loss":6.0,"gold_gain":0.0,"event_name":"Winding Halls","player_choice":"Max HP","floor":45.0,"gold_loss":0.0,"damage_taken":0.0}],"is_beta":false,"boss_relics":[{"not_picked":["Runic Pyramid","Runic Cube"],"picked":"Snecko Eye"},{"not_picked":["Calling Bell","Black Blood"],"picked":"Mark of Pain"}],"items_purged_floors":[19],"is_endless":false,"potions_floor_spawned":[1,10,14,16,21,27,33,35,36,40],"ascension_level":20}}