{"host":"873t0y8ybyo38pfq","time":1609958951,"event":{"mods":["BaseMod","Bestiary","Colored Map","Colored Powertips","Highlight Path","Minty Spire (QoL Compilation)","Quick Restart","RNG Fix","Rare Cards Sparkle","Relic Stats","StSLib"],"gold_per_floor":[116,116,132,282,282,282,282,282,309,309,343,361,374,374,374,374,374],"floor_reached":16,"playtime":305,"items_purged":[],"score":196,"play_id":"6c67218a-3256-43ae-9c2d-7b74f5b108f5","local_time":"20210106134911","is_ascension_mode":true,"campfire_choices":[{"data":"Sweeping Beam","floor":6,"key":"SMITH"},{"data":"Dualcast","floor":8,"key":"SMITH"},{"floor":10,"key":"REST"},{"data":"Compile Driver","floor":15,"key":"SMITH"}],"circlet_count":0,"master_deck":["AscendersBane","Strike_B","Strike_B","Strike_B","Defend_B","Defend_B","Defend_B","Defend_B","Zap+1","Dualcast+1","Sweeping Beam+1","Undo","Doubt","Cold Snap","Reinforced Body+1","Compile Driver+1","Self Repair"],"relics":["Cracked Core","Centennial Puzzle","Dream Catcher","Toxic Egg 2"],"acts_visited":["Exordium"],"potions_floor_usage":[11],"damage_taken":[{"damage":16,"enemies":"Small Slimes","floor":1,"turns":3},{"damage":1,"enemies":"2 Louse","floor":3,"turns":2},{"damage":9,"enemies":"Gremlin Nob","floor":11,"turns":3},{"damage":1,"enemies":"Cultist","floor":12,"turns":3},{"damage":10,"enemies":"Exordium Wildlife","floor":13,"turns":3},{"damage":58,"enemies":"Slime Boss","floor":16,"turns":10}],"seed_played":"-4868377068825842777","potions_obtained":[{"floor":1,"key":"Swift Potion"}],"is_trial":false,"path_per_floor":["M","?","M","?","?","R","?","R","T","R","E","M","M","?","R","B"],"character_chosen":"DEFECT","items_purchased":[],"campfire_rested":1,"item_purchase_floors":[],"current_hp_per_floor":[55,48,47,47,29,29,29,29,29,52,43,42,32,58,58,0,0],"gold":374,"neow_bonus":"TEN_PERCENT_HP_BONUS","is_daily":false,"chose_seed":false,"campfire_upgraded":3,"win_rate":0.0,"timestamp":1609958951,"path_taken":["M","?","?","?","?","R","?","R","T","R","E","M","M","?","R","BOSS"],"items_purchased_type":[],"build_version":"2020-12-22","purchased_purges":0,"victory":false,"max_hp_per_floor":[78,78,78,78,78,78,78,78,78,78,78,78,78,78,78,78,78],"relic_stats":{"Centennial Puzzle":[12],"Dream Catcher":1,"counters":[6,24],"obtain_stats":[{"Centennial Puzzle":5,"Dream Catcher":9,"Toxic Egg 2":11,"Cracked Core":0},{"Centennial Puzzle":2,"Dream Catcher":2,"Toxic Egg 2":3,"Cracked Core":0},{"Centennial Puzzle":5,"Dream Catcher":5,"Toxic Egg 2":8,"Cracked Core":0}]},"card_choices":[{"not_picked":["Beam Cell","Gash"],"picked":"Sweeping Beam","floor":1},{"not_picked":["Chaos","Blizzard"],"picked":"Undo","floor":3},{"not_picked":["White Noise","Coolheaded"],"picked":"Cold Snap","floor":10},{"not_picked":["Force Field+1","Static Discharge"],"picked":"Reinforced Body+1","floor":11},{"not_picked":["Streamline","Go for the Eyes"],"picked":"Compile Driver","floor":12},{"not_picked":["Barrage","Static Discharge"],"picked":"Self Repair","floor":13}],"player_experience":1528670,"relics_obtained":[{"floor":9,"key":"Dream Catcher"},{"floor":11,"key":"Toxic Egg 2"}],"event_choices":[{"cards_removed":["Strike_B"],"damage_healed":0,"gold_gain":0,"player_choice":"Card Removal","damage_taken":7,"max_hp_gain":0,"max_hp_loss":0,"event_name":"Golden Wing","floor":2,"gold_loss":0},{"damage_healed":0,"gold_gain":150,"player_choice":"AGREE","damage_taken":0,"max_hp_gain":0,"max_hp_loss":0,"event_name":"Liars Game","floor":4,"gold_loss":0,"cards_obtained":["Doubt"]},{"damage_healed":0,"gold_gain":0,"player_choice":"Success","damage_taken":18,"relics_obtained":["Centennial Puzzle"],"max_hp_gain":0,"max_hp_loss":0,"event_name":"Scrap Ooze","floor":5,"gold_loss":0},{"damage_healed":0,"gold_gain":0,"player_choice":"Upgraded","damage_taken":0,"max_hp_gain":0,"max_hp_loss":0,"event_name":"Upgrade Shrine","floor":7,"gold_loss":0,"cards_upgraded":["Zap"]},{"damage_healed":26,"gold_gain":0,"player_choice":"Banana","damage_taken":0,"max_hp_gain":0,"max_hp_loss":0,"event_name":"Big Fish","floor":14,"gold_loss":0}],"is_beta":false,"boss_relics":[],"items_purged_floors":[],"is_endless":false,"potions_floor_spawned":[1],"killed_by":"Slime Boss","ascension_level":20}}