{"host":"7yuv8uj1t8ip67ez","time":1609899173,"event":{"mods":["100% Spire Juice","BaseMod","Best Route Mod","Bestiary","Block Reminder","Colored Map","Colored Powertips","Curses Come First","DeckTracker","Highlight Path","Keyboard Shortcuts","Minty Spire (QoL Compilation)","Potion Indicator Mod","Quick Restart","Random Character Button","Relic Sorter","StSLib"],"gold_per_floor":[113,125,136,30,49,49,77,77,101,101,113,133,151,151,151,253,253,33,33,44,61,18,18,52,69,124,124,136,167,178,204,204,308,308,322,322,333,333,344,377,377,389,436,486,504,504,523,558,558,558],"floor_reached":51,"playtime":3915,"items_purged":[],"score":875,"play_id":"508d257f-4154-425a-b1e5-132d7d249985","local_time":"20210105181252","is_ascension_mode":false,"campfire_choices":[{"floor":6.0,"key":"REST"},{"floor":10.0,"key":"REST"},{"floor":15.0,"key":"REST"},{"floor":23.0,"key":"REST"},{"floor":27.0,"key":"REST"},{"floor":32.0,"key":"REST"},{"floor":41.0,"key":"REST"},{"floor":46.0,"key":"REST"},{"floor":49.0,"key":"REST"}],"circlet_count":0,"master_deck":["Moonworks:Strike","Moonworks:Strike","Moonworks:Strike","Moonworks:Strike","Moonworks:Defend","Moonworks:Defend","Moonworks:Defend","Moonworks:Defend","Moonworks:Ambush","Moonworks:LongDistanceShot","Moonworks:JonathanRush","Moonworks:CloudOfSeagulls","Moonworks:NicePresent","Moonworks:SakisCookie","Moonworks:RagingMadness","Moonworks:JonathanRush","Moonworks:ExtendedPhotonRifle","Moonworks:EvilSpyWorkPreparation","Moonworks:Wanted","Moonworks:CloudOfSeagulls","Moonworks:CloudOfSeagulls","Moonworks:JonathanRush+1","Moonworks:EvilSpyWorkPreparation+1","Moonworks:CloudOfSeagulls","Moonworks:OutOfAmmo","Moonworks:ExtendedPhotonRifle+1","Moonworks:x16BigRocket","Moonworks:JonathanRush","Moonworks:AwakeningOfTalent+1"],"relics":["Moonworks:BrokenBomb","Moonworks:Homemark","Gremlin Horn","FaceOfCleric","Boot","Oddly Smooth Stone","Fusion Hammer","MutagenicStrength","HornCleat","Omamori","Tiny Chest","Nunchaku","Thread and Needle","Busted Crown","Kunai","PreservedInsect","Incense Burner","Unceasing Top"],"acts_visited":["Exordium","TheCity","TheBeyond"],"potions_floor_usage":[50,50],"damage_taken":[{"damage":5.0,"enemies":"2 Louse","floor":1.0,"turns":3.0},{"damage":1.0,"enemies":"Cultist","floor":2.0,"turns":3.0},{"damage":17.0,"enemies":"Small Slimes","floor":3.0,"turns":4.0},{"damage":6.0,"enemies":"Exordium Wildlife","floor":4.0,"turns":5.0},{"damage":13.0,"enemies":"Red Slaver","floor":5.0,"turns":4.0},{"damage":24.0,"enemies":"3 Sentries","floor":7.0,"turns":8.0},{"damage":4.0,"enemies":"Looter","floor":11.0,"turns":2.0},{"damage":12.0,"enemies":"Exordium Wildlife","floor":12.0,"turns":3.0},{"damage":13.0,"enemies":"Blue Slaver","floor":13.0,"turns":3.0},{"damage":37.0,"enemies":"Hexaghost","floor":16.0,"turns":7.0},{"damage":20.0,"enemies":"Spheric Guardian","floor":18.0,"turns":4.0},{"damage":0.0,"enemies":"Shell Parasite","floor":20.0,"turns":2.0},{"damage":9.0,"enemies":"Cultist and Chosen","floor":21.0,"turns":4.0},{"damage":32.0,"enemies":"Slavers","floor":24.0,"turns":3.0},{"damage":1.0,"enemies":"Snake Plant","floor":25.0,"turns":3.0},{"damage":1.0,"enemies":"Centurion and Healer","floor":28.0,"turns":4.0},{"damage":29.0,"enemies":"Gremlin Leader","floor":29.0,"turns":5.0},{"damage":10.0,"enemies":"3 Cultists","floor":30.0,"turns":4.0},{"damage":29.0,"enemies":"Book of Stabbing","floor":31.0,"turns":4.0},{"damage":45.0,"enemies":"Collector","floor":33.0,"turns":6.0},{"damage":7.0,"enemies":"3 Darklings","floor":35.0,"turns":4.0},{"damage":0.0,"enemies":"Orb Walker","floor":37.0,"turns":3.0},{"damage":22.0,"enemies":"Maw","floor":39.0,"turns":6.0},{"damage":0.0,"enemies":"Nemesis","floor":40.0,"turns":5.0},{"damage":0.0,"enemies":"3 Darklings","floor":42.0,"turns":4.0},{"damage":20.0,"enemies":"Mind Bloom Boss Battle","floor":44.0,"turns":7.0},{"damage":11.0,"enemies":"Transient","floor":45.0,"turns":5.0},{"damage":6.0,"enemies":"Sphere and 2 Shapes","floor":47.0,"turns":4.0},{"damage":2.0,"enemies":"Reptomancer","floor":48.0,"turns":3.0},{"damage":86,"enemies":"Time Eater","floor":50,"turns":8}],"seed_played":"4801590324949679836","potions_obtained":[{"floor":3.0,"key":"Ancient Potion"},{"floor":11.0,"key":"SneckoOil"},{"floor":12.0,"key":"GamblersBrew"},{"floor":13.0,"key":"Moonworks:OneHundredPercentOrangeJuicePotion"},{"floor":16.0,"key":"BlessingOfTheForge"}],"is_trial":false,"path_per_floor":["M","M","M","M","M","R","E","?","T","R","M","M","M","?","R","B",null,"M","?","M","M","T","R","E","M","T","R","M","E","M","E","R","B",null,"M","?","M","$","M","E","R","M","T","?","M","R","M","E","R","B",null],"character_chosen":"THE_STARBREAKER","items_purchased":[],"campfire_rested":9,"item_purchase_floors":[],"current_hp_per_floor":[61,60,43,37,26,45,23,23,23,42,41,32,22,19,39,5,70,51,51,52,48,48,69,42,46,46,68,72,48,43,19,42,2,80,78,78,79,79,62,67,84,85,85,66,60,86,81,84,89,4],"gold":558,"neow_bonus":"TEN_PERCENT_HP_BONUS","is_daily":false,"chose_seed":false,"campfire_upgraded":0,"win_rate":0.0,"timestamp":1609899172,"path_taken":["M","M","M","M","M","R","E","?","T","R","M","?","M","?","R","BOSS","M","?","M","M","?","R","E","M","T","R","?","E","M","E","R","BOSS","M","?","M","$","M","E","R","M","T","?","M","R","M","E","R","BOSS"],"items_purchased_type":[],"build_version":"2020-12-22","purchased_purges":0,"victory":true,"max_hp_per_floor":[66,66,66,66,66,66,66,66,66,66,67,68,69,69,69,70,70,71,71,72,73,73,73,74,75,75,75,76,77,78,79,79,80,80,81,81,82,82,83,84,84,85,85,86,87,87,88,89,89,90],"card_choices":[{"not_picked":["Moonworks:LulusLuckyEgg","Moonworks:DeployBits"],"picked":"Moonworks:JonathanRush","floor":1.0},{"not_picked":["Moonworks:IndiscriminateFireSupport","Moonworks:DeployBits"],"picked":"Moonworks:CloudOfSeagulls","floor":2.0},{"not_picked":["Moonworks:MixPhenomenon","Moonworks:LulusLuckyEgg"],"picked":"Moonworks:NicePresent","floor":3.0},{"not_picked":["Moonworks:WindyEnchantment","Moonworks:TacticalRetreat"],"picked":"Moonworks:SakisCookie","floor":4.0},{"not_picked":["Moonworks:Dash","Moonworks:SealedMemories"],"picked":"Moonworks:RagingMadness","floor":5.0},{"not_picked":["Moonworks:WindyEnchantment","Moonworks:NicePresent","Moonworks:BigMagnum"],"picked":"SKIP","floor":7.0},{"not_picked":["Moonworks:IndiscriminateFireSupport","Moonworks:LulusLuckyEgg"],"picked":"Moonworks:JonathanRush","floor":11.0},{"not_picked":["Moonworks:AccelHyper","Moonworks:IndiscriminateFireSupport"],"picked":"Moonworks:ExtendedPhotonRifle","floor":12.0},{"not_picked":["Moonworks:DeployBits","Moonworks:JonathanRush"],"picked":"Moonworks:EvilSpyWorkPreparation","floor":13.0},{"not_picked":["Moonworks:Accelerator","Moonworks:SinkOrSwim"],"picked":"Moonworks:Wanted","floor":16.0},{"not_picked":["Moonworks:TacticalRetreat","Moonworks:Assault"],"picked":"Moonworks:CloudOfSeagulls","floor":18.0},{"not_picked":["Moonworks:Flamethrower","Moonworks:UnpaidWork","Moonworks:WindyEnchantment"],"picked":"SKIP","floor":20.0},{"not_picked":["Moonworks:Assault","Moonworks:FullSpeedAlicianrone"],"picked":"Moonworks:CloudOfSeagulls","floor":21.0},{"not_picked":["Moonworks:BigBangBell","Moonworks:DeployBits"],"picked":"Moonworks:JonathanRush+1","floor":24.0},{"not_picked":["Moonworks:Assault","Moonworks:NicePresent"],"picked":"Moonworks:EvilSpyWorkPreparation+1","floor":25.0},{"not_picked":["Moonworks:MixPhenomenon+1","Moonworks:AngelHand"],"picked":"Moonworks:CloudOfSeagulls","floor":28.0},{"not_picked":["Moonworks:IntelligenceOfficer","Moonworks:Bloodlust"],"picked":"Moonworks:OutOfAmmo","floor":29.0},{"not_picked":["Moonworks:MiracleWalker","Moonworks:NicePresent"],"picked":"Moonworks:ExtendedPhotonRifle+1","floor":30.0},{"not_picked":["Moonworks:IndiscriminateFireSupport","Moonworks:CookingTime"],"picked":"Moonworks:x16BigRocket","floor":31.0},{"not_picked":[],"picked":"Moonworks:JonathanRush","floor":35.0},{"not_picked":["Moonworks:FinalSurgery"],"picked":"SKIP","floor":37.0},{"not_picked":["Moonworks:ImOnFire"],"picked":"SKIP","floor":39.0},{"not_picked":["Moonworks:UnluckyCharm"],"picked":"SKIP","floor":40.0},{"not_picked":["Moonworks:RedAndBlue"],"picked":"SKIP","floor":42.0},{"not_picked":[],"picked":"Moonworks:AwakeningOfTalent+1","floor":45.0},{"not_picked":["Moonworks:BigMagnum"],"picked":"SKIP","floor":47.0},{"not_picked":["Moonworks:NicePresent"],"picked":"SKIP","floor":48.0}],"player_experience":487796,"relics_obtained":[{"floor":7.0,"key":"Gremlin Horn"},{"floor":9.0,"key":"Boot"},{"floor":22.0,"key":"HornCleat"},{"floor":24.0,"key":"Omamori"},{"floor":26.0,"key":"Tiny Chest"},{"floor":29.0,"key":"Nunchaku"},{"floor":31.0,"key":"Thread and Needle"},{"floor":40.0,"key":"Kunai"},{"floor":43.0,"key":"PreservedInsect"},{"floor":44.0,"key":"Incense Burner"},{"floor":48.0,"key":"Unceasing Top"}],"event_choices":[{"damage_healed":0.0,"max_hp_gain":0.0,"max_hp_loss":0.0,"gold_gain":0.0,"event_name":"FaceTrader","player_choice":"Trade","floor":8.0,"gold_loss":0.0,"damage_taken":0.0,"relics_obtained":["FaceOfCleric"]},{"damage_healed":0.0,"max_hp_gain":0.0,"max_hp_loss":0.0,"gold_gain":0.0,"event_name":"Scrap Ooze","player_choice":"Success","floor":14.0,"gold_loss":0.0,"damage_taken":3.0,"relics_obtained":["Oddly Smooth Stone"]},{"damage_healed":0.0,"max_hp_gain":0.0,"max_hp_loss":0.0,"gold_gain":0.0,"event_name":"Drug Dealer","player_choice":"Inject Mutagens","floor":19.0,"gold_loss":0.0,"damage_taken":0.0,"relics_obtained":["MutagenicStrength"]},{"damage_healed":0.0,"max_hp_gain":0.0,"max_hp_loss":0.0,"gold_gain":0.0,"event_name":"Tomb of Lord Red Mask","player_choice":"Ignored","floor":36.0,"gold_loss":0.0,"damage_taken":0.0},{"damage_healed":0.0,"max_hp_gain":0.0,"max_hp_loss":0.0,"gold_gain":0.0,"event_name":"MindBloom","player_choice":"Fight","floor":44.0,"gold_loss":0.0,"damage_taken":0.0}],"is_beta":false,"boss_relics":[{"not_picked":["Runic Dome","SacredBark"],"picked":"Fusion Hammer"},{"not_picked":["Black Star","Runic Pyramid"],"picked":"Busted Crown"}],"items_purged_floors":[],"is_endless":false,"potions_floor_spawned":[3,11,12,13,16,20,25,28,30,31,39,45,47,48],"ascension_level":0}}