{"host":"xsfhjtt8bhechfuh","time":1609956941,"event":{"mods":["Act Like it!","BaseMod","CapriCore","Friendly Minions","Gensokyo","KinomotoSakuraMod(木之本?)","Kiyohime（清?）","Koishi","Lobotomy","Marisa（霧雨　魔理沙）","Minty Spire (QoL Compilation)","Reimu（博??梦）","Remilia（蕾米莉?）","StSLib","Td1madao Mod","The Alterego","The Forsaken","The Immortal","The Necromancer","The Servant 0.9.4","The Wild Card","Waifu the Spire","WarShipGirlsR/??少女R mod","Yakumo Yukari mod","Yohane!","Yuyuko"],"gold_per_floor":[131,19,32,50,50,250,250],"floor_reached":6,"playtime":662,"items_purged":[],"score":64,"play_id":"5f1c98a2-d3a6-4d3d-a263-c18c3f390159","local_time":"20210106101541","is_ascension_mode":true,"campfire_choices":[],"circlet_count":0,"master_deck":["AT_purpleEX","AT_purpleEX","AT_purpleEX","AT_purpleEX","Defend_purpleEX","Defend_purpleEX","Defend_purpleEX","Defend_purpleEX","Observe_purple_1","Observe_purple_2","PurpleNeedle_purple","Gensokyo:BlemishedSteel","Mirror_Drifter_purple","ExistenceContinue_purple","Pain"],"relics":["Boundary_crack","Memoryfragments_purpleEX","Gensokyo:LunaticRedEyes"],"acts_visited":["Exordium"],"potions_floor_usage":[],"damage_taken":[{"damage":1,"enemies":"Gensokyo:3_Fairies","floor":1,"turns":5},{"damage":4,"enemies":"Gensokyo:Gryphon","floor":3,"turns":5},{"damage":11,"enemies":"Gensokyo:Python","floor":4,"turns":3},{"damage":43,"enemies":"Gensokyo:Cirno","floor":6,"turns":8}],"seed_played":"-4632847868080408557","potions_obtained":[{"floor":3,"key":"CultistPotion"}],"is_trial":false,"path_per_floor":["M","COS","M","M","?","E"],"character_chosen":"Youkari","items_purchased":[],"campfire_rested":0,"item_purchase_floors":[],"current_hp_per_floor":[77,77,74,64,64,21,21],"gold":250,"neow_bonus":"TEN_PERCENT_HP_BONUS","is_daily":false,"chose_seed":false,"campfire_upgraded":0,"win_rate":0.0,"timestamp":1609956941,"path_taken":["M","COS","M","M","?","E"],"items_purchased_type":[],"build_version":"2020-12-22","purchased_purges":0,"victory":false,"max_hp_per_floor":[77,77,77,77,77,77,77],"card_choices":[{"not_picked":["DimensionStaggered_purple","Mirror_FormAndEmptin_purple"],"picked":"PurpleNeedle_purple","floor":1},{"not_picked":["Line_surface_state_purple","Worldmountain_purple"],"picked":"Mirror_Drifter_purple","floor":3},{"not_picked":["Mirror_FormAndEmptin_purple","Photoelasticity_Doppler_Effect_purple"],"picked":"ExistenceContinue_purple","floor":4}],"player_experience":159970,"relics_obtained":[],"event_choices":[],"is_beta":false,"boss_relics":[],"items_purged_floors":[],"is_endless":false,"potions_floor_spawned":[3],"killed_by":"Gensokyo:Cirno","ascension_level":1}}