{"host":"qr4czw4lps0sljwa","time":1609920984,"event":{"mods":["BaseMod","Downfall","Minty Spire (QoL Compilation)","StSLib"],"gold_per_floor":[99,99,99,154,154,174,174,205,305,324,324,341,341,14,28,28,28],"floor_reached":16,"playtime":830,"items_purged":[],"score":98,"play_id":"3af3382c-3ba2-48c2-ac29-fa1947d57e0f","local_time":"20210106001624","is_ascension_mode":false,"campfire_choices":[{"data":"sneckomod:Unknown","floor":1,"key":"SMITH"},{"floor":11,"key":"REST"},{"data":"sneckomod:DiceBoulder","floor":13,"key":"SMITH"}],"circlet_count":0,"master_deck":["sneckomod:Strike+1","sneckomod:Strike","sneckomod:Strike+1","sneckomod:Defend","sneckomod:Defend","sneckomod:Defend","sneckomod:TailWhip","sneckomod:SnekBite+1","sneckomod:Unknown+1","sneckomod:Unknown","sneckomod:UnknownBlock","sneckomod:IronFang","sneckomod:WideSting+1","sneckomod:SoulDraw","sneckomod:DiceCrush","sneckomod:Unknown2Cost","sneckomod:DiceBoulder+1","sneckomod:MorePower","sneckomod:Unknown3Cost","sneckomod:SlitherStrike"],"relics":["sneckomod:SneckoSoul","downfall:HeartsMalice","Potion Belt","Meat on the Bone","Toy Ornithopter","Membership Card","Whetstone"],"acts_visited":["Exordium"],"potions_floor_usage":[8,10,14],"damage_taken":[{"damage":0,"enemies":"2 Louse","floor":2,"turns":1},{"damage":0,"enemies":"Cultist","floor":3,"turns":1},{"damage":0,"enemies":"3 Sentries","floor":4,"turns":1},{"damage":0,"enemies":"Small Slimes","floor":6,"turns":2},{"damage":24,"enemies":"Lagavulin","floor":8,"turns":7},{"damage":19,"enemies":"Exordium Thugs","floor":10,"turns":7},{"damage":12,"enemies":"Lots of Slimes","floor":12,"turns":6},{"damage":0,"enemies":"downfall:FleeingMerchant","floor":14,"turns":4},{"damage":5,"enemies":"Red Slaver","floor":15,"turns":2},{"damage":70,"enemies":"downfall:Defect","floor":16,"turns":5}],"seed_played":"-3954296430506858524","potions_obtained":[{"floor":6,"key":"Ancient Potion"},{"floor":8,"key":"SkillPotion"},{"floor":12,"key":"sneckomod:MuddlingPotion"}],"is_trial":false,"path_per_floor":["R","M","M","?","?","M","T","E","?","M","R","M","R","$","M","B"],"character_chosen":"THE_SNECKO","items_purchased":["Membership Card","Whetstone","sneckomod:Unknown3Cost"],"campfire_rested":1,"item_purchase_floors":[14,14,14],"current_hp_per_floor":[90,91,91,91,91,91,91,67,67,54,81,69,69,75,70,0,0],"gold":28,"neow_bonus":"THREE_ENEMY_KILL","is_daily":false,"chose_seed":false,"campfire_upgraded":2,"win_rate":0.0,"timestamp":1609920984,"path_taken":["R","M","M","?","?","M","T","E","?","M","R","M","R","$","M","BOSS"],"items_purchased_type":["Relic","Relic","Card"],"build_version":"2020-12-22","purchased_purges":0,"victory":false,"max_hp_per_floor":[90,91,91,91,91,91,91,91,91,92,92,92,92,93,93,93,93],"card_choices":[{"not_picked":["sneckomod:SoulDraw","sneckomod:QuickBite"],"picked":"sneckomod:UnknownBlock","floor":2},{"not_picked":["sneckomod:SoulRoll","sneckomod:ImprovisedGuard"],"picked":"sneckomod:IronFang","floor":3},{"not_picked":["sneckomod:Unknown1Cost","sneckomod:MasterEye"],"picked":"sneckomod:WideSting","floor":4},{"not_picked":["sneckomod:Unknown2Cost","sneckomod:SnakeSap"],"picked":"sneckomod:SoulDraw","floor":6},{"not_picked":["sneckomod:RainOfDice","sneckomod:UnknownWeak"],"picked":"sneckomod:DiceCrush","floor":8},{"not_picked":["sneckomod:DefensiveFlair","sneckomod:UnknownEthereal"],"picked":"sneckomod:Unknown2Cost","floor":10},{"not_picked":["sneckomod:UnknownClassBLUE","sneckomod:UnknownWeak"],"picked":"sneckomod:DiceBoulder","floor":12},{"not_picked":["sneckomod:MasterEye","sneckomod:ImprovisedGuard"],"picked":"sneckomod:MorePower","floor":14},{"not_picked":["sneckomod:ImprovisedGuard","sneckomod:Nope"],"picked":"sneckomod:SlitherStrike","floor":15}],"player_experience":195560,"relics_obtained":[{"floor":4,"key":"Potion Belt"},{"floor":7,"key":"Meat on the Bone"},{"floor":8,"key":"Toy Ornithopter"}],"event_choices":[{"damage_healed":0,"gold_gain":0,"player_choice":"Grow","damage_taken":0,"max_hp_gain":0,"max_hp_loss":0,"event_name":"Living Wall","floor":5,"gold_loss":0,"cards_upgraded":["sneckomod:Strike"]},{"damage_healed":0,"gold_gain":100,"player_choice":"Gold","damage_taken":0,"max_hp_gain":0,"max_hp_loss":0,"event_name":"Wheel of Change","floor":9,"gold_loss":0}],"is_beta":false,"boss_relics":[],"items_purged_floors":[],"is_endless":false,"potions_floor_spawned":[6,8,12],"killed_by":"downfall:Defect","ascension_level":0}}