{"host":"on8kfoejf6vp3cg3","time":1609958743,"event":{"mods":["AchievementEnabler","BaseMod","Better Match","Better Third Choice","Block Reminder","Colored Map","Colored Powertips","Disable Question Mark Monsters","Googly Eyes","Hermit","Highlight Path","Minty Spire (QoL Compilation)","Permanent Neow","Rare Cards Sparkle","Replay The Spire","StSLib","The Blackbeard","The Bladedancer","The Cursed"],"gold_per_floor":[113,133,145,145,161,186,206,224,224,259,294,324,91,75,75,174,174,190,54,21,39,53,87,119,37,61,105,49,59,17,60,60,138,138,81,123,63,94,57,126,143,97,124,16,16,2,2,77,149,39],"floor_reached":51,"playtime":3183,"items_purged":[],"score":1446,"play_id":"4d04d2ed-4c07-46e9-a76a-d0f23b26a210","local_time":"20210106134543","daily_mods":["Insanity","Vintage","Heirloom","Time Dilation","Flight"],"is_ascension_mode":true,"campfire_choices":[{"data":"Toxin Wave","floor":15,"key":"SMITH"},{"floor":32,"key":"REST"},{"data":"Dash","floor":47,"key":"SMITH"}],"circlet_count":0,"master_deck":["Bane","Poisoned Stab","Prepared","ReplayTheSpireMod:Shiv Toss","Dagger Spray","Prepared","Deadly Poison+1","Poisoned Stab","Dodge and Roll","Poisoned Stab+1","Deflect","Underhanded Strike","Deflect","Dagger Spray","Deadly Poison","Flying Knee+1","Skewer","Predator","Choke","Leg Sweep","Concentrate","Acrobatics","Leg Sweep+1","Slice","Predator","Hidden Blade","Backstab","Accuracy","Slice","Caltrops","Infinite Blades","Dodge and Roll","Catalyst","Backstab","PiercingWail","Bane","Toxin Wave+1","Dodge and Roll","ReplayTheSpireMod:The Works","Eviscerate","Slice","Deadly Poison","Acrobatics","Caltrops","Deadly Poison","Flying Knee","Hidden Blade","Endless Agony","Acrobatics","Blur","Deadly Poison","Prepared","ReplayTheSpireMod:IOU","ReplayTheSpireMod:IOU","Toxin Wave+1","Outmaneuver+1","Deflect+1","Replay:Bag of Tricks+1","Bane+1","Slice+1","Dash+1","ReplayTheSpireMod:IOU","ReplayTheSpireMod:IOU","ReplayTheSpireMod:IOU","ReplayTheSpireMod:IOU","Cloak And Dagger+1"],"relics":["Ring of the Snake","Unceasing Top","The Courier","Turnip","Iron Hammer","Replay:Accelerometer","Snack Pack","Replay:Wax Seal","Tingsha","Meat on the Bone","Question Card","TungstenRod","Lantern","SacredBark","Eternal Feather","The Specimen","Boot","Bottled Lightning","Mercury Hourglass","CeramicFish","Toxic Egg 2","ReplayTheSpireMod:TigerMarble","Regal Pillow","PreservedInsect","Omamori","Smiling Mask","Dream Catcher","CaptainsWheel","Nunchaku","MealTicket","Replay:Bandana","Toy Ornithopter","Busted Crown","HornCleat","War Paint","Tough Bandages","Whetstone","Art of War","Bottled Tornado","Centennial Puzzle","Bronze Scales","Snake Skull","Akabeko","Replay:WaspNest","Bag of Marbles","Ancient Tea Set"],"acts_visited":["Exordium","TheCity","TheBeyond"],"potions_floor_usage":[16,16,33,33,33,50,50,50],"damage_taken":[{"damage":0,"enemies":"Small Slimes","floor":1,"turns":2},{"damage":0,"enemies":"Cultist","floor":2,"turns":2},{"damage":0,"enemies":"2 Louse","floor":3,"turns":1},{"damage":0,"enemies":"2 Fungi Beasts","floor":5,"turns":2},{"damage":0,"enemies":"Gremlin Nob","floor":6,"turns":2},{"damage":0,"enemies":"Gremlin Gang","floor":7,"turns":2},{"damage":0,"enemies":"Looter","floor":8,"turns":1},{"damage":14,"enemies":"Replay:BlueRogue","floor":10,"turns":3},{"damage":0,"enemies":"Gremlin Nob","floor":11,"turns":1},{"damage":0,"enemies":"Lagavulin","floor":12,"turns":2},{"damage":17,"enemies":"Slime Boss","floor":16,"turns":4},{"damage":0,"enemies":"Chosen","floor":18,"turns":2},{"damage":0,"enemies":"2 Thieves","floor":21,"turns":1},{"damage":0,"enemies":"Snake Plant","floor":22,"turns":1},{"damage":23,"enemies":"Book of Stabbing","floor":23,"turns":3},{"damage":0,"enemies":"Slavers","floor":24,"turns":2},{"damage":0,"enemies":"3 Cultists","floor":25,"turns":1},{"damage":0,"enemies":"Gremlin Leader","floor":27,"turns":2},{"damage":30,"enemies":"Book of Stabbing","floor":28,"turns":4},{"damage":13,"enemies":"Snecko","floor":29,"turns":3},{"damage":0,"enemies":"Snake Plant","floor":31,"turns":2},{"damage":69,"enemies":"Champ","floor":33,"turns":9},{"damage":13,"enemies":"3 Darklings","floor":35,"turns":2},{"damage":0,"enemies":"Orb Walker","floor":36,"turns":1},{"damage":10,"enemies":"4 Shapes","floor":37,"turns":3},{"damage":9,"enemies":"Jaw Worm Horde","floor":38,"turns":3},{"damage":0,"enemies":"Sphere and 2 Shapes","floor":39,"turns":3},{"damage":0,"enemies":"R_Hoarder","floor":40,"turns":3},{"damage":25,"enemies":"Giant Head","floor":41,"turns":6},{"damage":0,"enemies":"R_Hoarder","floor":48,"turns":3},{"damage":42,"enemies":"Time Eater","floor":50,"turns":5}],"seed_played":"-4974234249530917518","potions_obtained":[{"floor":8,"key":"Fire Potion"},{"floor":10,"key":"SkillPotion"},{"floor":11,"key":"Fire Potion"},{"floor":12,"key":"Toxic Potion"},{"floor":21,"key":"Dexterity Potion"},{"floor":28,"key":"Languid Potion"},{"floor":36,"key":"Swift Potion"},{"floor":37,"key":"SpeedPotion"},{"floor":38,"key":"Doom Potion"},{"floor":41,"key":"SteroidPotion"}],"is_trial":true,"path_per_floor":["M","M","M","$","M","E","M","M","T","E","E","E","$","$","R","B",null,"M","$","$","M","M","E","E","M","T","E","E","M","$","M","R","B",null,"M","M","M","M","M","E","E","$","T","$","?","$","R","E","R_BF","B",null],"character_chosen":"THE_SILENT","items_purchased":["TungstenRod","Lantern","The Specimen","Boot","Bottled Lightning","Mercury Hourglass","CeramicFish","Toxic Egg 2","MealTicket","Replay:Bandana","Dash","Bronze Scales","Snake Skull","Akabeko","Replay:WaspNest","Bag of Marbles"],"campfire_rested":1,"item_purchase_floors":[13,14,19,20,20,20,20,20,30,30,42,44,44,44,44,46],"current_hp_per_floor":[70,70,70,70,70,70,70,70,70,56,58,64,64,64,64,53,70,70,70,70,70,70,47,49,51,51,55,43,44,44,46,70,15,70,57,59,51,42,44,46,41,56,56,70,66,66,66,66,66,40],"gold":39,"neow_bonus":"","is_daily":false,"chose_seed":false,"campfire_upgraded":2,"win_rate":0.0,"timestamp":1609958743,"path_taken":["M","M","M","$","M","E","M","M","T","E","E","E","$","$","R","BOSS","M","$","$","M","M","E","E","M","T","E","E","M","$","M","R","BOSS","M","M","M","M","M","E","E","$","T","$","?","$","R","E","R_BF","BOSS"],"items_purchased_type":["Relic","Relic","Relic","Relic","Relic","Relic","Relic","Relic","Relic","Relic","Card","Relic","Relic","Relic","Relic","Relic"],"build_version":"2020-12-22","purchased_purges":0,"victory":true,"max_hp_per_floor":[70,70,70,70,70,70,70,70,70,70,70,70,70,70,70,70,70,70,70,70,70,70,70,70,70,70,70,70,70,70,70,70,70,70,70,70,70,70,70,70,70,70,70,70,66,66,66,66,66,66],"card_choices":[{"not_picked":["Wraith Form v2","Prepared","Flechettes"],"picked":"SKIP","floor":6},{"not_picked":["Blade Dance","Calculated Gamble"],"picked":"Deadly Poison","floor":10},{"not_picked":["Skewer","PiercingWail","Unload"],"picked":"SKIP","floor":11},{"not_picked":["Bane","Deflect"],"picked":"Prepared","floor":12},{"not_picked":["PiercingWail+1","Dagger Throw","Acrobatics+1"],"picked":"Toxin Wave+1","floor":23},{"not_picked":["Cloak And Dagger+1","Concentrate+1","PiercingWail+1","Well Laid Plans+1"],"picked":"SKIP","floor":24},{"not_picked":["Infinite Blades","Dagger Throw","Setup+1"],"picked":"Outmaneuver+1","floor":27},{"not_picked":["Grand Finale","Caltrops","Adrenaline+1"],"picked":"Deflect+1","floor":28},{"not_picked":["Malaise+1","Unload","Night Terror+1"],"picked":"Replay:Bag of Tricks+1","floor":33},{"not_picked":["Distraction+1"],"picked":"Bane+1","floor":40},{"not_picked":["Concentrate+1"],"picked":"Slice+1","floor":41},{"not_picked":["Backflip+1"],"picked":"Cloak And Dagger+1","floor":48}],"player_experience":417225,"relics_obtained":[{"floor":1,"key":"The Courier"},{"floor":2,"key":"Turnip"},{"floor":3,"key":"Iron Hammer"},{"floor":5,"key":"Replay:Accelerometer"},{"floor":7,"key":"Snack Pack"},{"floor":8,"key":"Replay:Wax Seal"},{"floor":10,"key":"Tingsha"},{"floor":11,"key":"Meat on the Bone"},{"floor":12,"key":"Question Card"},{"floor":18,"key":"Eternal Feather"},{"floor":21,"key":"ReplayTheSpireMod:TigerMarble"},{"floor":22,"key":"Regal Pillow"},{"floor":23,"key":"PreservedInsect"},{"floor":24,"key":"Omamori"},{"floor":25,"key":"Smiling Mask"},{"floor":26,"key":"Dream Catcher"},{"floor":27,"key":"CaptainsWheel"},{"floor":29,"key":"Nunchaku"},{"floor":31,"key":"Toy Ornithopter"},{"floor":35,"key":"HornCleat"},{"floor":36,"key":"War Paint"},{"floor":38,"key":"Tough Bandages"},{"floor":39,"key":"Whetstone"},{"floor":40,"key":"Art of War"},{"floor":41,"key":"Bottled Tornado"},{"floor":43,"key":"Centennial Puzzle"},{"floor":48,"key":"Ancient Tea Set"}],"event_choices":[{"damage_healed":0,"gold_gain":0,"player_choice":"Max HP","damage_taken":0,"max_hp_gain":0,"max_hp_loss":4,"event_name":"Winding Halls","floor":45,"gold_loss":0}],"is_beta":false,"boss_relics":[{"not_picked":["Cursed Key","Replay:Bronze Core"],"picked":"SacredBark"},{"not_picked":["Kintsugi","Runic Dome"],"picked":"Busted Crown"}],"items_purged_floors":[],"is_endless":false,"potions_floor_spawned":[6,8,10,11,12,21,22,23,28,33,36,37,38,41,48],"ascension_level":2}}