{"host":"we0tvcz4okyzqurd","time":1609923152,"event":{"mods":["BaseMod","Colored Powertips","Downfall","Hermit","Hubris","Infinite Spire","Minty Spire (QoL Compilation)","Replay The Spire","StSLib","The Jungle"],"gold_per_floor":[111,111,128,190,190,190,42,42,42,42,42,42,42,42,42,42,42,42,42,42,42,42,42,42,42,42,42,42,42,42,42,42,42,42,42,42,42,0,0,0,0,0,0,0,0,0,0,0,0,0],"floor_reached":51,"playtime":2570,"items_purged":["ReplayTheSpireMod:Splinters"],"score":603,"play_id":"3a794d89-7cf0-4dc9-9e27-96fee0fcc528","local_time":"20210106005232","is_ascension_mode":false,"campfire_choices":[{"data":"hermit:CursedWeapon","floor":6,"key":"SMITH"},{"data":"hermit:WideOpen","floor":8,"key":"SMITH"},{"data":"hermit:Magnum","floor":23,"key":"SMITH"},{"floor":32,"key":"DIG"},{"floor":40,"key":"DIG"},{"floor":47,"key":"DIG"},{"floor":49,"key":"DIG"}],"circlet_count":0,"master_deck":["hermit:Strike_Hermit","hermit:Strike_Hermit","hermit:Strike_Hermit","hermit:Strike_Hermit","hermit:Defend_Hermit","hermit:Defend_Hermit","hermit:Defend_Hermit","hermit:Defend_Hermit","hermit:Snapshot","hermit:Covet","hermit:WideOpen+1","infinitespire:Collect","hermit:CursedWeapon+1","hermit:EyeOfTheStorm","hermit:Magnum+1","hermit:CalledShot","hermit:CursedWeapon+1","hermit:Scavenge+1","infinitespire:Starlight","hermit:Horror","hermit:Coalescence","hermit:CalledShot+1","hermit:HighNoon","hermit:Showdown+1","hermit:Glare","hermit:TrackingShot","Parasite","hermit:Quickdraw+1"],"relics":["downfall:Hecktoplasm","hubris:RGBLights","GoldenEye","infinitespire:Chaos","hubris:TinFlute","CeramicFish","Odd Mushroom","Painkiller Herb","MutagenicStrength","Potion Belt","Shuriken","Shovel","hubris:PeanutButter","Red Mask","Garlic","hubris:DeckOfHolding","Toxic Egg 2","hermit:Horseshoe","hubris:CrystalStatue","Nunchaku"],"acts_visited":["Exordium","TheCity","TheBeyond"],"potions_floor_usage":[10,10,16,16,16,27,28,33,33,33,48,50,50,50],"damage_taken":[{"damage":0,"enemies":"2 Louse","floor":1,"turns":1},{"damage":0,"enemies":"Jaw Worm","floor":3,"turns":1},{"damage":5,"enemies":"Lagavulin","floor":10,"turns":4},{"damage":7,"enemies":"The Mushroom Lair","floor":11,"turns":3},{"damage":2,"enemies":"Small Slimes","floor":12,"turns":2},{"damage":2,"enemies":"3 Louse","floor":13,"turns":2},{"damage":2,"enemies":"2 Fungi Beasts","floor":14,"turns":2},{"damage":33,"enemies":"The Guardian","floor":16,"turns":7},{"damage":9,"enemies":"Shell Parasite","floor":18,"turns":2},{"damage":2,"enemies":"Spheric Guardian","floor":21,"turns":2},{"damage":23,"enemies":"Centurion and Healer","floor":22,"turns":4},{"damage":8,"enemies":"3 Cultists","floor":24,"turns":3},{"damage":7,"enemies":"Snecko","floor":25,"turns":3},{"damage":11,"enemies":"Centurion and Healer","floor":27,"turns":2},{"damage":14,"enemies":"Replay:Snechameleon","floor":28,"turns":5},{"damage":9,"enemies":"Chosen and Byrds","floor":29,"turns":3},{"damage":2,"enemies":"Snake Plant","floor":31,"turns":1},{"damage":13,"enemies":"Champ","floor":33,"turns":7},{"damage":3,"enemies":"3 Darklings","floor":35,"turns":4},{"damage":0,"enemies":"Orb Walker","floor":37,"turns":2},{"damage":12,"enemies":"3 Darklings","floor":39,"turns":3},{"damage":0,"enemies":"Transient","floor":41,"turns":5},{"damage":0,"enemies":"Giant Head","floor":42,"turns":5},{"damage":0,"enemies":"2 Orb Walkers","floor":45,"turns":2},{"damage":0,"enemies":"Writhing Mass","floor":46,"turns":2},{"damage":0,"enemies":"Spire Growth","floor":48,"turns":2},{"damage":25,"enemies":"Replay:Hell Engine","floor":50,"turns":7}],"seed_played":"6846729625536852952","potions_obtained":[{"floor":4,"key":"LifebloodPotion"},{"floor":4,"key":"Strength Potion"},{"floor":4,"key":"Languid Potion"},{"floor":10,"key":"Regen Potion"},{"floor":12,"key":"sneckomod:MuddlingPotion"},{"floor":14,"key":"Weak Potion"},{"floor":22,"key":"Reflective Coating"},{"floor":25,"key":"Adrenaline Potion"},{"floor":27,"key":"SkillPotion"},{"floor":28,"key":"Block Potion"},{"floor":29,"key":"champ:CounterPotion"},{"floor":37,"key":"Block Potion"},{"floor":42,"key":"Dexterity Potion"},{"floor":46,"key":"Milkshake"},{"floor":48,"key":"EssenceOfSteel"}],"is_trial":false,"path_per_floor":["M","?","M","?","?","R","$","R","T","E","?","M","M","M","R","B",null,"?","?","AVR","?","?","T","?","?","T","?","E","?","T","?","T","B",null,"?","T","?","?","?","T","?","E","T","T","?","?","T","?","T","B",null],"character_chosen":"HERMIT","items_purchased":["infinitespire:Chaos"],"campfire_rested":0,"item_purchase_floors":[7],"current_hp_per_floor":[75,56,56,56,56,56,56,56,56,51,44,42,40,38,60,42,75,66,66,66,64,51,51,53,46,46,45,41,42,42,50,50,47,75,75,75,75,75,73,73,75,75,75,75,75,75,75,75,75,65],"gold":0,"neow_bonus":"THREE_ENEMY_KILL","is_daily":false,"chose_seed":false,"campfire_upgraded":3,"win_rate":0.0,"timestamp":1609923152,"path_taken":["M","?","M","?","?","R","$","R","T","E","?","M","M","M","R","BOSS","?","?","AVR","?","?","T","?","?","T","?","E","?","T","?","T","BOSS","?","T","?","?","?","T","?","E","T","?","?","?","T","?","T","BOSS"],"items_purchased_type":["Relic"],"build_version":"2020-12-22","purchased_purges":1,"victory":true,"max_hp_per_floor":[75,75,75,75,75,75,75,75,75,75,75,75,75,75,75,75,75,75,75,75,75,75,75,75,75,75,75,75,75,75,75,75,75,75,75,75,75,75,75,75,75,75,75,75,75,75,75,75,75,75],"card_choices":[{"not_picked":["hermit:Maintenance","hermit:Vantage"],"picked":"hermit:WideOpen","floor":1},{"not_picked":["ReplayTheSpireMod:Chaos Vortex","infinitespire:UltimateForm"],"picked":"infinitespire:Collect","floor":2},{"not_picked":["hermit:Virtue","hermit:Quickdraw"],"picked":"hermit:CursedWeapon","floor":3},{"not_picked":["hermit:SprayPray","hermit:LoneWolf","hermit:CalledShot"],"picked":"SKIP","floor":10},{"not_picked":["hermit:Vantage","hermit:Virtue"],"picked":"hermit:EyeOfTheStorm","floor":11},{"not_picked":["hermit:CalledShot","hermit:Cheat"],"picked":"hermit:Magnum","floor":12},{"not_picked":["hermit:Manifest","hermit:HighCaliber"],"picked":"hermit:CalledShot","floor":13},{"not_picked":["hermit:Roulette","hermit:HoleUp"],"picked":"hermit:CursedWeapon","floor":14},{"not_picked":["hermit:Manifest+1","hermit:Glare"],"picked":"hermit:Scavenge+1","floor":18},{"not_picked":["hermit:Headshot","hermit:Roulette"],"picked":"hermit:Horror","floor":21},{"not_picked":["hermit:LowProfile","hermit:Spite"],"picked":"hermit:Coalescence","floor":22},{"not_picked":["hermit:Brawl","hermit:Headshot","hermit:HoleUp+1"],"picked":"SKIP","floor":24},{"not_picked":["hermit:Maintenance","hermit:TakeAim"],"picked":"hermit:CalledShot+1","floor":25},{"not_picked":["hermit:Coalescence+1","hermit:Shortfuse","hermit:BodyArmor"],"picked":"SKIP","floor":27},{"not_picked":["hermit:ItchyTrigger","hermit:Gestalt+1","hermit:Purgatory"],"picked":"SKIP","floor":28},{"not_picked":["hermit:ShadowCloak","hermit:Manifest","hermit:WideOpen"],"picked":"SKIP","floor":29},{"not_picked":["hermit:HoleUp","hermit:Headshot","hermit:Virtue"],"picked":"SKIP","floor":31},{"not_picked":["hermit:DeadOrAlive","hermit:Magnum"],"picked":"hermit:HighNoon","floor":33},{"not_picked":["hermit:LowProfile","hermit:Glare+1"],"picked":"hermit:Showdown+1","floor":35},{"not_picked":["hermit:CalledShot+1","hermit:Misfire+1"],"picked":"hermit:Glare","floor":37},{"not_picked":["hermit:Quickdraw","hermit:Vantage+1"],"picked":"hermit:TrackingShot","floor":39},{"not_picked":["hermit:HoleUp+1","hermit:Misfire+1","hermit:ItchyTrigger"],"picked":"SKIP","floor":41},{"not_picked":["hermit:Roulette","hermit:ItchyTrigger+1","hermit:Desperado"],"picked":"SKIP","floor":42},{"not_picked":["hermit:Scavenge+1","hermit:SprayPray"],"picked":"hermit:Quickdraw+1","floor":46},{"not_picked":["hermit:Manifest+1","hermit:Vantage+1","hermit:TrackingShot+1"],"picked":"SKIP","floor":48}],"player_experience":453577,"relics_obtained":[{"floor":9,"key":"hubris:TinFlute"},{"floor":10,"key":"CeramicFish"},{"floor":11,"key":"Odd Mushroom"},{"floor":26,"key":"Shuriken"},{"floor":28,"key":"Shovel"},{"floor":32,"key":"hubris:PeanutButter"},{"floor":40,"key":"Garlic"},{"floor":42,"key":"hubris:DeckOfHolding"},{"floor":43,"key":"Toxic Egg 2"},{"floor":44,"key":"hermit:Horseshoe"},{"floor":47,"key":"hubris:CrystalStatue"},{"floor":49,"key":"Nunchaku"}],"event_choices":[{"damage_healed":0,"gold_gain":0,"player_choice":"Fought Mushrooms","damage_taken":0,"max_hp_gain":0,"max_hp_loss":0,"event_name":"Mushrooms","floor":11,"gold_loss":0},{"damage_healed":0,"gold_gain":0,"player_choice":"Inject Mutagens","damage_taken":0,"relics_obtained":["MutagenicStrength"],"max_hp_gain":0,"max_hp_loss":0,"event_name":"Drug Dealer","floor":19,"gold_loss":0},{"damage_healed":0,"gold_gain":0,"player_choice":"Paid","damage_taken":0,"relics_obtained":["Red Mask"],"max_hp_gain":0,"max_hp_loss":0,"event_name":"Tomb of Lord Red Mask","floor":38,"gold_loss":42},{"damage_healed":0,"gold_gain":0,"player_choice":"Fight","damage_taken":0,"max_hp_gain":0,"max_hp_loss":0,"event_name":"Mysterious Sphere","floor":45,"gold_loss":0}],"is_beta":false,"boss_relics":[{"not_picked":["hubris:GrandSneckoEye","hubris:VirtuousBlindfold"],"picked":"Painkiller Herb"},{"not_picked":["Replay:Wanted Poster","hubris:TerracottaHorce","hubris:BlackHole"]}],"items_purged_floors":[20],"is_endless":false,"potions_floor_spawned":[10,12,13,14,22,25,27,28,29,37,42,46,48],"ascension_level":0}}