{"host":"irrk4zqlyqwf1lii","time":1609944892,"event":{"mods":["ATMod(∞¢Ë™Mod)","BaseMod","Colored Map","Conspire","Downfall","Duelist Mod","LagranYue(¿≠∏Ò¿ °§‘¬)","Marisa£®ÏF”Í°°ƒß¿Ì…≥£©","Minty Spire (QoL Compilation)","Prisma Mod","Reimu£®≤©¿ˆ¡È√Œ£©","Remilia£®¿Ÿ√◊¿Ú—«£©","Replay The Spire","Say the Spire","Shop Mod","StSLib","Td1madao Mod","TestMod","The Blue Laboratory","The Bug Knight","The Construct","The Marked","The Runesmith","The Servant 0.9.4","UnlockEverythingMod","Yakumo Yukari mod"],"gold_per_floor":[111,111,131,131,147,147,166,166,166,166,166,166,180,195,195,195,195],"floor_reached":16,"playtime":1000,"items_purged":[],"score":92,"play_id":"3877e6ee-d617-4440-90d0-4c99d4e7440c","local_time":"20210106225452","is_ascension_mode":false,"campfire_choices":[{"data":"LagranYue:SkillKadeboSwordCard","floor":6,"key":"SMITH"},{"data":"LagranYue:SkillBrokenSwordCard","floor":8,"key":"SMITH"},{"data":"LagranYue:SkillDisasterEquipmentCard","floor":15,"key":"SMITH"}],"circlet_count":0,"master_deck":["LagranYue:BaseAttackCard","LagranYue:BaseAttackCard","LagranYue:BaseAttackCard","LagranYue:BaseDefendCard","LagranYue:BaseDefendCard","LagranYue:BaseDefendCard","LagranYue:AttackTopazCard","LagranYue:SkillBrokenSwordCard+1","LagranYue:BaseAttackCard","LagranYue:BaseDefendCard","AT_DrawKnifeCut","LagranYue:AttackFireCard","LagranYue:GoldForgingCard+1","LagranYue:SkillKadeboSwordCard+1","LagranYue:SkillBrokenSwordCard","LagranYue:EmeraldRemorseCard","LagranYue:SkillDisasterEquipmentCard+1"],"relics":["LagranYue:ArmsProficiencyRelics","AT_ATBox","testmod-TestBox","LagranYue:RandomDrawCardRelic","NeowsBlessing","testmod-AssaultLearning","Chameleon Ring","Golden Idol"],"acts_visited":["Exordium"],"potions_floor_usage":[16,16,16],"damage_taken":[{"damage":0,"enemies":"Small Slimes","floor":1,"turns":1},{"damage":0,"enemies":"2 Louse","floor":3,"turns":1},{"damage":2,"enemies":"conspire:RoseBush","floor":5,"turns":2},{"damage":13,"enemies":"Lots of Slimes","floor":7,"turns":3},{"damage":9,"enemies":"Looter","floor":13,"turns":4},{"damage":14,"enemies":"2 Fungi Beasts","floor":14,"turns":3},{"damage":38,"enemies":"The Guardian","floor":16,"turns":9}],"seed_played":"-6836428775970472874","potions_obtained":[{"floor":1,"key":"SteroidPotion"},{"floor":3,"key":"ColorlessPotion"},{"floor":7,"key":"blueLaboratory:FruitPreserves"},{"floor":14,"key":"Swift Potion"}],"is_trial":false,"path_per_floor":["M","$","M","?","M","R","M","R","T","?","T","?","M","M","R","B"],"character_chosen":"LagranYueCharacter","items_purchased":[],"campfire_rested":0,"item_purchase_floors":[],"current_hp_per_floor":[75,75,75,75,73,73,60,60,60,53,53,53,45,34,34,0,0],"gold":195,"neow_bonus":"THREE_ENEMY_KILL","is_daily":false,"chose_seed":false,"campfire_upgraded":3,"win_rate":0.0,"timestamp":1609944892,"path_taken":["M","$","M","?","M","R","M","R","T","?","?","?","M","M","R","BOSS"],"items_purchased_type":[],"build_version":"2020-12-22","purchased_purges":0,"victory":false,"max_hp_per_floor":[75,75,75,75,75,75,75,75,75,75,75,69,69,69,69,69,69],"card_choices":[{"not_picked":["LagranYue:AttackIceCard","LagranYue:AttackPurpleCard"],"picked":"LagranYue:AttackFireCard","floor":1},{"not_picked":["LagranYue:PrematureBurialCard","LagranYue:AttackAerCard"],"picked":"LagranYue:GoldForgingCard","floor":3},{"not_picked":["LagranYue:DefendBetterCard","LagranYue:AttackIceCard"],"picked":"LagranYue:SkillKadeboSwordCard","floor":5},{"not_picked":["LagranYue:AttackCellGodCard","LagranYue:RubyDefendCard"],"picked":"LagranYue:SkillBrokenSwordCard","floor":7},{"not_picked":["LagranYue:AttackCrowCrossbowCard","LagranYue:AttackDevilCard"],"picked":"LagranYue:EmeraldRemorseCard","floor":13},{"not_picked":["LagranYue:MultipleThornsCard","LagranYue:SkillChiharaHoundCard"],"picked":"LagranYue:SkillDisasterEquipmentCard","floor":14}],"player_experience":132978,"relics_obtained":[{"floor":11,"key":"Chameleon Ring"}],"event_choices":[{"damage_healed":0,"gold_gain":0,"player_choice":"Grow","damage_taken":0,"max_hp_gain":0,"max_hp_loss":0,"event_name":"Living Wall","floor":4,"gold_loss":0,"cards_upgraded":["LagranYue:GoldForgingCard"]},{"damage_healed":0,"gold_gain":0,"player_choice":"Ignored","damage_taken":7,"max_hp_gain":0,"max_hp_loss":0,"event_name":"∂˜¬ÂÀπµƒ≈Ã◊”","floor":10,"gold_loss":0},{"damage_healed":0,"gold_gain":0,"player_choice":"Lose Max HP","damage_taken":0,"relics_obtained":["Golden Idol"],"max_hp_gain":0,"max_hp_loss":6,"event_name":"Golden Idol","floor":12,"gold_loss":0}],"is_beta":false,"boss_relics":[],"items_purged_floors":[],"is_endless":false,"potions_floor_spawned":[1,3,7,14],"killed_by":"The Guardian","ascension_level":0}}