{"host":"jmdwsiegw2vwqzt1","time":1609919970,"event":{"mods":["2.2 Compatiblity","AchievementEnabler","BaseMod","Better Third Choice","Better Vampires","Colored Powertips","Custom Start","Dio Mod","Downfall","Hermit","Highlight Path","Jorbs\u0027s Wanderer Trilogy","Marisa????????","Minty Spire (QoL Compilation)","Permanent Neow","Quick Restart","Rare Cards Sparkle","Relic Stats","Spicy Shops","StSLib","SuperFastMode","The Bug Knight","The Cursed","The Disciple","The Hierophant","The Necromancer","The Servant 0.9.4","slay the spire mod where everything is the same but ironclad has a cowboy hat"],"gold_per_floor":[99,110,110,110,127,37,119,269,298,61,72,90,15,31,44,142,142,142,153,253,143,162,162,243,257,274,304,229,229,240,252,262,364,364,364,374,196,196,246,246,246,246,486,486,411,427,39,55,72,72,72,101,101,101,101],"floor_reached":56,"playtime":2904,"items_purged":["Regret","Slimebound:Icky","champ:Strike","champ:HoldFirm+1"],"score":1244,"play_id":"93b8e0d5-ec64-4317-bbde-0ff21d14e2ea","local_time":"20210106025930","is_ascension_mode":false,"campfire_choices":[{"floor":1.0,"key":"RECALL"},{"floor":13.0,"key":"REST"},{"data":"champ:ViciousMockery","floor":18.0,"key":"SMITH"},{"data":"champ:FocusedDefense","floor":23.0,"key":"SMITH"},{"floor":28.0,"key":"REST"},{"data":"champ:FocusedDefense","floor":35.0,"key":"SMITH"},{"data":"champ:Circumvent","floor":40.0,"key":"SMITH"},{"data":"champ:CalledShot","floor":45.0,"key":"SMITH"},{"data":"champ:ShieldWall","floor":54,"key":"SMITH"}],"circlet_count":0,"master_deck":["champ:Strike","champ:Strike","champ:Strike+1","champ:Defend","champ:Defend","champ:Defend","champ:Defend","champ:Execute+1","champ:Taunt+1","champ:Devastate+1","champ:Circumvent+1","champ:ViciousMockery+1","champ:FocusedDefense+1","champ:FocusedDefense+1","champ:RageSigil+1","champ:CalledShot+1","champ:ShieldWall+1","champ:FocusedDefense+1","champ:ShieldSigil+1","champ:RageSigil+1","champ:Backstep+1","champ:RageSigil+1","champ:ViciousMockery+1","champ:Circumvent+1","champ:ShieldSigil+1","champ:RageSigil+1","champ:IgnorePain+1","champ:SkillfulDodge+1","expansioncontent:DecasProtection+1","Madness+1","champ:DefensiveShout+1"],"relics":["champ:ChampionCrown","Molten Egg 2","StrikeDummy","Toxic Egg 2","downfall:HeartBlessingRed","Sozu","Bottled Flame","Omamori","downfall:HeartBlessingGreen","The Courier","Calling Bell","Toy Ornithopter","Gremlin Horn","Gambling Chip","Mango","Calipers","InkBottle","downfall:HeartBlessingBlue","Pear","Art of War"],"acts_visited":["Exordium","TheCity","TheBeyond","TheEnding"],"potions_floor_usage":[],"damage_taken":[{"damage":14.0,"enemies":"Small Slimes","floor":2.0,"turns":3.0},{"damage":6.0,"enemies":"2 Louse","floor":5.0,"turns":2.0},{"damage":7.0,"enemies":"downfall:FleeingMerchant","floor":6.0,"turns":4.0},{"damage":26.0,"enemies":"HollowMod:MossKnight","floor":9.0,"turns":17.0},{"damage":14.0,"enemies":"downfall:FleeingMerchant","floor":10.0,"turns":4.0},{"damage":5.0,"enemies":"Cultist","floor":11.0,"turns":3.0},{"damage":9.0,"enemies":"2 Fungi Beasts","floor":12.0,"turns":4.0},{"damage":5.0,"enemies":"Exordium Wildlife","floor":14.0,"turns":3.0},{"damage":0.0,"enemies":"Large Slime","floor":15.0,"turns":3.0},{"damage":23.0,"enemies":"downfall:Watcher","floor":16.0,"turns":10.0},{"damage":7.0,"enemies":"3 Byrds","floor":19.0,"turns":5.0},{"damage":7.0,"enemies":"downfall:FleeingMerchant","floor":21.0,"turns":4.0},{"damage":8.0,"enemies":"Shell Parasite","floor":22.0,"turns":3.0},{"damage":0.0,"enemies":"Snake Plant","floor":25.0,"turns":1.0},{"damage":2.0,"enemies":"Cultist and Chosen","floor":26.0,"turns":4.0},{"damage":49.0,"enemies":"Gremlin Leader","floor":27.0,"turns":4.0},{"damage":0.0,"enemies":"Centurion and Healer","floor":30.0,"turns":2.0},{"damage":10.0,"enemies":"3 Cultists","floor":31.0,"turns":6.0},{"damage":2.0,"enemies":"Shelled Parasite and Fungi","floor":32.0,"turns":3.0},{"damage":31.0,"enemies":"downfall:Silent","floor":33.0,"turns":8.0},{"damage":38.0,"enemies":"3 Darklings","floor":36.0,"turns":11.0},{"damage":9.0,"enemies":"downfall:FleeingMerchant","floor":37.0,"turns":4.0},{"damage":59.0,"enemies":"Mind Bloom Boss Battle","floor":39.0,"turns":9.0},{"damage":0.0,"enemies":"downfall:FleeingMerchant","floor":43.0,"turns":1.0},{"damage":3.0,"enemies":"3 Shapes","floor":46.0,"turns":5.0},{"damage":20.0,"enemies":"Jaw Worm Horde","floor":48.0,"turns":3.0},{"damage":49.0,"enemies":"3 Darklings","floor":49.0,"turns":9.0},{"damage":3.0,"enemies":"downfall:Ironclad","floor":50.0,"turns":9.0},{"damage":6,"enemies":"downfall:CharBossMerchant","floor":52,"turns":7},{"damage":86,"enemies":"downfall:NeowBoss","floor":55,"turns":28}],"seed_played":"-628297503052898526","potions_obtained":[{"floor":2.0,"key":"BlessingOfTheForge"},{"floor":11.0,"key":"champ:UltimateStancePotion"},{"floor":15.0,"key":"Regen Potion"},{"floor":16.0,"key":"Slimebound:ThreeZeroPotion"}],"is_trial":false,"path_per_floor":["R","M","?","?","M","$","T","?","E","$","M","M","R","M","M","B",null,"R","M","?","$","M","R","T","M","M","E","R","?","M","M","M","B",null,"R","M","$","?","?","R","T","?","$","T","R","M","$","M","M","B",null,"E","$","R","B",null],"character_chosen":"THE_CHAMP","items_purchased":["Toxic Egg 2","champ:ShieldSigil+1","champ:RageSigil+1","champ:SkillfulDodge+1","Madness+1","Pear"],"campfire_rested":2,"item_purchase_floors":[10,21,21,37,47,47],"current_hp_per_floor":[90,76,76,76,70,68,68,68,52,43,43,34,61,61,61,38,90,90,88,88,81,73,73,73,73,71,32,59,59,59,49,47,21,90,90,62,53,67,66,66,66,66,66,66,76,73,83,68,24,21,124,118,118,118,47],"gold":101,"neow_bonus":"ONE_RANDOM_RARE_CARD","is_daily":false,"chose_seed":false,"campfire_upgraded":6,"win_rate":0.0,"timestamp":1609919970,"path_taken":["R","M","?","?","?","$","T","?","E","$","M","M","R","M","M","BOSS","R","M","?","$","M","R","T","M","M","E","R","?","M","M","M","BOSS","R","M","$","?","?","R","T","?","$","?","R","M","?","?","M","BOSS","E","$","R","BOSS"],"items_purchased_type":["Relic","Card","Card","Card","Card","Relic"],"build_version":"2020-12-22","purchased_purges":4,"victory":true,"max_hp_per_floor":[90,90,90,90,90,90,90,90,90,90,90,90,90,90,90,90,90,90,90,90,90,90,90,90,90,90,90,90,90,90,90,90,90,90,90,90,90,104,104,104,104,104,104,104,114,114,124,124,124,124,124,124,124,124,124],"relic_stats":{"Sozu":8,"Gremlin Horn":[19,19],"counters":[30,179],"Gambling Chip":[25],"Art of War":[18],"obtain_stats":[{"Calipers":39,"Pear":47,"downfall:HeartBlessingRed":13,"Gremlin Horn":34,"champ:ChampionCrown":0,"downfall:HeartBlessingGreen":28,"Mango":38,"The Courier":29,"Omamori":27,"Sozu":17,"Calling Bell":34,"Bottled Flame":24,"downfall:HeartBlessingBlue":45,"Gambling Chip":34,"Molten Egg 2":7,"Art of War":52,"Toxic Egg 2":10,"StrikeDummy":9,"Toy Ornithopter":34,"InkBottle":44},{"Calipers":23,"Pear":25,"downfall:HeartBlessingRed":7,"Gremlin Horn":20,"champ:ChampionCrown":0,"downfall:HeartBlessingGreen":16,"Mango":22,"The Courier":16,"Omamori":16,"Sozu":10,"Calling Bell":20,"Bottled Flame":13,"downfall:HeartBlessingBlue":24,"Gambling Chip":20,"Molten Egg 2":3,"Art of War":29,"Toxic Egg 2":5,"StrikeDummy":4,"Toy Ornithopter":20,"InkBottle":24},{"Calipers":117,"Pear":123,"downfall:HeartBlessingRed":37,"Gremlin Horn":93,"champ:ChampionCrown":0,"downfall:HeartBlessingGreen":74,"Mango":108,"The Courier":74,"Omamori":74,"Sozu":53,"Calling Bell":93,"Bottled Flame":65,"downfall:HeartBlessingBlue":118,"Gambling Chip":93,"Molten Egg 2":9,"Art of War":151,"Toxic Egg 2":30,"StrikeDummy":26,"Toy Ornithopter":93,"InkBottle":118}],"Toy Ornithopter":10,"InkBottle":[30]},"card_choices":[{"not_picked":["champ:Backstep","champ:FlashCut"],"picked":"champ:Circumvent","floor":2.0},{"not_picked":["champ:BladeFlurry","champ:Backstep"],"picked":"champ:ViciousMockery","floor":5.0},{"not_picked":["champ:BladeFlurry","champ:Shatter","champ:AdrenalArmor"],"picked":"SKIP","floor":6.0},{"not_picked":["champ:ShieldThrow+1","champ:GladiatorsShout"],"picked":"champ:FocusedDefense","floor":9.0},{"not_picked":["champ:PerfectedStrike+1","champ:BerserkersShout"],"picked":"champ:FocusedDefense","floor":10.0},{"not_picked":["champ:Circumvent+1","champ:FocusedBerserking+1"],"picked":"champ:RageSigil+1","floor":11.0},{"not_picked":["champ:BladeFlurry+1","champ:EndlessRage"],"picked":"champ:CalledShot","floor":12.0},{"not_picked":["champ:FlashCut+1","champ:GutPunch+1","champ:CrookedStrike+1"],"picked":"SKIP","floor":14.0},{"not_picked":["champ:EndlessRage","champ:GladiatorStyle","champ:Backstep+1"],"picked":"SKIP","floor":15.0},{"not_picked":["champ:MurderStrike+1","champ:LastStand"],"picked":"champ:HoldFirm+1","floor":16.0},{"not_picked":["champ:AdrenalArmor+1","champ:RecklessLeap+1"],"picked":"champ:ShieldWall","floor":19.0},{"not_picked":["champ:EnragedBash+1","champ:HoldFirm+1"],"picked":"champ:FocusedDefense+1","floor":21.0},{"not_picked":["champ:BladeFlurry+1","champ:AdrenalArmor+1"],"picked":"champ:Backstep+1","floor":22.0},{"not_picked":["champ:PerfectedStrike+1","champ:BerserkerStyle"],"picked":"champ:RageSigil+1","floor":25.0},{"not_picked":["champ:FocusedGladiator+1","champ:AdrenalArmor+1","champ:FanOfKnives+1"],"picked":"SKIP","floor":26.0},{"not_picked":["champ:Backstep+1","champ:LastStand"],"picked":"champ:ViciousMockery+1","floor":27.0},{"not_picked":["champ:FocusedGladiator+1","champ:AdrenalArmor+1"],"picked":"champ:Circumvent+1","floor":30.0},{"not_picked":["champ:FocusedBerserking+1","champ:FocusedGladiator+1","champ:Backstep+1"],"picked":"SKIP","floor":31.0},{"not_picked":["champ:Backstep+1","champ:FanOfKnives+1"],"picked":"champ:ShieldSigil+1","floor":32.0},{"not_picked":["champ:EndlessRage+1","champ:Riposte+1"],"picked":"champ:RageSigil+1","floor":36.0},{"not_picked":["champ:ShieldSigil+1","champ:RageSigil+1"],"picked":"champ:IgnorePain+1","floor":37.0},{"not_picked":["expansioncontent:SlimeTackle+1","expansioncontent:SuperHexaguard+1"],"picked":"expansioncontent:DecasProtection+1","floor":42.0},{"not_picked":["champ:HeartStrike+1","champ:FocusedGladiator+1","champ:FanOfKnives+1"],"picked":"SKIP","floor":43.0},{"not_picked":["champ:RageSigil+1","champ:EnragedBash+1","champ:Aggression+1"],"picked":"SKIP","floor":46.0},{"not_picked":["champ:Circumvent+1","champ:BringItOn+1"],"picked":"champ:DefensiveShout+1","floor":48.0},{"not_picked":["champ:Backstep+1","champ:ShieldSigil+1","champ:CalledShot"],"picked":"SKIP","floor":49.0},{"not_picked":["champ:EndlessRage+1","champ:EnragedBash+1","champ:FocusedBerserking+1"],"picked":"SKIP","floor":52}],"player_experience":308412,"relics_obtained":[{"floor":7.0,"key":"Molten Egg 2"},{"floor":9.0,"key":"StrikeDummy"},{"floor":24.0,"key":"Bottled Flame"},{"floor":27.0,"key":"Omamori"},{"floor":34.0,"key":"Toy Ornithopter"},{"floor":34.0,"key":"Gremlin Horn"},{"floor":34.0,"key":"Gambling Chip"},{"floor":38.0,"key":"Mango"},{"floor":39.0,"key":"Calipers"},{"floor":44.0,"key":"InkBottle"},{"floor":52,"key":"Art of War"}],"event_choices":[{"damage_healed":0.0,"max_hp_gain":0.0,"max_hp_loss":0.0,"gold_gain":0.0,"event_name":"Upgrade Shrine","player_choice":"Upgraded","floor":4.0,"gold_loss":0.0,"damage_taken":0.0,"cards_upgraded":["champ:Devastate"]}],"is_beta":false,"boss_relics":[{"not_picked":["champ:ChampionCrownUpgraded","Philosopher\u0027s Stone"],"picked":"Sozu"},{"not_picked":["Busted Crown","Tiny House"],"picked":"Calling Bell"}],"items_purged_floors":[6,10,37,43],"is_endless":false,"potions_floor_spawned":[2,11,15,16,19,26,30,31,32,46,48,49],"ascension_level":0}}