{"host":"9b7hrp48q3pna783","time":1609922957,"event":{"mods":["BaseMod","Colored Map","Colored Powertips","Highlight Path","Minty Spire (QoL Compilation)","Relic Stats"],"gold_per_floor":[109,127,202,221,237,262,136,136,205,55,55,87,87,102,102,206,206,174,190,115,115,115,148,160,172,184,230,72,86,103,103,103,103,103],"floor_reached":33,"playtime":1554,"items_purged":["Strike_G","Strike_G"],"score":411,"play_id":"8bc76d5f-1961-4208-abdf-2113a315755a","local_time":"20210106034917","is_ascension_mode":true,"campfire_choices":[{"data":"Accuracy","floor":8,"key":"SMITH"},{"data":"After Image","floor":11,"key":"SMITH"},{"data":"Cloak And Dagger","floor":15,"key":"SMITH"},{"data":"Dramatic Entrance","floor":24,"key":"SMITH"},{"floor":32,"key":"RECALL"}],"circlet_count":0,"master_deck":["Strike_G","Strike_G","Defend_G","Defend_G","Defend_G","Defend_G","Defend_G","Survivor","Neutralize","Dramatic Entrance+1","Prepared","Acrobatics","Cloak And Dagger+1","Accuracy+1","Blade Dance","After Image+1","Deadly Poison","Acrobatics+1","Ghostly","Ghostly","Ghostly","Ghostly","Ghostly","J.A.X.","Cloak And Dagger+1","Accuracy","Acrobatics+1","Backstab"],"relics":["Ring of the Snake","Thread and Needle","Vajra","Orichalcum","Black Star","Tiny Chest","MawBank","Bottled Tornado","Centennial Puzzle","Bag of Preparation"],"acts_visited":["Exordium","TheCity"],"potions_floor_usage":[6,6,16,18,33,33],"damage_taken":[{"damage":0,"enemies":"2 Louse","floor":1,"turns":2},{"damage":0,"enemies":"Small Slimes","floor":2,"turns":3},{"damage":0,"enemies":"Jaw Worm","floor":4,"turns":5},{"damage":0,"enemies":"Lots of Slimes","floor":5,"turns":2},{"damage":21,"enemies":"3 Sentries","floor":6,"turns":9},{"damage":0,"enemies":"Lagavulin","floor":12,"turns":7},{"damage":0,"enemies":"Exordium Thugs","floor":14,"turns":4},{"damage":2,"enemies":"Slime Boss","floor":16,"turns":7},{"damage":4,"enemies":"2 Thieves","floor":18,"turns":5},{"damage":0,"enemies":"Chosen","floor":19,"turns":5},{"damage":3,"enemies":"Book of Stabbing","floor":23,"turns":5},{"damage":2,"enemies":"Gremlin Leader","floor":27,"turns":7},{"damage":1,"enemies":"Snake Plant","floor":29,"turns":4},{"damage":0,"enemies":"Snecko","floor":30,"turns":5},{"damage":34,"enemies":"Collector","floor":33,"turns":5}],"seed_played":"-7006712625720721820","potions_obtained":[{"floor":1,"key":"FearPotion"},{"floor":4,"key":"Fire Potion"},{"floor":6,"key":"Swift Potion"},{"floor":12,"key":"SneckoOil"},{"floor":23,"key":"Strength Potion"},{"floor":27,"key":"Regen Potion"},{"floor":29,"key":"Swift Potion"}],"is_trial":false,"path_per_floor":["M","M","?","M","M","E","$","R","T","$","R","E","?","M","R","B",null,"M","M","?","?","?","E","R","?","T","E","$","M","M","$","R","B"],"character_chosen":"THE_SILENT","items_purchased":["Blade Dance","After Image","Accuracy"],"campfire_rested":0,"item_purchase_floors":[7,10,28],"current_hp_per_floor":[70,70,59,59,59,38,38,38,38,38,38,38,38,38,38,36,70,66,66,66,35,35,32,32,32,32,30,30,29,29,29,29,0,0],"gold":103,"neow_bonus":"RANDOM_COLORLESS","is_daily":false,"chose_seed":false,"campfire_upgraded":4,"win_rate":0.0,"timestamp":1609922957,"path_taken":["M","M","?","M","M","E","$","R","T","$","R","E","?","M","R","BOSS","M","M","?","?","?","E","R","?","T","E","$","M","?","?","R","BOSS"],"items_purchased_type":["Card","Card","Card"],"build_version":"2020-12-22","purchased_purges":2,"victory":false,"max_hp_per_floor":[70,70,70,70,70,70,70,70,70,70,70,70,70,70,70,70,70,70,70,70,35,35,35,35,35,35,35,35,35,35,35,35,35,35],"relic_stats":{"Centennial Puzzle":[6],"counters":[15,75],"Tiny Chest":0,"Black Star":2,"Bag of Preparation":[6],"Orichalcum":[0],"MawBank":60,"obtain_stats":[{"Centennial Puzzle":27,"Vajra":12,"Thread and Needle":6,"Tiny Chest":23,"Black Star":17,"Bag of Preparation":27,"Orichalcum":13,"Bottled Tornado":26,"MawBank":23,"Ring of the Snake":0},{"Centennial Puzzle":12,"Vajra":6,"Thread and Needle":5,"Tiny Chest":11,"Black Star":8,"Bag of Preparation":12,"Orichalcum":6,"Bottled Tornado":11,"MawBank":11,"Ring of the Snake":0},{"Centennial Puzzle":61,"Vajra":28,"Thread and Needle":21,"Tiny Chest":54,"Black Star":39,"Bag of Preparation":61,"Orichalcum":28,"Bottled Tornado":54,"MawBank":54,"Ring of the Snake":0}],"Ring of the Snake":[30]},"card_choices":[{"not_picked":["Madness","Discovery"],"picked":"Dramatic Entrance","floor":0},{"not_picked":["Sucker Punch","Outmaneuver"],"picked":"Prepared","floor":1},{"not_picked":["Outmaneuver","Flechettes"],"picked":"Acrobatics","floor":2},{"not_picked":["Masterful Stab","Acrobatics"],"picked":"Cloak And Dagger","floor":4},{"not_picked":["Skewer","Eviscerate","Catalyst"],"picked":"SKIP","floor":5},{"not_picked":["Blur","Predator"],"picked":"Accuracy","floor":6},{"not_picked":["Poisoned Stab","Dagger Throw"],"picked":"Deadly Poison","floor":12},{"not_picked":["PiercingWail","Cloak And Dagger","Dagger Throw"],"picked":"SKIP","floor":14},{"not_picked":["Eviscerate","Quick Slash","Outmaneuver"],"picked":"SKIP","floor":18},{"not_picked":["Slice+1","Quick Slash"],"picked":"Acrobatics+1","floor":19},{"not_picked":["Underhanded Strike+1","Bane"],"picked":"Cloak And Dagger+1","floor":23},{"not_picked":["Poisoned Stab+1","Underhanded Strike","Skewer"],"picked":"SKIP","floor":27},{"not_picked":["Sucker Punch+1","Die Die Die"],"picked":"Acrobatics+1","floor":29},{"not_picked":["PiercingWail","Skewer"],"picked":"Backstab","floor":30}],"player_experience":72616,"relics_obtained":[{"floor":6,"key":"Thread and Needle"},{"floor":12,"key":"Vajra"},{"floor":23,"key":"Tiny Chest"},{"floor":23,"key":"MawBank"},{"floor":26,"key":"Bottled Tornado"},{"floor":27,"key":"Centennial Puzzle"},{"floor":27,"key":"Bag of Preparation"}],"event_choices":[{"damage_healed":0,"gold_gain":75,"player_choice":"Gather Gold","damage_taken":11,"max_hp_gain":0,"max_hp_loss":0,"event_name":"World of Goop","floor":3,"gold_loss":0},{"damage_healed":0,"gold_gain":0,"player_choice":"Searched \u00272\u0027 times","damage_taken":0,"relics_obtained":["Orichalcum"],"max_hp_gain":0,"max_hp_loss":0,"event_name":"Dead Adventurer","floor":13,"gold_loss":0},{"cards_removed":["Strike_G"],"damage_healed":0,"gold_gain":0,"player_choice":"Gave Gold","damage_taken":0,"max_hp_gain":0,"max_hp_loss":0,"event_name":"Beggar","floor":20,"gold_loss":75},{"damage_healed":0,"gold_gain":0,"player_choice":"Became a Ghost","damage_taken":0,"max_hp_gain":0,"max_hp_loss":35,"event_name":"Ghosts","floor":21,"gold_loss":0,"cards_obtained":["Ghostly","Ghostly","Ghostly","Ghostly","Ghostly"]},{"damage_healed":0,"gold_gain":0,"player_choice":"Obtain J.A.X.","damage_taken":0,"max_hp_gain":0,"max_hp_loss":0,"event_name":"Drug Dealer","floor":22,"gold_loss":0,"cards_obtained":["J.A.X."]},{"damage_healed":0,"gold_gain":0,"player_choice":"Ignored","damage_taken":0,"max_hp_gain":0,"max_hp_loss":0,"event_name":"Vampires","floor":25,"gold_loss":0}],"is_beta":false,"boss_relics":[{"not_picked":["Empty Cage","Fusion Hammer"],"picked":"Black Star"}],"items_purged_floors":[7,28],"is_endless":false,"potions_floor_spawned":[1,4,6,12,23,27,29],"killed_by":"Collector","ascension_level":1}}