{"host":"a57dg01iph8b33mr","time":1609958848,"event":{"mods":["AchievementEnabler","Act Like it!","Astrologer","BaseMod","Better Altar","Better Match","Better Note","Better Sensory Stone","Better Skull","Better Third Choice","Colored Map","Colored Powertips","Conspire","Defective Defect","Downfall","Gensokyo","Halation","Hallownest","Hermit","Highlight Path","Hubris","Infinite Spire","Lobotomy","Marisa????????","Minty Spire (QoL Compilation)","Quick Restart","Replay The Spire","Shade Mod","StSLib","The Animator","The Bladedancer","The Cursed","The Disciple","The Forsaken","The Gatherer","The Hayseed","The Hierophant","The Jungle","The Marked","The Necromancer","The Runesmith","The Servant 0.9.4","TheArtist","Wandering Minibosses","everything is the same but u backflip on backflip","slay the spire mod where everything is the same but ironclad has a cowboy hat"],"gold_per_floor":[116,116,116,130,130,130,151,151,151,151,175,214,228,228,228,228],"floor_reached":15,"playtime":1034,"items_purged":[],"score":102,"play_id":"2bbe06ca-ce05-4c37-8c7d-de1624db5f52","local_time":"20210106134728","is_ascension_mode":true,"campfire_choices":[{"floor":8,"key":"REST"},{"floor":14,"key":"REST"}],"circlet_count":0,"master_deck":["Strike_G","Strike_G","Strike_G","Strike_G","Strike_G","Defend_G","Defend_G","Defend_G","Defend_G","Defend_G","Survivor","Neutralize+1","Blade Dance","Injury","Well Laid Plans","Bane","Flying Knee","Backflip"],"relics":["Ring of the Snake","Golden Idol","halation:StarCompass","hubris:DisguiseKit"],"acts_visited":["Exordium"],"potions_floor_usage":[13,13],"damage_taken":[{"damage":11,"enemies":"Jaw Worm","floor":1,"turns":4},{"damage":13,"enemies":"conspire:RoseBush","floor":4,"turns":3},{"damage":0,"enemies":"Cultist","floor":7,"turns":4},{"damage":40,"enemies":"Lagavulin","floor":12,"turns":8},{"damage":10,"enemies":"Exordium Wildlife","floor":13,"turns":5},{"damage":0,"enemies":"Replay:BlueRogue","floor":15,"turns":1}],"seed_played":"7116020950595637937","potions_obtained":[{"floor":10,"key":"conspire:TimeTravelPotion"},{"floor":10,"key":"LifebloodPotion"},{"floor":10,"key":"sneckomod:MuddlingPotion"}],"is_trial":false,"path_per_floor":["M","?","?","M","PTL","PTL","M","R","?","?","T","E","M","R","E"],"character_chosen":"THE_SILENT","items_purchased":[],"campfire_rested":2,"item_purchase_floors":[],"current_hp_per_floor":[59,59,64,51,51,51,51,73,73,73,73,33,23,45,45,45],"gold":228,"neow_bonus":"UPGRADE_CARD","is_daily":false,"chose_seed":false,"campfire_upgraded":0,"win_rate":0.0,"timestamp":1609958848,"path_taken":["M","?","?","M","PTL","PTL","M","R","?","?","T","E","M","R","E"],"items_purchased_type":[],"build_version":"2020-12-22","purchased_purges":0,"victory":false,"max_hp_per_floor":[70,70,75,75,75,75,75,75,75,75,75,75,75,75,75,75],"card_choices":[{"not_picked":["Dagger Throw","Deadly Poison"],"picked":"Blade Dance","floor":1},{"not_picked":["Blade Dance","Hidden Blade"],"picked":"Well Laid Plans","floor":4},{"not_picked":["Blade Dance","Underhanded Strike"],"picked":"Bane","floor":7},{"not_picked":["Tools of the Trade","All Out Attack"],"picked":"Flying Knee","floor":12},{"not_picked":["Poisoned Stab","ReplayTheSpireMod:Shiv Toss","champ:GladiatorsShout"],"picked":"Backflip","floor":13}],"player_experience":153447,"relics_obtained":[{"floor":12,"key":"hubris:DisguiseKit"}],"event_choices":[{"damage_healed":0,"gold_gain":0,"player_choice":"Take Wound","damage_taken":0,"relics_obtained":["Golden Idol"],"max_hp_gain":0,"max_hp_loss":0,"event_name":"Golden Idol","floor":2,"gold_loss":0,"cards_obtained":["Injury"]},{"damage_healed":0,"gold_gain":0,"player_choice":"Donut","damage_taken":0,"max_hp_gain":5,"max_hp_loss":0,"event_name":"Big Fish","floor":3,"gold_loss":0},{"damage_healed":0,"gold_gain":0,"player_choice":"Got Potions","damage_taken":0,"max_hp_gain":0,"max_hp_loss":0,"event_name":"Lab","floor":10,"gold_loss":0}],"is_beta":false,"boss_relics":[],"items_purged_floors":[],"is_endless":false,"potions_floor_spawned":[12,13],"killed_by":"Replay:BlueRogue","ascension_level":2}}