{"host":"qmufev141yub3yf0","time":1609943656,"event":{"mods":["BaseMod","Minty Spire (QoL Compilation)","Quick Restart","StSLib","SuperFastMode"],"gold_per_floor":[115,40,40,40,40,78,78,78,78,91,106,106,146,161,161,161,161],"floor_reached":16,"playtime":372,"items_purged":["Strike_R"],"score":153,"play_id":"f122330e-6874-4ced-9fed-24fec62a0b7b","local_time":"20210106223416","is_ascension_mode":true,"campfire_choices":[{"data":"Cleave","floor":8,"key":"SMITH"},{"floor":12,"key":"REST"},{"data":"Power Through","floor":15,"key":"SMITH"}],"circlet_count":0,"master_deck":["Strike_R","Strike_R","Defend_R","Defend_R","Defend_R","Defend_R","Bash","Cleave+1","Cleave","Power Through+1","Reckless Charge"],"relics":["Burning Blood","NeowsBlessing","Golden Idol","Eternal Feather","Darkstone Periapt","Art of War","Anchor"],"acts_visited":["Exordium"],"potions_floor_usage":[13,16,16],"damage_taken":[{"damage":0,"enemies":"2 Louse","floor":1,"turns":1},{"damage":0,"enemies":"Gremlin Nob","floor":6,"turns":1},{"damage":2,"enemies":"Small Slimes","floor":10,"turns":2},{"damage":19,"enemies":"Jaw Worm","floor":11,"turns":4},{"damage":27,"enemies":"Lagavulin","floor":13,"turns":6},{"damage":1,"enemies":"Exordium Thugs","floor":14,"turns":3},{"damage":69,"enemies":"The Guardian","floor":16,"turns":11}],"seed_played":"3876995572824255764","potions_obtained":[{"floor":1,"key":"Energy Potion"},{"floor":10,"key":"PowerPotion"},{"floor":13,"key":"LiquidMemories"}],"is_trial":false,"path_per_floor":["M","$","?","?","?","E","?","R","T","M","M","R","E","M","R","B"],"character_chosen":"IRONCLAD","items_purchased":[],"campfire_rested":1,"item_purchase_floors":[],"current_hp_per_floor":[80,80,80,60,53,59,56,59,59,63,50,77,56,61,67,0,0],"gold":161,"neow_bonus":"THREE_ENEMY_KILL","is_daily":false,"chose_seed":false,"campfire_upgraded":2,"win_rate":0.0,"timestamp":1609943656,"path_taken":["M","$","?","?","?","E","?","R","T","M","?","R","E","M","R","BOSS"],"items_purchased_type":[],"build_version":"2020-12-22","purchased_purges":1,"victory":false,"max_hp_per_floor":[80,80,80,80,80,80,80,80,80,80,80,80,80,80,80,80,80],"card_choices":[{"not_picked":["Clash","Rampage","Carnage"],"picked":"SKIP","floor":1},{"not_picked":["Bloodletting","Reaper"],"picked":"Cleave","floor":6},{"not_picked":["Havoc","Sword Boomerang","Clash"],"picked":"SKIP","floor":10},{"not_picked":["Bloodletting","Evolve"],"picked":"Cleave","floor":11},{"not_picked":["Perfected Strike","Flame Barrier"],"picked":"Power Through","floor":13},{"not_picked":["True Grit","Shockwave"],"picked":"Reckless Charge","floor":14}],"player_experience":235440,"relics_obtained":[{"floor":6,"key":"Eternal Feather"},{"floor":9,"key":"Art of War"},{"floor":13,"key":"Anchor"}],"event_choices":[{"cards_removed":["Strike_R"],"damage_healed":0,"gold_gain":0,"player_choice":"Forget","damage_taken":0,"max_hp_gain":0,"max_hp_loss":0,"event_name":"Living Wall","floor":3,"gold_loss":0},{"damage_healed":0,"gold_gain":0,"player_choice":"Take Damage","damage_taken":20,"relics_obtained":["Golden Idol"],"max_hp_gain":0,"max_hp_loss":0,"event_name":"Golden Idol","floor":4,"gold_loss":0},{"cards_removed":["Strike_R"],"damage_healed":0,"gold_gain":0,"player_choice":"Card Removal","damage_taken":7,"max_hp_gain":0,"max_hp_loss":0,"event_name":"Golden Wing","floor":5,"gold_loss":0},{"damage_healed":0,"gold_gain":0,"player_choice":"Success","damage_taken":3,"relics_obtained":["Darkstone Periapt"],"max_hp_gain":0,"max_hp_loss":0,"event_name":"Scrap Ooze","floor":7,"gold_loss":0}],"is_beta":false,"boss_relics":[],"items_purged_floors":[2],"is_endless":false,"potions_floor_spawned":[1,10,13],"killed_by":"The Guardian","ascension_level":3}}