{"host":"og6lam4kt3nibbw0","time":1609954041,"event":{"mods":["AchievementEnabler","BaseMod","Colored Map","DeckTracker","Highlight Path","Keyboard Shortcuts","Minty Spire (QoL Compilation)","Permanent Neow","Quick Restart","StSLib","SuperFastMode"],"gold_per_floor":[118,65,65,82,7,37,37,37,61,86,116,132,167,3,3,78,78,88,99,99,109,9,9,9,40,40,40,60,60,83,101,101,101,101],"floor_reached":33,"playtime":1501,"items_purged":["Defend_B","Strike_B"],"score":612,"play_id":"fe2f40ca-caa5-43ce-8966-67f924ffab33","local_time":"20210107022721","is_ascension_mode":true,"campfire_choices":[{"data":"Sunder","floor":7.0,"key":"SMITH"},{"data":"Reprogram","floor":15.0,"key":"SMITH"},{"floor":23.0,"key":"REST"},{"floor":27.0,"key":"REST"},{"floor":32.0,"key":"REST"}],"circlet_count":0,"master_deck":["AscendersBane","Strike_B","Strike_B","Defend_B","Defend_B+1","Zap+1","Reprogram+1","Go for the Eyes","Conserve Battery","Sunder+1","Leap+1","Hologram+1","Melter","Trip+1","Creative AI","Rip and Tear","White Noise+1","Leap+1","Hologram+1","FTL","Beam Cell"],"relics":["Cracked Core","NeowsBlessing","Toxic Egg 2","Happy Flower","Bag of Marbles","War Paint","MealTicket","Empty Cage","Bag of Preparation","Kunai","Oddly Smooth Stone"],"acts_visited":["TheCity"],"potions_floor_usage":[],"damage_taken":[{"damage":0.0,"enemies":"Jaw Worm","floor":1.0,"turns":1.0},{"damage":0.0,"enemies":"2 Louse","floor":4.0,"turns":1.0},{"damage":0.0,"enemies":"3 Sentries","floor":6.0,"turns":1.0},{"damage":17.0,"enemies":"Gremlin Nob","floor":11.0,"turns":4.0},{"damage":0.0,"enemies":"Cultist","floor":12.0,"turns":2.0},{"damage":18.0,"enemies":"Lagavulin","floor":13.0,"turns":6.0},{"damage":42.0,"enemies":"The Guardian","floor":16.0,"turns":10.0},{"damage":0.0,"enemies":"Spheric Guardian","floor":18.0,"turns":3.0},{"damage":27.0,"enemies":"2 Thieves","floor":19.0,"turns":3.0},{"damage":13.0,"enemies":"Centurion and Healer","floor":21.0,"turns":5.0},{"damage":45.0,"enemies":"Gremlin Leader","floor":25.0,"turns":6.0},{"damage":3.0,"enemies":"Snake Plant","floor":28.0,"turns":5.0},{"damage":25.0,"enemies":"Cultist and Chosen","floor":31.0,"turns":7.0},{"damage":39,"enemies":"Automaton","floor":33,"turns":6}],"seed_played":"3993151250941670185","potions_obtained":[{"floor":1.0,"key":"LiquidBronze"},{"floor":6.0,"key":"LiquidBronze"},{"floor":13.0,"key":"Fruit Juice"},{"floor":19.0,"key":"EssenceOfSteel"},{"floor":25.0,"key":"Regen Potion"}],"is_trial":false,"path_per_floor":["M","$","?","M","$","E","R","?","T","T","E","M","E","$","R","B",null,"M","M","?","M","$","R","?","E","T","R","M","?","T","M","R","B"],"character_chosen":"DEFECT","items_purchased":["Go for the Eyes","Sunder","Trip+1"],"campfire_rested":3,"item_purchase_floors":[2,5,14],"current_hp_per_floor":[64,64,64,64,64,64,64,69,69,69,52,52,39,54,54,12,64,64,37,37,24,39,63,63,18,18,42,39,16,16,6,31,0,0],"gold":101,"neow_bonus":"THREE_ENEMY_KILL","is_daily":false,"chose_seed":false,"campfire_upgraded":2,"win_rate":0.0,"timestamp":1609954041,"path_taken":["M","$","?","M","$","E","R","?","T","?","E","?","E","?","R","BOSS","M","M","?","M","$","R","?","E","T","R","M","?","?","M","R","BOSS"],"items_purchased_type":["Card","Card","Card"],"build_version":"2020-12-22","purchased_purges":2,"victory":false,"max_hp_per_floor":[71,71,71,71,71,71,71,76,76,76,76,76,81,81,81,81,81,81,81,81,81,81,81,81,81,81,81,81,86,86,86,86,86,86],"card_choices":[{"not_picked":["Turbo","Scrape"],"picked":"Reprogram","floor":1.0},{"not_picked":["Coolheaded","Redo"],"picked":"Conserve Battery","floor":4.0},{"not_picked":["Buffer","Barrage"],"picked":"Leap+1","floor":6.0},{"not_picked":["Reinforced Body+1","Compile Driver"],"picked":"Hologram+1","floor":11.0},{"not_picked":["Barrage","Streamline","Conserve Battery+1"],"picked":"SKIP","floor":12.0},{"not_picked":["Compile Driver","Defragment"],"picked":"Melter","floor":13.0},{"not_picked":["Meteor Strike","Core Surge"],"picked":"Creative AI","floor":16.0},{"not_picked":["Force Field+1","Gash"],"picked":"Rip and Tear","floor":18.0},{"not_picked":["Go for the Eyes","Darkness+1"],"picked":"White Noise+1","floor":19.0},{"not_picked":["Streamline","Redo+1"],"picked":"Leap+1","floor":21.0},{"not_picked":["Streamline","Coolheaded+1"],"picked":"Hologram+1","floor":25.0},{"not_picked":["Loop","Redo+1"],"picked":"FTL","floor":28.0},{"not_picked":["Redo+1","Cold Snap"],"picked":"Beam Cell","floor":31.0}],"player_experience":820371,"relics_obtained":[{"floor":6.0,"key":"Toxic Egg 2"},{"floor":9.0,"key":"Happy Flower"},{"floor":10.0,"key":"Bag of Marbles"},{"floor":11.0,"key":"War Paint"},{"floor":13.0,"key":"MealTicket"},{"floor":25.0,"key":"Bag of Preparation"},{"floor":26.0,"key":"Kunai"},{"floor":30.0,"key":"Oddly Smooth Stone"}],"event_choices":[{"damage_healed":0.0,"max_hp_gain":0.0,"max_hp_loss":0.0,"gold_gain":0.0,"event_name":"Shining Light","player_choice":"Ignored","floor":3.0,"gold_loss":0.0,"damage_taken":0.0},{"damage_healed":0.0,"max_hp_gain":5.0,"max_hp_loss":0.0,"gold_gain":0.0,"event_name":"Big Fish","player_choice":"Donut","floor":8.0,"gold_loss":0.0,"damage_taken":0.0},{"damage_healed":0.0,"max_hp_gain":0.0,"max_hp_loss":0.0,"gold_gain":0.0,"event_name":"Vampires","player_choice":"Ignored","floor":20.0,"gold_loss":0.0,"damage_taken":0.0},{"cards_removed":["Dualcast"],"damage_healed":0.0,"max_hp_gain":0.0,"max_hp_loss":0.0,"gold_gain":0.0,"event_name":"Back to Basics","player_choice":"Elegance","floor":24.0,"gold_loss":0.0,"damage_taken":0.0},{"damage_healed":0.0,"max_hp_gain":5.0,"max_hp_loss":0.0,"gold_gain":0.0,"event_name":"Forgotten Altar","player_choice":"Shed Blood","floor":29.0,"gold_loss":0.0,"damage_taken":28.0}],"is_beta":false,"boss_relics":[{"not_picked":["Runic Dome","Astrolabe"],"picked":"Empty Cage"}],"items_purged_floors":[14,22],"is_endless":false,"potions_floor_spawned":[1,6,13,19,25],"killed_by":"Automaton","ascension_level":20}}