{"host":"8p20qbbyxti0ato4","time":1609944078,"event":{"mods":["AchievementEnabler","BaseMod","BetterRewards","Colored Map","Colored Powertips","Downfall","Highlight Path","Hubris","Infinite Spire","Minty Spire (QoL Compilation)","Replay The Spire","StSLib"],"gold_per_floor":[112,131,231,245,245,277,277,277,277,277,296,331,348,371,371,379,379],"floor_reached":16,"playtime":9378,"items_purged":[],"score":112,"play_id":"16f2f463-cd6b-466d-a02c-6d864f9d746f","local_time":"20210106144118","is_ascension_mode":false,"campfire_choices":[{"floor":7,"key":"REST"},{"data":"Zap","floor":10,"key":"SMITH"},{"floor":15,"key":"REST"}],"circlet_count":0,"master_deck":["Strike_B","Strike_B","Strike_B","Strike_B","Defend_B","Defend_B","Defend_B","Defend_B","Zap+1","Dualcast","ReplayTheSpireMod:GoodbyeWorld","Crystallizer"],"relics":["Cracked Core","NeowsBlessing","Replay:Wax Seal","infinitespire:Midas Blood","Replay:Antivirus Software"],"acts_visited":["Exordium"],"potions_floor_usage":[12,13,16],"damage_taken":[{"damage":0,"enemies":"Jaw Worm","floor":1,"turns":1},{"damage":0,"enemies":"Cultist","floor":2,"turns":1},{"damage":0,"enemies":"2 Louse","floor":4,"turns":1},{"damage":48,"enemies":"Gremlin Nob","floor":6,"turns":5},{"damage":8,"enemies":"Red Slaver","floor":11,"turns":3},{"damage":29,"enemies":"3 Sentries","floor":12,"turns":8},{"damage":9,"enemies":"Gremlin Gang","floor":13,"turns":5},{"damage":2,"enemies":"3 Louse","floor":14,"turns":4},{"damage":47,"enemies":"Slime Boss","floor":16,"turns":8}],"seed_played":"7972406401860308091","potions_obtained":[{"floor":4,"key":"Regen Potion"},{"floor":6,"key":"Fire Potion"},{"floor":11,"key":"champ:CounterPotion"},{"floor":14,"key":"Fire Potion"}],"is_trial":false,"path_per_floor":["M","M","?","M","$","E","R","$","T","R","M","E","M","M","R","B"],"character_chosen":"DEFECT","items_purchased":[],"campfire_rested":2,"item_purchase_floors":[],"current_hp_per_floor":[75,75,75,75,75,27,49,49,49,49,41,27,18,16,38,0,0],"gold":379,"neow_bonus":"THREE_ENEMY_KILL","is_daily":false,"chose_seed":false,"campfire_upgraded":1,"win_rate":0.0,"timestamp":1609944078,"path_taken":["M","M","?","?","$","E","R","?","T","R","?","E","M","M","R","BOSS"],"items_purchased_type":[],"build_version":"2020-12-22","purchased_purges":0,"victory":false,"max_hp_per_floor":[75,75,75,75,75,75,75,75,75,75,75,75,75,75,75,75,75],"card_choices":[{"not_picked":["Redo","Panic Button","Steam"],"picked":"SKIP","floor":1},{"not_picked":["Streamline","ReplaySolidLightProjector","Stack"],"picked":"SKIP","floor":2},{"not_picked":["Reprogram","Streamline","Panic Button"],"picked":"SKIP","floor":4},{"not_picked":["Leap","Double Energy","Compile Driver"],"picked":"SKIP","floor":6},{"not_picked":["Steam","Streamline","hubris:Prefetch"],"picked":"SKIP","floor":11},{"not_picked":["Beam Cell","Glacier"],"picked":"ReplayTheSpireMod:GoodbyeWorld","floor":12},{"not_picked":["Turbo","Barrage","Time Bomb"],"picked":"SKIP","floor":13},{"not_picked":["Leap","Turbo"],"picked":"Crystallizer","floor":14}],"player_experience":169931,"relics_obtained":[{"floor":6,"key":"Replay:Wax Seal"},{"floor":9,"key":"infinitespire:Midas Blood"},{"floor":12,"key":"Replay:Antivirus Software"}],"event_choices":[{"damage_healed":0,"gold_gain":100,"player_choice":"Pray","damage_taken":0,"max_hp_gain":0,"max_hp_loss":0,"event_name":"Golden Shrine","floor":3,"gold_loss":0}],"is_beta":false,"boss_relics":[],"items_purged_floors":[],"is_endless":false,"potions_floor_spawned":[4,6,11,14],"killed_by":"Slime Boss","ascension_level":0}}