{"host":"a7dhdzm3fda48fos","time":1609964932,"event":{"mods":["AchievementEnabler","AlwaysNeverKeys","BaseMod","Better Altar","Better Note","Better Sensory Stone","Better Skull","Better Third Choice","BetterRewards","Block Reminder","Colored Map","Displayed Cursed Tome","Gold Saver","Minty Spire (QoL Compilation)","Quick Restart","Relic Filter","Relic Sorter","Relic Stats","Remove Card Discount Mod","Shop Mod","Spicy Shops","StSLib"],"gold_per_floor":[1193,1047,1017,1029,1029,1029,1042,1042,1042,476,492,503,58,58,58,162,162,173,19,19,35,52,8,8,8],"floor_reached":24,"playtime":1315,"items_purged":["Barrage"],"score":315,"play_id":"d9b43147-b9ff-4346-a743-1a1f99429f12","local_time":"20210106212852","is_ascension_mode":true,"campfire_choices":[{"data":"Echo Form","floor":6,"key":"SMITH"},{"data":"Machine Learning","floor":8,"key":"SMITH"},{"floor":15,"key":"REST"}],"circlet_count":0,"master_deck":["Strike_B","Strike_B","Strike_B","Strike_B","Defend_B","Defend_B","Defend_B","Defend_B","Zap","Dualcast","Storm","Machine Learning+1","Gash","Echo Form+1","Compile Driver","Static Discharge","Gash","Ball Lightning","Self Repair","Sadistic Nature","Streamline","Genetic Algorithm","Defragment","Core Surge","Echo Form","Rebound+1","Reinforced Body","Finesse"],"relics":["Cracked Core","betterThird:SlimedRelic","Kunai","WingedGreaves","MerchantsRug","Darkstone Periapt","Nunchaku","Ice Cream","Pocketwatch","Busted Crown","Membership Card"],"acts_visited":["Exordium","TheCity"],"potions_floor_usage":[16,16,21],"damage_taken":[{"damage":5,"enemies":"Small Slimes","floor":1,"turns":3},{"damage":16,"enemies":"2 Louse","floor":4,"turns":2},{"damage":1,"enemies":"Cultist","floor":7,"turns":3},{"damage":12,"enemies":"Lots of Slimes","floor":11,"turns":2},{"damage":34,"enemies":"Exordium Thugs","floor":12,"turns":5},{"damage":35,"enemies":"Slime Boss","floor":16,"turns":6},{"damage":16,"enemies":"Chosen","floor":18,"turns":4},{"damage":11,"enemies":"3 Byrds","floor":21,"turns":4},{"damage":26,"enemies":"3 Cultists","floor":22,"turns":5},{"damage":31,"enemies":"Masked Bandits","floor":24,"turns":2}],"seed_played":"-7765312466941972884","potions_obtained":[{"floor":1,"key":"SteroidPotion"},{"floor":4,"key":"LiquidMemories"},{"floor":11,"key":"ColorlessPotion"},{"floor":12,"key":"DistilledChaos"},{"floor":22,"key":"Energy Potion"}],"is_trial":false,"path_per_floor":["M","$","?","M","?","R","M","R","T","$","M","M","$","T","R","B",null,"M","$","?","M","M","$","?"],"character_chosen":"DEFECT","items_purchased":["MerchantsRug","Storm","Kunai","Orrery","Sadistic Nature","Nunchaku","Lee\u0027s Waffle","Ice Cream","Defragment","Membership Card","Finesse"],"campfire_rested":1,"item_purchase_floors":[0,0,0,2,10,10,10,13,13,19,23],"current_hp_per_floor":[62,62,51,35,28,28,27,27,27,82,70,43,43,43,67,39,82,73,73,57,46,27,27,0,0],"gold":8,"neow_bonus":"","is_daily":false,"chose_seed":false,"campfire_upgraded":2,"win_rate":0.0,"timestamp":1609964932,"path_taken":["M","$","?","M","?","R","?","R","T","$","M","M","$","?","R","BOSS","M","?","?","M","M","$","?"],"items_purchased_type":["Relic","Card","Relic","Relic","Card","Relic","Relic","Relic","Card","Relic","Card"],"build_version":"2020-12-22","purchased_purges":1,"victory":false,"max_hp_per_floor":[75,75,75,75,75,75,75,75,75,82,82,82,82,82,82,82,82,82,82,82,82,82,82,82,82],"relic_stats":{"Darkstone Periapt":0,"Nunchaku":[6],"Busted Crown":6,"counters":[34,132],"Kunai":[8],"obtain_stats":[{"Darkstone Periapt":9,"Ice Cream":13,"Lantern":38,"Gremlin Horn":4,"Vajra":53,"Bottled Tornado":53,"Ancient Tea Set":26,"Frozen Eye":4,"Centennial Puzzle":9,"Nunchaku":53,"Matryoshka":8,"Mummified Hand":43,"Pantograph":25,"Strawberry":44,"Tiny Chest":20,"WingedGreaves":0,"Kunai":0,"Cracked Core":0,"InkBottle":54,"MerchantsRug":4,"Lee\u0027s Waffle":10,"Pear":9,"Inserter":34,"Eternal Feather":38,"The Courier":19,"Pen Nib":41,"War Paint":26,"Question Card":39,"White Beast Statue":23,"Busted Crown":17,"Ornamental Fan":53,"Bird Faced Urn":36,"betterThird:SlimedRelic":3,"Orrery":2,"Coffee Dripper":17,"Membership Card":38,"Bottled Lightning":48,"Toy Ornithopter":6,"Unceasing Top":10,"Meat on the Bone":38,"Pocketwatch":14},{"Darkstone Periapt":27,"Ice Cream":29,"Lantern":17,"Gremlin Horn":1,"Vajra":22,"Bottled Tornado":22,"Ancient Tea Set":10,"Frozen Eye":1,"Centennial Puzzle":3,"Nunchaku":22,"Matryoshka":3,"Mummified Hand":18,"Pantograph":10,"Strawberry":18,"Tiny Chest":7,"WingedGreaves":24,"Kunai":24,"Cracked Core":0,"InkBottle":23,"MerchantsRug":1,"Lee\u0027s Waffle":27,"Pear":3,"Inserter":14,"Eternal Feather":17,"The Courier":7,"Pen Nib":18,"War Paint":10,"Question Card":17,"White Beast Statue":9,"Busted Crown":30,"Ornamental Fan":22,"Bird Faced Urn":16,"betterThird:SlimedRelic":25,"Orrery":25,"Coffee Dripper":6,"Membership Card":17,"Bottled Lightning":21,"Toy Ornithopter":3,"Unceasing Top":4,"Meat on the Bone":17,"Pocketwatch":29},{"Darkstone Periapt":104,"Ice Cream":111,"Lantern":66,"Gremlin Horn":2,"Vajra":90,"Bottled Tornado":90,"Ancient Tea Set":46,"Frozen Eye":2,"Centennial Puzzle":10,"Nunchaku":90,"Matryoshka":10,"Mummified Hand":71,"Pantograph":46,"Strawberry":71,"Tiny Chest":31,"WingedGreaves":96,"Kunai":96,"Cracked Core":0,"InkBottle":91,"MerchantsRug":2,"Lee\u0027s Waffle":104,"Pear":10,"Inserter":58,"Eternal Feather":66,"The Courier":31,"Pen Nib":71,"War Paint":46,"Question Card":66,"White Beast Statue":41,"Busted Crown":117,"Ornamental Fan":90,"Bird Faced Urn":63,"betterThird:SlimedRelic":99,"Orrery":99,"Coffee Dripper":25,"Membership Card":66,"Bottled Lightning":86,"Toy Ornithopter":10,"Unceasing Top":15,"Meat on the Bone":66,"Pocketwatch":111}],"Pocketwatch":[12]},"card_choices":[{"not_picked":["FTL","Auto Shields"],"picked":"Gash","floor":1},{"not_picked":["Steam","Stack"],"picked":"Barrage","floor":2},{"not_picked":["Tempest","Rip and Tear"],"picked":"Echo Form","floor":2},{"not_picked":["Storm","Undo"],"picked":"Compile Driver","floor":2},{"not_picked":["Steam","Auto Shields"],"picked":"Static Discharge","floor":2},{"not_picked":["BootSequence","Stack"],"picked":"Gash","floor":2},{"not_picked":["Coolheaded","Storm"],"picked":"Ball Lightning","floor":4},{"not_picked":["Coolheaded","Steam Power"],"picked":"Self Repair","floor":7},{"not_picked":["Aggregate","Capacitor"],"picked":"Streamline","floor":11},{"not_picked":["Reprogram","Go for the Eyes"],"picked":"Genetic Algorithm","floor":12},{"not_picked":["Hyperbeam","All For One"],"picked":"Core Surge","floor":16},{"not_picked":["Steam"],"picked":"SKIP","floor":18},{"not_picked":[],"picked":"Rebound+1","floor":21},{"not_picked":[],"picked":"Reinforced Body","floor":22}],"player_experience":83253,"relics_obtained":[{"floor":9,"key":"Darkstone Periapt"},{"floor":14,"key":"Pocketwatch"}],"event_choices":[{"damage_healed":0,"gold_gain":0,"player_choice":"Slimed","damage_taken":11,"max_hp_gain":0,"max_hp_loss":0,"event_name":"betterThird:BetterGoop","floor":3,"gold_loss":30},{"damage_healed":0,"gold_gain":0,"player_choice":"Damaged","damage_taken":7,"max_hp_gain":0,"max_hp_loss":0,"event_name":"Wheel of Change","floor":5,"gold_loss":0},{"damage_healed":0,"gold_gain":2,"player_choice":"2","damage_taken":0,"max_hp_gain":0,"max_hp_loss":16,"event_name":"betterStone:BetterStone","floor":20,"gold_loss":0},{"damage_healed":0,"gold_gain":0,"player_choice":"Fought Bandits","damage_taken":0,"max_hp_gain":0,"max_hp_loss":0,"event_name":"Masked Bandits","floor":24,"gold_loss":0}],"is_beta":false,"boss_relics":[{"not_picked":["Cursed Key","Runic Dome"],"picked":"Busted Crown"}],"items_purged_floors":[2],"is_endless":false,"potions_floor_spawned":[1,4,11,12,22],"killed_by":"Masked Bandits","ascension_level":2}}