{"host":"sdjng9zhqonqi3uc","time":1609942497,"event":{"mods":["2.2 Compatiblity","AchievementEnabler","BaseMod","BetterRewards","Colored Powertips","Hero for Fun","Minty Spire (QoL Compilation)","Shop Mod","StSLib","Td1madao Mod","The Animator","The Cursed","The Servant 0.9.4"],"gold_per_floor":[11,11,28,203,232,260,260,210,234,246,264,276,290,306,306,306,306],"floor_reached":16,"playtime":1145,"items_purged":[],"score":133,"play_id":"df6ca090-00bd-4e2d-96cf-6df46f2b7f48","local_time":"20210106151457","is_ascension_mode":true,"campfire_choices":[{"floor":7,"key":"REST"},{"data":"animator:Chomusuke","floor":15,"key":"SMITH"}],"circlet_count":0,"master_deck":["animator:Strike_OwariNoSeraph","animator:Defend_OwariNoSeraph","animator:Strike","animator:Defend","animator:Defend","animator:Shinoa","animator:Mikaela","animator:YachiyoNanami","animator:SakuraMatou","animator:MamiTomoe","Doubt","animator:Yoichi","animator:Yuuichirou","animator:SayakaMiki","animator:Yoichi","animator:Chomusuke+1","animator:MamiTomoe"],"relics":["animator:LivingPicture","animator:TheMissingPiece","animator:PurgingStone","TungstenRod","Lantern","Art of War","animator:CursedGlyph"],"acts_visited":["Exordium"],"potions_floor_usage":[10,12,16,16],"damage_taken":[{"damage":13,"enemies":"Small Slimes","floor":1,"turns":4},{"damage":7,"enemies":"2 Louse","floor":3,"turns":2},{"damage":6,"enemies":"Jaw Worm","floor":5,"turns":4},{"damage":28,"enemies":"Gremlin Nob","floor":6,"turns":4},{"damage":7,"enemies":"3 Louse","floor":10,"turns":4},{"damage":6,"enemies":"Exordium Wildlife","floor":11,"turns":4},{"damage":1,"enemies":"Blue Slaver","floor":12,"turns":3},{"damage":0,"enemies":"2 Fungi Beasts","floor":13,"turns":3},{"damage":15,"enemies":"3 Louse","floor":14,"turns":4},{"damage":10,"enemies":"Slime Boss","floor":16,"turns":5}],"seed_played":"-1457068295852348537","potions_obtained":[{"floor":3,"key":"Fire Potion"},{"floor":5,"key":"Block Potion"},{"floor":6,"key":"GamblersBrew"},{"floor":12,"key":"Block Potion"}],"is_trial":false,"path_per_floor":["M","?","M","?","M","E","R","?","T","M","M","M","M","M","R","B"],"character_chosen":"THE_ANIMATOR","items_purchased":[],"campfire_rested":1,"item_purchase_floors":[],"current_hp_per_floor":[53,50,43,43,37,10,30,30,30,23,17,16,16,1,1,0,0],"gold":306,"neow_bonus":"TRANSFORM_TWO_CARDS","is_daily":false,"chose_seed":false,"campfire_upgraded":1,"win_rate":0.0,"timestamp":1609942497,"path_taken":["M","?","M","?","M","E","R","?","T","M","?","M","M","M","R","BOSS"],"items_purchased_type":[],"build_version":"2020-12-22","purchased_purges":0,"victory":false,"max_hp_per_floor":[66,66,66,66,66,67,67,67,67,67,67,67,63,63,63,63,63],"card_choices":[{"not_picked":["animator:ZankiKiguchi","animator:OrikoMikuni","animator:Demiurge"],"picked":"SKIP","floor":1},{"not_picked":["animator:Lancer","animator:Aisha"],"picked":"animator:MamiTomoe","floor":3},{"not_picked":["animator:Ain","animator:Demiurge"],"picked":"animator:Yoichi","floor":5},{"not_picked":["animator:Mitsuba","animator:Shinoa"],"picked":"animator:Yuuichirou","floor":6},{"not_picked":["animator:PandorasActor","animator:Aqua","animator:Berserker"],"picked":"SKIP","floor":10},{"not_picked":["animator:ElricEdward","animator:Sonic"],"picked":"animator:SayakaMiki","floor":11},{"not_picked":["animator:ZankiKiguchi","animator:Kazuma"],"picked":"animator:Yoichi","floor":12},{"not_picked":["animator:YunYun","animator:Verdia"],"picked":"animator:Chomusuke","floor":13},{"not_picked":["animator:Entoma","animator:Caster"],"picked":"animator:MamiTomoe","floor":14}],"player_experience":283846,"relics_obtained":[{"floor":6,"key":"Lantern"},{"floor":9,"key":"Art of War"},{"floor":13,"key":"animator:CursedGlyph"}],"event_choices":[{"damage_healed":0,"gold_gain":0,"player_choice":"Success","damage_taken":3,"relics_obtained":["TungstenRod"],"max_hp_gain":0,"max_hp_loss":0,"event_name":"Scrap Ooze","floor":2,"gold_loss":0},{"damage_healed":0,"gold_gain":175,"player_choice":"AGREE","damage_taken":0,"max_hp_gain":0,"max_hp_loss":0,"event_name":"Liars Game","floor":4,"gold_loss":0,"cards_obtained":["Doubt"]},{"cards_removed":["animator:Strike"],"damage_healed":0,"gold_gain":0,"player_choice":"Card Removal","damage_taken":0,"max_hp_gain":0,"max_hp_loss":0,"event_name":"The Cleric","floor":8,"gold_loss":50}],"is_beta":false,"boss_relics":[],"items_purged_floors":[],"is_endless":false,"potions_floor_spawned":[3,5,6,12],"killed_by":"Slime Boss","ascension_level":5}}