{"host":"94aus4jnk6thj94q","time":1609949158,"event":{"mods":["BaseMod","Minty Spire (QoL Compilation)","Quick Restart","StSLib"],"gold_per_floor":[115,125,39,53,228,228,228,243,266,282,282,292,292,310,310,413,413,428,428,438,217,217,217],"floor_reached":22,"playtime":973,"items_purged":[],"score":178,"play_id":"638a18e2-670c-44a3-ab1d-73dbd8f563ef","local_time":"20210106180558","is_ascension_mode":false,"campfire_choices":[{"floor":6,"key":"REST"},{"floor":11,"key":"RECALL"},{"data":"Accuracy","floor":13,"key":"SMITH"},{"floor":15,"key":"REST"}],"circlet_count":0,"master_deck":["Strike_G","Strike_G","Strike_G","Strike_G","Strike_G","Defend_G","Defend_G","Defend_G","Defend_G","Defend_G","Survivor","Neutralize","Crippling Poison","Caltrops","Blade Dance","Well Laid Plans","Accuracy+1","Accuracy","Storm of Steel","Finisher","Blade Dance","Accuracy"],"relics":["HoveringKite","PreservedInsect","Sling"],"acts_visited":["Exordium","TheCity"],"potions_floor_usage":[8,12,16,16],"damage_taken":[{"damage":5,"enemies":"Small Slimes","floor":1,"turns":4},{"damage":0,"enemies":"2 Louse","floor":2,"turns":3},{"damage":8,"enemies":"Jaw Worm","floor":4,"turns":3},{"damage":0,"enemies":"Exordium Thugs","floor":8,"turns":4},{"damage":4,"enemies":"Looter","floor":10,"turns":4},{"damage":1,"enemies":"Red Slaver","floor":12,"turns":4},{"damage":16,"enemies":"Lots of Slimes","floor":14,"turns":5},{"damage":28,"enemies":"Slime Boss","floor":16,"turns":9},{"damage":23,"enemies":"3 Byrds","floor":18,"turns":5},{"damage":5,"enemies":"Spheric Guardian","floor":20,"turns":3},{"damage":0,"enemies":"Snake Plant","floor":22,"turns":2}],"seed_played":"-7284303629973579218","potions_obtained":[{"floor":1,"key":"CultistPotion"},{"floor":4,"key":"Explosive Potion"},{"floor":10,"key":"Block Potion"},{"floor":12,"key":"Weak Potion"}],"is_trial":false,"path_per_floor":["M","M","$","M","?","R","?","M","T","M","R","M","R","M","R","B",null,"M","?","M","$","M"],"character_chosen":"THE_SILENT","items_purchased":["Blade Dance","Well Laid Plans","Accuracy","Sling"],"campfire_rested":2,"item_purchase_floors":[3,3,21,21],"current_hp_per_floor":[65,65,65,57,57,70,70,70,70,66,66,65,65,49,70,42,70,47,47,42,42,42,42],"gold":217,"neow_bonus":"BOSS_RELIC","is_daily":false,"chose_seed":false,"campfire_upgraded":1,"win_rate":0.0,"timestamp":1609949158,"path_taken":["M","M","$","M","?","R","?","M","T","M","R","M","R","M","R","BOSS","M","?","M","$","M"],"items_purchased_type":["Card","Card","Card","Relic"],"build_version":"2020-12-22","purchased_purges":0,"victory":false,"max_hp_per_floor":[70,70,70,70,70,70,70,70,70,70,70,70,70,70,70,70,70,70,70,70,70,70,70],"card_choices":[{"not_picked":["Masterful Stab","Skewer"],"picked":"Crippling Poison","floor":1},{"not_picked":["Terror","Blur"],"picked":"Caltrops","floor":2},{"not_picked":["Quick Slash","PiercingWail","Riddle With Holes"],"picked":"SKIP","floor":4},{"not_picked":["All Out Attack","Blade Dance"],"picked":"Accuracy","floor":8},{"not_picked":["Poisoned Stab","Leg Sweep"],"picked":"Accuracy","floor":10},{"not_picked":["Dodge and Roll","Bane","Dagger Spray"],"picked":"SKIP","floor":12},{"not_picked":["Underhanded Strike","Concentrate","Skewer"],"picked":"SKIP","floor":14},{"not_picked":["Envenom","Wraith Form v2"],"picked":"Storm of Steel","floor":16},{"not_picked":["Skewer","Acrobatics"],"picked":"Finisher","floor":18},{"not_picked":["Flechettes","Reflex","Deadly Poison"],"picked":"SKIP","floor":20}],"player_experience":5730272,"relics_obtained":[{"floor":9,"key":"PreservedInsect"}],"event_choices":[{"damage_healed":0,"gold_gain":175,"player_choice":"AGREE","damage_taken":0,"max_hp_gain":0,"max_hp_loss":0,"event_name":"Liars Game","floor":5,"gold_loss":0,"cards_obtained":["Doubt"]},{"cards_removed":["Doubt"],"damage_healed":0,"gold_gain":0,"player_choice":"Forget","damage_taken":0,"max_hp_gain":0,"max_hp_loss":0,"event_name":"Living Wall","floor":7,"gold_loss":0},{"damage_healed":0,"gold_gain":0,"player_choice":"Copied","damage_taken":0,"max_hp_gain":0,"max_hp_loss":0,"event_name":"Duplicator","floor":19,"gold_loss":0,"cards_obtained":["Blade Dance"]}],"is_beta":false,"boss_relics":[{"not_picked":["Ectoplasm","Pandora\u0027s Box","Runic Dome"]}],"items_purged_floors":[],"is_endless":false,"potions_floor_spawned":[1,4,10,12],"killed_by":"Snake Plant","ascension_level":0}}