{"host":"vex7walpoxzv48nx","time":1609965600,"event":{"mods":["BaseMod","Highlight Path","Minty Spire (QoL Compilation)","Permanent Neow","Quick Restart","Relic Stats"],"gold_per_floor":[118,130,29,42,42,74,74,74,74,74,34,97,19,349,349,445,445,459,374,374,389,389,422,38,38,38,38,72,4,21,21,21,122,122,133,133,153,153,22,52,52,2,29,29,29,79,90,106,106,106,106],"floor_reached":50,"playtime":4142,"items_purged":["Zap","Defend_B","Coolheaded"],"score":639,"play_id":"21b4dc6d-5f12-47c7-aadd-adef47e0ff5d","local_time":"20210106214000","is_ascension_mode":true,"campfire_choices":[{"data":"Darkness","floor":8.0,"key":"SMITH"},{"floor":10.0,"key":"REST"},{"data":"Defragment","floor":15.0,"key":"SMITH"},{"data":"Echo Form","floor":25,"key":"SMITH"},{"floor":27,"key":"REST"},{"floor":32,"key":"REST"},{"floor":41,"key":"REST"},{"floor":49,"key":"REST"}],"circlet_count":0,"master_deck":["Defend_B","Defend_B","Dualcast","Conserve Battery","Darkness+1","Cold Snap","Barrage","Auto Shields+1","Ball Lightning","Defragment+1","Ball Lightning","Electrodynamics","Lockon","Sweeping Beam+1","Echo Form+1","Core Surge","Leap+1","Self Repair","Coolheaded+1","Bite","Bite","Bite","Bite","Bite","Machine Learning+1","Consume+1","Deep Breath+1","Static Discharge+1"],"relics":["Empty Cage","HornCleat","Ancient Tea Set","Toxic Egg 2","Bronze Scales","Old Coin","Inserter","Smiling Mask","Mango","ClockworkSouvenir","Cables","Kunai","Sozu","Blood Vial","Juzu Bracelet","Bird Faced Urn"],"acts_visited":["Exordium","TheCity","TheBeyond"],"potions_floor_usage":[23,23,24,33,40,46],"damage_taken":[{"damage":5.0,"enemies":"Cultist","floor":1.0,"turns":5.0},{"damage":6.0,"enemies":"Jaw Worm","floor":2.0,"turns":4.0},{"damage":2.0,"enemies":"Small Slimes","floor":4.0,"turns":4.0},{"damage":16.0,"enemies":"Gremlin Nob","floor":6.0,"turns":4.0},{"damage":8.0,"enemies":"Lagavulin Event","floor":12.0,"turns":6.0},{"damage":4.0,"enemies":"Lagavulin","floor":14.0,"turns":5.0},{"damage":14.0,"enemies":"The Guardian","floor":16.0,"turns":10.0},{"damage":10.0,"enemies":"3 Byrds","floor":18.0,"turns":3.0},{"damage":0.0,"enemies":"Chosen","floor":21.0,"turns":4.0},{"damage":24,"enemies":"Gremlin Leader","floor":23,"turns":5},{"damage":30,"enemies":"Book of Stabbing","floor":28,"turns":6},{"damage":0,"enemies":"3 Cultists","floor":30,"turns":3},{"damage":25,"enemies":"Collector","floor":33,"turns":5},{"damage":0,"enemies":"3 Shapes","floor":35,"turns":3},{"damage":1,"enemies":"Orb Walker","floor":37,"turns":4},{"damage":53,"enemies":"Reptomancer","floor":40,"turns":5},{"damage":5,"enemies":"Mind Bloom Boss Battle","floor":46,"turns":5},{"damage":22,"enemies":"Spire Growth","floor":47,"turns":4},{"damage":24,"enemies":"3 Darklings","floor":48,"turns":3},{"damage":65,"enemies":"Awakened One","floor":50,"turns":3}],"seed_played":"1139501827022940463","potions_obtained":[{"floor":1.0,"key":"CultistPotion"},{"floor":4.0,"key":"Strength Potion"},{"floor":16.0,"key":"Strength Potion"},{"floor":21.0,"key":"Strength Potion"},{"floor":23,"key":"EntropicBrew"}],"is_trial":false,"path_per_floor":["M","M","$","M","$","E","?","R","T","R","$","?","$","E","R","B",null,"M","?","?","M","?","E","$","R","T","R","E","$","M","?","R","B",null,"M","?","M","?","$","E","R","$","T","?","$","?","M","M","R","B"],"character_chosen":"DEFECT","items_purchased":["Conserve Battery","Darkness","Auto Shields+1","Defragment","Core Surge","Leap+1","ClockworkSouvenir","Self Repair","Deep Breath+1"],"campfire_rested":5,"item_purchase_floors":[3,3,11,13,24,24,24,29,39],"current_hp_per_floor":[70,64,64,62,62,46,43,43,43,65,65,57,57,53,53,39,75,65,65,51,51,51,41,41,41,41,69,39,39,39,39,58,50,65,65,65,64,64,64,21,40,40,40,40,40,50,51,41,60,0,0],"gold":106,"neow_bonus":"BOSS_RELIC","is_daily":false,"chose_seed":false,"campfire_upgraded":3,"win_rate":0.0,"timestamp":1609965600,"path_taken":["M","?","$","M","?","E","?","R","T","R","$","?","$","E","R","BOSS","M","?","?","?","?","E","$","R","T","R","E","?","M","?","R","BOSS","M","?","M","?","$","E","R","?","T","?","$","?","M","M","R","BOSS"],"items_purchased_type":["Card","Card","Card","Card","Card","Card","Relic","Card","Card"],"build_version":"2020-12-22","purchased_purges":3,"victory":false,"max_hp_per_floor":[75,75,75,75,75,75,75,75,75,75,75,75,75,75,75,75,75,75,75,80,80,80,94,94,94,94,94,94,94,94,65,65,65,65,65,65,65,65,65,65,65,65,65,65,65,65,65,65,65,65,65],"relic_stats":{"Sozu":3,"Blood Vial":8,"Inserter":[26],"counters":[20,91],"Bronze Scales":[239],"Bird Faced Urn":[17],"Juzu Bracelet":1,"Kunai":[6],"Smiling Mask":150,"obtain_stats":[{"Inserter":17,"Mango":23,"Juzu Bracelet":43,"Empty Cage":0,"Ancient Tea Set":7,"Smiling Mask":19,"Old Coin":14,"ClockworkSouvenir":24,"Cables":26,"Sozu":34,"Blood Vial":40,"HornCleat":6,"Bronze Scales":12,"Bird Faced Urn":46,"Kunai":28,"Toxic Egg 2":9,"Cracked Core":0},{"Inserter":7,"Mango":10,"Juzu Bracelet":16,"Empty Cage":0,"Ancient Tea Set":4,"Smiling Mask":8,"Old Coin":6,"ClockworkSouvenir":10,"Cables":10,"Sozu":13,"Blood Vial":16,"HornCleat":4,"Bronze Scales":5,"Bird Faced Urn":17,"Kunai":11,"Toxic Egg 2":4,"Cracked Core":0},{"Inserter":38,"Mango":50,"Juzu Bracelet":76,"Empty Cage":0,"Ancient Tea Set":17,"Smiling Mask":41,"Old Coin":28,"ClockworkSouvenir":50,"Cables":50,"Sozu":64,"Blood Vial":76,"HornCleat":17,"Bronze Scales":23,"Bird Faced Urn":81,"Kunai":56,"Toxic Egg 2":17,"Cracked Core":0}],"Cables":[33,17,9,7,0]},"card_choices":[{"not_picked":["Compile Driver","Ball Lightning"],"picked":"Coolheaded","floor":1.0},{"not_picked":["Sunder","Stack","Hello World"],"picked":"SKIP","floor":2.0},{"not_picked":["Sunder","Stack"],"picked":"Cold Snap","floor":4.0},{"not_picked":["Stack","Thunder Strike"],"picked":"Barrage","floor":6.0},{"not_picked":["Glacier+1","Conserve Battery+1"],"picked":"Ball Lightning","floor":12.0},{"not_picked":["Sweeping Beam","Scrape"],"picked":"Ball Lightning","floor":14.0},{"not_picked":["Buffer","Creative AI"],"picked":"Electrodynamics","floor":16.0},{"not_picked":["Steam+1","Hologram+1"],"picked":"Lockon","floor":18.0},{"not_picked":["Rip and Tear+1","Cold Snap"],"picked":"Sweeping Beam+1","floor":21.0},{"not_picked":["All For One","Force Field+1"],"picked":"Barrage+1","floor":23},{"not_picked":["Rip and Tear","Barrage+1","Blizzard"],"picked":"SKIP","floor":28},{"not_picked":["Heatsinks+1","Compile Driver+1"],"picked":"Coolheaded+1","floor":30},{"not_picked":["Electrodynamics","Thunder Strike"],"picked":"Machine Learning","floor":33},{"not_picked":["Leap+1","Sweeping Beam+1","Conserve Battery+1"],"picked":"SKIP","floor":35},{"not_picked":["Compile Driver","Sweeping Beam+1"],"picked":"Consume+1","floor":37},{"not_picked":["Gash","Storm","Steam+1"],"picked":"SKIP","floor":40},{"not_picked":["Barrage","Force Field+1","Redo+1"],"picked":"SKIP","floor":47},{"not_picked":["Force Field+1","Redo+1"],"picked":"Static Discharge+1","floor":48}],"player_experience":91057,"relics_obtained":[{"floor":6.0,"key":"HornCleat"},{"floor":9.0,"key":"Toxic Egg 2"},{"floor":12.0,"key":"Bronze Scales"},{"floor":14.0,"key":"Old Coin"},{"floor":23,"key":"Mango"},{"floor":26,"key":"Cables"},{"floor":28,"key":"Kunai"},{"floor":40,"key":"Blood Vial"},{"floor":43,"key":"Juzu Bracelet"},{"floor":46,"key":"Bird Faced Urn"}],"event_choices":[{"damage_healed":0.0,"max_hp_gain":0.0,"max_hp_loss":0.0,"gold_gain":0.0,"event_name":"Scrap Ooze","player_choice":"Success","floor":7.0,"gold_loss":0.0,"damage_taken":3.0,"relics_obtained":["Ancient Tea Set"]},{"damage_healed":0.0,"max_hp_gain":0.0,"max_hp_loss":0.0,"gold_gain":0.0,"event_name":"Dead Adventurer","player_choice":"Searched \u00271\u0027 times","floor":12.0,"gold_loss":0.0,"damage_taken":0.0},{"damage_healed":0.0,"max_hp_gain":0.0,"max_hp_loss":0.0,"gold_gain":0.0,"event_name":"Addict","player_choice":"Obtained Relic","floor":19.0,"gold_loss":85.0,"damage_taken":0.0,"relics_obtained":["Smiling Mask"]},{"damage_healed":0.0,"max_hp_gain":5.0,"max_hp_loss":0.0,"gold_gain":0.0,"event_name":"Forgotten Altar","player_choice":"Shed Blood","floor":20.0,"gold_loss":0.0,"damage_taken":19.0},{"damage_healed":0.0,"max_hp_gain":0.0,"max_hp_loss":0.0,"gold_gain":0.0,"event_name":"The Library","player_choice":"Read","floor":22.0,"gold_loss":0.0,"damage_taken":0.0,"cards_obtained":["Echo Form"]},{"damage_healed":0,"gold_gain":0,"player_choice":"Became a vampire","damage_taken":0,"max_hp_gain":0,"max_hp_loss":29,"event_name":"Vampires","floor":31,"gold_loss":0,"cards_obtained":["Bite","Bite","Bite","Bite","Bite"]},{"cards_removed":["Barrage"],"damage_healed":0,"gold_gain":0,"player_choice":"Removed Attack","damage_taken":0,"max_hp_gain":0,"max_hp_loss":0,"event_name":"Falling","floor":36,"gold_loss":0},{"damage_healed":0,"gold_gain":0,"player_choice":"Ignored","damage_taken":0,"max_hp_gain":0,"max_hp_loss":0,"event_name":"Tomb of Lord Red Mask","floor":38,"gold_loss":0},{"damage_healed":0,"gold_gain":0,"player_choice":"Forge","damage_taken":0,"max_hp_gain":0,"max_hp_loss":0,"event_name":"Accursed Blacksmith","floor":44,"gold_loss":0,"cards_upgraded":["Machine Learning"]},{"damage_healed":0,"gold_gain":0,"player_choice":"Fight","damage_taken":0,"max_hp_gain":0,"max_hp_loss":0,"event_name":"MindBloom","floor":46,"gold_loss":0}],"is_beta":false,"boss_relics":[{"not_picked":["Runic Dome","Fusion Hammer"],"picked":"Inserter"},{"not_picked":["Velvet Choker","SlaversCollar"],"picked":"Sozu"}],"items_purged_floors":[24,39,42],"is_endless":false,"potions_floor_spawned":[1,4,16,21,23,30,35,40,46],"killed_by":"Awakened One","ascension_level":2}}