{"host":"o0dmg4s55kjpvzta","time":1609958096,"event":{"mods":["AchievementEnabler","BaseMod","Colored Powertips","Minty Spire (QoL Compilation)","Shop Mod"],"gold_per_floor":[15113,14140,14150,14167,13426,13452,13462,13480,13480,13480,13491,13491,13507,13535,13535,13632,13632,13648,13648,13062,13082,13094,13094,13129,13147,13147,13147,13147,13179,13197,13212,13212,13315,13315,13335,13347,5000,4159,4159,4159,4171,4171,4171,4199,4199,4199,4218,3430,3430,3430,3430,3430,2877,2909,2909],"floor_reached":56,"playtime":4888,"items_purged":["Halt","Defend_P","LessonLearned"],"score":1377,"play_id":"2d7a3bcf-7fa2-4da2-b6a4-18ee03baba11","local_time":"20210106183456","is_ascension_mode":true,"campfire_choices":[{"floor":10.0,"key":"RECALL"},{"data":"Defend_P","floor":12.0,"key":"PURGE"},{"data":"Apotheosis","floor":15.0,"key":"SMITH"},{"data":"Defend_P","floor":23.0,"key":"PURGE"},{"data":"Strike_P","floor":27.0,"key":"PURGE"},{"data":"DevaForm","floor":32.0,"key":"SMITH"},{"floor":40.0,"key":"REST"},{"floor":49,"key":"DIG"},{"floor":52,"key":"DIG"}],"circlet_count":0,"master_deck":["Vigilance","Swivel","Consecrate+1","Apotheosis+1","FlyingSleeves","FearNoEvil","Perseverance","InnerPeace","FollowUp","Finesse+1","EmptyMind+1","WindmillStrike+1","Study","Consecrate","DevaForm+1","Prostrate+1","BattleHymn","SignatureMove+1","BattleHymn+1","Vault+1","Consecrate+1","Prostrate","Trip","Cleave+1","LikeWater+1","Establishment+1","Flash of Steel+1","LikeWater+1"],"relics":["HolyWater","Nunchaku","Peace Pipe","Strange Spoon","Boot","Juzu Bracelet","ClockworkSouvenir","PreservedInsect","Unceasing Top","Molten Egg 2","Bottled Lightning","Letter Opener","Frozen Egg 2","Lantern","SacredBark","Red Mask","Ginger","Anchor","PrismaticShard","Shovel","Toy Ornithopter","Dead Branch","Sundial","Melange","Turnip","Blue Candle","Blood Vial","TheAbacus","InkBottle"],"acts_visited":["Exordium","TheCity","TheBeyond","TheEnding"],"potions_floor_usage":[50,50],"damage_taken":[{"damage":0.0,"enemies":"Small Slimes","floor":1.0,"turns":4.0},{"damage":0.0,"enemies":"Jaw Worm","floor":3.0,"turns":4.0},{"damage":0.0,"enemies":"Cultist","floor":4.0,"turns":3.0},{"damage":16.0,"enemies":"Lagavulin","floor":6.0,"turns":6.0},{"damage":0.0,"enemies":"Large Slime","floor":7.0,"turns":5.0},{"damage":0.0,"enemies":"Looter","floor":8.0,"turns":3.0},{"damage":0.0,"enemies":"3 Louse","floor":11.0,"turns":2.0},{"damage":0.0,"enemies":"Red Slaver","floor":13.0,"turns":1.0},{"damage":0.0,"enemies":"3 Sentries","floor":14.0,"turns":3.0},{"damage":30.0,"enemies":"Hexaghost","floor":16.0,"turns":8.0},{"damage":35.0,"enemies":"2 Thieves","floor":18.0,"turns":4.0},{"damage":0.0,"enemies":"Chosen","floor":21.0,"turns":4.0},{"damage":3.0,"enemies":"Snecko","floor":22.0,"turns":5.0},{"damage":8.0,"enemies":"Slavers","floor":24.0,"turns":4.0},{"damage":13.0,"enemies":"Snake Plant","floor":25.0,"turns":4.0},{"damage":8.0,"enemies":"Book of Stabbing","floor":29.0,"turns":3.0},{"damage":2.0,"enemies":"Cultist and Chosen","floor":30.0,"turns":4.0},{"damage":17.0,"enemies":"Centurion and Healer","floor":31.0,"turns":4.0},{"damage":13.0,"enemies":"Champ","floor":33.0,"turns":8.0},{"damage":5.0,"enemies":"3 Shapes","floor":35.0,"turns":4.0},{"damage":11.0,"enemies":"Orb Walker","floor":36.0,"turns":3.0},{"damage":6.0,"enemies":"Jaw Worm Horde","floor":41.0,"turns":3.0},{"damage":12,"enemies":"Nemesis","floor":44,"turns":5},{"damage":0,"enemies":"Sphere and 2 Shapes","floor":47,"turns":4},{"damage":35,"enemies":"Donu and Deca","floor":50,"turns":6},{"damage":38,"enemies":"Shield and Spear","floor":54,"turns":4},{"damage":141,"enemies":"The Heart","floor":55,"turns":9}],"seed_played":"-4917328269900630411","potions_obtained":[{"floor":1.0,"key":"EssenceOfSteel"},{"floor":4.0,"key":"DuplicationPotion"},{"floor":6.0,"key":"Weak Potion"},{"floor":44,"key":"SkillPotion"}],"is_trial":false,"path_per_floor":["M","$","M","M","$","E","M","M","T","R","M","R","M","E","R","B",null,"M","?","$","M","M","R","E","M","T","R","?","E","M","M","R","B",null,"M","M","?","$","?","R","M","?","T","E","?","?","M","$","R","B",null,"R","$","E","B",null],"character_chosen":"WATCHER","items_purchased":["Nunchaku","Peace Pipe","Strange Spoon","Consecrate","Apotheosis","FlyingSleeves","Impatience","Boot","Juzu Bracelet","ClockworkSouvenir","InnerPeace","FollowUp","Finesse","Molten Egg 2","Bottled Lightning","Ginger","Anchor","PrismaticShard","Consecrate+1","Prostrate","Dead Branch","Sundial","Melange","LikeWater+1","Blood Vial","TheAbacus","Establishment+1","Flash of Steel+1"],"campfire_rested":1,"item_purchase_floors":[2,2,2,2,2,2,2,5,5,5,5,5,5,20,20,38,38,38,38,38,48,48,48,48,53,53,53,53],"current_hp_per_floor":[72,72,72,72,72,56,56,56,56,56,56,56,56,56,56,26,72,37,37,37,37,34,34,26,13,13,13,13,65,63,46,46,33,72,67,56,56,56,56,72,66,66,66,54,54,54,54,54,54,29,72,72,72,34,45],"gold":2909,"neow_bonus":"TRANSFORM_CARD","is_daily":false,"chose_seed":false,"campfire_upgraded":2,"win_rate":0.0,"timestamp":1609958096,"path_taken":["M","$","M","M","$","E","M","M","T","R","M","R","M","E","R","BOSS","M","?","$","M","M","R","E","M","T","R","?","E","M","M","R","BOSS","M","M","?","$","?","R","M","?","T","E","?","?","M","$","R","BOSS","R","$","E","BOSS"],"items_purchased_type":["Relic","Relic","Relic","Card","Card","Card","Card","Relic","Relic","Relic","Card","Card","Card","Relic","Relic","Relic","Relic","Relic","Card","Card","Relic","Relic","Relic","Card","Relic","Relic","Card","Card"],"build_version":"2020-12-22","purchased_purges":3,"victory":true,"max_hp_per_floor":[72,72,72,72,72,72,72,72,72,72,72,72,72,72,72,72,72,72,72,72,72,72,72,72,72,72,72,72,72,72,72,72,72,72,72,72,72,72,72,72,72,72,72,72,72,72,72,72,72,72,72,72,72,72,72],"card_choices":[{"not_picked":["Halt","Protect"],"picked":"Swivel","floor":1.0},{"not_picked":["Halt","FlurryOfBlows"],"picked":"FearNoEvil","floor":3.0},{"not_picked":["Pray","WheelKick"],"picked":"Perseverance","floor":4.0},{"not_picked":["Indignation","Consecrate"],"picked":"EmptyMind","floor":6.0},{"not_picked":["FearNoEvil","Weave"],"picked":"WindmillStrike","floor":7.0},{"not_picked":["FlyingSleeves","WheelKick"],"picked":"Study","floor":8.0},{"not_picked":["CutThroughFate","Perseverance","Study"],"picked":"SKIP","floor":11.0},{"not_picked":["Nirvana","Halt"],"picked":"Consecrate","floor":13.0},{"not_picked":["FlurryOfBlows","EmptyMind"],"picked":"DevaForm","floor":14.0},{"not_picked":["Ragnarok","MasterReality"],"picked":"LessonLearned","floor":16.0},{"not_picked":["SashWhip","CrushJoints+1"],"picked":"Prostrate+1","floor":18.0},{"not_picked":["CrushJoints+1","Protect","Evaluate"],"picked":"SKIP","floor":21.0},{"not_picked":["ClearTheMind","ThirdEye","FlyingSleeves+1"],"picked":"SKIP","floor":22.0},{"not_picked":["Tantrum+1","Protect"],"picked":"SignatureMove+1","floor":24.0},{"not_picked":["ThirdEye","Protect+1","BattleHymn"],"picked":"SKIP","floor":25.0},{"not_picked":["EmptyFist+1","Swivel","WindmillStrike+1"],"picked":"SKIP","floor":29.0},{"not_picked":["Protect+1","FollowUp+1"],"picked":"BattleHymn+1","floor":30.0},{"not_picked":["FlyingSleeves+1","SashWhip+1"],"picked":"SandsOfTime+1","floor":31.0},{"not_picked":["DevaForm+1","LessonLearned+1"],"picked":"Vault","floor":33.0},{"not_picked":["Vengeance+1","FlyingSleeves+1","Evaluate"],"picked":"SKIP","floor":35.0},{"not_picked":["Conclude+1","BowlingBash+1","Weave+1"],"picked":"SKIP","floor":36.0},{"not_picked":["Blind","Deep Breath"],"picked":"Trip","floor":39.0},{"not_picked":["Purity+1","Mind Blast+1"],"picked":"Cleave+1","floor":41.0},{"not_picked":["Amplify","Enlightenment+1","Ball Lightning+1"],"picked":"SKIP","floor":44},{"not_picked":["WindmillStrike+1","Dodge and Roll","Iron Wave+1"],"picked":"SKIP","floor":47},{"not_picked":["True Grit","Entrench+1"],"picked":"LikeWater+1","floor":54}],"player_experience":90810,"relics_obtained":[{"floor":6.0,"key":"PreservedInsect"},{"floor":14.0,"key":"Unceasing Top"},{"floor":24.0,"key":"Letter Opener"},{"floor":26.0,"key":"Frozen Egg 2"},{"floor":29.0,"key":"Lantern"},{"floor":43,"key":"Shovel"},{"floor":44,"key":"Toy Ornithopter"},{"floor":49,"key":"Turnip"},{"floor":52,"key":"Blue Candle"},{"floor":54,"key":"InkBottle"}],"event_choices":[{"damage_healed":0.0,"max_hp_gain":0.0,"max_hp_loss":0.0,"gold_gain":0.0,"event_name":"The Library","player_choice":"Read","floor":19.0,"gold_loss":0.0,"damage_taken":0.0,"cards_obtained":["BattleHymn"]},{"cards_removed":["Impatience"],"damage_healed":0.0,"max_hp_gain":0.0,"max_hp_loss":0.0,"gold_gain":0.0,"event_name":"Purifier","player_choice":"Purged","floor":28.0,"gold_loss":0.0,"damage_taken":0.0},{"damage_healed":0.0,"max_hp_gain":0.0,"max_hp_loss":0.0,"gold_gain":0.0,"event_name":"Tomb of Lord Red Mask","player_choice":"Paid","floor":37.0,"gold_loss":13347.0,"damage_taken":0.0,"relics_obtained":["Red Mask"]},{"damage_healed":0.0,"max_hp_gain":0.0,"max_hp_loss":0.0,"gold_gain":0.0,"event_name":"SensoryStone","player_choice":"Memory 1","floor":39.0,"gold_loss":0.0,"damage_taken":0.0},{"cards_removed":["SandsOfTime"],"damage_healed":0.0,"max_hp_gain":0.0,"max_hp_loss":0.0,"gold_gain":0.0,"event_name":"Falling","player_choice":"Removed Attack","floor":42.0,"gold_loss":0.0,"damage_taken":0.0},{"damage_healed":0,"gold_gain":0,"player_choice":"Forge","damage_taken":0,"max_hp_gain":0,"max_hp_loss":0,"event_name":"Accursed Blacksmith","floor":45,"gold_loss":0,"cards_upgraded":["Vault"]},{"damage_healed":0,"gold_gain":0,"player_choice":"Ignored","damage_taken":0,"max_hp_gain":0,"max_hp_loss":0,"event_name":"SecretPortal","floor":46,"gold_loss":0}],"is_beta":false,"boss_relics":[{"not_picked":["Philosopher\u0027s Stone","SlaversCollar"],"picked":"HolyWater"},{"not_picked":["Runic Pyramid","Runic Dome"],"picked":"SacredBark"}],"items_purged_floors":[5,20,38],"is_endless":false,"potions_floor_spawned":[1,4,6,16,22,29,30,31,35,44,47,54],"ascension_level":1}}