{"host":"uc0x0d8zaap3n3zi","time":1609929084,"event":{"mods":["2.2 Compatiblity","AchievementEnabler","Act Like it!","Alarm Clock","BaseMod","Colored Powertips","Downfall","Minty Spire (QoL Compilation)","Pale of the Ancients","Rare Cards Sparkle","Relic Stats","StSLib","The Cursed","The Marked","The Servant 0.9.4","slay the spire mod where everything is the same but ironclad has a cowboy hat"],"gold_per_floor":[119,70,145,145,145,145,180,199,199,228,243,95,112,127,127,230,230,244,256,256,256,256,256,74,74,374,374,374,401,417,432,432,432,432],"floor_reached":33,"playtime":1236,"items_purged":["Writhe"],"score":298,"play_id":"42f223eb-5f4c-4960-9bd2-0a556ba1a256","local_time":"20210106233124","is_ascension_mode":false,"campfire_choices":[{"data":"Ghostly Armor","floor":6.0,"key":"SMITH"},{"data":"Shrug It Off","floor":15.0,"key":"SMITH"},{"data":"Iron Wave","floor":23.0,"key":"SMITH"},{"data":"Shrug It Off","floor":25.0,"key":"SMITH"},{"floor":27.0,"key":"REST"},{"floor":32.0,"key":"REST"}],"circlet_count":0,"master_deck":["Strike_R+1","Strike_R+1","Strike_R","Defend_R","Defend_R","Defend_R","Defend_R","Cleave+1","Ghostly Armor+1","Iron Wave+1","Shrug It Off+1","Shrug It Off+1","Evolve","Limit Break","Pommel Strike","Inflame","Battle Trance+1"],"relics":["Burning Blood","NeowsBlessing","Whetstone","Pen Nib","Magic Flower","Membership Card","Empty Cage","Anchor","Ginger","Old Coin","Bag of Marbles"],"acts_visited":["Exordium","TheCity"],"potions_floor_usage":[33,33],"damage_taken":[{"damage":0.0,"enemies":"Jaw Worm","floor":1.0,"turns":1.0},{"damage":0.0,"enemies":"Lagavulin","floor":7.0,"turns":1.0},{"damage":0.0,"enemies":"Small Slimes","floor":8.0,"turns":1.0},{"damage":33.0,"enemies":"Gremlin Nob","floor":10.0,"turns":5.0},{"damage":0.0,"enemies":"2 Louse","floor":11.0,"turns":2.0},{"damage":0.0,"enemies":"Red Slaver","floor":13.0,"turns":3.0},{"damage":2.0,"enemies":"Looter","floor":14.0,"turns":3.0},{"damage":49.0,"enemies":"Slime Boss","floor":16.0,"turns":10.0},{"damage":29.0,"enemies":"Shell Parasite","floor":18.0,"turns":10.0},{"damage":20.0,"enemies":"Chosen","floor":19.0,"turns":7.0},{"damage":11.0,"enemies":"Book of Stabbing","floor":29.0,"turns":8.0},{"damage":32.0,"enemies":"Sentry and Sphere","floor":30.0,"turns":12.0},{"damage":20.0,"enemies":"3 Cultists","floor":31.0,"turns":8.0},{"damage":89,"enemies":"Champ","floor":33,"turns":15}],"seed_played":"3169260253437967493","potions_obtained":[{"floor":7.0,"key":"CultistPotion"},{"floor":8.0,"key":"SteroidPotion"},{"floor":16.0,"key":"Weak Potion"},{"floor":30.0,"key":"BloodPotion"},{"floor":31.0,"key":"AttackPotion"}],"is_trial":false,"path_per_floor":["M","$","?","?","?","R","E","M","T","E","M","$","M","M","R","B",null,"M","M","?","?","?","R","$","R","T","R","?","E","M","M","R","B"],"character_chosen":"IRONCLAD","items_purchased":["Cleave","Membership Card","Ginger"],"campfire_rested":2,"item_purchase_floors":[2,12,24],"current_hp_per_floor":[80,80,69,69,69,69,75,80,80,53,62,62,71,78,78,38,80,60,49,49,49,34,34,34,34,34,59,59,57,34,23,48,0,0],"gold":432,"neow_bonus":"THREE_ENEMY_KILL","is_daily":false,"chose_seed":false,"campfire_upgraded":4,"win_rate":0.0,"timestamp":1609929084,"path_taken":["M","$","?","?","?","R","E","M","T","E","?","$","M","M","R","BOSS","M","M","?","?","?","R","$","R","T","R","?","E","M","M","R","BOSS"],"items_purchased_type":["Card","Relic","Relic"],"build_version":"2020-12-22","purchased_purges":1,"victory":false,"max_hp_per_floor":[80,80,80,80,80,80,80,80,80,80,80,80,80,80,80,80,80,80,80,80,80,85,85,85,85,85,85,85,85,85,85,85,85,85],"relic_stats":{"counters":[14,86],"Magic Flower":[36],"Pen Nib":[14],"Whetstone":["Strike_R","Strike_R"],"Ginger":[4],"obtain_stats":[{"Anchor":21,"NeowsBlessing":0,"Magic Flower":10,"Pen Nib":9,"Bag of Marbles":29,"Whetstone":7,"Membership Card":12,"Ginger":24,"Empty Cage":17,"Burning Blood":0,"Old Coin":26},{"Anchor":10,"NeowsBlessing":0,"Magic Flower":4,"Pen Nib":3,"Bag of Marbles":11,"Whetstone":2,"Membership Card":5,"Ginger":10,"Empty Cage":8,"Burning Blood":0,"Old Coin":10},{"Anchor":43,"NeowsBlessing":0,"Magic Flower":8,"Pen Nib":3,"Bag of Marbles":51,"Whetstone":2,"Membership Card":10,"Ginger":43,"Empty Cage":26,"Burning Blood":0,"Old Coin":43}],"Burning Blood":98},"card_choices":[{"not_picked":["Perfected Strike","Havoc","Anger"],"picked":"SKIP","floor":1.0},{"not_picked":["Wild Strike","Perfected Strike","Anger"],"picked":"SKIP","floor":7.0},{"not_picked":["True Grit","Dark Embrace"],"picked":"Iron Wave","floor":8.0},{"not_picked":["Combust","Second Wind"],"picked":"Shrug It Off","floor":10.0},{"not_picked":["Uppercut","True Grit","Heavy Blade"],"picked":"SKIP","floor":11.0},{"not_picked":["Iron Wave","Combust"],"picked":"Shrug It Off","floor":13.0},{"not_picked":["Second Wind","Thunderclap"],"picked":"Evolve","floor":14.0},{"not_picked":["Fiend Fire","Bludgeon"],"picked":"Limit Break","floor":16.0},{"not_picked":["Hemokinesis","Shockwave","Heavy Blade"],"picked":"SKIP","floor":18.0},{"not_picked":["Cleave","Perfected Strike"],"picked":"Pommel Strike","floor":19.0},{"not_picked":["Intimidate","Infernal Blade","Body Slam"],"picked":"SKIP","floor":29.0},{"not_picked":["Heavy Blade+1","Infernal Blade"],"picked":"Inflame","floor":30.0},{"not_picked":["Shrug It Off","Havoc"],"picked":"Battle Trance+1","floor":31.0}],"player_experience":277996,"relics_obtained":[{"floor":7.0,"key":"Whetstone"},{"floor":9.0,"key":"Pen Nib"},{"floor":10.0,"key":"Magic Flower"},{"floor":26.0,"key":"Old Coin"},{"floor":29.0,"key":"Bag of Marbles"}],"event_choices":[{"damage_healed":0.0,"max_hp_gain":0.0,"max_hp_loss":0.0,"gold_gain":75.0,"event_name":"World of Goop","player_choice":"Gather Gold","floor":3.0,"gold_loss":0.0,"damage_taken":11.0},{"damage_healed":0.0,"max_hp_gain":0.0,"max_hp_loss":0.0,"gold_gain":0.0,"cards_transformed":["Bash"],"event_name":"Living Wall","player_choice":"Change","floor":4.0,"gold_loss":0.0,"damage_taken":0.0,"cards_obtained":["Ghostly Armor"]},{"damage_healed":0.0,"max_hp_gain":0.0,"max_hp_loss":0.0,"gold_gain":0.0,"event_name":"Upgrade Shrine","player_choice":"Upgraded","floor":5.0,"gold_loss":0.0,"damage_taken":0.0,"cards_upgraded":["Cleave"]},{"damage_healed":0.0,"max_hp_gain":0.0,"max_hp_loss":0.0,"gold_gain":0.0,"event_name":"Ghosts","player_choice":"Ignored","floor":20.0,"gold_loss":0.0,"damage_taken":0.0},{"damage_healed":0.0,"max_hp_gain":0.0,"max_hp_loss":0.0,"gold_gain":0.0,"event_name":"The Mausoleum","player_choice":"Opened","floor":21.0,"gold_loss":0.0,"damage_taken":0.0,"relics_obtained":["Anchor"],"cards_obtained":["Writhe"]},{"damage_healed":0.0,"max_hp_gain":5.0,"max_hp_loss":0.0,"gold_gain":0.0,"event_name":"Forgotten Altar","player_choice":"Shed Blood","floor":22.0,"gold_loss":0.0,"damage_taken":20.0},{"damage_healed":0.0,"max_hp_gain":0.0,"max_hp_loss":0.0,"gold_gain":0.0,"event_name":"Cursed Tome","player_choice":"Ignored","floor":28.0,"gold_loss":0.0,"damage_taken":0.0}],"is_beta":false,"boss_relics":[{"not_picked":["Busted Crown","Ectoplasm"],"picked":"Empty Cage"}],"items_purged_floors":[24],"is_endless":false,"potions_floor_spawned":[7,8,16,30,31],"killed_by":"Champ","ascension_level":0}}