{"host":"36mulxq349byzoa2","time":1609934498,"event":{"mods":["AchievementEnabler","BaseMod","Better Match","Block Reminder","Colored Map","Colored Powertips","Minty Spire (QoL Compilation)","Rare Cards Sparkle","StSLib","SuperFastMode"],"gold_per_floor":[110,110,121,121,140,171,171,202,202,213,28,39,39,52,52,125,125,145,117,117,132,52,52,52,52,101,101,101],"floor_reached":27,"playtime":784,"items_purged":["Strike_G"],"score":435,"play_id":"b384dc24-974d-4fe6-ad24-5a60583d5b16","local_time":"20210106070138","is_ascension_mode":true,"campfire_choices":[{"floor":7,"key":"REST"},{"floor":15,"key":"REST"},{"data":"Night Terror","floor":23,"key":"SMITH"},{"data":"Wraith Form v2","floor":25,"key":"SMITH"}],"circlet_count":0,"master_deck":["AscendersBane","Strike_G","Strike_G","Strike_G","Defend_G","Defend_G","Defend_G","Defend_G","Survivor","Neutralize","Poisoned Stab","Blade Dance","Poisoned Stab","Blade Dance","Wraith Form v2+1","Acrobatics","Wraith Form v2+1","Calculated Gamble","Night Terror+1","Doubt"],"relics":["Ring of the Snake","NeowsBlessing","Pen Nib","Bird Faced Urn","Mummified Hand","Cursed Key","Snake Skull"],"acts_visited":["Exordium","TheCity"],"potions_floor_usage":[8,14,14,16,21],"damage_taken":[{"damage":0,"enemies":"2 Louse","floor":1,"turns":1},{"damage":0,"enemies":"Small Slimes","floor":3,"turns":1},{"damage":0,"enemies":"Cultist","floor":5,"turns":1},{"damage":35,"enemies":"Lagavulin","floor":6,"turns":6},{"damage":11,"enemies":"Gremlin Nob","floor":8,"turns":3},{"damage":10,"enemies":"3 Louse","floor":10,"turns":4},{"damage":0,"enemies":"2 Fungi Beasts","floor":12,"turns":3},{"damage":2,"enemies":"Exordium Thugs","floor":14,"turns":4},{"damage":28,"enemies":"The Guardian","floor":16,"turns":11},{"damage":8,"enemies":"3 Byrds","floor":18,"turns":6},{"damage":4,"enemies":"2 Thieves","floor":19,"turns":4},{"damage":4,"enemies":"Shelled Parasite and Fungi","floor":21,"turns":6},{"damage":53,"enemies":"3 Cultists","floor":27,"turns":5}],"seed_played":"5561902128928574907","potions_obtained":[{"floor":1,"key":"Explosive Potion"},{"floor":12,"key":"SkillPotion"},{"floor":14,"key":"Strength Potion"},{"floor":19,"key":"LiquidMemories"}],"is_trial":false,"path_per_floor":["M","?","M","?","M","E","R","E","T","M","$","M","?","M","R","B",null,"M","M","?","M","$","R","T","R","T","M"],"character_chosen":"THE_SILENT","items_purchased":["GhostInAJar","Night Terror"],"campfire_rested":2,"item_purchase_floors":[11,22],"current_hp_per_floor":[59,59,59,59,59,24,43,32,32,22,22,22,15,13,32,6,51,45,45,45,45,45,45,45,45,45,0,0],"gold":101,"neow_bonus":"THREE_ENEMY_KILL","is_daily":false,"chose_seed":false,"campfire_upgraded":2,"win_rate":0.0,"timestamp":1609934498,"path_taken":["M","?","M","?","?","E","R","E","T","M","$","M","?","M","R","BOSS","M","M","?","M","?","R","?","R","T","?"],"items_purchased_type":["Potion","Card"],"build_version":"2020-12-22","purchased_purges":1,"victory":false,"max_hp_per_floor":[66,66,66,66,66,66,66,66,66,66,66,66,66,66,66,66,66,66,66,66,66,66,66,66,66,66,66,66],"card_choices":[{"not_picked":["Slice","Caltrops"],"picked":"Poisoned Stab","floor":1},{"not_picked":["Backflip","Slice"],"picked":"Blade Dance","floor":3},{"not_picked":["Escape Plan","Terror"],"picked":"Poisoned Stab","floor":5},{"not_picked":["Slice","Outmaneuver","Tactician"],"picked":"SKIP","floor":6},{"not_picked":["Concentrate","Flying Knee"],"picked":"Blade Dance","floor":8},{"not_picked":["Backflip","Dodge and Roll"],"picked":"Wraith Form v2","floor":10},{"not_picked":["Dagger Spray","Quick Slash","Prepared"],"picked":"SKIP","floor":12},{"not_picked":["Slice","Prepared"],"picked":"Acrobatics","floor":14},{"not_picked":["After Image","Doppelganger"],"picked":"Wraith Form v2","floor":16},{"not_picked":["All Out Attack","Poisoned Stab","Crippling Poison"],"picked":"SKIP","floor":18},{"not_picked":["Predator","Underhanded Strike+1"],"picked":"Calculated Gamble","floor":19},{"not_picked":["Sucker Punch","Dodge and Roll+1","Concentrate"],"picked":"SKIP","floor":21}],"player_experience":1007473,"relics_obtained":[{"floor":6,"key":"Pen Nib"},{"floor":8,"key":"Bird Faced Urn"},{"floor":9,"key":"Mummified Hand"},{"floor":26,"key":"Snake Skull"}],"event_choices":[{"damage_healed":0,"gold_gain":0,"player_choice":"Ignored","damage_taken":0,"max_hp_gain":0,"max_hp_loss":0,"event_name":"Liars Game","floor":2,"gold_loss":0},{"cards_removed":["Defend_G"],"damage_healed":0,"gold_gain":0,"player_choice":"Offered Basic","damage_taken":0,"max_hp_gain":0,"max_hp_loss":0,"event_name":"Bonfire Elementals","floor":4,"gold_loss":0},{"cards_removed":["Strike_G"],"damage_healed":0,"gold_gain":0,"player_choice":"Card Removal","damage_taken":7,"max_hp_gain":0,"max_hp_loss":0,"event_name":"Golden Wing","floor":13,"gold_loss":0},{"damage_healed":0,"gold_gain":0,"player_choice":"Forge","damage_taken":0,"max_hp_gain":0,"max_hp_loss":0,"event_name":"Accursed Blacksmith","floor":20,"gold_loss":0,"cards_upgraded":["Wraith Form v2"]}],"is_beta":false,"boss_relics":[{"not_picked":["Philosopher\u0027s Stone","Runic Dome"],"picked":"Cursed Key"}],"items_purged_floors":[11],"is_endless":false,"potions_floor_spawned":[1,12,14,19],"killed_by":"3 Cultists","ascension_level":19}}