{"host":"vlqejv0notyktumz","time":1609894017,"event":{"mods":["AchievementEnabler","BaseMod","Googly Eyes","Minty Spire (QoL Compilation)"],"gold_per_floor":[112,129,145,70,87,119,132,158,158,158,168,195,195,195,195,195,195],"floor_reached":16,"playtime":403,"items_purged":["Strike_P"],"score":162,"play_id":"85ab9f03-2476-4039-b606-f82a6b97f10f","local_time":"20210105184657","is_ascension_mode":true,"campfire_choices":[{"floor":10,"key":"REST"},{"floor":13,"key":"REST"},{"data":"DevaForm","floor":15,"key":"SMITH"}],"circlet_count":0,"master_deck":["Strike_P","Strike_P","Strike_P","Defend_P","Defend_P","Defend_P","Defend_P","Eruption","Vigilance","Dramatic Entrance","EmptyFist","ClearTheMind","FlurryOfBlows","Halt","DevaForm+1","SignatureMove"],"relics":["PureWater","Omamori","Akabeko","Matryoshka","Pen Nib"],"acts_visited":["Exordium"],"potions_floor_usage":[6,8,12,16,16],"damage_taken":[{"damage":13,"enemies":"Jaw Worm","floor":1,"turns":4},{"damage":0,"enemies":"2 Louse","floor":2,"turns":2},{"damage":7,"enemies":"Small Slimes","floor":3,"turns":2},{"damage":15,"enemies":"Exordium Thugs","floor":5,"turns":5},{"damage":7,"enemies":"Gremlin Nob","floor":6,"turns":3},{"damage":10,"enemies":"Lots of Slimes","floor":7,"turns":2},{"damage":13,"enemies":"Lagavulin","floor":8,"turns":7},{"damage":9,"enemies":"Large Slime","floor":11,"turns":3},{"damage":0,"enemies":"Gremlin Nob","floor":12,"turns":1},{"damage":41,"enemies":"Hexaghost","floor":16,"turns":7}],"seed_played":"-634900762662304677","potions_obtained":[{"floor":3,"key":"BlessingOfTheForge"},{"floor":5,"key":"Swift Potion"},{"floor":6,"key":"AttackPotion"},{"floor":8,"key":"LiquidBronze"},{"floor":11,"key":"Strength Potion"}],"is_trial":false,"path_per_floor":["M","M","M","$","M","E","M","E","T","R","M","E","R","?","R","B"],"character_chosen":"WATCHER","items_purchased":[],"campfire_rested":2,"item_purchase_floors":[],"current_hp_per_floor":[59,59,52,52,37,30,20,7,7,28,19,19,40,40,40,0,0],"gold":195,"neow_bonus":"RANDOM_COLORLESS","is_daily":false,"chose_seed":false,"campfire_upgraded":1,"win_rate":0.0,"timestamp":1609894017,"path_taken":["M","M","M","$","M","E","M","E","T","R","M","E","R","?","R","BOSS"],"items_purchased_type":[],"build_version":"2020-12-22","purchased_purges":1,"victory":false,"max_hp_per_floor":[72,72,72,72,72,72,72,72,72,72,72,72,72,72,72,72,72],"card_choices":[{"not_picked":["Madness","Finesse"],"picked":"Dramatic Entrance","floor":0},{"not_picked":["Adaptation","ThirdEye"],"picked":"EmptyFist","floor":1},{"not_picked":["FlurryOfBlows","FollowUp"],"picked":"ClearTheMind","floor":2},{"not_picked":["ClearTheMind","Sanctity"],"picked":"FlurryOfBlows","floor":3},{"not_picked":["Sanctity","SashWhip","ClearTheMind"],"picked":"SKIP","floor":5},{"not_picked":["ReachHeaven","Sanctity"],"picked":"Halt","floor":6},{"not_picked":["CarveReality","Tantrum"],"picked":"DevaForm","floor":7},{"not_picked":["BowlingBash","ClearTheMind"],"picked":"SignatureMove","floor":8},{"not_picked":["PathToVictory","CrushJoints","BowlingBash"],"picked":"SKIP","floor":11},{"not_picked":["WheelKick","Alpha","Omniscience"],"picked":"SKIP","floor":12}],"player_experience":297618,"relics_obtained":[{"floor":6,"key":"Omamori"},{"floor":8,"key":"Akabeko"},{"floor":9,"key":"Matryoshka"},{"floor":12,"key":"Pen Nib"}],"event_choices":[{"damage_healed":0,"gold_gain":0,"player_choice":"Ignored","damage_taken":0,"max_hp_gain":0,"max_hp_loss":0,"event_name":"Liars Game","floor":14,"gold_loss":0}],"is_beta":false,"boss_relics":[],"items_purged_floors":[4],"is_endless":false,"potions_floor_spawned":[3,5,6,8,11],"killed_by":"Hexaghost","ascension_level":2}}