{"host":"c3lc60y5x60jlt1y","time":1609917467,"event":{"mods":["AchievementEnabler","BaseMod","Bestiary","Colored Map","Minty Spire (QoL Compilation)","Quick Restart","StSLib","ojb\u0027s Info Mod"],"gold_per_floor":[118,118,118,118,137,180,199,199,199,214,227,227,245,245,245,341,341,360,29,48,66,66,66,107,107,157,188,212,212,224,252,264,276,276],"floor_reached":33,"playtime":4793,"items_purged":[],"score":670,"play_id":"7f93db50-2445-49f4-8a57-60a1e1d3a382","local_time":"20210106091747","is_ascension_mode":true,"campfire_choices":[{"data":"Masterful Stab","floor":8,"key":"SMITH"},{"floor":15,"key":"REST"},{"floor":23,"key":"REST"},{"floor":30,"key":"REST"},{"data":"1","floor":32,"key":"LIFT"}],"circlet_count":0,"master_deck":["AscendersBane","Strike_G","Strike_G","Strike_G+1","Strike_G","Defend_G","Defend_G+1","Defend_G","Defend_G","Survivor","Neutralize","Masterful Stab+1","Choke","Underhanded Strike","PiercingWail+1","Deadly Poison+1","Dagger Spray","Bane","Die Die Die","Crippling Poison+1","Prepared+1","Terror+1","Riddle With Holes+1","Escape Plan+1","Envenom","Eviscerate+1","Outmaneuver+1","Tactician+1"],"relics":["Ring of the Snake","NeowsBlessing","Golden Idol","Toxic Egg 2","Regal Pillow","Anchor","Kunai","Fusion Hammer","Ninja Scroll","Nilry\u0027s Codex","Girya","Dream Catcher","Snake Skull","MealTicket","MawBank"],"acts_visited":["Exordium","TheCity"],"potions_floor_usage":[21,21,33],"damage_taken":[{"damage":0,"enemies":"Jaw Worm","floor":1,"turns":1},{"damage":0,"enemies":"Small Slimes","floor":5,"turns":1},{"damage":0,"enemies":"Lagavulin","floor":6,"turns":1},{"damage":0,"enemies":"2 Louse","floor":7,"turns":2},{"damage":10,"enemies":"Gremlin Gang","floor":10,"turns":7},{"damage":2,"enemies":"Exordium Wildlife","floor":11,"turns":4},{"damage":10,"enemies":"Large Slime","floor":13,"turns":5},{"damage":45,"enemies":"The Guardian","floor":16,"turns":15},{"damage":8,"enemies":"3 Byrds","floor":18,"turns":6},{"damage":8,"enemies":"2 Thieves","floor":20,"turns":3},{"damage":0,"enemies":"3 Cultists","floor":21,"turns":3},{"damage":14,"enemies":"Gremlin Leader","floor":24,"turns":6},{"damage":15,"enemies":"Slavers","floor":27,"turns":4},{"damage":1,"enemies":"Snecko","floor":31,"turns":3},{"damage":57,"enemies":"Champ","floor":33,"turns":8}],"seed_played":"3983354296590904116","potions_obtained":[{"floor":1,"key":"Ancient Potion"},{"floor":6,"key":"DuplicationPotion"},{"floor":10,"key":"LiquidMemories"},{"floor":27,"key":"SkillPotion"}],"is_trial":false,"path_per_floor":["M","?","?","?","M","E","M","R","T","M","M","T","M","?","R","B",null,"M","$","M","M","?","R","E","?","T","E","T","T","R","M","R","B"],"character_chosen":"THE_SILENT","items_purchased":["Ninja Scroll","Prepared+1"],"campfire_rested":3,"item_purchase_floors":[19,19],"current_hp_per_floor":[59,39,39,39,39,39,39,39,39,29,27,27,17,17,50,5,46,38,38,30,30,9,42,28,28,28,13,13,13,46,45,45,0,0],"gold":276,"neow_bonus":"THREE_ENEMY_KILL","is_daily":false,"chose_seed":false,"campfire_upgraded":1,"win_rate":0.0,"timestamp":1609917467,"path_taken":["M","?","?","?","?","E","M","R","T","M","M","?","M","?","R","BOSS","M","$","M","M","?","R","E","?","T","E","?","?","R","?","R","BOSS"],"items_purchased_type":["Relic","Card"],"build_version":"2020-12-22","purchased_purges":0,"victory":false,"max_hp_per_floor":[66,66,60,60,60,60,60,60,60,60,60,60,60,60,60,60,60,60,60,60,60,60,60,60,60,60,60,60,60,60,60,60,60,60],"card_choices":[{"not_picked":["Choke","Expertise"],"picked":"Masterful Stab","floor":1},{"not_picked":["Quick Slash","Outmaneuver+1"],"picked":"Choke","floor":5},{"not_picked":["Deadly Poison+1","Finisher"],"picked":"Underhanded Strike","floor":6},{"not_picked":["Acrobatics+1","Flying Knee"],"picked":"PiercingWail+1","floor":7},{"not_picked":["Outmaneuver+1","Dagger Throw"],"picked":"Deadly Poison+1","floor":10},{"not_picked":["Choke","Infinite Blades"],"picked":"Dagger Spray","floor":11},{"not_picked":["Flying Knee","Riddle With Holes"],"picked":"Bane","floor":13},{"not_picked":["Envenom","Unload"],"picked":"Die Die Die","floor":16},{"not_picked":["Expertise+1","Leg Sweep+1"],"picked":"Crippling Poison+1","floor":18},{"not_picked":["Slice+1","Dagger Spray","Sucker Punch"],"picked":"SKIP","floor":20},{"not_picked":["Blade Dance+1","Dodge and Roll+1"],"picked":"Terror+1","floor":21},{"not_picked":["Eviscerate","Choke+1"],"picked":"Riddle With Holes+1","floor":24},{"not_picked":["Bane","Cloak And Dagger+1"],"picked":"Eviscerate+1","floor":27},{"not_picked":["Cloak And Dagger+1","Dodge and Roll+1"],"picked":"Outmaneuver+1","floor":30},{"not_picked":["Predator","Escape Plan+1"],"picked":"Tactician+1","floor":31}],"player_experience":7522848,"relics_obtained":[{"floor":6,"key":"Regal Pillow"},{"floor":9,"key":"Anchor"},{"floor":12,"key":"Kunai"},{"floor":22,"key":"Nilry\u0027s Codex"},{"floor":24,"key":"Girya"},{"floor":26,"key":"Dream Catcher"},{"floor":27,"key":"Snake Skull"},{"floor":28,"key":"MealTicket"},{"floor":29,"key":"MawBank"}],"event_choices":[{"damage_healed":0,"gold_gain":0,"player_choice":"Entered Light","damage_taken":20,"max_hp_gain":0,"max_hp_loss":0,"event_name":"Shining Light","floor":2,"gold_loss":0,"cards_upgraded":["Defend_G","Strike_G"]},{"damage_healed":0,"gold_gain":0,"player_choice":"Lose Max HP","damage_taken":0,"relics_obtained":["Golden Idol"],"max_hp_gain":0,"max_hp_loss":6,"event_name":"Golden Idol","floor":3,"gold_loss":0},{"damage_healed":0,"gold_gain":0,"player_choice":"Gave Potion","damage_taken":0,"relics_obtained":["Toxic Egg 2"],"max_hp_gain":0,"max_hp_loss":0,"event_name":"WeMeetAgain","floor":4,"gold_loss":0},{"damage_healed":0,"gold_gain":0,"player_choice":"0 cards matched","damage_taken":0,"max_hp_gain":0,"max_hp_loss":0,"event_name":"Match and Keep!","floor":14,"gold_loss":0,"cards_obtained":[]},{"damage_healed":0,"gold_gain":0,"player_choice":"Obtained Book","damage_taken":21,"max_hp_gain":0,"max_hp_loss":0,"event_name":"Cursed Tome","floor":22,"gold_loss":0},{"damage_healed":0,"gold_gain":0,"cards_transformed":["Strike_G","Defend_G"],"player_choice":"Became Test Subject","damage_taken":0,"max_hp_gain":0,"max_hp_loss":0,"event_name":"Drug Dealer","floor":25,"gold_loss":0,"cards_obtained":["Escape Plan","Envenom"]}],"is_beta":false,"boss_relics":[{"not_picked":["WristBlade","Runic Dome"],"picked":"Fusion Hammer"}],"items_purged_floors":[],"is_endless":false,"potions_floor_spawned":[1,6,10,11,27],"killed_by":"Champ","ascension_level":20}}