{"host":"mfnyjbfkyfsz33u9","time":1609930404,"event":{"mods":["2.2 Compatiblity","BaseMod","Colored Powertips","Downfall","Marisa£¨Ùöéë¡¡Øª×âÞÞ£©","Minty Spire (QoL Compilation)","Rare Cards Sparkle","Replay The Spire","StSLib","SuperFastMode","The Cursed"],"gold_per_floor":[113,113,43,43,58,91,91,126,126,126,141,161,161,175,175,299,299,299,299,228,228,228,228,228,228,228,228,228,228,228,46,46,46,46,46,46,46,46,46,46,46,46,46,46,46,46,46,46,46,46],"floor_reached":51,"playtime":1830,"items_purged":[],"score":956,"play_id":"9ec0262a-dde3-4138-8267-97b9620fc434","local_time":"20210106195324","is_ascension_mode":false,"campfire_choices":[{"data":"Bash","floor":10,"key":"SMITH"},{"data":"Inflame","floor":13,"key":"SMITH"},{"data":"Defend_R","floor":15,"key":"SMITH"},{"data":"Burning Pact","floor":25,"key":"SMITH"},{"data":"Infernal Blade","floor":27,"key":"SMITH"},{"data":"expansioncontent:Corrupt","floor":32,"key":"SMITH"},{"data":"ReplayTheSpireMod:Strike From Hell","floor":41,"key":"SMITH"},{"data":"Languid","floor":44,"key":"PURGE"},{"data":"Battle Trance","floor":49,"key":"SMITH"}],"circlet_count":0,"master_deck":["Strike_R","Strike_R","Strike_R","Defend_R+1","Defend_R","Defend_R","Defend_R","Bash+1","Reaper","Cleave","Dropkick","ReplayTheSpireMod:Strike From Hell+1","Feel No Pain","Feed","Seeing Red","Inflame+1","Replay:Undeath\u0027s Touch","Juggernaut","Battle Trance+1","Fire Breathing","Infernal Blade+1","Fiend Fire","Burning Pact+1","Intimidate","expansioncontent:Corrupt+1","Eclipse","ReplayTheSpireMod:Muscle Training+1","Replay:SS_fish_2","Warcry","Dual Wield+1","Massacre+1"],"relics":["Burning Blood","Golden Idol","Meat on the Bone","Nunchaku","Toy Ornithopter","Replay:Grab Bag","Ectoplasm","Mark of Pain","SlaversCollar","Happy Flower","Old Coin","Magic Flower","Shuriken","PreservedInsect","Cursed Key","Peace Pipe","White Beast Statue","Strawberry","Regal Pillow","Dream Catcher"],"acts_visited":["Exordium","TheCity","TheBeyond"],"potions_floor_usage":[6,16,23,23,23,23,29,30,45,50,50,50],"damage_taken":[{"damage":11,"enemies":"Jaw Worm","floor":1,"turns":6},{"damage":0,"enemies":"Cultist","floor":5,"turns":3},{"damage":34,"enemies":"Lagavulin","floor":6,"turns":8},{"damage":29,"enemies":"Replay:BlueRogue","floor":8,"turns":6},{"damage":7,"enemies":"Small Slimes","floor":11,"turns":3},{"damage":6,"enemies":"2 Fungi Beasts","floor":12,"turns":4},{"damage":10,"enemies":"Looter","floor":14,"turns":4},{"damage":36,"enemies":"The Guardian","floor":16,"turns":13},{"damage":36,"enemies":"Spheric Guardian","floor":18,"turns":6},{"damage":17,"enemies":"Shell Parasite","floor":22,"turns":4},{"damage":29,"enemies":"Slavers","floor":23,"turns":3},{"damage":33,"enemies":"Snake Plant","floor":24,"turns":5},{"damage":33,"enemies":"Book of Stabbing","floor":29,"turns":4},{"damage":25,"enemies":"Sentry and Sphere","floor":30,"turns":4},{"damage":47,"enemies":"Champ","floor":33,"turns":8},{"damage":0,"enemies":"3 Shapes","floor":35,"turns":4},{"damage":19,"enemies":"3 Darklings","floor":37,"turns":5},{"damage":34,"enemies":"Mind Bloom Boss Battle","floor":38,"turns":7},{"damage":27,"enemies":"R_Hoarder","floor":40,"turns":6},{"damage":41,"enemies":"Nemesis","floor":42,"turns":5},{"damage":60,"enemies":"Reptomancer","floor":45,"turns":6},{"damage":14,"enemies":"Jaw Worm Horde","floor":47,"turns":2},{"damage":51,"enemies":"4 Shapes","floor":48,"turns":5},{"damage":114,"enemies":"Time Eater","floor":50,"turns":7}],"seed_played":"8286589794483147042","potions_obtained":[{"floor":1,"key":"champ:CounterPotion"},{"floor":5,"key":"BloodPotion"},{"floor":8,"key":"Slimebound:ThreeZeroPotion"},{"floor":14,"key":"SkillPotion"},{"floor":18,"key":"DistilledChaos"},{"floor":22,"key":"EntropicBrew"},{"floor":23,"key":"Fire Potion"},{"floor":30,"key":"Fruit Juice"},{"floor":35,"key":"ElixirPotion"},{"floor":45,"key":"SneckoOil"},{"floor":48,"key":"PowerPotion"}],"is_trial":false,"path_per_floor":["M","?","$","?","M","E","?","E","T","R","M","M","R","M","R","B",null,"M","?","$","?","M","E","M","R","T","R","T","E","M","$","R","B",null,"M","?","M","?","$","E","R","E","T","R","E","?","M","M","R","B",null],"character_chosen":"IRONCLAD","items_purchased":["Dropkick","Fire Breathing","expansioncontent:Corrupt"],"campfire_rested":0,"item_purchase_floors":[3,20,31],"current_hp_per_floor":[76,76,76,56,62,40,45,34,34,34,48,55,55,58,58,55,94,67,67,67,67,60,65,51,51,51,51,51,67,72,72,72,66,108,111,111,111,107,107,94,94,104,104,104,80,118,116,120,120,64],"gold":46,"neow_bonus":"TRANSFORM_CARD","is_daily":false,"chose_seed":false,"campfire_upgraded":8,"win_rate":0.0,"timestamp":1609930404,"path_taken":["M","?","?","?","M","E","?","E","T","R","M","M","R","M","R","BOSS","M","?","?","?","?","E","M","R","T","R","?","E","M","?","R","BOSS","M","?","M","?","?","E","R","E","T","R","E","?","M","M","R","BOSS"],"items_purchased_type":["Card","Card","Card"],"build_version":"2020-12-22","purchased_purges":0,"victory":true,"max_hp_per_floor":[80,80,80,80,80,80,85,85,85,85,88,91,91,94,94,94,94,97,97,97,97,97,97,97,97,97,97,97,100,108,108,108,108,108,111,111,111,111,111,111,111,118,118,118,118,118,121,124,124,124],"card_choices":[{"not_picked":["Dark Embrace","Warcry"],"picked":"Cleave","floor":1},{"not_picked":["Abandon","Reckless Charge"],"picked":"ReplayTheSpireMod:Strike From Hell","floor":5},{"not_picked":["Pummel","Infernal Blade"],"picked":"Feel No Pain","floor":6},{"not_picked":["Fire Breathing","Disarm"],"picked":"Feed","floor":8},{"not_picked":["Warcry","Shrug It Off"],"picked":"Seeing Red","floor":11},{"not_picked":["Power Through","Body Slam"],"picked":"Inflame","floor":12},{"not_picked":["Feel No Pain","Perfected Strike"],"picked":"Replay:Undeath\u0027s Touch","floor":14},{"not_picked":["Feed","Impervious"],"picked":"Juggernaut","floor":16},{"not_picked":["Whirlwind","Shrug It Off"],"picked":"Battle Trance","floor":18},{"not_picked":["Inflame+1","Cleave"],"picked":"Infernal Blade","floor":22},{"not_picked":["Perfected Strike+1","Burning Pact"],"picked":"Fiend Fire","floor":23},{"not_picked":["Cleave","Headbutt"],"picked":"Burning Pact","floor":24},{"not_picked":["Iron Wave","Pommel Strike","Headbutt"],"picked":"SKIP","floor":29},{"not_picked":["Clothesline+1","ReplayTheSpireMod:Strike From Hell"],"picked":"Intimidate","floor":30},{"not_picked":["Hemogenesis","Barricade"],"picked":"Eclipse","floor":33},{"not_picked":["Cleave+1","Replay:Undeath\u0027s Touch"],"picked":"ReplayTheSpireMod:Muscle Training+1","floor":35},{"not_picked":["Panacea","Transmutation"],"picked":"Replay:SS_fish_2","floor":36},{"not_picked":["Second Wind+1","Armaments"],"picked":"Warcry","floor":37},{"not_picked":["Uppercut+1","Headbutt+1"],"picked":"Dual Wield+1","floor":38},{"not_picked":["Combust+1","Life Link+1","Thunderclap"],"picked":"SKIP","floor":40},{"not_picked":["Replay:Undeath\u0027s Touch","Battle Trance","Twin Strike+1"],"picked":"SKIP","floor":42},{"not_picked":["Warcry+1","Intimidate","Run Through+1"],"picked":"SKIP","floor":45},{"not_picked":["Flex+1","Replay:Undeath\u0027s Touch"],"picked":"Massacre+1","floor":47},{"not_picked":["Burning Pact+1","True Grit","Whirlwind+1"],"picked":"SKIP","floor":48}],"player_experience":15532,"relics_obtained":[{"floor":6,"key":"Meat on the Bone"},{"floor":8,"key":"Nunchaku"},{"floor":9,"key":"Toy Ornithopter"},{"floor":23,"key":"Old Coin"},{"floor":26,"key":"Magic Flower"},{"floor":28,"key":"Shuriken"},{"floor":29,"key":"PreservedInsect"},{"floor":38,"key":"Peace Pipe"},{"floor":40,"key":"White Beast Statue"},{"floor":42,"key":"Strawberry"},{"floor":43,"key":"Regal Pillow"},{"floor":45,"key":"Dream Catcher"}],"event_choices":[{"cards_removed":["Strike_R"],"damage_healed":0,"gold_gain":0,"player_choice":"Purged","damage_taken":0,"max_hp_gain":0,"max_hp_loss":0,"event_name":"Purifier","floor":2,"gold_loss":0},{"damage_healed":0,"gold_gain":0,"player_choice":"Take Damage","damage_taken":20,"relics_obtained":["Golden Idol"],"max_hp_gain":0,"max_hp_loss":0,"event_name":"Golden Idol","floor":4,"gold_loss":0},{"damage_healed":0,"gold_gain":0,"player_choice":"Donut","damage_taken":0,"max_hp_gain":5,"max_hp_loss":0,"event_name":"Big Fish","floor":7,"gold_loss":0},{"damage_healed":0,"gold_gain":0,"player_choice":"Gave Potion","damage_taken":0,"relics_obtained":["Happy Flower"],"max_hp_gain":0,"max_hp_loss":0,"event_name":"WeMeetAgain","floor":19,"gold_loss":0},{"damage_healed":0,"gold_gain":0,"player_choice":"Bought 0 Potions","damage_taken":0,"max_hp_gain":0,"max_hp_loss":0,"event_name":"The Woman in Blue","floor":21,"gold_loss":0},{"damage_healed":0,"gold_gain":0,"player_choice":"Memory 1","damage_taken":0,"max_hp_gain":0,"max_hp_loss":0,"event_name":"SensoryStone","floor":36,"gold_loss":0},{"damage_healed":0,"gold_gain":0,"player_choice":"Fight","damage_taken":0,"max_hp_gain":0,"max_hp_loss":0,"event_name":"MindBloom","floor":38,"gold_loss":0},{"damage_healed":38,"gold_gain":0,"player_choice":"Full Heal","damage_taken":0,"max_hp_gain":0,"max_hp_loss":0,"event_name":"Wheel of Change","floor":46,"gold_loss":0}],"is_beta":false,"boss_relics":[{"not_picked":["Replay:Drink Me","Replay:Wanted Poster"],"picked":"Replay:Grab Bag"},{"not_picked":["ChewingGum","Philosopher\u0027s Stone"],"picked":"Ectoplasm"},{"not_picked":["Coffee Dripper","Velvet Choker"],"picked":"Mark of Pain"},{"not_picked":["Empty Cage","Runic Cube"],"picked":"SlaversCollar"},{"not_picked":["Honey Jar","Fusion Hammer"],"picked":"Cursed Key"}],"items_purged_floors":[],"is_endless":false,"potions_floor_spawned":[1,5,8,14,18,22,23,30,35,40,42,45,47,48],"ascension_level":0}}