{"host":"5s7sm4h73jkd9266","time":1609954174,"event":{"mods":["AchievementEnabler","Bartender","BaseMod","Better Match","Better Vampires","BetterRewards","Colored Map","Colored Powertips","Conspire","Downfall","Energized Spire","GifTheSpireLib","Hermit","Hubris","Magitek Elite","Marisa????????","Melee Mod","Minty Spire (QoL Compilation)","Potion Indicator Mod","Rare Cards Sparkle","Relic Stats","Replay The Spire","Robot Space Explorer","Shop Mod","StSLib","Stuff the Spire","The Bladedancer","The Blue Laboratory","The Cursed","The Disciple","The Dragon Tamer","The Forsaken","The Necromancer","The Wild Card","The Witch","Virulent Crown","everything is the same but u backflip on backflip","slay the spire mod where everything is the same but ironclad has a cowboy hat","vexMod"],"gold_per_floor":[110,110,120,186,186,216,216,216,216,249,249,249,249,265,265,276,276,354,354,369,380,380,655,672,672,179,179,204,219,236,254,254,254],"floor_reached":32,"playtime":1591,"items_purged":[],"score":488,"play_id":"be8e55f4-44d9-4c67-8dea-b13fc18b6de5","local_time":"20210106122934","is_ascension_mode":true,"campfire_choices":[{"floor":9.0,"key":"REST"},{"floor":12.0,"key":"REST"},{"data":"Apotheosis","floor":15.0,"key":"SMITH"},{"data":"Zap","floor":15.0,"key":"SMITH"},{"floor":17.0,"key":"REST"},{"floor":25.0,"key":"REST"},{"floor":27.0,"key":"REST"}],"circlet_count":0,"master_deck":["AscendersBane","Strike_B","Strike_B","Strike_B","Strike_B","Defend_B","Defend_B","Defend_B","Defend_B","Zap+1","Dualcast","Self Repair","StuffTheSpire:Plugnplay","Reinforced Body","expansioncontent:PolyBeam","Apotheosis+1","Replay:SS_hec_4","FIFO Queue","Poisoned Strike","expansioncontent:ChargeUp","Discovery","Gash","Pain","Gash","Aggregate","StuffTheSpire:ForEach","Ball Lightning","conspire:SharedLibrary","Electrodynamics","Madness","StuffTheSpire:ForEach","StuffTheSpire:Plugnplay","BasicCrystalCard+1","Coolheaded","Reinforced Body","Regret","Streamline+1","Sweeping Beam","BootSequence","Cold Snap","Defragment","Fusion","Ball Lightning","Stack","Stack","Capacitor","Coolheaded+1","Stack","StuffTheSpire:ForEach"],"relics":["Cracked Core","ReplayTheSpireMod:ShopPack","WarpedTongs","Replay:Arrowhead","Bronze Scales","Replay:Wax Seal","hubris:Potato","Prayer Wheel","Fusion Hammer","Angel_Ring","hubris:TenFootPole"],"acts_visited":["Exordium","TheCity"],"potions_floor_usage":[32],"damage_taken":[{"damage":7.0,"enemies":"2 Louse","floor":1.0,"turns":3.0},{"damage":1.0,"enemies":"Cultist","floor":3.0,"turns":3.0},{"damage":12.0,"enemies":"Replay:BlueRogue","floor":6.0,"turns":7.0},{"damage":24.0,"enemies":"Lagavulin","floor":10.0,"turns":5.0},{"damage":5.0,"enemies":"conspire:RoseBush","floor":14.0,"turns":3.0},{"damage":14.0,"enemies":"Looter","floor":16.0,"turns":3.0},{"damage":38.0,"enemies":"The Guardian","floor":18.0,"turns":8.0},{"damage":14.0,"enemies":"conspire:FuzzyDice","floor":20.0,"turns":2.0},{"damage":3.0,"enemies":"2 Thieves","floor":21.0,"turns":2.0},{"damage":18.0,"enemies":"3 Cultists","floor":24.0,"turns":3.0},{"damage":25.0,"enemies":"Snake Plant","floor":29.0,"turns":4.0},{"damage":13.0,"enemies":"Chosen and Byrds","floor":30.0,"turns":5.0},{"damage":6.0,"enemies":"conspire:HollyBat","floor":31.0,"turns":9.0},{"damage":46,"enemies":"Gremlin Leader","floor":32,"turns":4}],"seed_played":"4389030094578736005","potions_obtained":[{"floor":1.0,"key":"Energy Potion"},{"floor":3.0,"key":"blueLaboratory:FrostheartPotion"},{"floor":10.0,"key":"blueLaboratory:TeslaPotion"},{"floor":14.0,"key":"blueLaboratory:Moonshine"},{"floor":18.0,"key":"sneckomod:MuddlingPotion"},{"floor":29.0,"key":"blueLaboratory:ArtificerPotion"},{"floor":30.0,"key":"blueLaboratory:ConsumingVoid"}],"is_trial":false,"path_per_floor":["M","?","M","?","?","E","PTL","PTL","R","E","T","R","T","M","R","M","R","B",null,"M","M","?","?","M","R","$","R","T","M","M","M","E"],"character_chosen":"DEFECT","items_purchased":["Self Repair","ReplayTheSpireMod:ShopPack","StuffTheSpire:Plugnplay","Reinforced Body","expansioncontent:PolyBeam","Apotheosis","Replay:SS_hec_4","FIFO Queue","Angel_Ring","BootSequence","Cold Snap","Defragment","Fusion","Ball Lightning"],"campfire_rested":5,"item_purchase_floors":[0,0,0,0,0,0,0,0,26,26,26,26,26,26],"current_hp_per_floor":[32,32,31,31,38,36,36,36,57,43,43,64,64,66,66,52,71,43,64,50,47,47,47,29,50,50,71,71,53,40,44,0,0],"gold":254,"neow_bonus":"","is_daily":false,"chose_seed":false,"campfire_upgraded":2,"win_rate":0.0,"timestamp":1609954174,"path_taken":["M","?","?","?","?","E","PTL","PTL","R","E","T","R","?","M","R","M","R","BOSS","M","M","?","?","?","R","$","R","T","M","M","M","E"],"items_purchased_type":["Card","Relic","Card","Card","Card","Card","Card","Card","Relic","Card","Card","Card","Card","Card"],"build_version":"2020-12-22","purchased_purges":0,"victory":false,"max_hp_per_floor":[71,71,71,71,71,71,71,71,71,71,71,71,71,71,71,71,71,71,71,71,71,71,71,71,71,71,71,71,71,71,71,71,71],"relic_stats":{"counters":[14,61],"Bronze Scales":[147],"Prayer Wheel":8,"obtain_stats":[{"Bronze Scales":10,"Angel_Ring":26,"downfall:HeartsMalice":0,"Prayer Wheel":16,"Fusion Hammer":19,"hubris:TenFootPole":28,"Replay:Wax Seal":11,"Cracked Core":0,"Replay:Arrowhead":6,"hubris:Potato":13,"ReplayTheSpireMod:ShopPack":0,"WarpedTongs":2},{"Bronze Scales":4,"Angel_Ring":10,"downfall:HeartsMalice":0,"Prayer Wheel":6,"Fusion Hammer":7,"hubris:TenFootPole":10,"Replay:Wax Seal":4,"Cracked Core":0,"Replay:Arrowhead":3,"hubris:Potato":4,"ReplayTheSpireMod:ShopPack":0,"WarpedTongs":1},{"Bronze Scales":18,"Angel_Ring":39,"downfall:HeartsMalice":0,"Prayer Wheel":23,"Fusion Hammer":32,"hubris:TenFootPole":39,"Replay:Wax Seal":18,"Cracked Core":0,"Replay:Arrowhead":13,"hubris:Potato":18,"ReplayTheSpireMod:ShopPack":0,"WarpedTongs":3}],"WarpedTongs":[31]},"card_choices":[{"not_picked":["Secret Technique","Magnetism"],"picked":"Poisoned Strike","floor":0.0},{"not_picked":["Replay:Bootleg Shield Generator","Replay:SS_forest_5"],"picked":"expansioncontent:ChargeUp","floor":0.0},{"not_picked":["Forethought","Jack Of All Trades"],"picked":"Discovery","floor":0.0},{"not_picked":["Sweeping Beam","hubris:SpecializedCircuitry"],"picked":"Gash","floor":1.0},{"not_picked":["Stack","Rebound"],"picked":"Gash","floor":3.0},{"not_picked":["Turbo","Rebound"],"picked":"Aggregate","floor":6.0},{"not_picked":["Undo","Streamline"],"picked":"StuffTheSpire:ForEach","floor":10.0},{"not_picked":["conspire:SharedLibrary","Streamline"],"picked":"Ball Lightning","floor":14.0},{"not_picked":["Redo","Beam Cell"],"picked":"conspire:SharedLibrary","floor":16.0},{"not_picked":["Cold Snap","Panic Button"],"picked":"Electrodynamics","floor":16.0},{"not_picked":["Fission","All For One"],"picked":"StuffTheSpire:ForEach","floor":18.0},{"not_picked":["Beam Cell","Leap"],"picked":"StuffTheSpire:Plugnplay","floor":20.0},{"not_picked":["Ball Lightning","FIFO Queue"],"picked":"BasicCrystalCard+1","floor":20.0},{"not_picked":["ReplayTheSpireMod:System Scan","StuffTheSpire:Rend"],"picked":"Coolheaded","floor":21.0},{"not_picked":["ReplaySolidLightProjector","Biased Cognition"],"picked":"Reinforced Body","floor":21.0},{"not_picked":["Turbo","Reprogram"],"picked":"Streamline+1","floor":24.0},{"not_picked":["Panic Button","Rebound"],"picked":"Sweeping Beam","floor":24.0},{"not_picked":["FIFO Queue","conspire:SharedLibrary"],"picked":"Stack","floor":29.0},{"not_picked":["Barrage","Panic Button"],"picked":"Stack","floor":29.0},{"not_picked":["Recycle","Redo"],"picked":"Capacitor","floor":30.0},{"not_picked":["Stack","Reinforced Body+1"],"picked":"Coolheaded+1","floor":30.0},{"not_picked":["BasicCrystalCard","Streamline"],"picked":"Stack","floor":31.0},{"not_picked":["BasicCrystalCard","Leap+1"],"picked":"StuffTheSpire:ForEach","floor":31.0}],"player_experience":5404738,"relics_obtained":[{"floor":6.0,"key":"Replay:Arrowhead"},{"floor":10.0,"key":"Bronze Scales"},{"floor":11.0,"key":"Replay:Wax Seal"},{"floor":13.0,"key":"hubris:Potato"},{"floor":28.0,"key":"hubris:TenFootPole"}],"event_choices":[{"damage_healed":0.0,"max_hp_gain":0.0,"max_hp_loss":0.0,"gold_gain":0.0,"event_name":"Accursed Blacksmith","player_choice":"Rummage","floor":2.0,"gold_loss":0.0,"damage_taken":0.0,"relics_obtained":["WarpedTongs"],"cards_obtained":["Pain"]},{"damage_healed":0.0,"max_hp_gain":0.0,"max_hp_loss":0.0,"gold_gain":66.0,"event_name":"Golden Wing","player_choice":"Gained Gold","floor":4.0,"gold_loss":0.0,"damage_taken":0.0},{"damage_healed":0.0,"max_hp_gain":0.0,"max_hp_loss":0.0,"gold_gain":275.0,"event_name":"Golden Shrine","player_choice":"Desecrate","floor":23.0,"gold_loss":0.0,"damage_taken":0.0,"cards_obtained":["Regret"]}],"is_beta":false,"boss_relics":[{"not_picked":["Snecko Eye","energizedSpire:MagnifyingGlass"],"picked":"Fusion Hammer"}],"items_purged_floors":[],"is_endless":false,"potions_floor_spawned":[1,3,10,14,18,29,30],"killed_by":"Gremlin Leader","ascension_level":17}}