{"host":"b995t17pt6d05w8c","time":1609961837,"event":{"mods":["AchievementEnabler","BaseMod","Colored Map","Minty Spire (QoL Compilation)","SuperFastMode"],"gold_per_floor":[19,36,36,36,51,51,77,77,127,144,155,1,11,26,26,123,123,105,115,30,50,50,79,92,122,170,170,170,182,52,62,62,165,165,180,130,149,149,4,31,49,49,100,100,146,162,177,41,41,41],"floor_reached":51,"playtime":2549,"items_purged":["Strike_P","Strike_P","Defend_P","FlurryOfBlows"],"score":975,"play_id":"e3f77346-de80-4fc4-9a1f-85efe28e61d6","local_time":"20210107043717","is_ascension_mode":true,"campfire_choices":[{"data":"Eruption","floor":6.0,"key":"SMITH"},{"data":"Adaptation","floor":15.0,"key":"SMITH"},{"floor":28.0,"key":"REST"},{"floor":32.0,"key":"REST"},{"data":"Purity","floor":42.0,"key":"SMITH"},{"data":"Flash of Steel","floor":44.0,"key":"SMITH"},{"floor":49.0,"key":"REST"}],"circlet_count":0,"master_deck":["Defend_P+1","Eruption+1","Vigilance+1","EmptyBody+1","Evaluate+1","Adaptation+1","Halt+1","SpiritShield+1","TalkToTheHand","ClearTheMind+1","Tantrum+1","MentalFortress+1","SandsOfTime","LessonLearned+1","Flash of Steel+1","Purity+1","InnerPeace+1","Crescendo+1","DeusExMachina+1","MentalFortress+1","Purity+1"],"relics":["PureWater","Potion Belt","Toy Ornithopter","War Paint","Astrolabe","InkBottle","Sundial","Ornamental Fan","Lantern","Smiling Mask","SacredBark","Orrery","Toxic Egg 2","Ancient Tea Set","Incense Burner"],"acts_visited":["Exordium","TheCity","TheBeyond"],"potions_floor_usage":[50],"damage_taken":[{"damage":4.0,"enemies":"Small Slimes","floor":1.0,"turns":3.0},{"damage":1.0,"enemies":"2 Louse","floor":2.0,"turns":5.0},{"damage":2.0,"enemies":"Cultist","floor":5.0,"turns":3.0},{"damage":22.0,"enemies":"Lagavulin","floor":7.0,"turns":4.0},{"damage":5.0,"enemies":"3 Louse","floor":10.0,"turns":3.0},{"damage":2.0,"enemies":"Exordium Thugs","floor":11.0,"turns":6.0},{"damage":0.0,"enemies":"Blue Slaver","floor":13.0,"turns":3.0},{"damage":10.0,"enemies":"Gremlin Gang","floor":14.0,"turns":4.0},{"damage":35.0,"enemies":"Hexaghost","floor":16.0,"turns":12.0},{"damage":7.0,"enemies":"2 Thieves","floor":18.0,"turns":4.0},{"damage":0.0,"enemies":"3 Byrds","floor":19.0,"turns":5.0},{"damage":0.0,"enemies":"Centurion and Healer","floor":21.0,"turns":7.0},{"damage":4.0,"enemies":"Book of Stabbing","floor":23.0,"turns":6.0},{"damage":3.0,"enemies":"Chosen and Byrds","floor":24.0,"turns":6.0},{"damage":60.0,"enemies":"Slavers","floor":25.0,"turns":15.0},{"damage":11.0,"enemies":"Sentry and Sphere","floor":29.0,"turns":6.0},{"damage":0.0,"enemies":"Snake Plant","floor":31.0,"turns":5.0},{"damage":0.0,"enemies":"Automaton","floor":33.0,"turns":8.0},{"damage":5.0,"enemies":"3 Darklings","floor":35.0,"turns":7.0},{"damage":0.0,"enemies":"3 Shapes","floor":37.0,"turns":5.0},{"damage":0.0,"enemies":"Giant Head","floor":40.0,"turns":5.0},{"damage":8.0,"enemies":"Spire Growth","floor":41.0,"turns":5.0},{"damage":8.0,"enemies":"2 Orb Walkers","floor":45.0,"turns":3.0},{"damage":18.0,"enemies":"4 Shapes","floor":46.0,"turns":4.0},{"damage":0.0,"enemies":"Transient","floor":47.0,"turns":5.0},{"damage":52,"enemies":"Donu and Deca","floor":50,"turns":5}],"seed_played":"4584608035396371798","potions_obtained":[{"floor":2.0,"key":"EntropicBrew"},{"floor":7.0,"key":"StancePotion"},{"floor":11.0,"key":"DuplicationPotion"},{"floor":14.0,"key":"FairyPotion"},{"floor":18.0,"key":"Strength Potion"},{"floor":19.0,"key":"LiquidMemories"},{"floor":29.0,"key":"SkillPotion"},{"floor":31.0,"key":"Block Potion"},{"floor":33.0,"key":"Ancient Potion"},{"floor":35.0,"key":"BlessingOfTheForge"},{"floor":37.0,"key":"BottledMiracle"},{"floor":41.0,"key":"Block Potion"},{"floor":47.0,"key":"LiquidBronze"}],"is_trial":false,"path_per_floor":["M","M","?","?","M","R","E","?","T","M","M","$","M","M","R","B",null,"M","M","?","M","$","E","M","E","T","?","R","M","$","M","R","B",null,"M","$","M","?","$","E","M","R","T","R","?","M","M","$","R","B",null],"character_chosen":"WATCHER","items_purchased":["Adaptation","MentalFortress","Orrery","Purity+1"],"campfire_rested":3,"item_purchase_floors":[12,30,39,48],"current_hp_per_floor":[68,67,60,65,63,63,41,41,41,36,34,34,34,29,29,4,77,75,75,75,75,75,75,72,12,12,12,35,29,29,29,52,57,77,72,72,72,62,62,67,64,64,64,64,66,48,48,48,71,24],"gold":41,"neow_bonus":"TRANSFORM_TWO_CARDS","is_daily":false,"chose_seed":false,"campfire_upgraded":4,"win_rate":0.0,"timestamp":1609961837,"path_taken":["M","M","?","?","M","R","E","?","T","M","M","$","?","M","R","BOSS","M","M","?","M","?","E","M","E","T","?","R","?","$","?","R","BOSS","M","$","M","?","$","E","M","R","T","R","?","M","M","$","R","BOSS"],"items_purchased_type":["Card","Card","Relic","Card"],"build_version":"2020-12-22","purchased_purges":4,"victory":true,"max_hp_per_floor":[72,72,72,77,77,77,77,77,77,77,77,77,77,77,77,77,77,77,77,77,77,77,77,77,77,77,77,77,77,77,77,77,77,77,77,77,77,77,77,77,77,77,77,77,77,77,77,77,77,77],"card_choices":[{"not_picked":["SashWhip","FlurryOfBlows","BowlingBash"],"picked":"SKIP","floor":1.0},{"not_picked":["Swivel","ReachHeaven","Halt"],"picked":"SKIP","floor":2.0},{"not_picked":["Worship","BowlingBash","Collect"],"picked":"SKIP","floor":5.0},{"not_picked":["Evaluate","PathToVictory","CrushJoints"],"picked":"SKIP","floor":7.0},{"not_picked":["ThirdEye","Prostrate"],"picked":"Evaluate","floor":10.0},{"not_picked":["ReachHeaven","EmptyBody","Pray"],"picked":"SKIP","floor":11.0},{"not_picked":["Ragnarok","FollowUp"],"picked":"FlurryOfBlows","floor":13.0},{"not_picked":["Indignation","FlyingSleeves","Wireheading"],"picked":"SKIP","floor":14.0},{"not_picked":["Halt+1","EmptyFist"],"picked":"TalkToTheHand","floor":18.0},{"not_picked":["Collect","Prostrate","PathToVictory"],"picked":"SKIP","floor":19.0},{"not_picked":["PathToVictory+1","CutThroughFate+1"],"picked":"ClearTheMind+1","floor":21.0},{"not_picked":["EmptyBody","ClearTheMind","ReachHeaven"],"picked":"SKIP","floor":23.0},{"not_picked":["Nirvana","Protect","FlyingSleeves"],"picked":"SKIP","floor":24.0},{"not_picked":["Worship+1","Swivel"],"picked":"Tantrum","floor":25.0},{"not_picked":["BowlingBash","FlyingSleeves","Crescendo"],"picked":"SKIP","floor":29.0},{"not_picked":["FlyingSleeves","SashWhip"],"picked":"SandsOfTime","floor":31.0},{"not_picked":["MasterReality","ConjureBlade"],"picked":"LessonLearned","floor":33.0},{"not_picked":["Wallop+1","Protect","BowlingBash"],"picked":"SKIP","floor":35.0},{"not_picked":["BowlingBash+1","Worship","Wallop+1"],"picked":"SKIP","floor":37.0},{"not_picked":["Dramatic Entrance","Metamorphosis"],"picked":"Flash of Steel","floor":38.0},{"not_picked":["Secret Technique","Dramatic Entrance"],"picked":"Purity","floor":38.0},{"not_picked":["JustLucky+1","Protect"],"picked":"InnerPeace+1","floor":39.0},{"not_picked":["FlyingSleeves","PathToVictory+1"],"picked":"Crescendo+1","floor":39.0},{"not_picked":["EmptyBody+1","CrushJoints+1"],"picked":"DeusExMachina+1","floor":40.0},{"not_picked":["PathToVictory+1","Consecrate","FollowUp+1"],"picked":"SKIP","floor":41.0},{"not_picked":["Swivel+1","Wireheading"],"picked":"MentalFortress+1","floor":45.0},{"not_picked":["Evaluate+1","ClearTheMind+1","ThirdEye+1"],"picked":"SKIP","floor":46.0},{"not_picked":["Prostrate+1","Perseverance+1","SandsOfTime"],"picked":"SKIP","floor":47.0}],"player_experience":31660,"relics_obtained":[{"floor":7.0,"key":"Toy Ornithopter"},{"floor":9.0,"key":"War Paint"},{"floor":23.0,"key":"Sundial"},{"floor":25.0,"key":"Ornamental Fan"},{"floor":26.0,"key":"Lantern"},{"floor":40.0,"key":"Toxic Egg 2"},{"floor":43.0,"key":"Ancient Tea Set"},{"floor":45.0,"key":"Incense Burner"}],"event_choices":[{"damage_healed":0.0,"max_hp_gain":0.0,"max_hp_loss":0.0,"gold_gain":0.0,"event_name":"Scrap Ooze","player_choice":"Success","floor":3.0,"gold_loss":0.0,"damage_taken":7.0,"relics_obtained":["Potion Belt"]},{"damage_healed":0.0,"max_hp_gain":5.0,"max_hp_loss":0.0,"gold_gain":0.0,"event_name":"Big Fish","player_choice":"Donut","floor":4.0,"gold_loss":0.0,"damage_taken":0.0},{"damage_healed":0.0,"max_hp_gain":0.0,"max_hp_loss":0.0,"gold_gain":0.0,"cards_transformed":["Wireheading"],"event_name":"Transmorgrifier","player_choice":"Transformed","floor":8.0,"gold_loss":0.0,"damage_taken":0.0,"cards_obtained":["EmptyBody"]},{"damage_healed":0.0,"max_hp_gain":0.0,"max_hp_loss":0.0,"gold_gain":0.0,"event_name":"Addict","player_choice":"Obtained Relic","floor":20.0,"gold_loss":85.0,"damage_taken":0.0,"relics_obtained":["InkBottle"]},{"cards_removed":["PathToVictory"],"damage_healed":0.0,"max_hp_gain":0.0,"max_hp_loss":0.0,"gold_gain":0.0,"event_name":"WeMeetAgain","player_choice":"Gave Card","floor":27.0,"gold_loss":0.0,"damage_taken":0.0,"relics_obtained":["Smiling Mask"]},{"damage_healed":0.0,"max_hp_gain":0.0,"max_hp_loss":0.0,"gold_gain":0.0,"event_name":"SensoryStone","player_choice":"Memory 3","floor":38.0,"gold_loss":0.0,"damage_taken":10.0},{"damage_healed":0.0,"max_hp_gain":0.0,"max_hp_loss":0.0,"gold_gain":0.0,"event_name":"Mysterious Sphere","player_choice":"Fight","floor":45.0,"gold_loss":0.0,"damage_taken":0.0}],"is_beta":false,"boss_relics":[{"not_picked":["Ectoplasm","Sozu"],"picked":"Astrolabe"},{"not_picked":["Coffee Dripper","Calling Bell"],"picked":"SacredBark"}],"items_purged_floors":[12,30,36,48],"is_endless":false,"potions_floor_spawned":[2,7,11,14,18,19,29,31,33,35,37,41,47],"ascension_level":4}}