{"host":"cziotie8mnsl18m5","time":1609908502,"event":{"mods":["BaseMod","Minty Spire (QoL Compilation)","StSLib","The Animator","The Construct"],"gold_per_floor":[363,288,305,353,194,204,230,130,180,255,240,240,264,264,264],"floor_reached":14,"playtime":433,"items_purged":["animator:Strike","animator:Strike"],"score":160,"play_id":"3de2f662-098f-4668-8b95-c21d78cc41ac","local_time":"20210105234822","is_ascension_mode":true,"campfire_choices":[{"floor":12,"key":"REST"}],"circlet_count":0,"master_deck":["AscendersBane","animator:Defend_OnePunchMan","animator:Strike","animator:Defend","animator:Defend","animator:Genos+1","animator:MumenRider+1","animator:CowGirl","animator:MetalKnight","animator:Mitsurugi","animator:YachiyoNanami","animator:Geryuganshoop"],"relics":["animator:LivingPicture","animator:TheMissingPiece","Toy Ornithopter","Whetstone"],"acts_visited":["Exordium"],"potions_floor_usage":[11,11],"damage_taken":[{"damage":3.0,"enemies":"Jaw Worm","floor":1.0,"turns":3.0},{"damage":6.0,"enemies":"2 Louse","floor":3.0,"turns":3.0},{"damage":7.0,"enemies":"Small Slimes","floor":6.0,"turns":3.0},{"damage":7.0,"enemies":"Blue Slaver","floor":7.0,"turns":2.0},{"damage":11,"enemies":"Exordium Thugs","floor":11,"turns":4},{"damage":33,"enemies":"Gremlin Nob","floor":14,"turns":3}],"seed_played":"9195240913197604068","potions_obtained":[{"floor":1.0,"key":"PowerPotion"},{"floor":6.0,"key":"AttackPotion"}],"is_trial":false,"path_per_floor":["M","?","M","?","$","M","M","$","T","?","M","R","T","E"],"character_chosen":"THE_ANIMATOR","items_purchased":["animator:MetalKnight"],"campfire_rested":1,"item_purchase_floors":[5],"current_hp_per_floor":[36,36,30,30,30,23,16,16,16,5,9,27,27,0,0],"gold":264,"neow_bonus":"TWO_FIFTY_GOLD","is_daily":false,"chose_seed":false,"campfire_upgraded":0,"win_rate":0.0,"timestamp":1609908502,"path_taken":["M","?","M","?","?","M","?","$","T","?","M","R","?","E"],"items_purchased_type":["Card"],"build_version":"2020-12-22","purchased_purges":2,"victory":false,"max_hp_per_floor":[60,60,60,60,60,60,60,60,60,60,60,60,60,60,60],"card_choices":[{"not_picked":["animator:Caster","animator:Berserker","animator:Rider"],"picked":"SKIP","floor":1.0},{"not_picked":["animator:Assassin","animator:Sloth"],"picked":"animator:CowGirl","floor":3.0},{"not_picked":["animator:Alexander","animator:DwarfShaman"],"picked":"animator:Mitsurugi","floor":6.0},{"not_picked":["animator:YuiTsuruno","animator:OrikoMikuni"],"picked":"animator:YachiyoNanami","floor":7},{"not_picked":["animator:Gillette","animator:WinryRockbell"],"picked":"animator:Geryuganshoop","floor":11}],"player_experience":2619847,"relics_obtained":[{"floor":9,"key":"Toy Ornithopter"},{"floor":13,"key":"Whetstone"}],"event_choices":[{"cards_removed":["animator:Defend"],"damage_healed":0.0,"max_hp_gain":0.0,"max_hp_loss":0.0,"gold_gain":0.0,"event_name":"The Cleric","player_choice":"Card Removal","floor":2.0,"gold_loss":75.0,"damage_taken":0.0},{"damage_healed":0,"gold_gain":75,"player_choice":"Gather Gold","damage_taken":11,"max_hp_gain":0,"max_hp_loss":0,"event_name":"World of Goop","floor":10,"gold_loss":0}],"is_beta":false,"boss_relics":[],"items_purged_floors":[5,8],"is_endless":false,"potions_floor_spawned":[1,6,7],"killed_by":"Gremlin Nob","ascension_level":20}}