{"host":"jexbkylv34f8xu3o","time":1609976909,"event":{"mods":["AchievementEnabler","BaseMod","Colored Map","Colored Powertips","GifTheSpireLib","Highlight Path","Minty Spire (QoL Compilation)","Quick Restart","StSLib"],"gold_per_floor":[369,444,619,685,354,354,108,125,125,142,169,169,180,214,214,214,214],"floor_reached":16,"playtime":327,"items_purged":["Doubt","Strike_R"],"score":162,"play_id":"33e69422-5cfe-4ca1-801a-65c7c35a0390","local_time":"20210106204829","is_ascension_mode":true,"campfire_choices":[{"data":"Wild Strike","floor":6,"key":"SMITH"},{"floor":12,"key":"REST"},{"data":"Fire Breathing","floor":15,"key":"SMITH"}],"circlet_count":0,"master_deck":["AscendersBane","Strike_R","Strike_R","Strike_R","Strike_R","Defend_R","Defend_R","Defend_R","Defend_R","Bash","Wild Strike+1","Sadistic Nature","Fire Breathing+1","Cleave","Combust","Iron Wave","Feel No Pain"],"relics":["Burning Blood","Bag of Marbles","Unceasing Top","PreservedInsect","Bag of Preparation"],"acts_visited":["Exordium"],"potions_floor_usage":[11,16],"damage_taken":[{"damage":5,"enemies":"2 Louse","floor":1,"turns":4},{"damage":0,"enemies":"Small Slimes","floor":8,"turns":3},{"damage":2,"enemies":"Jaw Worm","floor":10,"turns":3},{"damage":38,"enemies":"Lagavulin","floor":11,"turns":6},{"damage":9,"enemies":"Red Slaver","floor":13,"turns":3},{"damage":20,"enemies":"3 Sentries","floor":14,"turns":4},{"damage":26,"enemies":"Slime Boss","floor":16,"turns":4}],"seed_played":"-7065370161425882070","potions_obtained":[{"floor":10,"key":"ColorlessPotion"},{"floor":14,"key":"PowerPotion"}],"is_trial":false,"path_per_floor":["M","?","?","?","$","R","$","M","T","M","E","R","M","E","R","B"],"character_chosen":"IRONCLAD","items_purchased":["Sadistic Nature","Fire Breathing","Bag of Marbles"],"campfire_rested":1,"item_purchase_floors":[5,5,7],"current_hp_per_floor":[52,41,41,41,41,41,41,47,47,51,19,43,40,26,26,0,0],"gold":214,"neow_bonus":"TWO_FIFTY_GOLD","is_daily":false,"chose_seed":false,"campfire_upgraded":2,"win_rate":0.0,"timestamp":1609976909,"path_taken":["M","?","?","?","$","R","$","M","T","M","E","R","M","E","R","BOSS"],"items_purchased_type":["Card","Card","Relic"],"build_version":"2020-12-22","purchased_purges":2,"victory":false,"max_hp_per_floor":[80,80,80,80,80,80,80,80,80,80,80,80,80,80,80,80,80],"card_choices":[{"not_picked":["Headbutt","Havoc"],"picked":"Wild Strike","floor":1},{"not_picked":["Twin Strike","Anger"],"picked":"Cleave","floor":8},{"not_picked":["Infernal Blade","Flex"],"picked":"Combust","floor":10},{"not_picked":["Ghostly Armor","Impervious"],"picked":"Iron Wave","floor":11},{"not_picked":["Flex","Heavy Blade"],"picked":"Feel No Pain","floor":13},{"not_picked":["Body Slam","Bludgeon","Dual Wield"],"picked":"SKIP","floor":14}],"player_experience":543190,"relics_obtained":[{"floor":9,"key":"Unceasing Top"},{"floor":11,"key":"PreservedInsect"},{"floor":14,"key":"Bag of Preparation"}],"event_choices":[{"damage_healed":0,"gold_gain":75,"player_choice":"Gather Gold","damage_taken":11,"max_hp_gain":0,"max_hp_loss":0,"event_name":"World of Goop","floor":2,"gold_loss":0},{"damage_healed":0,"gold_gain":175,"player_choice":"AGREE","damage_taken":0,"max_hp_gain":0,"max_hp_loss":0,"event_name":"Liars Game","floor":3,"gold_loss":0,"cards_obtained":["Doubt"]},{"damage_healed":0,"gold_gain":66,"player_choice":"Gained Gold","damage_taken":0,"max_hp_gain":0,"max_hp_loss":0,"event_name":"Golden Wing","floor":4,"gold_loss":0}],"is_beta":false,"boss_relics":[],"items_purged_floors":[5,7],"is_endless":false,"potions_floor_spawned":[10,14],"killed_by":"Slime Boss","ascension_level":10}}