{"host":"urvvf8749ekcxo1a","time":1609926651,"event":{"mods":["BaseMod","Better Match","Better Sensory Stone","BetterRewards","Evolution","Gold Saver","Minty Spire (QoL Compilation)","Shop Mod","StSLib","The Disciple","The Dragon Tamer","The Marked","The Necromancer","The Servant 0.9.4","UnlockEverythingMod"],"gold_per_floor":[368,368,368,379,299,299,324,336,348,380,406,447,474,497,509,626,688,720,751,763,700,712,751,777,809,809,809],"floor_reached":25,"playtime":848,"items_purged":[],"score":310,"play_id":"c19fc033-8a40-4cfe-bdb0-47ade452d3f3","local_time":"20210106045051","is_ascension_mode":false,"metric_token":979,"campfire_choices":[{"data":"DTMod:DragonDance","floor":6,"key":"SMITH"},{"data":"DTMod:WarmUp","floor":8,"key":"SMITH"},{"floor":15,"key":"REST"}],"dtmod_dragon_data":[1,50,1,-1,8,0],"circlet_count":0,"master_deck":["DTMod:Strike","DTMod:Strike+1","DTMod:Strike","DTMod:Strike","DTMod:TargetDefense","DTMod:TargetDefense+1","DTMod:TargetDefense+1","DTMod:TargetDefense","DTMod:SwitchingTactic","DTMod:FlameSlash+1","DTMod:QuickFly","DTMod:DragonDance+1","DTMod:WarmUp+1","DTMod:HeatWave","DTMod:PurifyingFlame","DTMod:ComboAttack","DTMod:CrossStep","DTMod:MasterPlan","DTMod:ShadowImage","DTMod:Training","DTMod:BlazingStrike","DTMod:BuildUp+1","DTMod:BurningForce","DTMod:Training+1","DTMod:MasterPlan"],"relics":["DTMod:PactStone","EVO:Axolotl","MawBank","StrikeDummy","Bronze Scales","Tiny House","CultistMask","Darkstone Periapt"],"acts_visited":["Exordium","TheCity"],"potions_floor_usage":[7,13,16,19,23],"damage_taken":[{"damage":0,"enemies":"Small Slimes","floor":1,"turns":3},{"damage":0,"enemies":"Jaw Worm","floor":4,"turns":2},{"damage":13,"enemies":"3 Sentries","floor":7,"turns":5},{"damage":0,"enemies":"Cultist","floor":10,"turns":3},{"damage":0,"enemies":"3 Louse","floor":11,"turns":2},{"damage":0,"enemies":"Lagavulin","floor":12,"turns":5},{"damage":0,"enemies":"2 Fungi Beasts","floor":13,"turns":1},{"damage":0,"enemies":"Blue Slaver","floor":14,"turns":3},{"damage":0,"enemies":"Hexaghost","floor":16,"turns":9},{"damage":25,"enemies":"Spheric Guardian","floor":18,"turns":5},{"damage":0,"enemies":"Shell Parasite","floor":19,"turns":4},{"damage":3,"enemies":"Slavers","floor":23,"turns":4},{"damage":18,"enemies":"Snake Plant","floor":24,"turns":5},{"damage":32,"enemies":"Cultist and Chosen","floor":25,"turns":7}],"seed_played":"5479407032361276724","potions_obtained":[{"floor":4,"key":"SteroidPotion"},{"floor":7,"key":"Explosive Potion"},{"floor":11,"key":"Energy Potion"},{"floor":12,"key":"Weak Potion"},{"floor":16,"key":"FearPotion"},{"floor":17,"key":"FairyPotion"},{"floor":18,"key":"Explosive Potion"},{"floor":24,"key":"Ancient Potion"},{"floor":25,"key":"SteroidPotion"}],"is_trial":false,"path_per_floor":["M","?","?","M","$","R","E","R","T","M","M","E","M","M","R","B",null,"M","M","?","?","?","E","M","M"],"character_chosen":"THE_DT","items_purchased":["DTMod:DragonDance"],"campfire_rested":1,"item_purchase_floors":[5],"current_hp_per_floor":[49,49,39,39,39,39,26,26,26,26,26,26,26,26,40,40,54,29,29,47,47,47,44,26,16,16,16],"gold":809,"neow_bonus":"TEN_PERCENT_HP_BONUS","is_daily":false,"chose_seed":false,"campfire_upgraded":2,"win_rate":0.0,"timestamp":1609926651,"path_taken":["M","?","?","M","$","R","E","R","T","M","M","E","M","M","R","BOSS","M","M","?","?","?","E","M","M"],"items_purchased_type":["Card"],"build_version":"2020-12-22","purchased_purges":0,"victory":false,"max_hp_per_floor":[49,49,49,49,49,49,49,49,49,49,49,49,49,49,49,49,54,54,54,54,54,54,54,54,54,54,54],"card_choices":[{"not_picked":["DTMod:MagicField","DTMod:GhostSkin"],"picked":"DTMod:FlameSlash","floor":1},{"not_picked":["DTMod:Coolant","DTMod:MagicField"],"picked":"DTMod:QuickFly","floor":4},{"not_picked":["DTMod:BreakAttack","DTMod:GhostSkin"],"picked":"DTMod:WarmUp","floor":7},{"not_picked":["DTMod:QuickFly","DTMod:Threaten"],"picked":"DTMod:HeatWave","floor":10},{"not_picked":["DTMod:DarkBreath","DTMod:RecklessFlurry"],"picked":"DTMod:PurifyingFlame","floor":11},{"not_picked":["DTMod:LowKick","DTMod:RunningTactic"],"picked":"DTMod:ComboAttack","floor":12},{"not_picked":["DTMod:StarRain","DTMod:Hide"],"picked":"DTMod:CrossStep","floor":13},{"not_picked":["DTMod:Weaken","DTMod:BurningForce"],"picked":"DTMod:MasterPlan","floor":14},{"not_picked":["DTMod:FierySynthesis","DTMod:Outburst"],"picked":"DTMod:ShadowImage","floor":16},{"not_picked":["DTMod:QuickFly","DTMod:Haste"],"picked":"DTMod:Training","floor":17},{"not_picked":["DTMod:BreakAttack","DTMod:MaximumCharge"],"picked":"DTMod:BlazingStrike","floor":18},{"not_picked":["DTMod:CalculatedDefense","DTMod:Punisher+1"],"picked":"DTMod:BuildUp+1","floor":19},{"not_picked":["DTMod:Hide","DTMod:BizarreTactic"],"picked":"DTMod:BurningForce","floor":23},{"not_picked":["DTMod:Feint","DTMod:MasterPlan"],"picked":"DTMod:Training+1","floor":24},{"not_picked":["DTMod:MaximumCharge","DTMod:LowKick"],"picked":"DTMod:MasterPlan","floor":25}],"player_experience":108609,"relics_obtained":[{"floor":7,"key":"MawBank"},{"floor":9,"key":"StrikeDummy"},{"floor":12,"key":"Bronze Scales"},{"floor":23,"key":"Darkstone Periapt"}],"event_choices":[{"damage_healed":0,"gold_gain":0,"player_choice":"Grow","damage_taken":0,"max_hp_gain":0,"max_hp_loss":0,"event_name":"Living Wall","floor":2,"gold_loss":0,"cards_upgraded":["DTMod:FlameSlash"]},{"damage_healed":0,"gold_gain":0,"player_choice":"Entered Light","damage_taken":10,"max_hp_gain":0,"max_hp_loss":0,"event_name":"Shining Light","floor":3,"gold_loss":0,"cards_upgraded":["DTMod:TargetDefense","DTMod:Strike"]},{"damage_healed":18,"gold_gain":0,"player_choice":"Heal","damage_taken":0,"max_hp_gain":0,"max_hp_loss":0,"event_name":"The Library","floor":20,"gold_loss":0},{"cards_removed":["DTMod:DoubleHit"],"damage_healed":0,"gold_gain":0,"player_choice":"Gave Gold","damage_taken":0,"max_hp_gain":0,"max_hp_loss":0,"event_name":"Beggar","floor":21,"gold_loss":75},{"damage_healed":0,"gold_gain":0,"player_choice":"Trade","damage_taken":0,"relics_obtained":["CultistMask"],"max_hp_gain":0,"max_hp_loss":0,"event_name":"FaceTrader","floor":22,"gold_loss":0}],"is_beta":false,"boss_relics":[{"not_picked":["Ectoplasm","Runic Pyramid"],"picked":"Tiny House"}],"items_purged_floors":[],"is_endless":false,"potions_floor_spawned":[4,7,11,12,16,18,24,25],"killed_by":"Cultist and Chosen","ascension_level":0}}