{"host":"5x08nt64u3vxxcfi","time":1609903145,"event":{"mods":["BaseMod","Minty Spire (QoL Compilation)","StSLib","SuperFastMode"],"gold_per_floor":[110,185,197,208,64,64,13,13,65,65,77,112,112,62,62,62,62],"floor_reached":16,"playtime":211,"items_purged":[],"score":113,"play_id":"e7554e8d-7fa4-45dd-8b67-a18bb03f8c52","local_time":"20210106121905","is_ascension_mode":true,"campfire_choices":[{"data":"Go for the Eyes","floor":6.0,"key":"SMITH"},{"data":"Creative AI","floor":10.0,"key":"SMITH"},{"data":"Chaos","floor":15,"key":"SMITH"}],"circlet_count":0,"master_deck":["Strike_B","Strike_B","Defend_B","Defend_B","Defend_B","Defend_B","Zap","Dualcast","Chaos+1","Creative AI+1","Steam","Go for the Eyes+1","Go for the Eyes","Echo Form","Gash","Self Repair","Reboot"],"relics":["Cracked Core","Smiling Mask","Juzu Bracelet","Golden Idol"],"acts_visited":["Exordium"],"potions_floor_usage":[12,12,16],"damage_taken":[{"damage":7.0,"enemies":"Small Slimes","floor":1.0,"turns":3.0},{"damage":3.0,"enemies":"2 Louse","floor":3.0,"turns":3.0},{"damage":2.0,"enemies":"Cultist","floor":4.0,"turns":4.0},{"damage":12.0,"enemies":"3 Louse","floor":11.0,"turns":4.0},{"damage":9,"enemies":"Gremlin Nob","floor":12,"turns":4},{"damage":26,"enemies":"The Guardian","floor":16,"turns":2}],"seed_played":"-7424977918684095091","potions_obtained":[{"floor":1.0,"key":"SkillPotion"},{"floor":8.0,"key":"PotionOfCapacity"},{"floor":8.0,"key":"DistilledChaos"}],"is_trial":false,"path_per_floor":["M","?","M","M","$","R","$","?","T","R","M","E","?","?","R","B"],"character_chosen":"DEFECT","items_purchased":["Echo Form","Gash"],"campfire_rested":0,"item_purchase_floors":[5,7],"current_hp_per_floor":[68,57,54,52,52,52,52,52,52,52,40,38,20,20,20,0,0],"gold":62,"neow_bonus":"TRANSFORM_TWO_CARDS","is_daily":false,"chose_seed":false,"campfire_upgraded":3,"win_rate":0.0,"timestamp":1609903145,"path_taken":["M","?","M","M","$","R","$","?","T","R","M","E","?","?","R","BOSS"],"items_purchased_type":["Card","Card"],"build_version":"2020-12-22","purchased_purges":0,"victory":false,"max_hp_per_floor":[75,75,75,75,75,75,75,75,75,75,75,75,75,75,75,75,75],"card_choices":[{"not_picked":["Compile Driver","Leap"],"picked":"Steam","floor":1.0},{"not_picked":["Capacitor","Storm"],"picked":"Go for the Eyes","floor":3.0},{"not_picked":["Redo","Cold Snap"],"picked":"Go for the Eyes","floor":4.0},{"not_picked":["Turbo","Conserve Battery"],"picked":"Self Repair","floor":11.0},{"not_picked":["Coolheaded","Static Discharge"],"picked":"Reboot","floor":12}],"player_experience":48447,"relics_obtained":[{"floor":9.0,"key":"Smiling Mask"},{"floor":12,"key":"Juzu Bracelet"}],"event_choices":[{"damage_healed":0.0,"max_hp_gain":0.0,"max_hp_loss":0.0,"gold_gain":75.0,"event_name":"World of Goop","player_choice":"Gather Gold","floor":2.0,"gold_loss":0.0,"damage_taken":11.0},{"damage_healed":0.0,"max_hp_gain":0.0,"max_hp_loss":0.0,"gold_gain":0.0,"event_name":"Lab","player_choice":"Got Potions","floor":8.0,"gold_loss":0.0,"damage_taken":0.0},{"damage_healed":0,"gold_gain":0,"player_choice":"Take Damage","damage_taken":18,"relics_obtained":["Golden Idol"],"max_hp_gain":0,"max_hp_loss":0,"event_name":"Golden Idol","floor":13,"gold_loss":0},{"cards_removed":["Regret"],"damage_healed":0,"gold_gain":0,"player_choice":"Card Removal","damage_taken":0,"max_hp_gain":0,"max_hp_loss":0,"event_name":"The Cleric","floor":14,"gold_loss":50}],"is_beta":false,"boss_relics":[],"items_purged_floors":[],"is_endless":false,"potions_floor_spawned":[1],"killed_by":"The Guardian","ascension_level":3}}