{"host":"exyz3r55z4kt6m9o","time":1609935496,"event":{"mods":["2.2 Compatiblity","AchievementEnabler","Aspiration","BaseMod","Better Altar","Better Match","Better Note","Better Sensory Stone","Better Skull","Better Third Choice","BetterRewards","Colored Powertips","Energized Spire","Friendly Minions","GifTheSpireLib","Infinite Spire","Ironclad Rager","Jorbs\u0027s Wanderer Trilogy","Luminous","Marisa????????","Minty Spire (QoL Compilation)","Permanent Neow","Rare Cards Sparkle","Reimu??????","Relic Filter","Replay The Spire","Spicy Shops","StSLib","The Bladedancer","The Blue Laboratory","The Gatherer","The Hayseed","The Mystic","The Runesmith","Wandering Minibosses","yUi"],"gold_per_floor":[117,117,135,151,76,104,115,115,115,133,151,151,180,190,190,285,285,297,297,55,43,72,72,99,99,123,198,198,198],"floor_reached":28,"playtime":1111,"items_purged":["Runesmith:Strike_RS"],"score":285,"play_id":"c6e9544f-8a50-43a6-8b8d-598fe96661d3","local_time":"20210106071816","is_ascension_mode":true,"campfire_choices":[{"data":"Runesmith:Grindstone","floor":8,"key":"SMITH"},{"data":"Runesmith:Grindstone","floor":15,"key":"SMITH"},{"floor":23,"key":"REST"},{"data":"Runesmith:UnlimitedPower","floor":25,"key":"SMITH"}],"circlet_count":0,"master_deck":["Runesmith:Strike_RS","Runesmith:Strike_RS","Runesmith:Strike_RS","Runesmith:Defend_RS","Runesmith:Defend_RS+1","Runesmith:Defend_RS+1","Runesmith:Defend_RS+1","Runesmith:CraftFirestone+1","Runesmith:Fortify+1","Runesmith:EnergizedChisel","Runesmith:HeatedChisel","Runesmith:Grindstone+1","Runesmith:Grindstone+1","Runesmith:UnlimitedPower+1"],"relics":["Runesmith:BrokenRuby","infinitespire:EmpoweringShard","Runesmith:EmergencyProvisions","Runic Dome","Singing Bowl","Red Mask","Replay:PocketPolymizer","War Paint"],"acts_visited":["Exordium","TheCity"],"potions_floor_usage":[6,13,16,22,22,22],"damage_taken":[{"damage":1,"enemies":"Jaw Worm","floor":1,"turns":3},{"damage":0,"enemies":"2 Louse","floor":3,"turns":3},{"damage":1,"enemies":"Cultist","floor":4,"turns":4},{"damage":12,"enemies":"Lagavulin","floor":6,"turns":6},{"damage":0,"enemies":"3 Louse","floor":7,"turns":3},{"damage":0,"enemies":"Looter","floor":10,"turns":3},{"damage":2,"enemies":"Exordium Thugs","floor":11,"turns":5},{"damage":13,"enemies":"3 Sentries","floor":13,"turns":7},{"damage":0,"enemies":"Blue Slaver","floor":14,"turns":5},{"damage":1,"enemies":"The Guardian","floor":16,"turns":10},{"damage":5,"enemies":"Shell Parasite","floor":18,"turns":5},{"damage":10,"enemies":"2 Thieves","floor":21,"turns":4},{"damage":40,"enemies":"Masked Bandits","floor":22,"turns":5},{"damage":22,"enemies":"Book of Stabbing","floor":24,"turns":6},{"damage":26,"enemies":"Slavers","floor":28,"turns":3}],"seed_played":"-2328219381419381453","potions_obtained":[{"floor":4,"key":"blueLaboratory:FruitPunch"},{"floor":6,"key":"Block Potion"},{"floor":10,"key":"Explosive Potion"},{"floor":16,"key":"blueLaboratory:BottleOfRum"},{"floor":18,"key":"blueLaboratory:NullPotion"},{"floor":21,"key":"blueLaboratory:FruitPunch"}],"is_trial":false,"path_per_floor":["M","?","M","M","$","E","M","R","T","M","M","?","E","M","R","B",null,"M","?","$","M","?","R","E","R","T","?","E"],"character_chosen":"RUNESMITH_CLASS","items_purchased":["Singing Bowl"],"campfire_rested":1,"item_purchase_floors":[20],"current_hp_per_floor":[69,55,55,54,54,44,44,44,44,44,42,47,34,34,34,33,77,72,72,72,64,28,52,32,32,32,24,0,0],"gold":198,"neow_bonus":"UPGRADE_CARD","is_daily":false,"chose_seed":false,"campfire_upgraded":3,"win_rate":0.0,"timestamp":1609935496,"path_taken":["M","?","M","M","$","E","M","R","T","M","M","?","E","M","R","BOSS","M","?","$","M","?","R","E","R","T","?","E"],"items_purchased_type":["Relic"],"build_version":"2020-12-22","purchased_purges":1,"victory":false,"max_hp_per_floor":[70,70,70,70,70,72,72,72,72,72,72,77,77,77,77,77,77,77,77,77,79,83,83,85,85,85,85,85,85],"card_choices":[{"not_picked":["Runesmith:HammerThrow","Runesmith:ChiselStab"],"picked":"Runesmith:EnergizedChisel","floor":1},{"not_picked":["Runesmith:ElementalConversion","Runesmith:ChaoticBlast"],"picked":"Runesmith:HeatedChisel","floor":3},{"not_picked":["Runesmith:Empowerment","Runesmith:Overpower","Runesmith:ChiselStab"],"picked":"SKIP","floor":4},{"not_picked":["Runesmith:LastStand","Runesmith:HeatExchange","Runesmith:Overpower"],"picked":"SKIP","floor":6},{"not_picked":["Runesmith:CraftMagma","Runesmith:MakeshiftArmor"],"picked":"Runesmith:Grindstone","floor":7},{"not_picked":["Runesmith:ChaoticBlast","Runesmith:Firewall"],"picked":"Runesmith:Grindstone","floor":10},{"not_picked":["Runesmith:LastStand","Runesmith:Firewall","Runesmith:CraftMagma"],"picked":"SKIP","floor":11},{"not_picked":["Runesmith:ChargedHammer","Runesmith:HammerThrow","Runesmith:Repurpose"],"picked":"SKIP","floor":13},{"not_picked":["Runesmith:EnergizedChisel","Runesmith:Repurpose","Runesmith:GoWithTheFlow"],"picked":"SKIP","floor":14},{"not_picked":["Runesmith:CraftMedicinae","Runesmith:CreatorForm"],"picked":"Runesmith:UnlimitedPower","floor":16},{"not_picked":["Runesmith:EnergizedChisel","Runesmith:Overpower","Runesmith:HammerThrow+1"],"picked":"SKIP","floor":18},{"not_picked":["Runesmith:HammerThrow","Runesmith:Electrocute","Runesmith:ShiftingStrike+1"],"picked":"Singing Bowl","floor":21},{"not_picked":["Runesmith:ChiselStab","Runesmith:Retool","Runesmith:HammerThrow"],"picked":"Singing Bowl","floor":22},{"not_picked":["Runesmith:BackupBattery","Runesmith:ElementalConversion+1","Runesmith:CreatorForm"],"picked":"Singing Bowl","floor":24}],"player_experience":674623,"relics_obtained":[{"floor":6,"key":"infinitespire:EmpoweringShard"},{"floor":13,"key":"Runesmith:EmergencyProvisions"},{"floor":22,"key":"Red Mask"},{"floor":24,"key":"Replay:PocketPolymizer"},{"floor":26,"key":"War Paint"}],"event_choices":[{"damage_healed":69,"gold_gain":0,"player_choice":"Upgrade","damage_taken":14,"max_hp_gain":0,"max_hp_loss":70,"event_name":"betterThird:BetterShining","floor":2,"gold_loss":0,"cards_upgraded":["Runesmith:Defend_RS","Runesmith:Defend_RS"]},{"damage_healed":0,"gold_gain":0,"player_choice":"Donut","damage_taken":0,"max_hp_gain":5,"max_hp_loss":0,"event_name":"Big Fish","floor":12,"gold_loss":0},{"cards_removed":["Runesmith:UnlimitedPower"],"damage_healed":0,"gold_gain":0,"player_choice":"Give","damage_taken":0,"max_hp_gain":0,"max_hp_loss":0,"event_name":"betterNote:BetterNote","floor":19,"gold_loss":0,"cards_obtained":["None"]},{"damage_healed":0,"gold_gain":0,"player_choice":"Fought Bandits","damage_taken":0,"max_hp_gain":0,"max_hp_loss":0,"event_name":"Masked Bandits","floor":22,"gold_loss":0},{"damage_healed":0,"gold_gain":75,"player_choice":"Touch","damage_taken":8,"max_hp_gain":0,"max_hp_loss":0,"event_name":"FaceTrader","floor":27,"gold_loss":0}],"is_beta":false,"boss_relics":[{"not_picked":["Snecko Eye","Replay:Ancient Bell"],"picked":"Runic Dome"}],"items_purged_floors":[5],"is_endless":false,"potions_floor_spawned":[4,6,10,16,18,21],"killed_by":"Slavers","ascension_level":1}}