{"host":"jm9833yuloeli2yd","time":1609957264,"event":{"mods":["BaseMod","Better Altar","Better Match","Better Note","Better Sensory Stone","Better Skull","Better Third Choice","Better Vampires","BetterRewards","Colored Map","Colored Powertips","DeckTracker","Minty Spire (QoL Compilation)","Permanent Neow","Quick Restart","StSLib","SuperFastMode"],"gold_per_floor":[112,123,142,154,168,168,179,179,203,203,223,254,267,267,267,346,346,363,380,380,330,347,347,366,376,376,399,409,435,446,461,461,540,540,555,555,569,199,252,284,284,309,380,380,394,394,394,16,16,16,16,16,16,16,51,51,51],"floor_reached":56,"playtime":2847,"items_purged":["Riddle With Holes","Sucker Punch"],"score":1831,"play_id":"8de546f0-0a68-4e5d-a1d9-caddc3de1df0","local_time":"20210106132104","is_ascension_mode":true,"campfire_choices":[{"data":"Neutralize","floor":6.0,"key":"SMITH"},{"data":"Bane","floor":8.0,"key":"SMITH"},{"data":"Catalyst","floor":15.0,"key":"SMITH"},{"data":"Night Terror","floor":23.0,"key":"SMITH"},{"data":"Burst","floor":32.0,"key":"SMITH"},{"data":"Wraith Form v2","floor":41.0,"key":"SMITH"},{"data":"Wraith Form v2","floor":44.0,"key":"SMITH"},{"data":"Night Terror","floor":46.0,"key":"SMITH"},{"floor":49.0,"key":"RECALL"},{"data":"Well Laid Plans","floor":53,"key":"SMITH"}],"circlet_count":0,"master_deck":["AscendersBane","Survivor","Neutralize+1","Noxious Fumes+1","Quick Slash","Catalyst+1","Flying Knee","Bane","Bane+1","Leg Sweep","Heel Hook","Night Terror+1","Deflect","Backflip+1","Corpse Explosion","Calculated Gamble","Blur","Burst+1","Escape Plan","Night Terror+1","Doppelganger","Terror","Wraith Form v2+1","After Image","Concentrate","Die Die Die","Footwork","Well Laid Plans+1","Caltrops+1","Wraith Form v2+1","Tactician","Backflip","Escape Plan+1","Dodge and Roll+1","Madness","Madness","Expertise"],"relics":["Ring of the Snake","Meat on the Bone","Incense Burner","Strawberry","Potion Belt","Coffee Dripper","Bronze Scales","StrikeDummy","Pen Nib","Whetstone","Pandora\u0027s Box","The Specimen","Letter Opener","Du-Vu Doll","Toy Ornithopter","Kunai"],"acts_visited":["Exordium","TheCity","TheBeyond","TheEnding"],"potions_floor_usage":[],"damage_taken":[{"damage":0.0,"enemies":"Cultist","floor":1.0,"turns":4.0},{"damage":0.0,"enemies":"Small Slimes","floor":2.0,"turns":3.0},{"damage":3.0,"enemies":"Jaw Worm","floor":3.0,"turns":7.0},{"damage":40.0,"enemies":"Gremlin Gang","floor":4.0,"turns":5.0},{"damage":11.0,"enemies":"3 Louse","floor":5.0,"turns":5.0},{"damage":14.0,"enemies":"Large Slime","floor":7.0,"turns":6.0},{"damage":16.0,"enemies":"Gremlin Gang","floor":11.0,"turns":5.0},{"damage":26.0,"enemies":"Gremlin Nob","floor":12.0,"turns":4.0},{"damage":6.0,"enemies":"Exordium Thugs","floor":13.0,"turns":5.0},{"damage":14.0,"enemies":"The Guardian","floor":16.0,"turns":9.0},{"damage":32.0,"enemies":"Spheric Guardian","floor":18.0,"turns":6.0},{"damage":17.0,"enemies":"Chosen","floor":19.0,"turns":5.0},{"damage":16.0,"enemies":"Snake Plant","floor":22.0,"turns":6.0},{"damage":8.0,"enemies":"Centurion and Healer","floor":24.0,"turns":5.0},{"damage":7.0,"enemies":"Cultist and Chosen","floor":25.0,"turns":7.0},{"damage":3.0,"enemies":"Snake Plant","floor":28.0,"turns":3.0},{"damage":12.0,"enemies":"Gremlin Leader","floor":29.0,"turns":6.0},{"damage":13.0,"enemies":"Centurion and Healer","floor":30.0,"turns":6.0},{"damage":8.0,"enemies":"Snecko","floor":31.0,"turns":4.0},{"damage":23.0,"enemies":"Automaton","floor":33.0,"turns":11.0},{"damage":10.0,"enemies":"Orb Walker","floor":35.0,"turns":4.0},{"damage":0.0,"enemies":"3 Darklings","floor":37.0,"turns":3.0},{"damage":3.0,"enemies":"2 Orb Walkers","floor":39.0,"turns":5.0},{"damage":13.0,"enemies":"Giant Head","floor":40.0,"turns":10.0},{"damage":4.0,"enemies":"Mind Bloom Boss Battle","floor":42.0,"turns":6.0},{"damage":14.0,"enemies":"Sphere and 2 Shapes","floor":45.0,"turns":12.0},{"damage":50.0,"enemies":"Awakened One","floor":50.0,"turns":14.0},{"damage":15,"enemies":"Donu and Deca","floor":51,"turns":11},{"damage":27,"enemies":"Shield and Spear","floor":55,"turns":11},{"damage":40,"enemies":"The Heart","floor":56,"turns":5}],"seed_played":"1105726556010568704","potions_obtained":[{"floor":2.0,"key":"FearPotion"},{"floor":3.0,"key":"Fruit Juice"},{"floor":4.0,"key":"Energy Potion"},{"floor":12.0,"key":"EntropicBrew"},{"floor":16.0,"key":"Swift Potion"},{"floor":19.0,"key":"GamblersBrew"},{"floor":22.0,"key":"EntropicBrew"},{"floor":24.0,"key":"Block Potion"},{"floor":31.0,"key":"DuplicationPotion"},{"floor":33.0,"key":"GhostInAJar"},{"floor":35.0,"key":"Poison Potion"},{"floor":40.0,"key":"Poison Potion"}],"is_trial":false,"path_per_floor":["M","M","M","M","M","R","M","R","T","?","M","E","M","?","R","B",null,"M","M","?","?","M","R","M","M","T","T","M","E","M","M","R","B",null,"M","?","M","$","?","E","R","?","T","R","M","R","?","$","R","B","B",null,"R","$","E","B"],"character_chosen":"THE_SILENT","items_purchased":["Meat on the Bone","Block Potion","Wraith Form v2","Tactician","AttackPotion","EntropicBrew","Toy Ornithopter"],"campfire_rested":0,"item_purchase_floors":[0,0,38,38,38,48,48],"current_hp_per_floor":[52,52,49,26,27,27,25,25,32,32,28,14,35,35,35,33,67,47,42,42,42,38,38,42,47,47,47,44,44,43,47,47,36,68,58,58,58,58,55,42,42,50,50,50,48,48,34,34,34,36,33,67,67,67,40,0,0],"gold":51,"neow_bonus":"","is_daily":false,"chose_seed":false,"campfire_upgraded":9,"win_rate":0.0,"timestamp":1609957264,"path_taken":["M","M","?","M","M","R","M","R","T","?","M","E","M","?","R","BOSS","M","?","?","?","M","R","?","M","T","?","M","E","M","M","R","BOSS","M","?","?","$","?","E","R","?","T","R","M","R","?","$","R","BOSS","BOSS","R","$","E","BOSS"],"items_purchased_type":["Relic","Potion","Card","Card","Potion","Potion","Relic"],"build_version":"2020-12-22","purchased_purges":2,"victory":false,"max_hp_per_floor":[66,66,66,71,71,71,71,71,78,78,78,78,78,78,78,78,78,78,78,78,78,78,78,78,78,78,78,78,78,78,78,78,78,78,78,78,78,78,78,78,78,78,78,78,78,78,78,78,78,78,78,78,78,78,78,78,78],"card_choices":[{"not_picked":["Riddle With Holes","Quick Slash"],"picked":"Noxious Fumes","floor":1.0},{"not_picked":["Acrobatics","Blade Dance"],"picked":"Quick Slash","floor":2.0},{"not_picked":["Well Laid Plans","Quick Slash"],"picked":"Catalyst","floor":3.0},{"not_picked":["PiercingWail","Flechettes"],"picked":"Flying Knee","floor":4.0},{"not_picked":["Backflip","Reflex"],"picked":"Bane","floor":5.0},{"not_picked":["Tactician","Dodge and Roll"],"picked":"Bane","floor":7.0},{"not_picked":["Slice","Caltrops","Sucker Punch"],"picked":"SKIP","floor":11.0},{"not_picked":["Prepared","Expertise"],"picked":"Leg Sweep","floor":12.0},{"not_picked":["Tools of the Trade","Finisher"],"picked":"Heel Hook","floor":13.0},{"not_picked":["Grand Finale","Glass Knife"],"picked":"Night Terror","floor":16.0},{"not_picked":["Backflip","Outmaneuver"],"picked":"Deflect","floor":18.0},{"not_picked":["Cloak And Dagger","Underhanded Strike","Riddle With Holes"],"picked":"SKIP","floor":19.0},{"not_picked":["Slice","Poisoned Stab"],"picked":"Backflip+1","floor":22.0},{"not_picked":["Heel Hook","Dodge and Roll"],"picked":"Corpse Explosion","floor":24.0},{"not_picked":["Prepared","Bane"],"picked":"Calculated Gamble","floor":25.0},{"not_picked":["Noxious Fumes","Leg Sweep"],"picked":"Blur","floor":28.0},{"not_picked":["Choke+1","Backflip"],"picked":"Burst","floor":29.0},{"not_picked":["Quick Slash","Slice","Deflect"],"picked":"SKIP","floor":30.0},{"not_picked":["Deflect","Deadly Poison+1"],"picked":"Escape Plan","floor":31.0},{"not_picked":["Die Die Die","Doppelganger"],"picked":"Night Terror","floor":33.0},{"not_picked":["Bane","Flying Knee","Dagger Throw"],"picked":"SKIP","floor":35.0},{"not_picked":["Outmaneuver","All Out Attack+1"],"picked":"Caltrops+1","floor":37.0},{"not_picked":["Sucker Punch","Blade Dance"],"picked":"Backflip","floor":39.0},{"not_picked":["Blade Dance+1","Flechettes+1"],"picked":"Escape Plan+1","floor":40.0},{"not_picked":["Poisoned Stab","Prepared"],"picked":"Dodge and Roll+1","floor":42.0},{"not_picked":["Flying Knee+1","Deflect","Riddle With Holes"],"picked":"SKIP","floor":45.0},{"not_picked":["Envenom","Footwork"],"picked":"Expertise","floor":55}],"player_experience":1265993,"relics_obtained":[{"floor":9.0,"key":"Strawberry"},{"floor":12.0,"key":"Potion Belt"},{"floor":26.0,"key":"StrikeDummy"},{"floor":27.0,"key":"Pen Nib"},{"floor":29.0,"key":"Whetstone"},{"floor":39.0,"key":"The Specimen"},{"floor":40.0,"key":"Letter Opener"},{"floor":42.0,"key":"Du-Vu Doll"},{"floor":55,"key":"Kunai"}],"event_choices":[{"damage_healed":0.0,"max_hp_gain":0.0,"max_hp_loss":0.0,"gold_gain":0.0,"event_name":"Dead Adventurer","player_choice":"Searched \u00270\u0027 times","floor":10.0,"gold_loss":0.0,"damage_taken":0.0},{"damage_healed":0.0,"max_hp_gain":0.0,"max_hp_loss":0.0,"gold_gain":0.0,"event_name":"Upgrade Shrine","player_choice":"Upgraded","floor":14.0,"gold_loss":0.0,"damage_taken":0.0,"cards_upgraded":["Noxious Fumes"]},{"damage_healed":0.0,"max_hp_gain":0.0,"max_hp_loss":0.0,"gold_gain":0.0,"event_name":"The Mausoleum","player_choice":"Opened","floor":20.0,"gold_loss":0.0,"damage_taken":0.0,"relics_obtained":["Bronze Scales"],"cards_obtained":["Writhe"]},{"damage_healed":0.0,"max_hp_gain":0.0,"max_hp_loss":0.0,"gold_gain":0.0,"event_name":"The Joust","player_choice":"Bet on Owner","floor":21.0,"gold_loss":50.0,"damage_taken":0.0},{"cards_removed":["Writhe"],"damage_healed":0.0,"max_hp_gain":0.0,"max_hp_loss":0.0,"gold_gain":0.0,"event_name":"Wheel of Change","player_choice":"Card Removal","floor":36.0,"gold_loss":0.0,"damage_taken":0.0},{"damage_healed":0.0,"max_hp_gain":0.0,"max_hp_loss":0.0,"gold_gain":0.0,"event_name":"Mysterious Sphere","player_choice":"Fight","floor":39.0,"gold_loss":0.0,"damage_taken":0.0},{"damage_healed":0.0,"max_hp_gain":0.0,"max_hp_loss":0.0,"gold_gain":0.0,"event_name":"MindBloom","player_choice":"Fight","floor":42.0,"gold_loss":0.0,"damage_taken":0.0},{"damage_healed":0.0,"max_hp_gain":0.0,"max_hp_loss":0.0,"gold_gain":0.0,"event_name":"Winding Halls","player_choice":"Embrace Madness","floor":47.0,"gold_loss":0.0,"damage_taken":14.0,"cards_obtained":["Madness","Madness"]}],"is_beta":false,"boss_relics":[{"not_picked":["Fusion Hammer","Runic Pyramid"],"picked":"Coffee Dripper"},{"not_picked":["Empty Cage","Black Star"],"picked":"Pandora\u0027s Box"}],"items_purged_floors":[38,48],"is_endless":false,"potions_floor_spawned":[2,3,4,12,16,19,22,24,31,33,35,40,42],"killed_by":"The Heart","ascension_level":20}}