{"host":"dmdprxj8bosbz96f","time":1609946040,"event":{"mods":["AchievementEnabler","BaseMod","Colored Map","DeckTracker","Minty Spire (QoL Compilation)","Quick Restart","SuperFastMode","everything is the same but u backflip on backflip"],"gold_per_floor":[114,36,311,65,81,81,107,107,107,3,3,20,30,48,48,143,143,153,153,153,163,182,211,42,42,42,42,42,54,54,28,28,28,28],"floor_reached":33,"playtime":955,"items_purged":["Regret"],"score":360,"play_id":"d2f77b7c-dd9e-4301-8f4e-5b843cf6135a","local_time":"20210107001400","is_ascension_mode":true,"campfire_choices":[{"data":"Noxious Fumes","floor":6.0,"key":"SMITH"},{"data":"Neutralize","floor":8.0,"key":"SMITH"},{"data":"Bouncing Flask","floor":15.0,"key":"SMITH"},{"floor":25.0,"key":"REST"},{"floor":27.0,"key":"REST"},{"floor":32.0,"key":"REST"}],"circlet_count":0,"master_deck":["Strike_G","Strike_G","Strike_G","Strike_G","Strike_G","Defend_G","Defend_G","Defend_G","Survivor","Neutralize+1","Deflect","Blur","PiercingWail","Noxious Fumes+1","Deflect","Expertise","Outmaneuver","Bouncing Flask+1","Deadly Poison","Backflip","Reflex","Flechettes","Wraith Form v2","Concentrate","Heel Hook","Slice","Deadly Poison","Prepared+1","Dagger Throw","Deflect","Setup+1","Shame","PiercingWail"],"relics":["Ring of the Snake","NeowsBlessing","Ancient Tea Set","InkBottle","White Beast Statue","HoveringKite","Ninja Scroll","Membership Card","StrikeDummy","Calipers","Frozen Egg 2"],"acts_visited":["Exordium","TheCity"],"potions_floor_usage":[33],"damage_taken":[{"damage":0.0,"enemies":"Small Slimes","floor":1.0,"turns":1.0},{"damage":0.0,"enemies":"Cultist","floor":5.0,"turns":1.0},{"damage":0.0,"enemies":"3 Sentries","floor":7.0,"turns":2.0},{"damage":0.0,"enemies":"2 Louse","floor":12.0,"turns":3.0},{"damage":1.0,"enemies":"Blue Slaver","floor":13.0,"turns":5.0},{"damage":12.0,"enemies":"Exordium Thugs","floor":14.0,"turns":4.0},{"damage":3.0,"enemies":"The Guardian","floor":16.0,"turns":8.0},{"damage":0.0,"enemies":"Shell Parasite","floor":18.0,"turns":4.0},{"damage":24.0,"enemies":"3 Byrds","floor":21.0,"turns":6.0},{"damage":20.0,"enemies":"Snake Plant","floor":22.0,"turns":3.0},{"damage":1.0,"enemies":"Gremlin Leader","floor":23.0,"turns":7.0},{"damage":17.0,"enemies":"Shelled Parasite and Fungi","floor":29.0,"turns":6.0},{"damage":78,"enemies":"Automaton","floor":33,"turns":6}],"seed_played":"1806017316055043013","potions_obtained":[{"floor":7.0,"key":"Dexterity Potion"},{"floor":12.0,"key":"SneckoOil"},{"floor":13.0,"key":"Fruit Juice"},{"floor":14.0,"key":"Dexterity Potion"},{"floor":16.0,"key":"SkillPotion"},{"floor":18.0,"key":"Ancient Potion"},{"floor":21.0,"key":"LiquidMemories"},{"floor":22.0,"key":"Explosive Potion"},{"floor":23.0,"key":"DuplicationPotion"},{"floor":29.0,"key":"Block Potion"}],"is_trial":false,"path_per_floor":["M","$","?","$","M","R","E","R","T","$","?","M","M","M","R","B",null,"M","?","?","M","M","E","$","R","T","R","?","M","?","$","R","B"],"character_chosen":"THE_SILENT","items_purchased":["Blur","PiercingWail","Noxious Fumes","Deflect","Bouncing Flask","Deadly Poison","Membership Card","Deflect","PiercingWail"],"campfire_rested":3,"item_purchase_floors":[2,4,4,4,10,10,24,24,31],"current_hp_per_floor":[70,70,70,70,70,70,70,70,70,70,58,58,57,50,50,47,68,68,68,68,44,24,23,23,45,45,67,67,50,50,50,72,0,0],"gold":28,"neow_bonus":"THREE_ENEMY_KILL","is_daily":false,"chose_seed":false,"campfire_upgraded":3,"win_rate":0.0,"timestamp":1609946040,"path_taken":["M","$","?","$","M","R","E","R","T","?","?","?","M","M","R","BOSS","M","?","?","M","M","E","$","R","T","R","?","?","?","$","R","BOSS"],"items_purchased_type":["Card","Card","Card","Card","Card","Card","Relic","Card","Card"],"build_version":"2020-12-22","purchased_purges":1,"victory":false,"max_hp_per_floor":[70,70,70,70,70,70,70,70,70,70,70,70,70,75,75,75,75,75,75,75,75,75,75,75,75,75,75,75,75,75,75,75,75,75],"card_choices":[{"not_picked":["Flying Knee","Skewer"],"picked":"Deflect","floor":1.0},{"not_picked":["Noxious Fumes","Infinite Blades"],"picked":"Expertise","floor":5.0},{"not_picked":["Underhanded Strike","Sucker Punch"],"picked":"Outmaneuver","floor":7.0},{"not_picked":["Dagger Spray","Dodge and Roll"],"picked":"Backflip","floor":12.0},{"not_picked":["PiercingWail","Poisoned Stab"],"picked":"Reflex","floor":13.0},{"not_picked":["Phantasmal Killer","Flying Knee"],"picked":"Flechettes","floor":14.0},{"not_picked":["Venomology","After Image"],"picked":"Wraith Form v2","floor":16.0},{"not_picked":["Dodge and Roll+1","Footwork"],"picked":"Concentrate","floor":18.0},{"not_picked":["Finisher","Predator+1"],"picked":"Prepared+1","floor":21.0},{"not_picked":["Poisoned Stab+1","Sucker Punch","Blade Dance"],"picked":"SKIP","floor":22.0},{"not_picked":["Sucker Punch+1","Tools of the Trade"],"picked":"Dagger Throw","floor":23.0},{"not_picked":["Leg Sweep","Poisoned Stab+1"],"picked":"Setup+1","floor":29.0}],"player_experience":173044,"relics_obtained":[{"floor":7.0,"key":"Ancient Tea Set"},{"floor":9.0,"key":"InkBottle"},{"floor":23.0,"key":"Ninja Scroll"},{"floor":26.0,"key":"StrikeDummy"}],"event_choices":[{"damage_healed":0.0,"max_hp_gain":0.0,"max_hp_loss":0.0,"gold_gain":275.0,"event_name":"Golden Shrine","player_choice":"Desecrate","floor":3.0,"gold_loss":0.0,"damage_taken":0.0,"cards_obtained":["Regret"]},{"damage_healed":0.0,"max_hp_gain":0.0,"max_hp_loss":0.0,"gold_gain":0.0,"event_name":"Scrap Ooze","player_choice":"Success","floor":11.0,"gold_loss":0.0,"damage_taken":12.0,"relics_obtained":["White Beast Statue"]},{"damage_healed":0.0,"max_hp_gain":0.0,"max_hp_loss":0.0,"gold_gain":0.0,"cards_transformed":["Defend_G","Defend_G"],"event_name":"Drug Dealer","player_choice":"Became Test Subject","floor":19.0,"gold_loss":0.0,"damage_taken":0.0,"cards_obtained":["Heel Hook","Slice"]},{"damage_healed":0.0,"max_hp_gain":0.0,"max_hp_loss":0.0,"gold_gain":0.0,"event_name":"The Library","player_choice":"Read","floor":20.0,"gold_loss":0.0,"damage_taken":0.0,"cards_obtained":["Deadly Poison"]},{"damage_healed":0.0,"max_hp_gain":0.0,"max_hp_loss":0.0,"gold_gain":0.0,"event_name":"The Mausoleum","player_choice":"Opened","floor":28.0,"gold_loss":0.0,"damage_taken":0.0,"relics_obtained":["Calipers"]},{"damage_healed":0.0,"max_hp_gain":0.0,"max_hp_loss":0.0,"gold_gain":0.0,"event_name":"Addict","player_choice":"Stole Relic","floor":30.0,"gold_loss":0.0,"damage_taken":0.0,"relics_obtained":["Frozen Egg 2"],"cards_obtained":["Shame"]}],"is_beta":false,"boss_relics":[{"not_picked":["Runic Dome","Ectoplasm"],"picked":"HoveringKite"}],"items_purged_floors":[4],"is_endless":false,"potions_floor_spawned":[7,12,13,14,16,18,21,22,23,29],"killed_by":"Automaton","ascension_level":5}}