{"host":"ecaj4hn004xnnrw9","time":1609907496,"event":{"mods":["AchievementEnabler","BaseMod","Hermit","Minty Spire (QoL Compilation)","Quick Restart","Replay The Spire","Shop Mod","StSLib","The Jungle"],"gold_per_floor":[119,44,55,74,25,50,50,65,65,65,97,97,128,4,4,106,106,122,33,33,33,1,35,46,46,70,81,21,128,143,160,160,265,315,332,332,332,409,23,23,43,43,69,69,84,9,9,24,24,24],"floor_reached":51,"playtime":2269,"items_purged":["Strike_G","Replay:Hysterical Blindness","ReplayTheSpireMod:Doomed","Replay:Hysterical Blindness"],"score":832,"play_id":"079d67b6-4eb3-4fa5-914b-80ac143fc187","local_time":"20210106043136","is_ascension_mode":true,"campfire_choices":[{"data":"Footwork","floor":7,"key":"SMITH"},{"floor":10,"key":"REST"},{"floor":15,"key":"REST"},{"data":"Poison Darts","floor":25,"key":"SMITH"},{"data":"Burst","floor":32,"key":"SMITH"},{"data":"PiercingWail","floor":40,"key":"SMITH"},{"data":"Fluid Movement","floor":44,"key":"SMITH"},{"data":"Well Laid Plans","floor":47,"key":"SMITH"},{"data":"Neutralize","floor":49,"key":"SMITH"}],"circlet_count":0,"master_deck":["Defend_G+1","Defend_G","Defend_G","Defend_G+1","Survivor","Neutralize+1","Dagger Throw","Footwork+1","Dagger Spray","Sucker Punch","Poison Darts+1","Backflip","Burst+1","Well Laid Plans+1","Fluid Movement+1","Footwork+1","Deflect","Backflip+1","PiercingWail+1","Dodge and Roll","Poison Darts+1"],"relics":["Ring of the Snake","NeowsBlessing","The Courier","Du-Vu Doll","Torii","Thread and Needle","Membership Card","Replay:Grab Bag","Coffee Dripper","Replay:Bronze Core","Kintsugi","Blood Vial","Centennial Puzzle","Blue Doll","Tiny Chest","Tiny House","Pear","Divine Protection","War Paint","Gambling Chip","ReplayTheSpireMod:TigerMarble"],"acts_visited":["Exordium","TheCity","TheBeyond"],"potions_floor_usage":[11,13,24,33,50,50,50],"damage_taken":[{"damage":0,"enemies":"Cultist","floor":1,"turns":1},{"damage":0,"enemies":"Small Slimes","floor":3,"turns":1},{"damage":0,"enemies":"Jaw Worm","floor":4,"turns":1},{"damage":33,"enemies":"3 Sentries","floor":6,"turns":10},{"damage":3,"enemies":"Blue Slaver","floor":8,"turns":4},{"damage":22,"enemies":"Gremlin Nob","floor":11,"turns":4},{"damage":11,"enemies":"Replay:BlueRogue","floor":13,"turns":5},{"damage":1,"enemies":"The Guardian","floor":16,"turns":13},{"damage":0,"enemies":"3 Byrds","floor":18,"turns":6},{"damage":3,"enemies":"Book of Stabbing","floor":23,"turns":11},{"damage":8,"enemies":"2 Thieves","floor":24,"turns":4},{"damage":0,"enemies":"Snake Plant","floor":27,"turns":2},{"damage":0,"enemies":"Snecko","floor":30,"turns":3},{"damage":7,"enemies":"Chosen and Byrds","floor":31,"turns":3},{"damage":8,"enemies":"Automaton","floor":33,"turns":8},{"damage":0,"enemies":"Orb Walker","floor":35,"turns":7},{"damage":0,"enemies":"3 Shapes","floor":41,"turns":5},{"damage":2,"enemies":"3 Darklings","floor":45,"turns":6},{"damage":0,"enemies":"Jaw Worm Horde","floor":48,"turns":6},{"damage":6,"enemies":"Time Eater","floor":50,"turns":13}],"seed_played":"-5531033475206010896","potions_obtained":[{"floor":1,"key":"BlessingOfTheForge"},{"floor":6,"key":"SteroidPotion"},{"floor":8,"key":"BlessingOfTheForge"},{"floor":16,"key":"Dexterity Potion"},{"floor":30,"key":"SmokeBomb"},{"floor":34,"key":"SpeedPotion"},{"floor":41,"key":"SpeedPotion"}],"is_trial":false,"path_per_floor":["M","$","M","M","$","E","R","M","T","R","E","?","E","$","R","B",null,"M","$","?","?","$","E","M","R","T","M","?","?","M","M","R","B",null,"M","?","?","T","$","R","M","?","T","R","M","$","R","M","R","B",null],"character_chosen":"THE_SILENT","items_purchased":["Dagger Spray","Membership Card","PowerPotion","Swift Potion","Fluid Movement","Divine Protection","Backflip","PiercingWail","Dodge and Roll","War Paint","Gambling Chip"],"campfire_rested":2,"item_purchase_floors":[5,14,19,19,22,39,39,39,39,39,39],"current_hp_per_floor":[70,70,70,70,70,37,37,34,34,55,33,26,15,15,36,35,70,70,70,70,70,70,67,61,61,61,63,63,46,48,43,43,37,75,75,75,75,85,85,85,85,85,85,85,83,83,83,85,85,79],"gold":24,"neow_bonus":"THREE_ENEMY_KILL","is_daily":false,"chose_seed":false,"campfire_upgraded":7,"win_rate":0.0,"timestamp":1609907496,"path_taken":["M","?","?","?","$","E","R","M","T","R","E","?","E","$","R","BOSS","M","$","?","?","?","E","M","R","T","M","?","?","?","M","R","BOSS","M","?","?","?","$","R","M","?","T","R","M","$","R","M","R","BOSS"],"items_purchased_type":["Card","Relic","Potion","Potion","Card","Relic","Card","Card","Card","Relic","Relic"],"build_version":"2020-12-22","purchased_purges":4,"victory":true,"max_hp_per_floor":[70,70,70,70,70,70,70,70,70,70,70,70,70,70,70,70,70,70,70,70,70,70,70,70,70,70,70,70,70,70,70,70,70,75,75,75,75,85,85,85,85,85,85,85,85,85,85,85,85,85],"card_choices":[{"not_picked":["Terror","Dodge and Roll"],"picked":"Dagger Throw","floor":1},{"not_picked":["Sneak Up","Distraction"],"picked":"Bane","floor":3},{"not_picked":["Accuracy","Deflect"],"picked":"Footwork","floor":4},{"not_picked":["Endless Agony","Tactician"],"picked":"Dagger Throw","floor":6},{"not_picked":["Outmaneuver","Dagger Spray"],"picked":"Sucker Punch","floor":8},{"not_picked":["Unload","Hidden Blade"],"picked":"Poison Darts","floor":11},{"not_picked":["Concentrate","Underhanded Strike"],"picked":"Backflip","floor":13},{"not_picked":["A Thousand Cuts","Wraith Form v2"],"picked":"Burst","floor":16},{"not_picked":["Outmaneuver","PiercingWail+1"],"picked":"Well Laid Plans","floor":18},{"not_picked":["Acrobatics","Blade Dance+1","Setup"],"picked":"SKIP","floor":23},{"not_picked":["Predator+1","Flying Knee+1","Acrobatics"],"picked":"SKIP","floor":24},{"not_picked":["Well Laid Plans","Slice+1"],"picked":"Footwork+1","floor":27},{"not_picked":["Poisoned Stab+1","Sucker Punch+1","Eviscerate"],"picked":"SKIP","floor":30},{"not_picked":["Hidden Blade","Dodge and Roll","Endless Agony"],"picked":"SKIP","floor":31},{"not_picked":["Blade Dance","Replay:Poison Smokescreen"],"picked":"Deflect","floor":34},{"not_picked":["Masterful Stab+1","Backstab+1","Acrobatics+1"],"picked":"SKIP","floor":35},{"not_picked":["Expertise+1","Distraction+1","Sucker Punch"],"picked":"SKIP","floor":41},{"not_picked":["Prepared","Deadly Poison","Backstab"],"picked":"SKIP","floor":45},{"not_picked":["Leg Sweep","Skewer+1","Underhanded Strike+1"],"picked":"SKIP","floor":48}],"player_experience":235876,"relics_obtained":[{"floor":6,"key":"The Courier"},{"floor":9,"key":"Du-Vu Doll"},{"floor":11,"key":"Torii"},{"floor":13,"key":"Thread and Needle"},{"floor":23,"key":"Centennial Puzzle"},{"floor":26,"key":"Blue Doll"},{"floor":29,"key":"Tiny Chest"},{"floor":38,"key":"Pear"},{"floor":43,"key":"ReplayTheSpireMod:TigerMarble"}],"event_choices":[{"cards_removed":["Strike_G"],"damage_healed":0,"gold_gain":0,"player_choice":"Card Removal","damage_taken":7,"max_hp_gain":0,"max_hp_loss":0,"event_name":"Golden Wing","floor":12,"gold_loss":0},{"damage_healed":0,"gold_gain":0,"player_choice":"Ignored","damage_taken":0,"max_hp_gain":0,"max_hp_loss":0,"event_name":"Tomb of Lord Red Mask","floor":36,"gold_loss":0},{"cards_removed":["Defend_G"],"damage_healed":0,"gold_gain":0,"player_choice":"Removed Skill","damage_taken":0,"max_hp_gain":0,"max_hp_loss":0,"event_name":"Falling","floor":37,"gold_loss":0},{"damage_healed":0,"gold_gain":0,"player_choice":"Copied","damage_taken":0,"max_hp_gain":0,"max_hp_loss":0,"event_name":"Duplicator","floor":42,"gold_loss":0,"cards_obtained":["Poison Darts"]}],"is_beta":false,"boss_relics":[{"not_picked":["Replay:Wanted Poster","Runic Dome"],"picked":"Replay:Grab Bag"},{"not_picked":["Fusion Hammer","Abe\u0027s Treasure"],"picked":"Coffee Dripper"},{"not_picked":["ReplayTheSpireMod:Onyx Gauntlets","Cursed Key"],"picked":"Replay:Bronze Core"},{"not_picked":["WristBlade","Ring of Chaos"],"picked":"Kintsugi"},{"not_picked":["Honey Jar","Replay:Drink Me"],"picked":"Tiny House"}],"items_purged_floors":[2,19,39,46],"is_endless":false,"potions_floor_spawned":[1,6,8,16,30,31,35,41,45],"ascension_level":4}}