{"host":"9gczkbtdkbhjojey","time":1609953860,"event":{"mods":["BaseMod","Colored Map","Minty Spire (QoL Compilation)","Quick Restart","StSLib","[功能]功能增强和修复MOD"],"gold_per_floor":[114,114,94,94,94,124,119,21,96,96,96,111,126,116,116,216,0,15,30,30,45,45,45,60,50,50,50,65,105,130,120,120,220,220,235,235,225,225,275,275,325,325,350,350,365,295,295,310,310,319],"floor_reached":51,"playtime":1586,"items_purged":["Strike_P","Defend_P","Strike_P","Defend_P","Strike_P","Normality","Strike_P","Defend_P","Normality","Parasite","Clumsy","Writhe","Decay","Pain","Normality","Decay","Defend_P","Eruption+1","Vigilance+1","EmptyFist+1","WheelKick+1","Adaptation+1","EmptyBody+1","ClearTheMind+1","Crescendo+1","FlurryOfBlows","MentalFortress+1"],"score":889,"play_id":"e3fb822c-b706-460b-aa95-ef9b31618c3a","local_time":"20210107012420","daily_mods":["Cursed Run","Uncertain Future","Binary"],"is_ascension_mode":false,"campfire_choices":[{"data":"Eruption","floor":15.0,"key":"SMITH"},{"data":"EmptyBody","floor":23.0,"key":"SMITH"},{"data":"Crescendo","floor":32.0,"key":"SMITH"},{"data":"MentalFortress","floor":40.0,"key":"SMITH"},{"data":"EmptyFist","floor":42.0,"key":"SMITH"},{"data":"Vigilance","floor":44.0,"key":"SMITH"},{"floor":49,"key":"DIG"}],"circlet_count":0,"master_deck":["FollowUp+1","FollowUp+1","Pain"],"relics":["Cursed Key","Darkstone Periapt","Du-Vu Doll","Vajra","Damaru","Melange","Mango","Blue Candle","Membership Card","PreservedInsect","Juzu Bracelet","Art of War","Chemical X","Oddly Smooth Stone","Matryoshka","Happy Flower","Tiny Chest","Dream Catcher","Toolbox","EctoplasmExtend","Bag of Marbles","Shuriken","Pen Nib","Eternal Feather","Nilry\u0027s Codex","Regal Pillow","Whetstone","Akabeko","CaptainsWheel","Lee\u0027s Waffle","Coffee Dripper","Potion Belt","Turnip","TheAbacus","WarpedTongs","Unceasing Top","Strawberry","MealTicket","Shovel","CeramicFish","OrangePellets","Sundial"],"acts_visited":["Exordium","TheCity","TheBeyond"],"potions_floor_usage":[50],"damage_taken":[{"damage":0.0,"enemies":"Small Slimes","floor":1.0,"turns":2.0},{"damage":10.0,"enemies":"Lagavulin","floor":6.0,"turns":4.0},{"damage":1.0,"enemies":"2 Louse","floor":12.0,"turns":2.0},{"damage":1.0,"enemies":"Cultist","floor":13.0,"turns":2.0},{"damage":39.0,"enemies":"The Guardian","floor":16.0,"turns":3.0},{"damage":0.0,"enemies":"Spheric Guardian","floor":18.0,"turns":1.0},{"damage":1.0,"enemies":"3 Byrds","floor":19.0,"turns":4.0},{"damage":1.0,"enemies":"Snecko","floor":21.0,"turns":3.0},{"damage":1.0,"enemies":"Sentry and Sphere","floor":24.0,"turns":3.0},{"damage":0.0,"enemies":"3 Cultists","floor":28.0,"turns":2.0},{"damage":0.0,"enemies":"Centurion and Healer","floor":29.0,"turns":1.0},{"damage":8.0,"enemies":"Automaton","floor":33.0,"turns":5.0},{"damage":0.0,"enemies":"Orb Walker","floor":35.0,"turns":1.0},{"damage":1.0,"enemies":"Mind Bloom Boss Battle","floor":39.0,"turns":2.0},{"damage":0.0,"enemies":"3 Shapes","floor":45.0,"turns":1.0},{"damage":0,"enemies":"3 Darklings","floor":48,"turns":1},{"damage":0,"enemies":"Awakened One","floor":50,"turns":2}],"seed_played":"-5218424555718163201","potions_obtained":[{"floor":1.0,"key":"Regen Potion"},{"floor":1.0,"key":"Ancient Potion"},{"floor":13.0,"key":"CultistPotion"}],"is_trial":false,"path_per_floor":["M","?","$","?","$","E","$","?","T","?","?","M","M","$","R","B",null,"M","M","?","M","?","R","M","$","T","?","M","M","T","$","R","B",null,"M","?","$","?","?","R","T","R","T","R","M","$","?","M","R","B",null],"character_chosen":"WATCHER","items_purchased":["Vajra","Damaru","Melange","GamblersBrew","Mango","Blue Candle","Membership Card","Juzu Bracelet","Art of War","Chemical X","Adaptation","Strength Potion","Tiny Chest","Dream Catcher","Toolbox","MentalFortress","Bag of Marbles","Shuriken","Akabeko","CaptainsWheel","Lee\u0027s Waffle","Potion Belt","Turnip","TheAbacus","FlurryOfBlows","Dexterity Potion","BlessingOfTheForge","Shovel","CeramicFish","OrangePellets"],"campfire_rested":0,"item_purchase_floors":[3,3,3,3,5,5,5,7,7,7,7,7,14,14,14,25,25,25,31,31,31,37,37,37,37,37,37,46,46,46],"current_hp_per_floor":[72,77,77,77,91,81,81,81,87,87,80,79,78,78,78,45,103,103,102,102,101,80,80,79,79,85,69,69,69,75,124,124,122,130,130,136,136,142,141,142,155,155,161,161,161,161,161,161,161,167],"gold":319,"neow_bonus":"","is_daily":true,"chose_seed":false,"campfire_upgraded":6,"win_rate":0.0,"timestamp":1609953860,"path_taken":["M","?","$","?","$","E","$","?","T","?","?","M","M","$","R","BOSS","M","M","?","M","?","R","M","$","T","?","M","M","?","$","R","BOSS","M","?","$","?","?","R","?","R","T","R","M","$","?","M","R","BOSS"],"items_purchased_type":["Relic","Relic","Relic","Potion","Relic","Relic","Relic","Relic","Relic","Relic","Card","Potion","Relic","Relic","Relic","Card","Relic","Relic","Relic","Relic","Relic","Relic","Relic","Relic","Card","Potion","Potion","Relic","Relic","Relic"],"build_version":"2020-12-22","purchased_purges":27,"victory":true,"max_hp_per_floor":[72,77,77,77,91,91,91,91,97,97,97,97,97,97,97,103,103,103,103,103,103,108,108,108,108,114,114,114,114,120,124,124,130,130,130,136,136,142,142,142,155,155,161,161,161,161,161,161,161,167],"card_choices":[{"not_picked":["CutThroughFate"],"picked":"EmptyFist","floor":1.0},{"not_picked":["Brilliance","WheelKick"],"picked":"SKIP","floor":6.0},{"not_picked":["Brilliance"],"picked":"WheelKick","floor":6.0},{"not_picked":["Halt"],"picked":"FollowUp","floor":12.0},{"not_picked":["Prostrate","Nirvana"],"picked":"SKIP","floor":13.0},{"not_picked":["Consecrate+1"],"picked":"EmptyBody","floor":18.0},{"not_picked":["Conclude"],"picked":"ClearTheMind+1","floor":19.0},{"not_picked":["WreathOfFlame","SignatureMove"],"picked":"SKIP","floor":21.0},{"not_picked":["PathToVictory"],"picked":"Crescendo","floor":24.0},{"not_picked":["FlyingSleeves","ClearTheMind"],"picked":"SKIP","floor":28.0},{"not_picked":["Consecrate+1"],"picked":"FollowUp+1","floor":29.0},{"not_picked":["EmptyFist","CarveReality+1"],"picked":"SKIP","floor":35.0},{"not_picked":["Prostrate","EmptyFist"],"picked":"SKIP","floor":45.0},{"not_picked":["Prostrate+1","Study+1"],"picked":"SKIP","floor":48}],"player_experience":112122,"relics_obtained":[{"floor":6.0,"key":"PreservedInsect"},{"floor":9.0,"key":"Matryoshka"},{"floor":26.0,"key":"Pen Nib"},{"floor":26.0,"key":"Eternal Feather"},{"floor":27.0,"key":"Nilry\u0027s Codex"},{"floor":30.0,"key":"Regal Pillow"},{"floor":30.0,"key":"Whetstone"},{"floor":39.0,"key":"Unceasing Top"},{"floor":41.0,"key":"Strawberry"},{"floor":43.0,"key":"MealTicket"},{"floor":49,"key":"Sundial"}],"event_choices":[{"damage_healed":0.0,"max_hp_gain":5.0,"max_hp_loss":0.0,"gold_gain":0.0,"event_name":"Big Fish","player_choice":"Donut","floor":2.0,"gold_loss":0.0,"damage_taken":0.0},{"damage_healed":0.0,"max_hp_gain":0.0,"max_hp_loss":0.0,"gold_gain":0.0,"event_name":"Liars Game","player_choice":"Ignored","floor":4.0,"gold_loss":0.0,"damage_taken":0.0},{"damage_healed":0.0,"max_hp_gain":0.0,"max_hp_loss":0.0,"gold_gain":0.0,"event_name":"WeMeetAgain","player_choice":"Paid Gold","floor":8.0,"gold_loss":98.0,"damage_taken":0.0,"relics_obtained":["Oddly Smooth Stone"]},{"damage_healed":0.0,"max_hp_gain":0.0,"max_hp_loss":0.0,"gold_gain":0.0,"event_name":"Living Wall","player_choice":"Grow","floor":10.0,"gold_loss":0.0,"damage_taken":0.0,"cards_upgraded":["Adaptation"]},{"damage_healed":0.0,"max_hp_gain":0.0,"max_hp_loss":0.0,"gold_gain":0.0,"event_name":"Scrap Ooze","player_choice":"Success","floor":11.0,"gold_loss":0.0,"damage_taken":7.0,"relics_obtained":["Happy Flower"]},{"damage_healed":0.0,"max_hp_gain":0.0,"max_hp_loss":0.0,"gold_gain":0.0,"event_name":"Vampires","player_choice":"Ignored","floor":20.0,"gold_loss":0.0,"damage_taken":0.0},{"damage_healed":0.0,"max_hp_gain":5.0,"max_hp_loss":0.0,"gold_gain":0.0,"event_name":"Forgotten Altar","player_choice":"Shed Blood","floor":22.0,"gold_loss":0.0,"damage_taken":26.0},{"damage_healed":0.0,"max_hp_gain":0.0,"max_hp_loss":0.0,"gold_gain":0.0,"event_name":"Cursed Tome","player_choice":"Obtained Book","floor":27.0,"gold_loss":0.0,"damage_taken":16.0},{"damage_healed":33.0,"max_hp_gain":0.0,"max_hp_loss":0.0,"gold_gain":0.0,"event_name":"Winding Halls","player_choice":"Writhe","floor":36.0,"gold_loss":0.0,"damage_taken":0.0,"cards_obtained":["Writhe"]},{"damage_healed":0.0,"max_hp_gain":0.0,"max_hp_loss":0.0,"gold_gain":0.0,"event_name":"Accursed Blacksmith","player_choice":"Rummage","floor":38.0,"gold_loss":0.0,"damage_taken":0.0,"relics_obtained":["WarpedTongs"],"cards_obtained":["Pain"]},{"damage_healed":0.0,"max_hp_gain":0.0,"max_hp_loss":0.0,"gold_gain":0.0,"event_name":"MindBloom","player_choice":"Fight","floor":39.0,"gold_loss":0.0,"damage_taken":0.0},{"damage_healed":0,"gold_gain":0,"player_choice":"Memory 1","damage_taken":0,"max_hp_gain":0,"max_hp_loss":0,"event_name":"SensoryStone","floor":47,"gold_loss":0}],"is_beta":false,"boss_relics":[{"not_picked":["Runic Pyramid","Runic Dome"],"picked":"EctoplasmExtend"},{"not_picked":["Fusion Hammer","Busted Crown"],"picked":"Coffee Dripper"}],"items_purged_floors":[3,3,3,3,7,14,14,25,25,31,31,37,37,46,46,46,46,46,46,46,46,46,46,46,46,46,46],"is_endless":false,"potions_floor_spawned":[1,1,6,12,12,13,16,16,16,18,19,21,21,24,28,29,33,33,35,39,45],"ascension_level":0}}