{"host":"5fasz840ryq7obdf","time":1609947538,"event":{"mods":["2.2 Compatiblity","AchievementEnabler","BaseMod","Bestiary","Better Altar","Better Skull","Better Third Choice","BetterRewards","Block Reminder","Colored Powertips","Curses Come First","Downfall","Minty Spire (QoL Compilation)","Quick Restart","Relic Sorter","Relic Stats","Shop Mod","Spicy Shops","StSLib","SuperFastMode","ojb\u0027s Better Paths Mod","ojb\u0027s Info Mod"],"gold_per_floor":[117,130,141,141,141,173,184,213,213,243,243,2,36,56,56,133,133,148,5,5,5,16,47,47,73,73,73,73,84,112,129,129,203,203,222,222,222,239,250,250,250],"floor_reached":40,"playtime":1983,"items_purged":["Parasite","Regret"],"score":978,"play_id":"f0466294-8067-4c51-90e4-a922ab8dbf88","local_time":"20210106153858","is_ascension_mode":true,"campfire_choices":[{"data":"Barricade","floor":11.0,"key":"SMITH"},{"floor":15.0,"key":"REST"},{"data":"RitualDagger","floor":24.0,"key":"SMITH"},{"data":"True Grit","floor":27.0,"key":"SMITH"},{"data":"expansioncontent:DefensiveStance","floor":32.0,"key":"SMITH"}],"circlet_count":0,"master_deck":["AscendersBane","Strike_R","Strike_R","Strike_R","Strike_R","Strike_R","Defend_R","Defend_R","Defend_R","Bash","Barricade+1","expansioncontent:DefensiveStance+1","Metallicize","Inflame","Whirlwind","Uppercut","Regret","Demon Form","Offering","True Grit+1","Shrug It Off","RitualDagger+1","Limit Break","Offering+1","expansioncontent:QuickStudy+1","True Grit+1"],"relics":["Burning Blood","Oddly Smooth Stone","Self Forming Clay","Red Skull","White Beast Statue","StrikeDummy","Singing Bowl","Pantograph","Art of War","Lantern","Sundial","Coffee Dripper","Nunchaku","Mercury Hourglass","Bag of Preparation","Darkstone Periapt","Toxic Egg 2","Philosopher\u0027s Stone"],"acts_visited":["Exordium","TheCity","TheBeyond"],"potions_floor_usage":[40],"damage_taken":[{"damage":10.0,"enemies":"Small Slimes","floor":1.0,"turns":5.0},{"damage":3.0,"enemies":"2 Louse","floor":2.0,"turns":4.0},{"damage":3.0,"enemies":"Cultist","floor":3.0,"turns":4.0},{"damage":8.0,"enemies":"Lagavulin","floor":6.0,"turns":8.0},{"damage":2.0,"enemies":"Exordium Wildlife","floor":7.0,"turns":5.0},{"damage":14.0,"enemies":"3 Sentries","floor":8.0,"turns":7.0},{"damage":15.0,"enemies":"Lagavulin","floor":13.0,"turns":8.0},{"damage":0.0,"enemies":"Looter","floor":14.0,"turns":1.0},{"damage":39.0,"enemies":"Hexaghost","floor":16.0,"turns":12.0},{"damage":12.0,"enemies":"Spheric Guardian","floor":18.0,"turns":6.0},{"damage":13.0,"enemies":"3 Byrds","floor":22.0,"turns":7.0},{"damage":48.0,"enemies":"Book of Stabbing","floor":23.0,"turns":5.0},{"damage":11.0,"enemies":"Gremlin Leader","floor":25.0,"turns":6.0},{"damage":0.0,"enemies":"3 Cultists","floor":29.0,"turns":4.0},{"damage":23.0,"enemies":"Book of Stabbing","floor":30.0,"turns":4.0},{"damage":7.0,"enemies":"Snecko","floor":31.0,"turns":6.0},{"damage":8.0,"enemies":"Champ","floor":33.0,"turns":12.0},{"damage":37.0,"enemies":"3 Shapes","floor":35.0,"turns":4.0},{"damage":15.0,"enemies":"3 Darklings","floor":38.0,"turns":2.0},{"damage":11,"enemies":"Maw","floor":39,"turns":6},{"damage":34,"enemies":"Giant Head","floor":40,"turns":6}],"seed_played":"5033773669120496011","potions_obtained":[{"floor":3.0,"key":"SneckoOil"},{"floor":7.0,"key":"BlessingOfTheForge"},{"floor":8.0,"key":"BlessingOfTheForge"},{"floor":13.0,"key":"CultistPotion"},{"floor":14.0,"key":"DistilledChaos"},{"floor":16.0,"key":"EssenceOfSteel"},{"floor":22.0,"key":"Regen Potion"},{"floor":23.0,"key":"Fire Potion"},{"floor":25.0,"key":"SmokeBomb"},{"floor":29.0,"key":"Explosive Potion"},{"floor":31.0,"key":"Block Potion"},{"floor":33.0,"key":"FearPotion"}],"is_trial":false,"path_per_floor":["M","M","M","?","?","E","M","E","T","?","R","$","E","M","R","B",null,"M","$","?","?","M","E","R","E","T","R","?","M","E","M","R","B",null,"M","?","?","M","M","E"],"character_chosen":"IRONCLAD","items_purchased":["Oddly Smooth Stone","Barricade","Self Forming Clay","expansioncontent:DefensiveStance","Metallicize","Block Potion","Art of War","Lantern","Shrug It Off"],"campfire_rested":1,"item_purchase_floors":[0,0,0,0,0,0,12,12,19],"current_hp_per_floor":[29,32,35,28,28,26,30,22,22,22,22,22,15,21,43,35,64,58,58,52,52,47,21,21,16,16,16,16,24,9,10,10,33,71,42,42,42,35,30,0,0],"gold":250,"neow_bonus":"","is_daily":false,"chose_seed":false,"campfire_upgraded":4,"win_rate":0.0,"timestamp":1609947538,"path_taken":["M","M","M","?","?","E","M","E","T","?","R","?","E","M","R","BOSS","M","$","?","?","M","E","R","E","T","R","?","?","E","M","R","BOSS","M","?","?","?","M","E"],"items_purchased_type":["Relic","Card","Relic","Card","Card","Potion","Relic","Relic","Card"],"build_version":"2020-12-22","purchased_purges":2,"victory":false,"max_hp_per_floor":[72,72,72,72,72,72,72,72,72,72,72,72,74,74,74,74,74,74,74,74,74,76,78,78,78,78,78,78,80,82,84,84,84,84,86,86,86,88,88,88,88],"relic_stats":{"Darkstone Periapt":0,"Nunchaku":[8],"Singing Bowl":16,"counters":[30,172],"Self Forming Clay":[222],"Sundial":[10],"Pantograph":50,"Art of War":[18],"Bag of Preparation":[16],"obtain_stats":[{"Darkstone Periapt":28,"Lantern":12,"champ:ChampStancesModRelic":0,"downfall:NeowBlessing_Player":0,"downfall:HeartBlessingRed":13,"Singing Bowl":9,"Self Forming Clay":8,"Oddly Smooth Stone":10,"Pen Nib":12,"Bag of Preparation":26,"MawBank":4,"Burning Blood":0,"White Beast Statue":6,"Mercury Hourglass":25,"Nunchaku":23,"Shuriken":7,"Sundial":13,"Pantograph":10,"Philosopher\u0027s Stone":34,"Art of War":12,"Coffee Dripper":17,"Toxic Egg 2":30,"StrikeDummy":8,"Red Skull":5},{"Darkstone Periapt":22,"Lantern":15,"champ:ChampStancesModRelic":0,"downfall:NeowBlessing_Player":0,"downfall:HeartBlessingRed":6,"Singing Bowl":15,"Self Forming Clay":4,"Oddly Smooth Stone":5,"Pen Nib":6,"Bag of Preparation":22,"MawBank":2,"Burning Blood":0,"White Beast Statue":13,"Mercury Hourglass":22,"Nunchaku":21,"Shuriken":3,"Sundial":16,"Pantograph":15,"Philosopher\u0027s Stone":26,"Art of War":15,"Coffee Dripper":18,"Toxic Egg 2":24,"StrikeDummy":15,"Red Skull":12},{"Darkstone Periapt":130,"Lantern":85,"champ:ChampStancesModRelic":0,"downfall:NeowBlessing_Player":0,"downfall:HeartBlessingRed":36,"Singing Bowl":85,"Self Forming Clay":20,"Oddly Smooth Stone":26,"Pen Nib":36,"Bag of Preparation":130,"MawBank":7,"Burning Blood":0,"White Beast Statue":73,"Mercury Hourglass":130,"Nunchaku":124,"Shuriken":11,"Sundial":93,"Pantograph":85,"Philosopher\u0027s Stone":155,"Art of War":85,"Coffee Dripper":106,"Toxic Egg 2":137,"StrikeDummy":85,"Red Skull":65}],"Burning Blood":168,"Mercury Hourglass":[135]},"card_choices":[{"not_picked":["Pommel Strike","Fire Breathing","Sever Soul"],"picked":"SKIP","floor":1.0},{"not_picked":["Evolve","Flex"],"picked":"Inflame","floor":2.0},{"not_picked":["Anger","Armaments"],"picked":"Whirlwind","floor":3.0},{"not_picked":["Clothesline","Spot Weakness"],"picked":"Uppercut","floor":6.0},{"not_picked":["Perfected Strike","Headbutt","Wild Strike"],"picked":"SKIP","floor":7.0},{"not_picked":["Heavy Blade","Iron Wave","Clash"],"picked":"SKIP","floor":8.0},{"not_picked":["Rupture","Warcry","Twin Strike"],"picked":"Singing Bowl","floor":13.0},{"not_picked":["Sword Boomerang","Flex"],"picked":"Demon Form","floor":14.0},{"not_picked":["Berserk","Impervious"],"picked":"Offering","floor":16.0},{"not_picked":["Spot Weakness","Anger"],"picked":"True Grit","floor":18.0},{"not_picked":["True Grit","Pummel","Clash"],"picked":"Singing Bowl","floor":22.0},{"not_picked":["Bloodletting","Power Through","Anger"],"picked":"Singing Bowl","floor":23.0},{"not_picked":["Iron Wave","Heavy Blade"],"picked":"Limit Break","floor":25.0},{"not_picked":["Clash+1","Second Wind","Clothesline"],"picked":"Singing Bowl","floor":29.0},{"not_picked":["Pommel Strike","Thunderclap","Havoc+1"],"picked":"Singing Bowl","floor":30.0},{"not_picked":["Armaments+1","Sever Soul","Feel No Pain"],"picked":"Singing Bowl","floor":31.0},{"not_picked":["Demon Form","Berserk"],"picked":"Offering+1","floor":33.0},{"not_picked":["Wild Strike","Twin Strike","Bloodletting+1"],"picked":"Singing Bowl","floor":35.0},{"not_picked":["Dark Shackles+1","expansioncontent:SuperHexaguard+1"],"picked":"expansioncontent:QuickStudy+1","floor":36.0},{"not_picked":["Clothesline","Flex+1","Burning Pact+1"],"picked":"Singing Bowl","floor":38},{"not_picked":["Havoc+1","Rage+1"],"picked":"True Grit+1","floor":39}],"player_experience":1568994,"relics_obtained":[{"floor":6.0,"key":"White Beast Statue"},{"floor":8.0,"key":"StrikeDummy"},{"floor":9.0,"key":"Singing Bowl"},{"floor":13.0,"key":"Sundial"},{"floor":23.0,"key":"Nunchaku"},{"floor":25.0,"key":"Mercury Hourglass"},{"floor":26.0,"key":"Bag of Preparation"},{"floor":30.0,"key":"Toxic Egg 2"}],"event_choices":[{"cards_removed":["Defend_R"],"damage_healed":0.0,"max_hp_gain":0.0,"max_hp_loss":0.0,"gold_gain":0.0,"event_name":"Golden Wing","player_choice":"Card Removal","floor":4.0,"gold_loss":0.0,"damage_taken":7.0},{"damage_healed":0.0,"max_hp_gain":0.0,"max_hp_loss":0.0,"gold_gain":0.0,"event_name":"Big Fish","player_choice":"Box","floor":5.0,"gold_loss":0.0,"damage_taken":0.0,"relics_obtained":["Red Skull"],"cards_obtained":["Regret"]},{"damage_healed":0.0,"max_hp_gain":0.0,"max_hp_loss":0.0,"gold_gain":30.0,"event_name":"Dead Adventurer","player_choice":"Searched \u00273\u0027 times","floor":10.0,"gold_loss":0.0,"damage_taken":0.0,"relics_obtained":["Pantograph"]},{"damage_healed":0.0,"max_hp_gain":0.0,"max_hp_loss":0.0,"gold_gain":0.0,"event_name":"betterThird:BetterNest","player_choice":"Dagger","floor":20.0,"gold_loss":0.0,"damage_taken":6.0,"cards_obtained":["RitualDagger"]},{"damage_healed":0.0,"max_hp_gain":0.0,"max_hp_loss":0.0,"gold_gain":0.0,"event_name":"WeMeetAgain","player_choice":"Gave Potion","floor":28.0,"gold_loss":0.0,"damage_taken":0.0,"relics_obtained":["Darkstone Periapt"]},{"damage_healed":0.0,"max_hp_gain":0.0,"max_hp_loss":0.0,"gold_gain":0.0,"event_name":"SensoryStone","player_choice":"Memory 1","floor":36.0,"gold_loss":0.0,"damage_taken":0.0},{"damage_healed":0.0,"max_hp_gain":0.0,"max_hp_loss":0.0,"gold_gain":0.0,"event_name":"Match and Keep!","player_choice":"0 cards matched","floor":37.0,"gold_loss":0.0,"damage_taken":0.0,"cards_obtained":[]}],"is_beta":false,"boss_relics":[{"not_picked":["Black Blood","Tiny House"],"picked":"Coffee Dripper"},{"not_picked":["Runic Pyramid","Fusion Hammer"],"picked":"Philosopher\u0027s Stone"}],"items_purged_floors":[0,19],"is_endless":false,"potions_floor_spawned":[3,7,8,13,14,16,18,22,23,25,29,30,31,33,35,38,39],"killed_by":"Giant Head","ascension_level":20}}