{"host":"nu52txkaz0lj0p7m","time":1609965513,"event":{"mods":["2.2 Compatiblity","AchievementEnabler","Arknights The Spire","Astrologer","BaseMod","Beaked The Cultist","BetterRewards","Colored Map","Colored Powertips","Conjunction","Custom Start","Duelist Mod","Evolution","GifTheSpireLib","GungeonMod","Lobotomy","LobotomyExtend","Minty Spire (QoL Compilation)","Permanent Neow","Relic Filter","SIMod","Small Relic Pack","StSLib","SuperFastMode","Synergy Search","The Dragon Tamer","The Fake Hero","TheFirefly"],"gold_per_floor":[119,136,86,86,86,86,131,131,195,195,116,162,162,189,189,303,303,335,384,342,368,293,293,293],"floor_reached":23,"playtime":1175,"items_purged":["ats:Strike V"],"score":220,"play_id":"32435b35-438f-4aae-a840-d10573f9b371","local_time":"20210107043833","is_ascension_mode":false,"campfire_choices":[{"data":"ats:Apocalypse","floor":6,"key":"SMITH"},{"data":"ats:Cat Scratch","floor":8,"key":"SMITH"},{"data":"ats:Emotion Absorption","floor":10,"key":"SMITH"},{"data":"ats:Neurotoxin","floor":13,"key":"SMITH"},{"data":"ats:Armor Crushing Shot","floor":15,"key":"SMITH"}],"circlet_count":0,"master_deck":["ats:Strike G","ats:Strike S","ats:Armor Crushing Shot+1","ats:Defend","ats:Defend","ats:Defend+1","ats:Defend","ats:Emotion Absorption+1","ats:Apocalypse+1","ats:Ignite+1","ats:Cat Scratch+1","ats:Neurotoxin+1","ats:Apocalypse","ats:Shadow Assault","ats:Explosion Area Strengthen","ats:Healing Drone","ats:Automatic Cover"],"relics":["ats:Sanity","EVO:Axolotl","NeowsBlessing","ats:Gyao","ats:Originium","MealTicket","Blue Candle","Black Star","Red Mask"],"acts_visited":["Exordium","TheCity"],"potions_floor_usage":[16,18,19],"damage_taken":[{"damage":0,"enemies":"Cultist","floor":1,"turns":1},{"damage":0,"enemies":"Small Slimes","floor":2,"turns":1},{"damage":0,"enemies":"Gremlin Nob","floor":7,"turns":1},{"damage":10,"enemies":"Lagavulin","floor":12,"turns":7},{"damage":9,"enemies":"2 Louse","floor":14,"turns":2},{"damage":46,"enemies":"Slime Boss","floor":16,"turns":13},{"damage":28,"enemies":"Spheric Guardian","floor":18,"turns":7},{"damage":61,"enemies":"Masked Bandits","floor":19,"turns":5},{"damage":28,"enemies":"Chosen","floor":21,"turns":6},{"damage":29,"enemies":"Slavers","floor":23,"turns":3}],"seed_played":"-4357359431793102603","potions_obtained":[{"floor":2,"key":"ats:Top Emergency Sanity Potion"},{"floor":12,"key":"Strength Potion"},{"floor":14,"key":"SpeedPotion"},{"floor":16,"key":"PowerPotion"}],"is_trial":false,"path_per_floor":["M","M","?","?","?","R","E","R","T","R","$","E","R","M","R","B",null,"M","?","?","M","$","E"],"character_chosen":"DOCTOR_CLASS","items_purchased":["ats:Neurotoxin"],"campfire_rested":0,"item_purchase_floors":[11],"current_hp_per_floor":[72,72,72,58,58,58,58,58,58,58,72,62,62,53,53,35,72,58,11,11,7,22,0,0],"gold":293,"neow_bonus":"THREE_ENEMY_KILL","is_daily":false,"chose_seed":false,"campfire_upgraded":5,"win_rate":0.0,"timestamp":1609965513,"path_taken":["M","?","?","?","?","R","E","R","T","R","$","E","R","M","R","BOSS","M","?","?","M","$","E"],"items_purchased_type":["Card"],"build_version":"2020-12-22","purchased_purges":1,"victory":false,"max_hp_per_floor":[72,72,72,72,72,72,72,72,72,72,72,72,72,72,72,72,72,72,72,72,72,72,72,72],"card_choices":[{"not_picked":["ats:Powerful Strike","ats:Flexible Camouflage"],"picked":"ats:Apocalypse","floor":1},{"not_picked":["ats:Consecutive Shot Auto","ats:Apocalypse"],"picked":"ats:Ignite","floor":2},{"not_picked":["ats:Collapsing Strike","ats:Ambush"],"picked":"ats:Cat Scratch","floor":7},{"not_picked":["ats:Directed Diagnosis","ats:Powerful Strike","ats:Shell Defense"],"picked":"SKIP","floor":12},{"not_picked":["ats:Burning Ground","ats:LN2 Cannon"],"picked":"ats:Apocalypse","floor":14},{"not_picked":["ats:Rat Pack","ats:True Silver Slash"],"picked":"ats:Shadow Assault","floor":16},{"not_picked":["ats:Leaping Hammer","ats:Flexible Camouflage"],"picked":"ats:Explosion Area Strengthen","floor":18},{"not_picked":["ats:Cat Scratch","ats:Leaping Hammer+1"],"picked":"ats:Healing Drone","floor":19},{"not_picked":["ats:Hammer On","ats:Roar Of Ursus"],"picked":"ats:Automatic Cover","floor":21}],"player_experience":308045,"relics_obtained":[{"floor":7,"key":"ats:Gyao"},{"floor":7,"key":"ats:Originium"},{"floor":9,"key":"MealTicket"},{"floor":12,"key":"Blue Candle"},{"floor":12,"key":"ats:Originium"},{"floor":19,"key":"Red Mask"}],"event_choices":[{"cards_removed":["ats:Strike C"],"damage_healed":0,"gold_gain":0,"player_choice":"Card Removal","damage_taken":0,"max_hp_gain":0,"max_hp_loss":0,"event_name":"The Cleric","floor":3,"gold_loss":50},{"damage_healed":0,"gold_gain":0,"player_choice":"Entered Light","damage_taken":14,"max_hp_gain":0,"max_hp_loss":0,"event_name":"Shining Light","floor":4,"gold_loss":0,"cards_upgraded":["ats:Defend","ats:Ignite"]},{"damage_healed":0,"gold_gain":0,"player_choice":"Fought Bandits","damage_taken":0,"max_hp_gain":0,"max_hp_loss":0,"event_name":"Masked Bandits","floor":19,"gold_loss":0}],"is_beta":false,"boss_relics":[{"not_picked":["relicPack:StarArrow","DemoMod:RiddleOfLead"],"picked":"Black Star"}],"items_purged_floors":[22],"is_endless":false,"potions_floor_spawned":[2,12,14,16],"killed_by":"Slavers","ascension_level":0}}