{"host":"kzwsniv4585hn7y8","time":1609962147,"event":{"mods":["AchievementEnabler","BaseMod","Colored Map","Colored Powertips","Downfall","Highlight Path","Minty Spire (QoL Compilation)","Quick Restart","StSLib","The Bug Knight","TheBandit"],"gold_per_floor":[218,232,242,261,273,273,293,310,310,62,127,127,127,141,141,244,244,258,284,284,295,309,309,328,328,328,243,258,258,258],"floor_reached":29,"playtime":2139,"items_purged":[],"score":221,"play_id":"5c56d771-7a4b-488b-a4a5-e159492b216e","local_time":"20210106114227","is_ascension_mode":false,"campfire_choices":[{"data":"Blade Dance","floor":6,"key":"SMITH"},{"floor":12,"key":"REST"},{"data":"Deadly Poison","floor":15,"key":"SMITH"},{"floor":23,"key":"REST"},{"floor":25,"key":"REST"}],"circlet_count":0,"master_deck":["Strike_G","Strike_G","Strike_G","Strike_G","Strike_G","Defend_G","Defend_G","Defend_G","Defend_G","Defend_G","Survivor","Neutralize","Slice","Blade Dance+1","Distraction","Deflect","Bane","Setup","Flying Knee","Deadly Poison+1","Storm of Steel","Predator","Cloak And Dagger+1","PiercingWail","Footwork","Sucker Punch"],"relics":["Ring of the Snake","Tiny Chest","Sundial","Bag of Marbles","CultistMask","SlaversCollar","PreservedInsect","MutagenicStrength","Bottled Tornado","Mummified Hand"],"acts_visited":["Exordium","TheCity"],"potions_floor_usage":[11,11,16,18,28,28],"damage_taken":[{"damage":2,"enemies":"Cultist","floor":1,"turns":4},{"damage":0,"enemies":"Small Slimes","floor":2,"turns":4},{"damage":0,"enemies":"2 Louse","floor":3,"turns":2},{"damage":3,"enemies":"Large Slime","floor":4,"turns":6},{"damage":2,"enemies":"Blue Slaver","floor":5,"turns":5},{"damage":2,"enemies":"Exordium Wildlife","floor":7,"turns":4},{"damage":4,"enemies":"Gremlin Gang","floor":8,"turns":4},{"damage":15,"enemies":"Gremlin Nob","floor":11,"turns":4},{"damage":8,"enemies":"Lots of Slimes","floor":14,"turns":5},{"damage":38,"enemies":"Hexaghost","floor":16,"turns":11},{"damage":36,"enemies":"Spheric Guardian","floor":18,"turns":7},{"damage":2,"enemies":"Shell Parasite","floor":21,"turns":5},{"damage":19,"enemies":"Shelled Parasite and Fungi","floor":22,"turns":5},{"damage":4,"enemies":"Snecko","floor":24,"turns":3},{"damage":17,"enemies":"Snake Plant","floor":28,"turns":4},{"damage":41,"enemies":"Cultist and Chosen","floor":29,"turns":5}],"seed_played":"-8100775363313987837","potions_obtained":[{"floor":1,"key":"Poison Potion"},{"floor":5,"key":"ColorlessPotion"},{"floor":8,"key":"BlessingOfTheForge"},{"floor":14,"key":"Weak Potion"},{"floor":18,"key":"BlessingOfTheForge"},{"floor":21,"key":"Explosive Potion"},{"floor":22,"key":"Poison Potion"}],"is_trial":false,"path_per_floor":["M","M","M","M","M","R","M","M","T","$","?","R","?","M","R","B",null,"M","T","?","M","M","R","M","R","T","?","M","M"],"character_chosen":"THE_SILENT","items_purchased":["Sundial"],"campfire_rested":3,"item_purchase_floors":[10],"current_hp_per_floor":[68,68,68,65,63,63,61,57,57,57,42,63,63,55,55,17,70,34,34,34,32,13,34,30,51,51,51,34,0,0],"gold":258,"neow_bonus":"HUNDRED_GOLD","is_daily":false,"chose_seed":false,"campfire_upgraded":2,"win_rate":0.0,"timestamp":1609962147,"path_taken":["M","M","?","M","?","R","M","M","T","$","?","R","?","?","R","BOSS","M","?","?","M","M","R","M","R","T","?","M","?"],"items_purchased_type":["Relic"],"build_version":"2020-12-22","purchased_purges":0,"victory":false,"max_hp_per_floor":[70,70,70,70,70,70,70,70,70,70,70,70,70,70,70,70,70,70,70,70,70,70,70,70,70,70,70,70,70,70],"card_choices":[{"not_picked":["Caltrops","Quick Slash"],"picked":"Slice","floor":1},{"not_picked":["Caltrops","Accuracy","Underhanded Strike"],"picked":"SKIP","floor":2},{"not_picked":["Cloak And Dagger","Outmaneuver"],"picked":"Blade Dance","floor":3},{"not_picked":["Backflip","Skewer"],"picked":"Distraction","floor":4},{"not_picked":["Envenom","Quick Slash"],"picked":"Deflect","floor":5},{"not_picked":["Backflip","Sucker Punch"],"picked":"Bane","floor":7},{"not_picked":["Tactician","Caltrops"],"picked":"Setup","floor":8},{"not_picked":["Acrobatics","Setup"],"picked":"Flying Knee","floor":11},{"not_picked":["Bane","Distraction"],"picked":"Deadly Poison","floor":14},{"not_picked":["Tools of the Trade","After Image"],"picked":"Storm of Steel","floor":16},{"not_picked":["Acrobatics+1","Setup"],"picked":"Predator","floor":18},{"not_picked":["Dagger Spray","Deflect"],"picked":"Cloak And Dagger+1","floor":21},{"not_picked":["Prepared","Flying Knee"],"picked":"PiercingWail","floor":22},{"not_picked":["Dash","Blade Dance"],"picked":"Footwork","floor":24},{"not_picked":["Expertise","Bane"],"picked":"Sucker Punch","floor":28}],"player_experience":86426,"relics_obtained":[{"floor":9,"key":"Tiny Chest"},{"floor":11,"key":"Bag of Marbles"},{"floor":19,"key":"PreservedInsect"},{"floor":26,"key":"Bottled Tornado"}],"event_choices":[{"damage_healed":0,"gold_gain":0,"player_choice":"Searched \u00271\u0027 times","damage_taken":0,"max_hp_gain":0,"max_hp_loss":0,"event_name":"Dead Adventurer","floor":11,"gold_loss":0},{"damage_healed":0,"gold_gain":0,"player_choice":"Trade","damage_taken":0,"relics_obtained":["CultistMask"],"max_hp_gain":0,"max_hp_loss":0,"event_name":"FaceTrader","floor":13,"gold_loss":0},{"damage_healed":0,"gold_gain":0,"player_choice":"Inject Mutagens","damage_taken":0,"relics_obtained":["MutagenicStrength"],"max_hp_gain":0,"max_hp_loss":0,"event_name":"Drug Dealer","floor":20,"gold_loss":0},{"damage_healed":0,"gold_gain":0,"player_choice":"Obtained Relic","damage_taken":0,"relics_obtained":["Mummified Hand"],"max_hp_gain":0,"max_hp_loss":0,"event_name":"Addict","floor":27,"gold_loss":85}],"is_beta":false,"boss_relics":[{"not_picked":["Ectoplasm","Empty Cage"],"picked":"SlaversCollar"}],"items_purged_floors":[],"is_endless":false,"potions_floor_spawned":[1,5,8,14,18,21,22],"killed_by":"Cultist and Chosen","ascension_level":0}}