{"host":"k85tjwrh7mjrrc9a","time":1609970719,"event":{"mods":["AchievementEnabler","BaseMod","Colored Powertips","Highlight Path","Minty Spire (QoL Compilation)","Rare Cards Sparkle","StSLib"],"gold_per_floor":[118,118,134,152,128,128,161,161,161,161,161,177,203,217,217,316,316,326,169,169,169,169],"floor_reached":21,"playtime":938,"items_purged":[],"score":271,"play_id":"17610e5d-214a-4fe8-80ec-34e848579f1b","local_time":"20210106170519","is_ascension_mode":true,"campfire_choices":[{"data":"True Grit","floor":6.0,"key":"SMITH"},{"data":"Shockwave","floor":8.0,"key":"SMITH"},{"data":"Disarm","floor":10.0,"key":"SMITH"},{"data":"Heavy Blade","floor":15.0,"key":"SMITH"}],"circlet_count":0,"master_deck":["Strike_R","Strike_R","Strike_R","Strike_R","Defend_R","Defend_R","Defend_R","Defend_R","Bash+1","Disarm+1","Shockwave+1","Iron Wave","True Grit+1","Heavy Blade+1","Twin Strike","Offering","Body Slam","Decay"],"relics":["Burning Blood","Ice Cream","Paper Frog","Ornamental Fan","Black Star","MealTicket"],"acts_visited":["Exordium","TheCity"],"potions_floor_usage":[21],"damage_taken":[{"damage":9.0,"enemies":"Jaw Worm","floor":1.0,"turns":6.0},{"damage":6.0,"enemies":"Cultist","floor":3.0,"turns":5.0},{"damage":6.0,"enemies":"2 Louse","floor":4.0,"turns":4.0},{"damage":48.0,"enemies":"Gremlin Nob","floor":7.0,"turns":6.0},{"damage":9.0,"enemies":"Blue Slaver","floor":12.0,"turns":5.0},{"damage":5.0,"enemies":"Lagavulin","floor":13.0,"turns":7.0},{"damage":0.0,"enemies":"Exordium Wildlife","floor":14.0,"turns":3.0},{"damage":33.0,"enemies":"Slime Boss","floor":16.0,"turns":13.0},{"damage":38.0,"enemies":"Spheric Guardian","floor":18.0,"turns":5.0},{"damage":54,"enemies":"Masked Bandits","floor":21,"turns":3}],"seed_played":"-789331113143837923","potions_obtained":[{"floor":0.0,"key":"Ancient Potion"},{"floor":0.0,"key":"Fruit Juice"},{"floor":0.0,"key":"Regen Potion"},{"floor":3.0,"key":"CultistPotion"},{"floor":12.0,"key":"Dexterity Potion"},{"floor":13.0,"key":"Strength Potion"}],"is_trial":false,"path_per_floor":["M","?","M","M","$","R","E","R","T","R","?","M","E","M","R","B",null,"M","$","?","?"],"character_chosen":"IRONCLAD","items_purchased":["True Grit","MealTicket"],"campfire_rested":0,"item_purchase_floors":[5,19],"current_hp_per_floor":[74,74,74,74,74,74,32,32,32,32,32,29,45,51,51,24,70,38,38,38,0,0],"gold":169,"neow_bonus":"THREE_SMALL_POTIONS","is_daily":false,"chose_seed":false,"campfire_upgraded":4,"win_rate":0.0,"timestamp":1609970719,"path_taken":["M","?","M","?","$","R","E","R","T","R","?","M","E","M","R","BOSS","M","$","?","?"],"items_purchased_type":["Card","Relic"],"build_version":"2020-12-22","purchased_purges":0,"victory":false,"max_hp_per_floor":[85,85,85,85,85,85,85,85,85,85,85,85,85,85,85,85,85,85,85,85,85,85],"card_choices":[{"not_picked":["Blood for Blood","Entrench"],"picked":"Disarm","floor":1.0},{"not_picked":["Feel No Pain","Thunderclap"],"picked":"Shockwave","floor":3.0},{"not_picked":["Anger","Warcry"],"picked":"Iron Wave","floor":4.0},{"not_picked":["Spot Weakness","Cleave"],"picked":"Heavy Blade","floor":7.0},{"not_picked":["Flame Barrier","Perfected Strike"],"picked":"Twin Strike","floor":12.0},{"not_picked":["Blood for Blood","Perfected Strike","Flame Barrier"],"picked":"SKIP","floor":13.0},{"not_picked":["Armaments","Bloodletting","Sentinel"],"picked":"SKIP","floor":14.0},{"not_picked":["Juggernaut","Impervious"],"picked":"Offering","floor":16.0},{"not_picked":["Twin Strike","Flex+1"],"picked":"Body Slam","floor":18.0}],"player_experience":154901,"relics_obtained":[{"floor":7.0,"key":"Ice Cream"},{"floor":9.0,"key":"Paper Frog"},{"floor":13.0,"key":"Ornamental Fan"}],"event_choices":[{"damage_healed":0.0,"max_hp_gain":0.0,"max_hp_loss":0.0,"gold_gain":0.0,"event_name":"Upgrade Shrine","player_choice":"Upgraded","floor":2.0,"gold_loss":0.0,"damage_taken":0.0,"cards_upgraded":["Bash"]},{"cards_removed":["Strike_R"],"damage_healed":0.0,"max_hp_gain":0.0,"max_hp_loss":0.0,"gold_gain":0.0,"event_name":"Living Wall","player_choice":"Forget","floor":11.0,"gold_loss":0.0,"damage_taken":0.0},{"damage_healed":0.0,"max_hp_gain":0.0,"max_hp_loss":0.0,"gold_gain":0.0,"event_name":"Forgotten Altar","player_choice":"Smashed Altar","floor":20.0,"gold_loss":0.0,"damage_taken":0.0,"cards_obtained":["Decay"]},{"damage_healed":0,"gold_gain":0,"player_choice":"Fought Bandits","damage_taken":0,"max_hp_gain":0,"max_hp_loss":0,"event_name":"Masked Bandits","floor":21,"gold_loss":0}],"is_beta":false,"boss_relics":[{"not_picked":["Pandora\u0027s Box","Runic Dome"],"picked":"Black Star"}],"items_purged_floors":[],"is_endless":false,"potions_floor_spawned":[3,12,13],"killed_by":"Masked Bandits","ascension_level":9}}