{"host":"f8lbor5qtgiy08rh","time":1609909568,"event":{"mods":["Aspiration","BaseMod","Better Match","Card Forge","Colored Map","Downfall","GifTheSpireLib","Hermit","Infinite Spire","Jedi Mod","Minty Spire (QoL Compilation)","Rare Cards Sparkle","Relic Sorter","Replay The Spire","StSLib","Stuff the Spire","The Construct","The Cursed","Unceasing Turn Reminder"],"gold_per_floor":[115,115,138,30,30,45,65,65,65,79,102,102,102,102,136,156,156,284,284,307,331,354,372,372,372],"floor_reached":24,"playtime":1785,"items_purged":[],"score":200,"play_id":"6836cf66-26fd-4cce-99f6-2458faf1f2ad","local_time":"20210106000608","is_ascension_mode":false,"campfire_choices":[{"data":"TheCursedMod:SmokeScreen","floor":8,"key":"SMITH"},{"floor":12,"key":"REST"},{"floor":17,"key":"REST"}],"circlet_count":0,"master_deck":["TheCursedMod:Strike_TheCursed","TheCursedMod:Strike_TheCursed","TheCursedMod:Strike_TheCursed","TheCursedMod:Strike_TheCursed","TheCursedMod:Defend_TheCursed","TheCursedMod:Defend_TheCursed","TheCursedMod:Defend_TheCursed","TheCursedMod:Defend_TheCursed","TheCursedMod:CursedWand","TheCursedMod:CleanUpWorkshop","TheCursedMod:SpitefulPlan","TheCursedMod:SmokeScreen+1","TheCursedMod:CursedRelics+1","TheCursedMod:WearCloak","TheCursedMod:DemonSword","TheCursedMod:Torture+1","TheCursedMod:CursedBlade","TheCursedMod:HellsGateOpen","TheCursedMod:AntiAging+1","TheCursedMod:HellfireBreathing","TheCursedMod:Mangle+1","TheCursedMod:BlessingInDisguise+1"],"relics":["TheCursedMod:BlackMagic101","Hammer of Thor","Seething Fire","Anvil of the Gods","NeowsBlessing","Golden Idol","Toxic Egg 2","Vajra","Fusion Hammer","StuffTheSpire:Experiment12"],"acts_visited":["Exordium","TheCity"],"potions_floor_usage":[18,18,18],"damage_taken":[{"damage":0,"enemies":"2 Louse","floor":1,"turns":1},{"damage":0,"enemies":"Jaw Worm","floor":3,"turns":1},{"damage":0,"enemies":"Cultist","floor":6,"turns":1},{"damage":12,"enemies":"Lots of Slimes","floor":7,"turns":6},{"damage":12,"enemies":"Exordium Thugs","floor":10,"turns":3},{"damage":7,"enemies":"Large Slime","floor":11,"turns":6},{"damage":15,"enemies":"Replay:BlueRogue","floor":15,"turns":6},{"damage":2,"enemies":"Blue Slaver","floor":16,"turns":2},{"damage":51,"enemies":"Hexaghost","floor":18,"turns":9},{"damage":10,"enemies":"3 Byrds","floor":20,"turns":5},{"damage":17,"enemies":"Spheric Guardian","floor":21,"turns":4},{"damage":22,"enemies":"Cultist and Chosen","floor":23,"turns":8},{"damage":38,"enemies":"Masked Bandits","floor":24,"turns":3}],"seed_played":"4396029171267071871","potions_obtained":[{"floor":3,"key":"AttackPotion"},{"floor":6,"key":"sneckomod:MuddlingPotion"},{"floor":10,"key":"Explosive Potion"},{"floor":11,"key":"Swift Potion"}],"is_trial":false,"path_per_floor":["M","?","M","$","?","M","M","R","T","M","M","R","PTL","PTL","E","M","R","B",null,"M","M","T","M","?"],"character_chosen":"THE_CURSED","items_purchased":["TheCursedMod:CursedRelics+1"],"campfire_rested":2,"item_purchase_floors":[4],"current_hp_per_floor":[75,75,75,75,75,75,63,63,63,51,44,66,66,66,51,49,71,20,75,68,51,51,32,0,0],"gold":372,"neow_bonus":"THREE_ENEMY_KILL","is_daily":false,"chose_seed":false,"campfire_upgraded":1,"win_rate":0.0,"timestamp":1609909568,"path_taken":["M","?","M","$","?","?","M","R","T","M","M","R","PTL","PTL","E","M","R","BOSS","M","?","?","M","?"],"items_purchased_type":["Card"],"build_version":"2020-12-22","purchased_purges":0,"victory":false,"max_hp_per_floor":[75,75,75,75,75,75,75,75,75,75,75,75,75,75,75,75,75,75,75,78,78,78,81,81,81],"card_choices":[{"not_picked":["TheCursedMod:CircleOfAmplification","TheCursedMod:Wield"],"picked":"TheCursedMod:SpitefulPlan","floor":1},{"not_picked":["TheCursedMod:CursedBlade","TheCursedMod:Obscuration"],"picked":"TheCursedMod:SmokeScreen","floor":3},{"not_picked":["TheCursedMod:SmokeScreen","TheCursedMod:TacticalStrike"],"picked":"TheCursedMod:WearCloak","floor":6},{"not_picked":["TheCursedMod:SpitefulPray","TheCursedMod:Stigma"],"picked":"TheCursedMod:DemonSword","floor":7},{"not_picked":["TheCursedMod:ReleasedStrength+1","TheCursedMod:SoulCrush"],"picked":"TheCursedMod:Torture+1","floor":10},{"not_picked":["TheCursedMod:ReleasedStrength+1","TheCursedMod:Stretching+1"],"picked":"TheCursedMod:CursedBlade","floor":11},{"not_picked":["TheCursedMod:SpitefulPlan","TheCursedMod:VitalStrike"],"picked":"TheCursedMod:HellsGateOpen","floor":15},{"not_picked":["TheCursedMod:SurpriseAttack","TheCursedMod:SpitefulPlan","TheCursedMod:AshesToAshes+1"],"picked":"SKIP","floor":16},{"not_picked":["TheCursedMod:ManaCirculation","TheCursedMod:NeowsMight+1"],"picked":"TheCursedMod:AntiAging+1","floor":18},{"not_picked":["TheCursedMod:SmokeScreen+1","TheCursedMod:PrepareRite+1"],"picked":"TheCursedMod:HellfireBreathing","floor":20},{"not_picked":["TheCursedMod:CursedAmulet+1","TheCursedMod:AshesToAshes+1"],"picked":"TheCursedMod:Mangle+1","floor":21},{"not_picked":["TheCursedMod:CursedShiv","TheCursedMod:Mangle"],"picked":"TheCursedMod:BlessingInDisguise+1","floor":23}],"player_experience":119989,"relics_obtained":[{"floor":9,"key":"Toxic Egg 2"},{"floor":15,"key":"Vajra"},{"floor":22,"key":"StuffTheSpire:Experiment12"}],"event_choices":[{"damage_healed":0,"gold_gain":0,"player_choice":"Take Wound","damage_taken":0,"relics_obtained":["Golden Idol"],"max_hp_gain":0,"max_hp_loss":0,"event_name":"Golden Idol","floor":2,"gold_loss":0,"cards_obtained":["Injury"]},{"cards_removed":["Injury","TheCursedMod:Dregs"],"damage_healed":0,"gold_gain":0,"player_choice":"Removed Curses","damage_taken":0,"max_hp_gain":0,"max_hp_loss":0,"event_name":"Fountain of Cleansing","floor":5,"gold_loss":0},{"damage_healed":0,"gold_gain":0,"player_choice":"Fought Bandits","damage_taken":0,"max_hp_gain":0,"max_hp_loss":0,"event_name":"Masked Bandits","floor":24,"gold_loss":0}],"is_beta":false,"boss_relics":[{"not_picked":["Ectoplasm","Honey Jar"],"picked":"Fusion Hammer"}],"items_purged_floors":[],"is_endless":false,"potions_floor_spawned":[3,6,10,11,16],"killed_by":"Masked Bandits","ascension_level":0}}