{"host":"we0tvcz4okyzqurd","time":1609925594,"event":{"mods":["BaseMod","Colored Powertips","Downfall","Hermit","Hubris","Infinite Spire","Minty Spire (QoL Compilation)","Replay The Spire","StSLib","The Jungle"],"gold_per_floor":[115,115,131,70,89,118,138,138,165,165,200,200,214,233,233,334,334,350,350,350,350,363,363,158,188,213,213,213,231,331,341,341,438,438,480,183,262,262,297,297,352,395,395,442,442,134,134,157,157,171,171,171,17,57,119],"floor_reached":56,"playtime":2399,"items_purged":["hermit:BigShot","hermit:BigShot","hermit:Combo+1","hermit:Brawl"],"score":1617,"play_id":"a309384b-047a-46ca-b679-582b149c9198","local_time":"20210106013314","is_ascension_mode":true,"campfire_choices":[{"data":"hermit:FullyLoaded","floor":10,"key":"SMITH"},{"floor":12,"key":"REST"},{"floor":15,"key":"DIG"},{"floor":23,"key":"RECALL"},{"floor":32,"key":"REST"},{"floor":40,"key":"REST"},{"floor":47,"key":"REST"},{"floor":49,"key":"REST"},{"floor":52,"key":"REST"}],"circlet_count":0,"master_deck":["hermit:CursedWeapon+1","hermit:Strike_Hermit+1","hermit:Strike_Hermit+1","hermit:Strike_Hermit+1","hermit:Defend_Hermit+1","hermit:Defend_Hermit","hermit:Defend_Hermit","hermit:Defend_Hermit","hermit:Snapshot","hermit:Covet","hermit:Roulette","hermit:WideOpen","hermit:FullyLoaded+1","hermit:Coalescence","hermit:Quickdraw","hermit:HighNoon+1","hermit:Glare","ReplayTheSpireMod:Scrap Shanks","infinitespire:Starlight","hermit:FullyLoaded+1","hermit:Gambit","hermit:Maintenance","hermit:Cheat+1","hermit:Roulette+1","hermit:CursedWeapon+1"],"relics":["Sozu","Strawberry","Pen Nib","Smiling Mask","Nunchaku","Fusion Hammer","TheAbacus","HornCleat","infinitespire:PuzzleCube","infinitespire:EvilPickle","SlaversCollar","Kunai","infinitespire:Midas Blood","War Paint","Replay:Bottled Eggs","hubris:Icosahedron","hubris:BottledRain","DollysMirror","infinitespire:Eraser"],"acts_visited":["Exordium","TheCity","TheBeyond","TheEnding"],"potions_floor_usage":[],"damage_taken":[{"damage":2,"enemies":"2 Louse","floor":1,"turns":2},{"damage":2,"enemies":"Small Slimes","floor":3,"turns":1},{"damage":2,"enemies":"Jaw Worm","floor":5,"turns":1},{"damage":2,"enemies":"Lagavulin","floor":6,"turns":1},{"damage":7,"enemies":"Blue Slaver","floor":7,"turns":3},{"damage":20,"enemies":"3 Sentries","floor":11,"turns":4},{"damage":9,"enemies":"Exordium Wildlife","floor":13,"turns":2},{"damage":10,"enemies":"Gremlin Gang","floor":14,"turns":3},{"damage":15,"enemies":"The Guardian","floor":16,"turns":5},{"damage":2,"enemies":"Spheric Guardian","floor":18,"turns":1},{"damage":9,"enemies":"3 Byrds","floor":22,"turns":3},{"damage":23,"enemies":"Book of Stabbing","floor":25,"turns":3},{"damage":2,"enemies":"3 Cultists","floor":29,"turns":4},{"damage":2,"enemies":"Cultist and Chosen","floor":31,"turns":2},{"damage":14,"enemies":"Pondfish","floor":33,"turns":6},{"damage":5,"enemies":"3 Darklings","floor":35,"turns":5},{"damage":9,"enemies":"Orb Walker","floor":39,"turns":3},{"damage":2,"enemies":"Nemesis","floor":41,"turns":1},{"damage":30,"enemies":"Jaw Worm Horde","floor":42,"turns":4},{"damage":2,"enemies":"Sphere and 2 Shapes","floor":44,"turns":2},{"damage":2,"enemies":"Transient","floor":48,"turns":5},{"damage":44,"enemies":"Time Eater","floor":50,"turns":8},{"damage":4,"enemies":"Shield and Spear","floor":54,"turns":2},{"damage":89,"enemies":"The Heart","floor":55,"turns":6}],"seed_played":"-1947580339056690585","potions_obtained":[],"is_trial":false,"path_per_floor":["M","?","M","$","M","E","M","?","T","R","E","R","M","M","R","B",null,"M","?","?","AVR","M","R","$","E","T","$","?","M","?","M","R","B",null,"M","$","T","?","M","R","E","M","T","M","?","$","R","M","R","B",null,"R","$","E","B",null],"character_chosen":"HERMIT","items_purchased":["hermit:BigShot","TheAbacus","Kunai","hubris:BottledRain","DollysMirror"],"campfire_rested":6,"item_purchase_floors":[4,24,36,46,53],"current_hp_per_floor":[73,73,71,71,69,74,67,67,67,67,47,71,62,52,52,37,82,80,80,64,64,65,65,65,52,52,47,47,55,55,53,79,75,87,84,84,84,84,85,87,85,65,65,73,73,73,87,85,87,53,87,87,87,83,4],"gold":119,"neow_bonus":"BOSS_RELIC","is_daily":false,"chose_seed":false,"campfire_upgraded":1,"win_rate":0.0,"timestamp":1609925594,"path_taken":["M","?","M","$","M","E","M","?","T","R","E","R","M","M","R","BOSS","M","?","?","AVR","M","R","$","E","T","?","?","M","?","M","R","BOSS","M","$","?","?","M","R","E","M","T","M","?","$","R","M","R","BOSS","R","$","E","BOSS"],"items_purchased_type":["Card","Relic","Relic","Relic","Relic"],"build_version":"2020-12-22","purchased_purges":4,"victory":true,"max_hp_per_floor":[75,75,75,75,75,82,82,82,82,82,82,82,82,82,82,82,82,82,82,87,87,87,87,87,87,87,87,87,87,87,87,87,87,87,87,87,87,87,87,87,87,87,87,87,87,87,87,87,87,87,87,87,87,87,87],"card_choices":[{"not_picked":["hermit:HoleUp","hermit:LoneWolf","hermit:Headshot"],"picked":"SKIP","floor":1},{"not_picked":["hermit:Feint","hermit:HighCaliber"],"picked":"hermit:Roulette","floor":3},{"not_picked":["hermit:Gestalt","hermit:Headshot"],"picked":"hermit:WideOpen","floor":5},{"not_picked":["hermit:CalledShot","hermit:EyeOfTheStorm"],"picked":"hermit:FullyLoaded","floor":6},{"not_picked":["hermit:Misfire","hermit:Vantage","hermit:Gestalt"],"picked":"SKIP","floor":7},{"not_picked":["hermit:Horror","hermit:HoleUp"],"picked":"hermit:Coalescence","floor":11},{"not_picked":["hermit:Grudge","hermit:HighCaliber","hermit:HoleUp"],"picked":"SKIP","floor":13},{"not_picked":["hermit:Roulette","hermit:Snipe"],"picked":"hermit:Quickdraw","floor":14},{"not_picked":["hermit:Reprieve","hermit:FatalDesire"],"picked":"hermit:HighNoon","floor":16},{"not_picked":["hermit:BodyArmor","hermit:SprayPray"],"picked":"hermit:Glare","floor":18},{"not_picked":["hermit:CalledShot","hermit:Virtue","hermit:Snipe"],"picked":"SKIP","floor":22},{"not_picked":["hermit:EyeOfTheStorm","hermit:PistolWhip","hermit:Deadeye"],"picked":"SKIP","floor":25},{"not_picked":["hermit:Coalescence","hermit:Midnight","hermit:HoleUp"],"picked":"SKIP","floor":29},{"not_picked":["hermit:BigShot+1","hermit:Purgatory"],"picked":"hermit:FullyLoaded","floor":31},{"not_picked":["hermit:Dissolve","hermit:EternalForm"],"picked":"hermit:Gambit","floor":33},{"not_picked":["hermit:Quickdraw+1","hermit:Desperado+1"],"picked":"hermit:Combo+1","floor":35},{"not_picked":["hermit:Snipe+1","hermit:Enervate+1"],"picked":"hermit:Brawl","floor":39},{"not_picked":["hermit:HoleUp+1","hermit:FullyLoaded+1"],"picked":"hermit:Maintenance","floor":41},{"not_picked":["hermit:Snipe","hermit:Coalescence","hermit:Desperado"],"picked":"SKIP","floor":42},{"not_picked":["hermit:SprayPray+1","hermit:Quickdraw"],"picked":"hermit:Cheat+1","floor":44},{"not_picked":["hermit:FlashPowder+1","hermit:Cheat"],"picked":"hermit:Roulette+1","floor":48},{"not_picked":["hermit:Feint","hermit:Manifest+1","hermit:GoldenBullet"],"picked":"SKIP","floor":54}],"player_experience":456147,"relics_obtained":[{"floor":6,"key":"Strawberry"},{"floor":8,"key":"Pen Nib"},{"floor":11,"key":"Smiling Mask"},{"floor":15,"key":"Nunchaku"},{"floor":25,"key":"HornCleat"},{"floor":26,"key":"infinitespire:PuzzleCube"},{"floor":37,"key":"infinitespire:Midas Blood"},{"floor":41,"key":"War Paint"},{"floor":43,"key":"Replay:Bottled Eggs"},{"floor":54,"key":"infinitespire:Eraser"}],"event_choices":[{"damage_healed":0,"gold_gain":0,"player_choice":"Read","damage_taken":0,"max_hp_gain":0,"max_hp_loss":0,"event_name":"The Library","floor":19,"gold_loss":0,"cards_obtained":["ReplayTheSpireMod:Scrap Shanks"]},{"damage_healed":0,"gold_gain":0,"player_choice":"Shed Blood","damage_taken":21,"max_hp_gain":5,"max_hp_loss":0,"event_name":"Forgotten Altar","floor":20,"gold_loss":0},{"damage_healed":0,"gold_gain":100,"player_choice":"Pray","damage_taken":0,"max_hp_gain":0,"max_hp_loss":0,"event_name":"Golden Shrine","floor":30,"gold_loss":0},{"cards_removed":["hermit:Strike_Hermit"],"damage_healed":0,"gold_gain":0,"player_choice":"Removed Attack","damage_taken":0,"max_hp_gain":0,"max_hp_loss":0,"event_name":"Falling","floor":38,"gold_loss":0}],"is_beta":false,"boss_relics":[{"not_picked":["Cursed Key","Honey Jar"],"picked":"Fusion Hammer"},{"not_picked":["Calling Bell","ChewingGum"],"picked":"SlaversCollar"}],"items_purged_floors":[24,27,36,46],"is_endless":false,"potions_floor_spawned":[3,6,7,13,16,18,25,35,41,42],"ascension_level":1}}