{"host":"l84l8xigz5v5foa2","time":1609898586,"event":{"mods":["2.2 Compatiblity","AchievementEnabler","BaseMod","Better Note","Better Vampires","Card Filter","Colored Map","DeckTracker","Downfall","Gremlin Skip","Highlight Path","Keyboard Shortcuts","Minty Spire (QoL Compilation)","Permanent Neow","Quick Restart","Relic Filter","Relic Stats","StSLib","SuperFastMode","Transform Curses","Unknown Chances"],"gold_per_floor":[99,113,113,98,98,110,185,34,65,65,65,96,21,56,76,155,155,155,155,155,173,259,274,274,356,385,235,249,263,295,309,324,396,396,396,412,431,431,431,441,522,535,550,625,625,653,668,702,719,719,719,754,104,104,104],"floor_reached":56,"playtime":3318,"items_purged":["hexamod:Strike+1"],"score":2709,"play_id":"a9957fb9-d87c-4af5-b392-8b6da866c5de","local_time":"20210106110306","is_ascension_mode":true,"campfire_choices":[{"data":"hexamod:Float","floor":1.0,"key":"SMITH"},{"data":"hexamod:GhostOfSpirePast","floor":10.0,"key":"SMITH"},{"floor":13.0,"key":"REST"},{"floor":18.0,"key":"RECALL"},{"data":"hexamod:Rewind","floor":27.0,"key":"SMITH"}],"circlet_count":0,"master_deck":["AscendersBane","hexamod:Defend+1","hexamod:Defend+1","hexamod:Defend+1","hexamod:Sear+1","hexamod:Float+1","hexamod:SixthSeal","hexamod:RainOfEmbers+1","hexamod:NecessarySacrifice+1","hexamod:TimeWarp+1","hexamod:GhostOfSpirePast+1","hexamod:HauntingEcho+1","hexamod:Incineration+1","hexamod:TimeWarp+1","hexamod:ShieldOfDarkness+1","hexamod:TimeOfNeed+1","hexamod:GhostOfSpirePast+1","hexamod:Hexaguard+1","hexamod:Rewind+1","hexamod:StepThrough+1","hexamod:FirstSeal","hexamod:InspiringFlames+1","hexamod:HexaLevel+1","hexamod:AdvancingGuard+1","hexamod:FourthSeal","hexamod:AdvancingGuard+1","hexamod:GhostOfSpirePast+1","hexamod:TimeOfNeed"],"relics":["hexamod:SpiritBrand","downfall:ShatteredFragment","Bronze Scales","Letter Opener","downfall:HeartBlessingBlue","Singing Bowl","Coffee Dripper","hexamod:CandleOfCauterizing","Matryoshka","Bird Faced Urn","downfall:HeartBlessingGreen","downfall:HeartBlessingRed","Potion Belt","Fusion Hammer","InkBottle","Kunai","Dream Catcher","Meat on the Bone","Shuriken","Nunchaku","Akabeko","FossilizedHelix","Medical Kit"],"acts_visited":["Exordium","TheCity","TheBeyond","TheEnding"],"potions_floor_usage":[55,55,55,55],"damage_taken":[{"damage":13.0,"enemies":"Jaw Worm","floor":2.0,"turns":4.0},{"damage":0.0,"enemies":"downfall:FleeingMerchant","floor":4.0,"turns":4.0},{"damage":0.0,"enemies":"Cultist","floor":6.0,"turns":3.0},{"damage":0.0,"enemies":"downfall:FleeingMerchant","floor":8.0,"turns":4.0},{"damage":0.0,"enemies":"Lagavulin","floor":9.0,"turns":3.0},{"damage":9.0,"enemies":"3 Sentries","floor":12.0,"turns":5.0},{"damage":5.0,"enemies":"Gremlin Nob","floor":14.0,"turns":3.0},{"damage":0.0,"enemies":"2 Louse","floor":15.0,"turns":2.0},{"damage":35.0,"enemies":"downfall:Defect","floor":16.0,"turns":6.0},{"damage":0.0,"enemies":"Chosen","floor":21.0,"turns":2.0},{"damage":0.0,"enemies":"downfall:FleeingMerchant","floor":22.0,"turns":4.0},{"damage":0.0,"enemies":"Spheric Guardian","floor":23.0,"turns":3.0},{"damage":0.0,"enemies":"Gremlin Leader","floor":26.0,"turns":4.0},{"damage":10.0,"enemies":"Shelled Parasite and Fungi","floor":28.0,"turns":4.0},{"damage":9.0,"enemies":"Snake Plant","floor":29.0,"turns":3.0},{"damage":0.0,"enemies":"Slavers","floor":30.0,"turns":4.0},{"damage":3.0,"enemies":"Snecko","floor":31.0,"turns":3.0},{"damage":12.0,"enemies":"Centurion and Healer","floor":32.0,"turns":3.0},{"damage":7.0,"enemies":"downfall:Silent","floor":33.0,"turns":5.0},{"damage":0.0,"enemies":"3 Shapes","floor":36.0,"turns":3.0},{"damage":1.0,"enemies":"Orb Walker","floor":37.0,"turns":3.0},{"damage":0.0,"enemies":"Maw","floor":40.0,"turns":4.0},{"damage":0.0,"enemies":"Sphere and 2 Shapes","floor":42.0,"turns":2.0},{"damage":14.0,"enemies":"4 Shapes","floor":43.0,"turns":3.0},{"damage":2.0,"enemies":"Reptomancer","floor":46.0,"turns":5.0},{"damage":0.0,"enemies":"Spire Growth","floor":47.0,"turns":3.0},{"damage":0.0,"enemies":"Giant Head","floor":48.0,"turns":2.0},{"damage":0.0,"enemies":"Maw","floor":49.0,"turns":5.0},{"damage":0.0,"enemies":"downfall:Ironclad","floor":50.0,"turns":5.0},{"damage":23.0,"enemies":"downfall:CharBossMerchant","floor":52.0,"turns":6.0},{"damage":0,"enemies":"downfall:NeowBoss","floor":55,"turns":16}],"seed_played":"-8310353737142706769","potions_obtained":[{"floor":2.0,"key":"CultistPotion"},{"floor":9.0,"key":"Ancient Potion"},{"floor":15.0,"key":"FearPotion"},{"floor":21.0,"key":"Weak Potion"},{"floor":28.0,"key":"hexamod:DoubleChargePotion"},{"floor":30.0,"key":"SkillPotion"},{"floor":31.0,"key":"hexamod:EctoCoolerPotion"},{"floor":36.0,"key":"SteroidPotion"},{"floor":40.0,"key":"AttackPotion"},{"floor":40.0,"key":"champ:CounterPotion"},{"floor":46.0,"key":"Regen Potion"},{"floor":47.0,"key":"Fruit Juice"},{"floor":48.0,"key":"hexamod:EctoCoolerPotion"},{"floor":48.0,"key":"PowerPotion"},{"floor":52.0,"key":"DuplicationPotion"}],"is_trial":false,"path_per_floor":["R","M","?","$","?","M","T","$","E","R","?","E","R","E","M","B",null,"R","?","?","M","$","M","T","T","E","R","M","M","E","M","M","B",null,"R","M","M","?","?","M","T","M","M","T","?","E","M","E","M","B",null,"E","$","R","B",null],"character_chosen":"THE_SPIRIT","items_purchased":["hexamod:GhostOfSpirePast","hexamod:HauntingEcho","hexamod:StepThrough","hexamod:FirstSeal","FossilizedHelix","Medical Kit","hexamod:TimeOfNeed"],"campfire_rested":1,"item_purchase_floors":[8,8,22,22,53,53,53],"current_hp_per_floor":[57,44,44,44,23,23,23,23,23,23,23,14,45,40,42,7,58,58,58,58,58,58,67,67,67,74,74,78,81,83,85,82,87,87,87,87,89,89,89,91,91,93,88,88,88,95,100,102,104,104,104,106,106,106,106],"gold":104,"neow_bonus":"TRANSFORM_CARD","is_daily":false,"chose_seed":false,"campfire_upgraded":3,"win_rate":0.0,"timestamp":1609898586,"path_taken":["R","M","?","?","?","M","T","$","E","R","?","E","R","E","M","BOSS","R","?","?","?","$","M","T","?","E","R","M","M","E","M","M","BOSS","R","M","M","?","?","?","T","?","?","?","?","E","M","E","M","BOSS","E","$","R","BOSS"],"items_purchased_type":["Card","Card","Card","Card","Relic","Relic","Card"],"build_version":"2020-12-22","purchased_purges":1,"victory":true,"max_hp_per_floor":[63,63,63,63,63,63,63,63,63,63,63,63,73,73,75,75,75,75,75,75,75,75,77,77,77,77,77,79,81,83,85,87,87,87,87,87,89,89,89,91,91,93,95,95,95,95,100,102,104,104,104,106,106,106,106],"relic_stats":{"Singing Bowl":28,"counters":[31,126],"Letter Opener":[245],"Medical Kit":[1],"Dream Catcher":0,"Nunchaku":[13],"Shuriken":[40],"Bronze Scales":[210],"Bird Faced Urn":[35],"Kunai":[51],"obtain_stats":[{"Potion Belt":30,"hexamod:CandleOfCauterizing":24,"downfall:ShatteredFragment":5,"Singing Bowl":14,"downfall:HeartBlessingRed":27,"downfall:HeartBlessingGreen":27,"Letter Opener":12,"Medical Kit":53,"Akabeko":52,"Dream Catcher":44,"Nunchaku":48,"Matryoshka":25,"downfall:HeartBlessingBlue":13,"Shuriken":46,"Bronze Scales":9,"Bird Faced Urn":26,"Fusion Hammer":34,"Coffee Dripper":17,"Kunai":41,"hexamod:SpiritBrand":0,"InkBottle":41,"FossilizedHelix":53,"Meat on the Bone":44},{"Potion Belt":16,"hexamod:CandleOfCauterizing":12,"downfall:ShatteredFragment":2,"Singing Bowl":7,"downfall:HeartBlessingRed":13,"downfall:HeartBlessingGreen":13,"Letter Opener":6,"Medical Kit":30,"Akabeko":30,"Dream Catcher":24,"Nunchaku":27,"Matryoshka":12,"downfall:HeartBlessingBlue":6,"Shuriken":25,"Bronze Scales":5,"Bird Faced Urn":13,"Fusion Hammer":19,"Coffee Dripper":9,"Kunai":22,"hexamod:SpiritBrand":0,"InkBottle":22,"FossilizedHelix":30,"Meat on the Bone":24},{"Potion Belt":58,"hexamod:CandleOfCauterizing":43,"downfall:ShatteredFragment":8,"Singing Bowl":26,"downfall:HeartBlessingRed":47,"downfall:HeartBlessingGreen":47,"Letter Opener":23,"Medical Kit":110,"Akabeko":110,"Dream Catcher":84,"Nunchaku":94,"Matryoshka":43,"downfall:HeartBlessingBlue":23,"Shuriken":89,"Bronze Scales":18,"Bird Faced Urn":47,"Fusion Hammer":69,"Coffee Dripper":34,"Kunai":79,"hexamod:SpiritBrand":0,"InkBottle":79,"FossilizedHelix":110,"Meat on the Bone":84}],"InkBottle":[41],"Meat on the Bone":0},"card_choices":[{"not_picked":["hexamod:SecondSeal","hexamod:AdvancingGuard"],"picked":"hexamod:RainOfEmbers","floor":2.0},{"not_picked":["hexamod:ThermalTransfer","hexamod:NightmareStrike"],"picked":"hexamod:NecessarySacrifice","floor":4.0},{"not_picked":["hexamod:BurningTouch","hexamod:RetreatToShadows","hexamod:GhostLash"],"picked":"SKIP","floor":6.0},{"not_picked":["hexamod:Firestarter","hexamod:Hexaguard"],"picked":"hexamod:TimeWarp","floor":8.0},{"not_picked":["hexamod:InspiringFlames","hexamod:BurningTouch"],"picked":"hexamod:Incineration","floor":9.0},{"not_picked":["hexamod:AdvancingGuard","hexamod:ExtraCrispy"],"picked":"hexamod:TimeWarp","floor":12.0},{"not_picked":["hexamod:NightmareStrike","hexamod:BacktrackSmack"],"picked":"hexamod:ShieldOfDarkness","floor":14.0},{"not_picked":["hexamod:NightmareStrike","hexamod:BurningTouch","hexamod:PhantomFireball"],"picked":"Singing Bowl","floor":15.0},{"not_picked":["hexamod:SixthSeal","hexamod:SearingWound"],"picked":"hexamod:TimeOfNeed","floor":16.0},{"not_picked":["hexamod:SpectralSpark","hexamod:GhostLash"],"picked":"hexamod:Hexaguard","floor":21.0},{"not_picked":["hexamod:RecurringNightmare+1","hexamod:InspiringFlames"],"picked":"hexamod:Rewind","floor":22.0},{"not_picked":["hexamod:SpectralAdrenaline","hexamod:SpectersWail","hexamod:NightmareStrike"],"picked":"Singing Bowl","floor":23.0},{"not_picked":["hexamod:ThermalTransfer","hexamod:ApocalypticArmor"],"picked":"hexamod:InspiringFlames","floor":26.0},{"not_picked":["hexamod:RecurringNightmare","hexamod:Incineration","hexamod:ChargedBarrage"],"picked":"Singing Bowl","floor":28.0},{"not_picked":["hexamod:PhantomCloak","hexamod:Hexaguard","hexamod:RainOfEmbers+1"],"picked":"Singing Bowl","floor":29.0},{"not_picked":["hexamod:GhostLash","hexamod:NightmareGuise+1","hexamod:Hexaguard+1"],"picked":"Singing Bowl","floor":30.0},{"not_picked":["hexamod:PowerFromBeyond","hexamod:InspiringFlames+1","hexamod:SpectersWail"],"picked":"Singing Bowl","floor":31.0},{"not_picked":["hexamod:Again","hexamod:SuperheatedStrike","hexamod:SecondSeal"],"picked":"Singing Bowl","floor":32.0},{"not_picked":["hexamod:UnleashSpirits","hexamod:WildfireWeapon"],"picked":"hexamod:HexaLevel","floor":33.0},{"not_picked":["hexamod:BacktrackSmack","hexamod:InspiringFlames"],"picked":"hexamod:AdvancingGuard","floor":36.0},{"not_picked":["hexamod:HauntingEcho","hexamod:ShieldOfDarkness+1","hexamod:NightmareGuise"],"picked":"Singing Bowl","floor":37.0},{"not_picked":["hexamod:EtherealExpedition","hexamod:InspiringFlames+1","hexamod:PhantomFireball"],"picked":"Singing Bowl","floor":40.0},{"not_picked":["hexamod:ThermalTransfer","hexamod:GhostShield","hexamod:GhostLash"],"picked":"Singing Bowl","floor":42.0},{"not_picked":["hexamod:BurningTouch","hexamod:BacktrackSmack+1","hexamod:InspiringFlames"],"picked":"Singing Bowl","floor":43.0},{"not_picked":["hexamod:FastForward","hexamod:RetreatToShadows"],"picked":"hexamod:AdvancingGuard+1","floor":46.0},{"not_picked":["hexamod:GhostLash","hexamod:HeatCrush"],"picked":"hexamod:GhostOfSpirePast","floor":47.0},{"not_picked":["hexamod:ExtraCrispy+1","hexamod:HauntingEcho+1","hexamod:Firestarter"],"picked":"Singing Bowl","floor":48.0},{"not_picked":["hexamod:GhostLash+1","hexamod:NightmareGuise+1","hexamod:BurningTouch"],"picked":"Singing Bowl","floor":49.0},{"not_picked":["hexamod:ThirdSeal","hexamod:DynamicBlow","hexamod:NightmareGuise+1"],"picked":"Singing Bowl","floor":52.0}],"player_experience":2907781,"relics_obtained":[{"floor":9.0,"key":"Bronze Scales"},{"floor":12.0,"key":"Letter Opener"},{"floor":14.0,"key":"Singing Bowl"},{"floor":24.0,"key":"hexamod:CandleOfCauterizing"},{"floor":25.0,"key":"Matryoshka"},{"floor":26.0,"key":"Bird Faced Urn"},{"floor":30.0,"key":"Potion Belt"},{"floor":41.0,"key":"InkBottle"},{"floor":41.0,"key":"Kunai"},{"floor":44.0,"key":"Dream Catcher"},{"floor":44.0,"key":"Meat on the Bone"},{"floor":46.0,"key":"Shuriken"},{"floor":48.0,"key":"Nunchaku"},{"floor":52.0,"key":"Akabeko"}],"event_choices":[{"cards_removed":["hexamod:Defend"],"damage_healed":0.0,"max_hp_gain":0.0,"max_hp_loss":0.0,"gold_gain":0.0,"event_name":"Purifier","player_choice":"Purged","floor":3.0,"gold_loss":0.0,"damage_taken":0.0},{"cards_removed":["hexamod:Strike"],"damage_healed":0.0,"max_hp_gain":0.0,"max_hp_loss":0.0,"gold_gain":0.0,"event_name":"Living Wall","player_choice":"Forget","floor":11.0,"gold_loss":0.0,"damage_taken":0.0},{"damage_healed":0.0,"max_hp_gain":0.0,"max_hp_loss":0.0,"gold_gain":0.0,"event_name":"Duplicator","player_choice":"Copied","floor":20.0,"gold_loss":0.0,"damage_taken":0.0,"cards_obtained":["hexamod:GhostOfSpirePast"]}],"is_beta":false,"boss_relics":[{"not_picked":["Sozu","Pandora\u0027s Box"],"picked":"Coffee Dripper"},{"not_picked":["Runic Pyramid","expansioncontent:StudyCardRelic"],"picked":"Fusion Hammer"}],"items_purged_floors":[22],"is_endless":false,"potions_floor_spawned":[2,9,15,21,28,30,31,36,40,48,49],"ascension_level":20}}