{"host":"c59zqhrgluvxuu0k","time":1609894125,"event":{"mods":["BaseMod","Better Altar","Better Third Choice","BetterRewards","Colored Map","Colored Powertips","Curses Come First","Downfall","Friendly Minions","Hermit","Minty Spire (QoL Compilation)","Replay The Spire","Shop Mod","Spicy Shops","StSLib","The Blackbeard","The Cursed","The Death Knight","The Druid","The Jungle","The Runesmith","The Wild Card"],"gold_per_floor":[118,135,210,210,21,51,51,78,78,78,110,129,129,151,151,252,252,275,250,250,250,283,283,303,339,377,377,400,424,474,499,530,166,166,283,283,304,304,330,353,385,385,427,427,427,464,499,499,93,125,125,135,135,135,34,75,101],"floor_reached":58,"playtime":6500,"items_purged":["Delirium","Runesmith:Strike_RS"],"score":1565,"play_id":"fe624f6d-5755-4e88-952d-7c8073cb32e2","local_time":"20210105174845","is_ascension_mode":true,"campfire_choices":[{"data":"Runesmith:CraftFirestone","floor":7,"key":"SMITH"},{"data":"Runesmith:LithiumIon","floor":10,"key":"SMITH"},{"data":"Runesmith:DoubleUp","floor":13,"key":"SMITH"},{"data":"Runesmith:PoweredAnvil","floor":15,"key":"SMITH"},{"data":"Runesmith:EnergizedChisel","floor":27,"key":"SMITH"},{"floor":34,"key":"RECALL"},{"data":"Apotheosis","floor":42,"key":"SMITH"},{"data":"Runesmith:DuctTape","floor":48,"key":"SMITH"},{"data":"Runesmith:GrandSlam","floor":51,"key":"SMITH"},{"data":"Runesmith:UnlimitedPower","floor":54,"key":"SMITH"}],"circlet_count":0,"master_deck":["Runesmith:Strike_RS","Runesmith:Strike_RS","Runesmith:Strike_RS","Runesmith:Defend_RS","Runesmith:Defend_RS","Runesmith:Defend_RS","Runesmith:Defend_RS","Runesmith:CraftFirestone+1","Runesmith:Fortify+1","Runesmith:GoWithTheFlow","Runesmith:Attraction+1","Runesmith:LithiumIon+1","Runesmith:PoweredAnvil+1","Runesmith:DoubleUp+1","Runesmith:CraftPrismatica","Runesmith:Permafrost","expansioncontent:DefensiveStance","Runesmith:CraftMagma","Runesmith:BackupBattery","Runesmith:PoweredAnvil","Runesmith:Supernova","Runesmith:EnergizedChisel+1","Runesmith:CraftObretio","Runesmith:CraftSpiculum+1","Runesmith:Firewall+1","Apotheosis+1","Runesmith:Firestorm+1","Runesmith:DuctTape+1","Madness","Madness","Runesmith:OneForEveryone+1","Runesmith:GrandSlam+1","Runesmith:FrozenChisel+1","expansioncontent:QuickStudy+1","Runesmith:UnlimitedPower+1","Runesmith:Grindstone+1","Runesmith:PoweredAnvil+1","Runesmith:FrozenChisel+1"],"relics":["Runesmith:BrokenRuby","Simple Rune","Membership Card","Mummified Hand","Replay:Rubber Ducky","Replay:Bandana","Replay:Mystery Machine","Replay:Bronze Core","ReplayTheSpireMod:CursedCoin","Bag of Preparation","Anchor","ReplayTheSpireMod:Shallot","Red Mask","BargainBundle","War Paint","SacredBark","ReplayTheSpireMod:Lightbulb","Replay:Accelerometer","Blue Doll","Pen Nib","Bag of Marbles","Toolbox","HandDrill","Sling","Runesmith:MiniCore"],"acts_visited":["Exordium","TheCity","TheBeyond","TheEnding"],"potions_floor_usage":[8,22,26,35,52,57,57,57],"damage_taken":[{"damage":0,"enemies":"Small Slimes","floor":1,"turns":3},{"damage":6,"enemies":"Jaw Worm","floor":2,"turns":4},{"damage":3,"enemies":"Replay:BlueRogue","floor":6,"turns":5},{"damage":16,"enemies":"Gremlin Nob","floor":8,"turns":3},{"damage":2,"enemies":"3 Sentries","floor":11,"turns":6},{"damage":0,"enemies":"2 Louse","floor":12,"turns":2},{"damage":0,"enemies":"2 Fungi Beasts","floor":14,"turns":3},{"damage":0,"enemies":"The Guardian","floor":16,"turns":8},{"damage":2,"enemies":"Chosen","floor":18,"turns":6},{"damage":13,"enemies":"3 Byrds","floor":22,"turns":5},{"damage":0,"enemies":"Snake Plant","floor":24,"turns":6},{"damage":0,"enemies":"Replay:Snechameleon","floor":25,"turns":7},{"damage":0,"enemies":"Masked Bandits","floor":26,"turns":5},{"damage":0,"enemies":"Shelled Parasite and Fungi","floor":29,"turns":5},{"damage":0,"enemies":"Cultist and Chosen","floor":31,"turns":6},{"damage":0,"enemies":"Centurion and Healer","floor":32,"turns":8},{"damage":0,"enemies":"Automaton","floor":35,"turns":8},{"damage":0,"enemies":"Orb Walker","floor":37,"turns":5},{"damage":1,"enemies":"3 Shapes","floor":39,"turns":5},{"damage":5,"enemies":"Transient","floor":40,"turns":5},{"damage":4,"enemies":"Sphere and 2 Shapes","floor":41,"turns":7},{"damage":0,"enemies":"R_Hoarder","floor":43,"turns":8},{"damage":0,"enemies":"Giant Head","floor":46,"turns":8},{"damage":0,"enemies":"3 Darklings","floor":47,"turns":3},{"damage":0,"enemies":"4 Shapes","floor":50,"turns":1},{"damage":13,"enemies":"Donu and Deca","floor":52,"turns":9},{"damage":0,"enemies":"Shield and Spear","floor":56,"turns":5},{"damage":1,"enemies":"The Heart","floor":57,"turns":5}],"seed_played":"7975809845642420408","potions_obtained":[{"floor":1,"key":"Strength Potion"},{"floor":2,"key":"Ancient Potion"},{"floor":14,"key":"SneckoOil"},{"floor":16,"key":"Strength Potion"},{"floor":25,"key":"hexamod:EctoCoolerPotion"},{"floor":29,"key":"Slimebound:ThreeZeroPotion"},{"floor":39,"key":"LiquidMemories"},{"floor":41,"key":"CultistPotion"}],"is_trial":false,"path_per_floor":["M","M","?","?","$","E","R","E","T","R","E","M","R","M","R","B",null,"M","$","PTL","PTL","M","?","M","E","?","R","T","M","?","M","M","$","R","B",null,"M","?","M","M","M","R","E","?","T","E","M","R","$","M","R","B",null,"R","$","E","B",null],"character_chosen":"RUNESMITH_CLASS","items_purchased":["Membership Card","Runesmith:LithiumIon","ReplayTheSpireMod:CursedCoin","expansioncontent:DefensiveStance","Bag of Preparation","Runesmith:CraftMagma","BargainBundle","Apotheosis","Runesmith:Firestorm+1","War Paint","Pen Nib","Bag of Marbles","Toolbox","expansioncontent:QuickStudy+1","Runesmith:UnlimitedPower","HandDrill","Runesmith:PoweredAnvil+1","Sling","PowerPotion"],"campfire_rested":0,"item_purchase_floors":[5,5,19,19,19,19,33,33,33,33,49,49,49,49,49,49,55,55,55],"current_hp_per_floor":[70,64,53,53,53,50,50,34,34,34,32,32,32,32,32,32,70,68,68,68,68,55,48,48,48,48,48,48,48,48,48,48,48,48,48,70,70,61,60,55,51,51,51,51,51,51,51,51,51,51,51,38,70,70,70,70,69],"gold":101,"neow_bonus":"RANDOM_COMMON_RELIC","is_daily":false,"chose_seed":false,"campfire_upgraded":9,"win_rate":0.0,"timestamp":1609894125,"path_taken":["M","M","?","?","$","E","R","E","T","R","E","M","R","M","R","BOSS","M","$","PTL","PTL","M","?","M","E","?","R","T","M","?","?","M","$","R","BOSS","M","?","M","M","M","R","E","?","T","E","?","R","?","M","R","BOSS","R","$","E","BOSS"],"items_purchased_type":["Relic","Card","Relic","Card","Relic","Card","Relic","Card","Card","Relic","Relic","Relic","Relic","Card","Card","Relic","Card","Relic","Potion"],"build_version":"2020-12-22","purchased_purges":2,"victory":true,"max_hp_per_floor":[70,70,70,70,70,70,70,70,70,70,70,70,70,70,70,70,70,70,70,70,70,70,70,70,70,70,70,70,70,70,70,70,70,70,70,70,70,70,70,70,70,70,70,70,70,70,70,70,70,70,70,70,70,70,70,70,70],"card_choices":[{"not_picked":["Runesmith:Augment","Runesmith:StaticCage"],"picked":"Runesmith:GoWithTheFlow","floor":1},{"not_picked":["Runesmith:ElementalConversion","Runesmith:Overpower"],"picked":"Runesmith:Attraction","floor":2},{"not_picked":["Runesmith:BackupBattery","Runesmith:CraftProtectio"],"picked":"Runesmith:PoweredAnvil","floor":6},{"not_picked":["Runesmith:ElementalConversion","Runesmith:HeatedChisel","Runesmith:MakeshiftArmor"],"picked":"SKIP","floor":8},{"not_picked":["Runesmith:HammerThrow","Runesmith:GoWithTheFlow","Runesmith:UnstableHammer"],"picked":"SKIP","floor":11},{"not_picked":["Runesmith:BackupBattery","Runesmith:CraftSpiculum"],"picked":"Runesmith:DoubleUp","floor":12},{"not_picked":["Runesmith:MakeshiftArmor","Runesmith:WhiteBalance","Runesmith:EarthShield"],"picked":"SKIP","floor":14},{"not_picked":["Runesmith:FissionHammer","Runesmith:GrandSlam"],"picked":"Runesmith:CraftPrismatica","floor":16},{"not_picked":["Runesmith:ChiselStab","Runesmith:NegativeSpace"],"picked":"Runesmith:Permafrost","floor":18},{"not_picked":["Runesmith:HammerTime","Runesmith:HeatedChisel+1"],"picked":"Runesmith:BackupBattery","floor":22},{"not_picked":["Runesmith:FieryHammer","Runesmith:NanitesCloud"],"picked":"Runesmith:PoweredAnvil","floor":24},{"not_picked":["Runesmith:HammerThrow","Runesmith:DoubleUp"],"picked":"Runesmith:Supernova","floor":25},{"not_picked":["Runesmith:NegativeSpace","Runesmith:CraftReservo"],"picked":"Runesmith:EnergizedChisel","floor":26},{"not_picked":["Runesmith:CraftSpiculum","Runesmith:Grindstone+1"],"picked":"Runesmith:CraftObretio","floor":29},{"not_picked":["Runesmith:ShiftingStrike+1","Runesmith:Repurpose"],"picked":"Runesmith:CraftSpiculum+1","floor":31},{"not_picked":["Runesmith:CraftIndustria","Runesmith:Discharge"],"picked":"Runesmith:Firewall+1","floor":32},{"not_picked":["Runesmith:LightningRod","Runesmith:ReplicatingBarrier"],"picked":"Runesmith:DuctTape","floor":35},{"not_picked":["Runesmith:MakeshiftArmor","Runesmith:CraftIncendium+1","Runesmith:RuneHurl+1"],"picked":"SKIP","floor":37},{"not_picked":["Runesmith:HeatExchange","Runesmith:UnstableHammer+1","Runesmith:ShiftingStrike"],"picked":"SKIP","floor":39},{"not_picked":["Runesmith:Accelerate+1","Runesmith:RuneHurl+1"],"picked":"Runesmith:OneForEveryone","floor":40},{"not_picked":["Runesmith:ShiftingStrike","Runesmith:HammerThrow","Runesmith:CraftProtectio+1"],"picked":"SKIP","floor":41},{"not_picked":["Runesmith:NegativeSpace+1","Runesmith:MakeshiftArmor+1"],"picked":"Runesmith:GrandSlam","floor":43},{"not_picked":["Runesmith:CraftIncendium+1","Runesmith:Refine+1"],"picked":"Runesmith:FrozenChisel+1","floor":46},{"not_picked":["Runesmith:RuneHurl+1","Runesmith:UnstableHammer+1","Runesmith:Discharge+1"],"picked":"SKIP","floor":47},{"not_picked":["Runesmith:Discharge+1","Runesmith:EnergizedChisel+1"],"picked":"Runesmith:Grindstone+1","floor":50},{"not_picked":["Runesmith:ShiftingStrike","Runesmith:PerfectChisel+1"],"picked":"Runesmith:FrozenChisel+1","floor":56}],"player_experience":2162226,"relics_obtained":[{"floor":6,"key":"Mummified Hand"},{"floor":8,"key":"Replay:Rubber Ducky"},{"floor":9,"key":"Replay:Bandana"},{"floor":11,"key":"Replay:Mystery Machine"},{"floor":25,"key":"ReplayTheSpireMod:Shallot"},{"floor":26,"key":"Red Mask"},{"floor":43,"key":"ReplayTheSpireMod:Lightbulb"},{"floor":45,"key":"Replay:Accelerometer"},{"floor":46,"key":"Blue Doll"},{"floor":56,"key":"Runesmith:MiniCore"}],"event_choices":[{"damage_healed":0,"gold_gain":75,"player_choice":"Gold","damage_taken":11,"max_hp_gain":0,"max_hp_loss":0,"event_name":"betterThird:BetterGoop","floor":3,"gold_loss":0},{"damage_healed":0,"gold_gain":0,"player_choice":"Grow","damage_taken":0,"max_hp_gain":0,"max_hp_loss":0,"event_name":"Living Wall","floor":4,"gold_loss":0,"cards_upgraded":["Runesmith:Fortify"]},{"damage_healed":0,"gold_gain":0,"player_choice":"Anchor","damage_taken":0,"relics_obtained":["Anchor"],"max_hp_gain":0,"max_hp_loss":0,"event_name":"blackbeard:ShipwreckEvent","floor":23,"gold_loss":0},{"damage_healed":0,"gold_gain":0,"player_choice":"Fought Bandits","damage_taken":0,"max_hp_gain":0,"max_hp_loss":0,"event_name":"Masked Bandits","floor":26,"gold_loss":0},{"damage_healed":0,"gold_gain":100,"player_choice":"Bet on Murderer","damage_taken":0,"max_hp_gain":0,"max_hp_loss":0,"event_name":"The Joust","floor":30,"gold_loss":50},{"damage_healed":0,"gold_gain":0,"player_choice":"Embrace Madness","damage_taken":9,"max_hp_gain":0,"max_hp_loss":0,"event_name":"Winding Halls","floor":38,"gold_loss":0,"cards_obtained":["Madness","Madness"]},{"damage_healed":0,"gold_gain":0,"player_choice":"Forge","damage_taken":0,"max_hp_gain":0,"max_hp_loss":0,"event_name":"Accursed Blacksmith","floor":44,"gold_loss":0,"cards_upgraded":["Runesmith:OneForEveryone"]}],"is_beta":false,"boss_relics":[{"not_picked":["Sozu","Runic Pyramid"],"picked":"Replay:Bronze Core"},{"not_picked":["Replay:Fungal Core","Runic Dome"],"picked":"SacredBark"}],"items_purged_floors":[19,33],"is_endless":false,"potions_floor_spawned":[1,2,14,16,25,29,32,39,41,46,50,56],"ascension_level":1}}