{"host":"9d9dhukr2jywmy0f","time":1609922491,"event":{"mods":["2.2 Compatiblity","Alarm Clock","BaseMod","Bestiary","Block Reminder","Colored Map","Colored Powertips","Curses Come First","DeckTracker","Highlight Path","Infinite Spire","Key Reminder","Keyboard Shortcuts","Minty Spire (QoL Compilation)","MonsterHotkey","Quick Restart","Rare Cards Sparkle","Relic Sorter","Relic Stats","Spire Birthday Party","StSLib","SuperFastMode","Synergy Search","Unceasing Turn Reminder","Unknown Chances"],"gold_per_floor":[12,35,35,35,47,47,58,86,86,86,114,125,136,35,35,35,35],"floor_reached":16,"playtime":486,"items_purged":["Hyperbeam"],"score":220,"play_id":"2395a2e3-bcc0-4b18-acca-46103a128cd0","local_time":"20210106164131","is_ascension_mode":true,"campfire_choices":[{"data":"Zap","floor":6.0,"key":"SMITH"},{"data":"Recycle","floor":10.0,"key":"SMITH"},{"floor":15.0,"key":"REST"}],"circlet_count":0,"master_deck":["AscendersBane","Strike_B","Strike_B","Strike_B+1","Defend_B","Defend_B","Defend_B","Zap+1","Dualcast","Ball Lightning","Ball Lightning+1","Recycle+1","Core Surge","Turbo","Chill","Ball Lightning"],"relics":["Cracked Core","infinitespire:Freezer","Question Card","Whetstone","keyreminder:keyreminder","Pear"],"acts_visited":["Exordium"],"potions_floor_usage":[16,16],"damage_taken":[{"damage":1.0,"enemies":"Cultist","floor":1.0,"turns":3.0},{"damage":0.0,"enemies":"2 Louse","floor":5.0,"turns":2.0},{"damage":5.0,"enemies":"Jaw Worm","floor":7.0,"turns":2.0},{"damage":18.0,"enemies":"Lagavulin","floor":8.0,"turns":5.0},{"damage":14.0,"enemies":"Gremlin Nob","floor":11.0,"turns":3.0},{"damage":8.0,"enemies":"Gremlin Gang","floor":12.0,"turns":3.0},{"damage":0.0,"enemies":"2 Fungi Beasts","floor":13.0,"turns":1.0},{"damage":25,"enemies":"The Guardian","floor":16,"turns":9}],"seed_played":"2996268890812460602","potions_obtained":[{"floor":5.0,"key":"ColorlessPotion"},{"floor":12.0,"key":"GamblersBrew"},{"floor":13.0,"key":"Dexterity Potion"}],"is_trial":false,"path_per_floor":["M","T","?","?","M","R","M","E","T","R","E","M","M","$","R","B"],"character_chosen":"DEFECT","items_purchased":["Ball Lightning"],"campfire_rested":1,"item_purchase_floors":[14],"current_hp_per_floor":[63,63,45,45,45,45,40,22,22,22,18,10,10,10,34,9,9],"gold":35,"neow_bonus":"REMOVE_TWO","is_daily":false,"chose_seed":false,"campfire_upgraded":2,"win_rate":0.0,"timestamp":1609922491,"path_taken":["M","?","?","?","?","R","M","E","T","R","E","M","M","$","R","BOSS"],"items_purchased_type":["Card"],"build_version":"2020-11-30","purchased_purges":1,"victory":false,"max_hp_per_floor":[71,71,71,71,71,71,71,71,71,71,81,81,81,81,81,81,81],"relic_stats":{"counters":[8,28],"Whetstone":["Strike_B","Ball Lightning"],"Question Card":6,"obtain_stats":[{"keyreminder:keyreminder":9,"Pear":11,"Whetstone":8,"Cracked Core":0,"Question Card":3,"infinitespire:Freezer":2},{"keyreminder:keyreminder":4,"Pear":5,"Whetstone":4,"Cracked Core":0,"Question Card":1,"infinitespire:Freezer":1},{"keyreminder:keyreminder":12,"Pear":15,"Whetstone":12,"Cracked Core":0,"Question Card":3,"infinitespire:Freezer":3}]},"card_choices":[{"not_picked":["Sweeping Beam","Streamline"],"picked":"Ball Lightning","floor":1.0},{"not_picked":["Redo","Stack","Storm"],"picked":"Hyperbeam","floor":5.0},{"not_picked":["Chill","Go for the Eyes","Static Discharge"],"picked":"Ball Lightning","floor":7.0},{"not_picked":["Rip and Tear","Sweeping Beam","Heatsinks"],"picked":"Recycle","floor":8.0},{"not_picked":["Stack","Sweeping Beam","Rebound"],"picked":"Core Surge","floor":11.0},{"not_picked":["Go for the Eyes","Aggregate","Barrage"],"picked":"Turbo","floor":12.0},{"not_picked":["Cold Snap","Reinforced Body","Genetic Algorithm"],"picked":"Chill","floor":13.0}],"player_experience":786299,"relics_obtained":[{"floor":2.0,"key":"infinitespire:Freezer"},{"floor":8.0,"key":"Whetstone"},{"floor":11.0,"key":"Pear"}],"event_choices":[{"damage_healed":0.0,"max_hp_gain":0.0,"max_hp_loss":0.0,"gold_gain":0.0,"event_name":"Scrap Ooze","player_choice":"Success","floor":3.0,"gold_loss":0.0,"damage_taken":18.0,"relics_obtained":["Question Card"]},{"damage_healed":0.0,"max_hp_gain":0.0,"max_hp_loss":0.0,"gold_gain":0.0,"event_name":"Transmorgrifier","player_choice":"Ignored","floor":4.0,"gold_loss":0.0,"damage_taken":0.0}],"is_beta":false,"boss_relics":[],"items_purged_floors":[14],"is_endless":false,"potions_floor_spawned":[5,12,13],"killed_by":"The Guardian","ascension_level":20}}