{"host":"x52zk6e1f2bye2h7","time":1609934466,"event":{"mods":["AchievementEnabler","BaseMod","Highlight Path","Minty Spire (QoL Compilation)","everything is the same but u backflip on backflip"],"gold_per_floor":[110,122,47,47,47,47,80,80,80,100,134,134,134,158,158,158,158],"floor_reached":16,"playtime":897,"items_purged":["Strike_R"],"score":113,"play_id":"d956a945-69c0-4d5e-b785-1e3e8848be61","local_time":"20210106120106","is_ascension_mode":true,"campfire_choices":[{"data":"Bash","floor":6,"key":"SMITH"},{"data":"Evolve","floor":8,"key":"SMITH"},{"data":"Defend_R","floor":12,"key":"SMITH"},{"data":"Fire Breathing","floor":15,"key":"SMITH"}],"circlet_count":0,"master_deck":["Strike_R","Strike_R","Strike_R","Defend_R+1","Defend_R","Defend_R","Defend_R","Bash+1","Evolve+1","Pommel Strike","Fire Breathing+1","Wild Strike"],"relics":["Burning Blood","Golden Idol","TungstenRod","Nunchaku","Self Forming Clay"],"acts_visited":["Exordium"],"potions_floor_usage":[11],"damage_taken":[{"damage":6,"enemies":"Jaw Worm","floor":1,"turns":4},{"damage":6,"enemies":"Cultist","floor":2,"turns":3},{"damage":18,"enemies":"3 Sentries","floor":7,"turns":12},{"damage":9,"enemies":"Small Slimes","floor":10,"turns":4},{"damage":40,"enemies":"Lagavulin","floor":11,"turns":8},{"damage":1,"enemies":"Looter","floor":14,"turns":3},{"damage":7,"enemies":"Hexaghost","floor":16,"turns":9}],"seed_played":"4208135292470058405","potions_obtained":[{"floor":2,"key":"ElixirPotion"},{"floor":7,"key":"Energy Potion"},{"floor":11,"key":"LiquidMemories"}],"is_trial":false,"path_per_floor":["M","M","$","?","T","R","E","R","T","M","E","R","?","M","R","B"],"character_chosen":"IRONCLAD","items_purchased":[],"campfire_rested":0,"item_purchase_floors":[],"current_hp_per_floor":[80,80,80,60,60,60,48,48,48,45,11,11,2,7,7,0,0],"gold":158,"neow_bonus":"TRANSFORM_CARD","is_daily":false,"chose_seed":false,"campfire_upgraded":4,"win_rate":0.0,"timestamp":1609934466,"path_taken":["M","M","$","?","?","R","E","R","T","?","E","R","?","M","R","BOSS"],"items_purchased_type":[],"build_version":"2020-12-22","purchased_purges":1,"victory":false,"max_hp_per_floor":[80,80,80,80,80,80,80,80,80,80,80,80,80,80,80,80,80],"card_choices":[{"not_picked":["Clash","Body Slam"],"picked":"Pommel Strike","floor":1},{"not_picked":["Pummel","Heavy Blade","Twin Strike"],"picked":"SKIP","floor":2},{"not_picked":["Heavy Blade","Clash","Armaments"],"picked":"SKIP","floor":7},{"not_picked":["Shockwave","Warcry"],"picked":"Fire Breathing","floor":10},{"not_picked":["Rampage","Pommel Strike","Barricade"],"picked":"SKIP","floor":11},{"not_picked":["Flex","Bloodletting"],"picked":"Wild Strike","floor":14}],"player_experience":79860,"relics_obtained":[{"floor":5,"key":"TungstenRod"},{"floor":7,"key":"Nunchaku"},{"floor":11,"key":"Self Forming Clay"}],"event_choices":[{"damage_healed":0,"gold_gain":0,"player_choice":"Take Damage","damage_taken":20,"relics_obtained":["Golden Idol"],"max_hp_gain":0,"max_hp_loss":0,"event_name":"Golden Idol","floor":4,"gold_loss":0},{"damage_healed":0,"gold_gain":0,"player_choice":"Fled","damage_taken":12,"max_hp_gain":0,"max_hp_loss":0,"event_name":"Scrap Ooze","floor":13,"gold_loss":0}],"is_beta":false,"boss_relics":[],"items_purged_floors":[3],"is_endless":false,"potions_floor_spawned":[2,7,11],"killed_by":"Hexaghost","ascension_level":1}}