{"host":"vumwfieg2b2mnrfl","time":1609893906,"event":{"mods":["AchievementEnabler","BaseMod","Minty Spire (QoL Compilation)","Rare Cards Sparkle","Relic Stats"],"gold_per_floor":[116,46,46,64,84,117,42,67,67,67,67,82,82,82,82,206,206,221,136,157,157,157,190,190,226,226,226,325,325,202,220,220,318,318,333,384,384,384,384,384,384,418,469,497,497,547,581,75,75,75],"floor_reached":51,"playtime":1720,"items_purged":["Defend_P","Injury"],"score":994,"play_id":"0b346b74-6742-4194-915c-b0fddfb880d7","local_time":"20210105184506","is_ascension_mode":true,"campfire_choices":[{"data":"Eruption","floor":11.0,"key":"SMITH"},{"floor":13.0,"key":"REST"},{"data":"Alpha","floor":15.0,"key":"SMITH"},{"data":"Vault","floor":24.0,"key":"SMITH"},{"floor":27.0,"key":"REST"},{"floor":32.0,"key":"REST"},{"data":"Vault","floor":40.0,"key":"SMITH"},{"floor":49,"key":"REST"}],"circlet_count":0,"master_deck":["Strike_P","Strike_P","Defend_P","Defend_P+1","Defend_P","Eruption+1","Vigilance","DeceiveReality","FearNoEvil+1","Consecrate","DeusExMachina+1","FlurryOfBlows+1","Alpha+1","Vault+1","EmptyFist+1","Adaptation","MasterReality","Tantrum+1","Wireheading","LessonLearned","Vengeance+1","Vault+1","FlurryOfBlows+1","MentalFortress+1","FearNoEvil+1"],"relics":["PureWater","NeowsBlessing","Centennial Puzzle","Darkstone Periapt","Juzu Bracelet","Bloody Idol","Sozu","Pear","Spirit Poop","Vajra","Smiling Mask","Mummified Hand","Cursed Key","GoldenEye","The Courier","Anchor","Ancient Tea Set","Ginger","Whetstone","Happy Flower","InkBottle","Boot"],"acts_visited":["Exordium","TheCity","TheBeyond"],"potions_floor_usage":[50],"damage_taken":[{"damage":0.0,"enemies":"Cultist","floor":1.0,"turns":1.0},{"damage":0.0,"enemies":"Jaw Worm","floor":4.0,"turns":1.0},{"damage":0.0,"enemies":"2 Louse","floor":5.0,"turns":1.0},{"damage":21.0,"enemies":"Lagavulin","floor":6.0,"turns":5.0},{"damage":15.0,"enemies":"3 Sentries","floor":8.0,"turns":3.0},{"damage":18.0,"enemies":"Gremlin Gang","floor":12.0,"turns":6.0},{"damage":26.0,"enemies":"Slime Boss","floor":16.0,"turns":5.0},{"damage":0.0,"enemies":"Spheric Guardian","floor":18.0,"turns":4.0},{"damage":22.0,"enemies":"2 Thieves","floor":20.0,"turns":3.0},{"damage":13.0,"enemies":"Gremlin Leader","floor":23.0,"turns":5.0},{"damage":18.0,"enemies":"Slavers","floor":25.0,"turns":6.0},{"damage":12.0,"enemies":"Cultist and Chosen","floor":31.0,"turns":4.0},{"damage":40.0,"enemies":"Champ","floor":33.0,"turns":8.0},{"damage":9.0,"enemies":"3 Darklings","floor":35.0,"turns":4.0},{"damage":32.0,"enemies":"2 Orb Walkers","floor":36.0,"turns":4.0},{"damage":4,"enemies":"Giant Head","floor":42,"turns":6},{"damage":20,"enemies":"Nemesis","floor":44,"turns":7},{"damage":0,"enemies":"Mind Bloom Boss Battle","floor":46,"turns":5},{"damage":0,"enemies":"Giant Head","floor":47,"turns":6},{"damage":42,"enemies":"Donu and Deca","floor":50,"turns":5}],"seed_played":"-3238892108346894584","potions_obtained":[{"floor":4.0,"key":"PowerPotion"},{"floor":6.0,"key":"Ambrosia"},{"floor":8.0,"key":"Ambrosia"},{"floor":12.0,"key":"Swift Potion"}],"is_trial":false,"path_per_floor":["M","$","?","M","M","E","$","E","T","?","R","M","R","?","R","B",null,"M","?","M","?","?","E","R","E","T","R","?","?","$","M","R","B",null,"M","?","?","?","?","R","T","E","T","E","?","?","E","$","R","B",null],"character_chosen":"WATCHER","items_purchased":["FearNoEvil","Alpha","LessonLearned","Happy Flower","InkBottle","Boot"],"campfire_rested":4,"item_purchase_floors":[2,7,30,48,48,48],"current_hp_per_floor":[72,72,65,65,65,44,44,29,29,35,35,17,40,40,40,14,78,78,88,66,66,66,53,53,35,35,61,61,61,61,54,80,45,88,84,57,57,57,57,57,57,58,69,54,54,59,64,64,90,48],"gold":75,"neow_bonus":"THREE_ENEMY_KILL","is_daily":false,"chose_seed":false,"campfire_upgraded":4,"win_rate":0.0,"timestamp":1609893906,"path_taken":["M","$","?","M","M","E","?","E","T","?","R","M","R","?","R","BOSS","M","?","M","?","?","E","R","E","T","R","?","?","$","M","R","BOSS","M","?","?","?","?","R","?","E","T","E","?","?","E","?","R","BOSS"],"items_purchased_type":["Card","Card","Card","Relic","Relic","Relic"],"build_version":"2020-12-22","purchased_purges":2,"victory":true,"max_hp_per_floor":[72,72,72,72,72,72,72,72,72,78,78,78,78,78,78,78,78,78,88,88,88,88,88,88,88,88,88,88,88,88,88,88,88,88,88,88,88,88,84,84,84,84,90,90,90,90,90,90,90,90],"relic_stats":{"Darkstone Periapt":12,"Happy Flower":[1],"counters":[20,89],"Juzu Bracelet":4,"Ginger":[1],"Whetstone":["Tantrum","EmptyFist"],"Smiling Mask":55,"Cursed Key":1,"GoldenEye":[20],"Boot":[1],"Sozu":3,"Centennial Puzzle":[41],"Mummified Hand":[44],"Bloody Idol":45,"obtain_stats":[{"Darkstone Periapt":8,"Pear":19,"NeowsBlessing":0,"Happy Flower":48,"Golden Idol":10,"Spirit Poop":21,"Vajra":23,"The Courier":42,"Juzu Bracelet":9,"Ginger":46,"Whetstone":47,"Smiling Mask":25,"Cursed Key":34,"GoldenEye":36,"Ancient Tea Set":44,"Boot":48,"Sozu":17,"Centennial Puzzle":6,"Anchor":43,"Mummified Hand":26,"Bloody Idol":29,"PureWater":0,"InkBottle":48},{"Darkstone Periapt":5,"Pear":8,"NeowsBlessing":0,"Happy Flower":19,"Golden Idol":5,"Spirit Poop":9,"Vajra":10,"The Courier":16,"Juzu Bracelet":5,"Ginger":18,"Whetstone":19,"Smiling Mask":11,"Cursed Key":13,"GoldenEye":15,"Ancient Tea Set":17,"Boot":19,"Sozu":7,"Centennial Puzzle":4,"Anchor":16,"Mummified Hand":11,"Bloody Idol":11,"PureWater":0,"InkBottle":19},{"Darkstone Periapt":11,"Pear":26,"NeowsBlessing":0,"Happy Flower":84,"Golden Idol":11,"Spirit Poop":29,"Vajra":34,"The Courier":66,"Juzu Bracelet":11,"Ginger":78,"Whetstone":84,"Smiling Mask":40,"Cursed Key":52,"GoldenEye":60,"Ancient Tea Set":73,"Boot":84,"Sozu":22,"Centennial Puzzle":8,"Anchor":66,"Mummified Hand":40,"Bloody Idol":40,"PureWater":0,"InkBottle":84}],"InkBottle":[3]},"card_choices":[{"not_picked":["ClearTheMind","Protect"],"picked":"DeceiveReality","floor":1.0},{"not_picked":["CutThroughFate","Evaluate"],"picked":"Consecrate","floor":4.0},{"not_picked":["Consecrate","SashWhip"],"picked":"DeusExMachina","floor":5.0},{"not_picked":["Swivel","Protect"],"picked":"FlurryOfBlows","floor":6.0},{"not_picked":["SashWhip","Perseverance"],"picked":"Vault","floor":8.0},{"not_picked":["Weave","FlyingSleeves"],"picked":"EmptyFist","floor":12.0},{"not_picked":["Judgement","Establishment"],"picked":"MasterReality","floor":16.0},{"not_picked":["Worship","EmptyFist+1","Prostrate"],"picked":"SKIP","floor":18.0},{"not_picked":["Protect","EmptyMind"],"picked":"Tantrum","floor":20.0},{"not_picked":["JustLucky","Prostrate","BowlingBash"],"picked":"SKIP","floor":23.0},{"not_picked":["PathToVictory","JustLucky"],"picked":"Wireheading","floor":25.0},{"not_picked":["Worship+1","Sanctity"],"picked":"Vengeance+1","floor":31.0},{"not_picked":["LessonLearned","Scrawl"],"picked":"Vault","floor":33.0},{"not_picked":["Conclude","ThirdEye+1"],"picked":"FlurryOfBlows+1","floor":35.0},{"not_picked":["ThirdEye","Consecrate+1"],"picked":"MentalFortress+1","floor":36.0},{"not_picked":["Swivel","WindmillStrike+1"],"picked":"FearNoEvil","floor":42},{"not_picked":["Halt+1","FearNoEvil","Crescendo+1"],"picked":"SKIP","floor":44},{"not_picked":["Consecrate","JustLucky+1","Establishment"],"picked":"SKIP","floor":47}],"player_experience":376322,"relics_obtained":[{"floor":6.0,"key":"Centennial Puzzle"},{"floor":8.0,"key":"Darkstone Periapt"},{"floor":9.0,"key":"Juzu Bracelet"},{"floor":23.0,"key":"Vajra"},{"floor":25.0,"key":"Smiling Mask"},{"floor":26.0,"key":"Mummified Hand"},{"floor":36.0,"key":"GoldenEye"},{"floor":42,"key":"The Courier"},{"floor":43,"key":"Anchor"},{"floor":44,"key":"Ancient Tea Set"},{"floor":46,"key":"Ginger"},{"floor":47,"key":"Whetstone"}],"event_choices":[{"cards_removed":["Strike_P"],"damage_healed":0.0,"max_hp_gain":0.0,"max_hp_loss":0.0,"gold_gain":0.0,"event_name":"Golden Wing","player_choice":"Card Removal","floor":3.0,"gold_loss":0.0,"damage_taken":7.0},{"damage_healed":0.0,"max_hp_gain":0.0,"max_hp_loss":0.0,"gold_gain":0.0,"event_name":"Golden Idol","player_choice":"Take Wound","floor":10.0,"gold_loss":0.0,"damage_taken":0.0,"relics_obtained":["Golden Idol"],"cards_obtained":["Injury"]},{"damage_healed":0.0,"max_hp_gain":0.0,"max_hp_loss":0.0,"gold_gain":0.0,"event_name":"Match and Keep!","player_choice":"1 cards matched","floor":14.0,"gold_loss":0.0,"damage_taken":0.0,"cards_obtained":["Adaptation"]},{"damage_healed":0.0,"max_hp_gain":0.0,"max_hp_loss":0.0,"gold_gain":0.0,"event_name":"Addict","player_choice":"Obtained Relic","floor":19.0,"gold_loss":85.0,"damage_taken":0.0,"relics_obtained":["Pear"]},{"cards_removed":["Injury"],"damage_healed":0.0,"max_hp_gain":0.0,"max_hp_loss":0.0,"gold_gain":0.0,"event_name":"Bonfire Elementals","player_choice":"Offered Curse","floor":21.0,"gold_loss":0.0,"damage_taken":0.0,"relics_obtained":["Spirit Poop"]},{"damage_healed":0.0,"max_hp_gain":0.0,"max_hp_loss":0.0,"gold_gain":0.0,"event_name":"Cursed Tome","player_choice":"Ignored","floor":22.0,"gold_loss":0.0,"damage_taken":0.0},{"damage_healed":0.0,"max_hp_gain":0.0,"max_hp_loss":0.0,"gold_gain":99.0,"event_name":"Nest","player_choice":"Stole From Cult","floor":28.0,"gold_loss":0.0,"damage_taken":0.0},{"damage_healed":0.0,"max_hp_gain":0.0,"max_hp_loss":0.0,"gold_gain":0.0,"event_name":"Forgotten Altar","player_choice":"Gave Idol","floor":29.0,"relics_lost":["Golden Idol"],"gold_loss":0.0,"damage_taken":0.0,"relics_obtained":["Bloody Idol"]},{"damage_healed":0.0,"max_hp_gain":0.0,"max_hp_loss":0.0,"gold_gain":0.0,"event_name":"Mysterious Sphere","player_choice":"Fight","floor":36.0,"gold_loss":0.0,"damage_taken":0.0},{"damage_healed":0.0,"max_hp_gain":0.0,"max_hp_loss":0.0,"gold_gain":0.0,"event_name":"Upgrade Shrine","player_choice":"Upgraded","floor":37.0,"gold_loss":0.0,"damage_taken":0.0,"cards_upgraded":["FlurryOfBlows"]},{"cards_removed":["Strike_P"],"damage_healed":0.0,"max_hp_gain":0.0,"max_hp_loss":0.0,"gold_gain":0.0,"event_name":"Falling","player_choice":"Removed Attack","floor":38.0,"gold_loss":0.0,"damage_taken":0.0},{"damage_healed":0.0,"max_hp_gain":0.0,"max_hp_loss":4.0,"gold_gain":0.0,"event_name":"Winding Halls","player_choice":"Max HP","floor":39.0,"gold_loss":0.0,"damage_taken":0.0},{"damage_healed":0,"gold_gain":0,"player_choice":"Ignored","damage_taken":0,"max_hp_gain":0,"max_hp_loss":0,"event_name":"Tomb of Lord Red Mask","floor":45,"gold_loss":0},{"damage_healed":0,"gold_gain":0,"player_choice":"Fight","damage_taken":0,"max_hp_gain":0,"max_hp_loss":0,"event_name":"MindBloom","floor":46,"gold_loss":0}],"is_beta":false,"boss_relics":[{"not_picked":["Calling Bell","Astrolabe"],"picked":"Sozu"},{"not_picked":["Snecko Eye","SlaversCollar"],"picked":"Cursed Key"}],"items_purged_floors":[30,48],"is_endless":false,"potions_floor_spawned":[4,6,8,12,18,31,35],"ascension_level":4}}