{"host":"y2qjvfum100bh0ui","time":1609936102,"event":{"mods":["AchievementEnabler","BaseMod","Marked Mod","Minty Spire (QoL Compilation)","StSLib","Youmu£®ªÍ∆«—˝√Œ£©"],"gold_per_floor":[111,127,127,138,158,158,172,205,229,229,229,246,274,291,291,386,386,370,219,249,249,249,281,281,281,352,352,372,372,372,391,391,496,546,565,787,633,633,645,645,23,23,23,23,34,68,68,68,68,68],"floor_reached":51,"playtime":4108,"items_purged":[],"score":651,"play_id":"fbd86f58-c680-4b72-8a90-649b7e7f94a1","local_time":"20210106202819","is_ascension_mode":false,"campfire_choices":[{"data":"FourBirthsSword","floor":6,"key":"SMITH"},{"data":"SuddenPhantomFormationSlashOfKarmicWind","floor":10,"key":"SMITH"},{"floor":15,"key":"REST"},{"data":"HiganSword","floor":24,"key":"SMITH"},{"data":"LifeCuttingSword","floor":29,"key":"SMITH"},{"data":"CrescentMoonSlash","floor":32,"key":"SMITH"},{"data":"HiganSword","floor":40,"key":"SMITH"},{"data":"HumanGodSword","floor":42,"key":"SMITH"},{"data":"HumanRealmSword","floor":44,"key":"SMITH"},{"data":"StrangeHalfBody","floor":47,"key":"SMITH"},{"floor":49,"key":"REST"}],"circlet_count":0,"master_deck":["Strike_YM","Strike_YM","Strike_YM","Defend_YM","Defend_YM","Defend_YM","SlashOfPresentWorld","WheelOfPainOfLivingAndDead+1","FourBirthsSword+1","CherryBlossomFlashing","CrescentMoonSlash+1","SuddenPhantomFormationSlashOfKarmicWind+1","TwoHundredYojanaInOneSlash","LifeCuttingSword+1","HumanRealmSword+1","HumanGodSword+1","SlashOfSaigyouSpringWind+1","CurseOfTheBell","HiganSword+1","HellFireSword+1","SlashOfTheEternalFuture","GhostSword+1","Doubt","DispleasureOfTheSevenHakus+1","StrangeHalfBody+1","SpiritCuttingSword+1","HiganSword+1","TransmigrationSlash+1","FantasyOfEnteringEnlightenment+1"],"relics":["HalfPhantom","InkBottle","Vajra","Juzu Bracelet","Calling Bell","Bag of Preparation","FencingExperience","FossilizedHelix","Happy Flower","Red Mask","Regal Pillow","Pantograph","Toxic Egg 2","MutagenicStrength","Tiny House","War Paint","Bronze Scales","HandDrill","TungstenRod","Meat on the Bone","Orichalcum"],"acts_visited":["Exordium","TheCity","TheBeyond"],"potions_floor_usage":[8,8,13,16,31,33,35,46,46],"damage_taken":[{"damage":0,"enemies":"Small Slimes","floor":1,"turns":3},{"damage":0,"enemies":"Cultist","floor":2,"turns":4},{"damage":4,"enemies":"Jaw Worm","floor":4,"turns":4},{"damage":5,"enemies":"Large Slime","floor":5,"turns":7},{"damage":0,"enemies":"3 Louse","floor":7,"turns":3},{"damage":8,"enemies":"Lagavulin","floor":8,"turns":6},{"damage":16,"enemies":"Exordium Wildlife","floor":12,"turns":6},{"damage":17,"enemies":"3 Sentries","floor":13,"turns":6},{"damage":0,"enemies":"Large Slime","floor":14,"turns":6},{"damage":23,"enemies":"Hexaghost","floor":16,"turns":17},{"damage":10,"enemies":"2 Thieves","floor":18,"turns":4},{"damage":45,"enemies":"Masked Bandits","floor":20,"turns":6},{"damage":5,"enemies":"Book of Stabbing","floor":23,"turns":5},{"damage":4,"enemies":"3 Byrds","floor":28,"turns":5},{"damage":0,"enemies":"Centurion and Healer","floor":31,"turns":5},{"damage":13,"enemies":"Automaton","floor":33,"turns":8},{"damage":22,"enemies":"3 Shapes","floor":35,"turns":5},{"damage":0,"enemies":"Orb Walker","floor":39,"turns":3},{"damage":0,"enemies":"Jaw Worm Horde","floor":45,"turns":2},{"damage":29,"enemies":"Nemesis","floor":46,"turns":7},{"damage":35,"enemies":"Donu and Deca","floor":50,"turns":10}],"seed_played":"1334530528160419075","potions_obtained":[{"floor":1,"key":"ColorlessPotion"},{"floor":2,"key":"Explosive Potion"},{"floor":5,"key":"Weak Potion"},{"floor":13,"key":"AttackPotion"},{"floor":20,"key":"Block Potion"},{"floor":23,"key":"Dexterity Potion"},{"floor":31,"key":"GamblersBrew"},{"floor":33,"key":"Block Potion"},{"floor":34,"key":"Weak Potion"},{"floor":39,"key":"Block Potion"}],"is_trial":false,"path_per_floor":["M","M","?","M","M","R","M","E","T","R","?","M","E","M","R","B",null,"M","$","?","?","?","E","R","?","T","?","M","R","?","M","R","B",null,"M","?","$","?","M","R","$","R","T","R","M","E","R","?","R","B",null],"character_chosen":"YOUMU","items_purchased":["Happy Flower","War Paint","Bronze Scales","HandDrill","TungstenRod"],"campfire_rested":2,"item_purchase_floors":[19,37,41,41,41],"current_hp_per_floor":[82,82,82,78,73,73,73,65,65,65,58,42,25,25,49,26,82,72,72,27,54,45,40,40,40,40,40,36,36,36,36,36,48,87,65,65,65,65,65,65,65,65,65,65,65,48,48,48,87,52],"gold":68,"neow_bonus":"TEN_PERCENT_HP_BONUS","is_daily":false,"chose_seed":false,"campfire_upgraded":9,"win_rate":0.0,"timestamp":1609936099,"path_taken":["M","M","?","M","M","R","?","E","T","R","?","M","E","M","R","BOSS","M","$","?","?","?","E","R","?","T","?","M","R","?","M","R","BOSS","M","?","$","?","M","R","$","R","T","R","M","E","R","?","R","BOSS"],"items_purchased_type":["Relic","Relic","Relic","Relic","Relic"],"build_version":"2020-12-22","purchased_purges":0,"victory":true,"max_hp_per_floor":[82,82,82,82,82,82,82,82,82,82,82,82,82,82,82,82,82,82,82,82,82,82,82,82,82,82,82,82,82,82,82,82,82,87,87,87,87,87,87,87,87,87,87,87,87,87,87,87,87,87],"card_choices":[{"not_picked":["KarmicPunishmentOfTheIdleAndUnfocused","HellGodSword"],"picked":"FourBirthsSword","floor":1},{"not_picked":["TurningAngelCut","SpiritCuttingSword"],"picked":"ThreeKonsSevenHakus","floor":2},{"not_picked":["TwoHundredYojanaInOneSlash","DispleasureOfTheSevenHakus"],"picked":"CherryBlossomFlashing","floor":4},{"not_picked":["HesitationCuttingSword","FiveSignsOfTheDyingDeva"],"picked":"CrescentMoonSlash","floor":5},{"not_picked":["SpiderLilyBurial","CrescentMoonSlash"],"picked":"SuddenPhantomFormationSlashOfKarmicWind","floor":7},{"not_picked":["SpiritMediumsBind","CherryBlossomFlashing"],"picked":"TwoHundredYojanaInOneSlash","floor":8},{"not_picked":["DeadlyForm","CherryBlossomFlashing"],"picked":"LifeCuttingSword","floor":12},{"not_picked":["LotusPostureSlash","HumanGodSword"],"picked":"HumanRealmSword","floor":13},{"not_picked":["DispleasureOfTheSevenHakus","ThreeKonsSevenHakus"],"picked":"HumanGodSword","floor":14},{"not_picked":["IrresoluteSoul","VoidnessSword"],"picked":"SlashOfSaigyouSpringWind","floor":16},{"not_picked":["HumanKnowledgeSword+1","PreachingAvici"],"picked":"HiganSword","floor":18},{"not_picked":["SlashOfMeditation","ConstancyOfTheConventionalTruth"],"picked":"HellFireSword+1","floor":20},{"not_picked":["PhosphoricSlash","TurningAngelCut+1"],"picked":"SlashOfTheEternalFuture","floor":23},{"not_picked":["SpiritCuttingSword+1","ThreeKonsSevenHakus+1"],"picked":"GhostSword+1","floor":28},{"not_picked":["TwoHundredYojanaInOneSlash+1","RapidSlash"],"picked":"DispleasureOfTheSevenHakus+1","floor":31},{"not_picked":["AsuraSword","IrresoluteSoul"],"picked":"StrangeHalfBody","floor":33},{"not_picked":["HumanGodSword","CrescentMoonSlash+1"],"picked":"SpiritCuttingSword+1","floor":35},{"not_picked":["CrescentMoonSlash","SlashOfAscensionToBuddhahood"],"picked":"HiganSword","floor":39},{"not_picked":["HiganSword+1","HumanKnowledgeSword"],"picked":"TransmigrationSlash+1","floor":45},{"not_picked":["FlashingScatteredFlowers","CrescentMoonSlash"],"picked":"FantasyOfEnteringEnlightenment+1","floor":46}],"player_experience":11489,"relics_obtained":[{"floor":8,"key":"InkBottle"},{"floor":9,"key":"Vajra"},{"floor":13,"key":"Juzu Bracelet"},{"floor":17,"key":"Bag of Preparation"},{"floor":17,"key":"FencingExperience"},{"floor":17,"key":"FossilizedHelix"},{"floor":20,"key":"Red Mask"},{"floor":23,"key":"Regal Pillow"},{"floor":26,"key":"Toxic Egg 2"},{"floor":43,"key":"Meat on the Bone"},{"floor":46,"key":"Orichalcum"}],"event_choices":[{"cards_removed":["Defend_YM"],"damage_healed":0,"gold_gain":0,"player_choice":"Purged","damage_taken":0,"max_hp_gain":0,"max_hp_loss":0,"event_name":"Purifier","floor":3,"gold_loss":0},{"cards_removed":["Strike_YM"],"damage_healed":0,"gold_gain":0,"player_choice":"Card Removal","damage_taken":7,"max_hp_gain":0,"max_hp_loss":0,"event_name":"Golden Wing","floor":11,"gold_loss":0},{"damage_healed":0,"gold_gain":0,"player_choice":"Fought Bandits","damage_taken":0,"max_hp_gain":0,"max_hp_loss":0,"event_name":"Masked Bandits","floor":20,"gold_loss":0},{"damage_healed":27,"gold_gain":0,"player_choice":"Heal","damage_taken":0,"max_hp_gain":0,"max_hp_loss":0,"event_name":"The Library","floor":21,"gold_loss":0},{"damage_healed":0,"gold_gain":0,"player_choice":"Stopped","damage_taken":9,"max_hp_gain":0,"max_hp_loss":0,"event_name":"Cursed Tome","floor":22,"gold_loss":0},{"damage_healed":0,"gold_gain":0,"player_choice":"Opened","damage_taken":0,"relics_obtained":["Pantograph"],"max_hp_gain":0,"max_hp_loss":0,"event_name":"The Mausoleum","floor":25,"gold_loss":0,"cards_obtained":["Writhe"]},{"damage_healed":0,"gold_gain":0,"player_choice":"Inject Mutagens","damage_taken":0,"relics_obtained":["MutagenicStrength"],"max_hp_gain":0,"max_hp_loss":0,"event_name":"Drug Dealer","floor":27,"gold_loss":0},{"damage_healed":0,"gold_gain":0,"cards_transformed":["Writhe"],"player_choice":"Transformed","damage_taken":0,"max_hp_gain":0,"max_hp_loss":0,"event_name":"Transmorgrifier","floor":30,"gold_loss":0,"cards_obtained":["Doubt"]},{"damage_healed":0,"gold_gain":222,"player_choice":"Wore Mask","damage_taken":0,"max_hp_gain":0,"max_hp_loss":0,"event_name":"Tomb of Lord Red Mask","floor":36,"gold_loss":0},{"cards_removed":["ThreeKonsSevenHakus"],"damage_healed":0,"gold_gain":0,"player_choice":"Removed Skill","damage_taken":0,"max_hp_gain":0,"max_hp_loss":0,"event_name":"Falling","floor":38,"gold_loss":0},{"damage_healed":0,"gold_gain":0,"player_choice":"Memory 1","damage_taken":0,"max_hp_gain":0,"max_hp_loss":0,"event_name":"SensoryStone","floor":48,"gold_loss":0}],"is_beta":false,"boss_relics":[{"not_picked":["SacredBark","Runic Dome"],"picked":"Calling Bell"},{"not_picked":["Empty Cage","Runic Pyramid"],"picked":"Tiny House"}],"items_purged_floors":[],"is_endless":false,"potions_floor_spawned":[1,2,5,13,20,23,31,33,39,45],"ascension_level":0}}