{"host":"cv77zuuuekizn3ic","time":1609934231,"event":{"mods":["AchievementEnabler","BaseMod","Marisa£®ÏF”Í°°ƒß¿Ì…≥£©","Minty Spire (QoL Compilation)","StSLib","Waifu the Spire","everything is the same but u backflip on backflip","slay the spire mod where everything is the same but ironclad has a cowboy hat"],"gold_per_floor":[115,115,115,29,41,41,73,84,166,54,84,84,9,34,34,111,111,128,178,192,92,92,92,112,146,173,173,185,185,19,38,38,38,38],"floor_reached":33,"playtime":1528,"items_purged":["Strike_R","Strike_R","Cleave"],"score":662,"play_id":"10989f7d-35db-48b4-b399-0a2eea7c7045","local_time":"20210106195711","is_ascension_mode":true,"campfire_choices":[{"data":"Fire Breathing","floor":6.0,"key":"SMITH"},{"floor":12.0,"key":"REST"},{"data":"Feed","floor":15.0,"key":"SMITH"},{"data":"True Grit","floor":23.0,"key":"SMITH"},{"data":"Offering","floor":32.0,"key":"SMITH"}],"circlet_count":0,"master_deck":["AscendersBane","Battle Trance","Twin Strike","Burning Pact+1","True Grit+1","Evolve","Fire Breathing+1","Shrug It Off+1","Flame Barrier","Feed+1","Offering+1","Rupture","Metallicize","Decay","Ghostly","Ghostly","Ghostly","Dark Embrace"],"relics":["Burning Blood","Akabeko","Pantograph","Kunai","Potion Belt","Empty Cage","Calipers","War Paint"],"acts_visited":["Exordium","TheCity"],"potions_floor_usage":[33,33,33,33],"damage_taken":[{"damage":9.0,"enemies":"2 Louse","floor":1.0,"turns":2.0},{"damage":5.0,"enemies":"Small Slimes","floor":5.0,"turns":4.0},{"damage":18.0,"enemies":"3 Sentries","floor":7.0,"turns":3.0},{"damage":0.0,"enemies":"Cultist","floor":8.0,"turns":3.0},{"damage":40.0,"enemies":"Lagavulin","floor":11.0,"turns":8.0},{"damage":12.0,"enemies":"3 Sentries","floor":14.0,"turns":3.0},{"damage":0.0,"enemies":"Slime Boss","floor":16.0,"turns":5.0},{"damage":6.0,"enemies":"3 Byrds","floor":18.0,"turns":2.0},{"damage":9.0,"enemies":"Chosen","floor":20.0,"turns":5.0},{"damage":31.0,"enemies":"Shelled Parasite and Fungi","floor":24.0,"turns":11.0},{"damage":23.0,"enemies":"Slavers","floor":25.0,"turns":3.0},{"damage":6.0,"enemies":"Chosen and Byrds","floor":28.0,"turns":3.0},{"damage":11.0,"enemies":"Cultist and Chosen","floor":31.0,"turns":4.0},{"damage":61,"enemies":"Collector","floor":33,"turns":9}],"seed_played":"-7948661440364427455","potions_obtained":[{"floor":1.0,"key":"ElixirPotion"},{"floor":5.0,"key":"SteroidPotion"},{"floor":16.0,"key":"SpeedPotion"},{"floor":18.0,"key":"BlessingOfTheForge"},{"floor":20.0,"key":"Explosive Potion"},{"floor":25.0,"key":"EntropicBrew"},{"floor":31.0,"key":"Explosive Potion"}],"is_trial":false,"path_per_floor":["M","?","?","$","M","R","E","M","T","$","E","R","?","E","R","B",null,"M","?","M","$","?","R","M","E","T","?","M","?","$","M","R","B"],"character_chosen":"IRONCLAD","items_purchased":["Evolve","Flame Barrier","Dark Embrace"],"campfire_rested":1,"item_purchase_floors":[4,10,30],"current_hp_per_floor":[47,47,47,47,48,48,36,42,42,42,8,30,30,24,24,59,74,74,74,75,75,75,75,54,41,41,41,45,45,45,44,44,0,0],"gold":38,"neow_bonus":"TRANSFORM_TWO_CARDS","is_daily":false,"chose_seed":false,"campfire_upgraded":4,"win_rate":0.0,"timestamp":1609934231,"path_taken":["M","?","?","$","M","R","E","M","T","$","E","R","?","E","R","BOSS","M","?","M","$","?","R","M","E","T","?","M","?","?","?","R","BOSS"],"items_purchased_type":["Card","Card","Card"],"build_version":"2020-12-22","purchased_purges":3,"victory":false,"max_hp_per_floor":[75,75,75,75,75,75,75,75,75,75,75,75,75,75,75,79,79,79,79,83,83,83,83,87,91,91,91,95,47,47,51,51,51,51],"card_choices":[{"not_picked":["Feel No Pain","Anger"],"picked":"Burning Pact","floor":1.0},{"not_picked":["Infernal Blade","Iron Wave"],"picked":"Fire Breathing","floor":5.0},{"not_picked":["Juggernaut","Havoc"],"picked":"Cleave","floor":7.0},{"not_picked":["Flex","True Grit"],"picked":"Shrug It Off","floor":8.0},{"not_picked":["Armaments","Battle Trance","Thunderclap"],"picked":"SKIP","floor":11.0},{"not_picked":["Clash","Rage"],"picked":"Feed","floor":14.0},{"not_picked":["Juggernaut","Limit Break"],"picked":"Offering","floor":16.0},{"not_picked":["True Grit","Cleave","Flex"],"picked":"SKIP","floor":18.0},{"not_picked":["Battle Trance","Perfected Strike+1","Flame Barrier"],"picked":"SKIP","floor":20.0},{"not_picked":["Clothesline","Rampage+1","Warcry+1"],"picked":"SKIP","floor":24.0},{"not_picked":["Cleave","Hemokinesis+1","Pummel"],"picked":"SKIP","floor":25.0},{"not_picked":["True Grit","Anger+1","Blood for Blood"],"picked":"SKIP","floor":28.0},{"not_picked":["Thunderclap","Demon Form","Heavy Blade"],"picked":"SKIP","floor":31.0}],"player_experience":760614,"relics_obtained":[{"floor":7.0,"key":"Akabeko"},{"floor":9.0,"key":"Pantograph"},{"floor":11.0,"key":"Kunai"},{"floor":14.0,"key":"Potion Belt"},{"floor":25.0,"key":"Calipers"},{"floor":26.0,"key":"War Paint"}],"event_choices":[{"damage_healed":0.0,"max_hp_gain":0.0,"max_hp_loss":0.0,"gold_gain":0.0,"event_name":"Scrap Ooze","player_choice":"Fled","floor":2.0,"gold_loss":0.0,"damage_taken":0.0},{"damage_healed":0.0,"max_hp_gain":0.0,"max_hp_loss":0.0,"gold_gain":0.0,"cards_transformed":["Defend_R"],"event_name":"Living Wall","player_choice":"Change","floor":3.0,"gold_loss":0.0,"damage_taken":0.0,"cards_obtained":["True Grit"]},{"cards_removed":["Defend_R"],"damage_healed":0.0,"max_hp_gain":0.0,"max_hp_loss":0.0,"gold_gain":0.0,"event_name":"The Cleric","player_choice":"Card Removal","floor":13.0,"gold_loss":75.0,"damage_taken":0.0},{"damage_healed":0.0,"max_hp_gain":0.0,"max_hp_loss":0.0,"gold_gain":50.0,"event_name":"Nest","player_choice":"Stole From Cult","floor":19.0,"gold_loss":0.0,"damage_taken":0.0},{"damage_healed":0.0,"max_hp_gain":0.0,"max_hp_loss":0.0,"gold_gain":0.0,"cards_transformed":["Bash","Strike_R"],"event_name":"Drug Dealer","player_choice":"Became Test Subject","floor":22.0,"gold_loss":0.0,"damage_taken":0.0,"cards_obtained":["Rupture","Metallicize"]},{"damage_healed":0.0,"max_hp_gain":0.0,"max_hp_loss":0.0,"gold_gain":0.0,"event_name":"Forgotten Altar","player_choice":"Smashed Altar","floor":27.0,"gold_loss":0.0,"damage_taken":0.0,"cards_obtained":["Decay"]},{"damage_healed":0.0,"max_hp_gain":0.0,"max_hp_loss":48.0,"gold_gain":0.0,"event_name":"Ghosts","player_choice":"Became a Ghost","floor":29.0,"gold_loss":0.0,"damage_taken":0.0,"cards_obtained":["Ghostly","Ghostly","Ghostly"]}],"is_beta":false,"boss_relics":[{"not_picked":["Runic Pyramid","Runic Dome"],"picked":"Empty Cage"}],"items_purged_floors":[10,21,30],"is_endless":false,"potions_floor_spawned":[1,5,8,16,18,20,25,31],"killed_by":"Collector","ascension_level":20}}