{"host":"0c61l48zxvai1g68","time":1609908397,"event":{"mods":["2.2 Compatiblity","Act Like it!","Arknights The Spire","BaseMod","Challenge The Spire","Hallownest","HololiveMod","KinomotoSakuraMod(木之本樱)","KomeijiMod","Luminous","Minty Spire (QoL Compilation)","MostiFishMod","Prisma Mod","Quick Restart","Replay The Spire","RumiaBox-露米娅的神秘盒子","StSLib","The Alterego","The Animator","TheSwordswoman","UnlockEverythingMod","Waifu the Spire","WarShipGirlsR/战舰少女R mod","Yakumo Yukari mod","【功能Mod】混沌之环修复补丁","【遗物卡牌】REMEMod"],"gold_per_floor":[112,129,140,140,157,157,157,191,216,206,206,206,231,244,244,342,342,352,127,127,142,142,142,173,185,185,195,195,215,248,260,260,357,357,371,371,371,122,141,172,172,183,210,210,210],"floor_reached":44,"playtime":2124,"items_purged":["Delirium"],"score":538,"play_id":"5d3fa383-ff99-42b7-9239-23cfdd71bf8f","local_time":"20210106124637","is_ascension_mode":false,"campfire_choices":[{"floor":6,"key":"REST"},{"floor":11,"key":"REST"},{"floor":15,"key":"REST"},{"data":"ats:Closed Bolt Burst Fire","floor":28,"key":"SMITH"},{"floor":32,"key":"RECALL"},{"data":"Enlightenment","floor":41,"key":"SMITH"}],"circlet_count":0,"master_deck":["ats:Strike G","ats:Strike S","ats:Strike V","ats:Armor Crushing Shot","ats:Defend","ats:Defend","ats:Emotion Absorption","PrismaMod:IllyaInstallShielder","ats:Explosion Area Strengthen","ats:Encircling Forest","ats:Curse Doll","ats:Consecutive Shot Auto","ats:Rat Pack+1","ats:Childhood Dance","ats:Ignite","ats:Consecutive Shot Auto","ats:Poison Spread","ats:Calcification+1","ats:Curse Doll+1","ats:Calcification+1","ats:Defend Order","ats:Cat Scratch","ats:Apocalypse","ats:Closed Bolt Burst Fire+1","ats:Sunburst","ats:Poison Spread","ats:Flame Of Heaven","ats:Cat Scratch","ats:Poison Spread+1","ats:Volcano+1","ats:Leaping Hammer+1","Enlightenment+1","ats:Part Time Job","ats:Poison Spread+1","ats:Very Hot Blade"],"relics":["ats:Sanity","DaveBox","REME_ComplimentaryCards","NeowsBlessing","BrkXgEgg","SynthV:TestCard","ReplayTheSpireMod:Ring of Exchange","ReplayTheSpireMod:Ring of Challenge","ats:Originium","Blue Candle","Simple Rune","Eternal Feather","BirthdayGift-Icosahedron","alterego_mod:SomeoneToFightFor","ats:Military Tradition","Art of War","RhineFirstAidKit","Bottled Flame","Oddly Smooth Stone","Replay:Rubber Ducky"],"acts_visited":["Exordium","TheCity","TheBeyond"],"potions_floor_usage":[],"damage_taken":[{"damage":0,"enemies":"Small Slimes","floor":1,"turns":1},{"damage":0,"enemies":"2 Louse","floor":2,"turns":1},{"damage":0,"enemies":"Cultist","floor":3,"turns":1},{"damage":18,"enemies":"Blue Slaver","floor":5,"turns":5},{"damage":10,"enemies":"3 Sentries","floor":8,"turns":13},{"damage":22,"enemies":"Lagavulin","floor":13,"turns":9},{"damage":23,"enemies":"Exordium Wildlife","floor":14,"turns":7},{"damage":22,"enemies":"The Guardian","floor":16,"turns":18},{"damage":5,"enemies":"Chosen","floor":18,"turns":4},{"damage":21,"enemies":"2 Thieves","floor":21,"turns":4},{"damage":6,"enemies":"REME_1_Revenger","floor":24,"turns":8},{"damage":0,"enemies":"Snake Plant","floor":25,"turns":6},{"damage":0,"enemies":"3 Cultists","floor":27,"turns":3},{"damage":0,"enemies":"Cultist and Chosen","floor":29,"turns":6},{"damage":26,"enemies":"Slavers","floor":30,"turns":3},{"damage":25,"enemies":"Snake Plant","floor":31,"turns":2},{"damage":67,"enemies":"Automaton","floor":33,"turns":8},{"damage":20,"enemies":"3 Darklings","floor":35,"turns":4},{"damage":11,"enemies":"3 Shapes","floor":39,"turns":4},{"damage":9,"enemies":"Reptomancer","floor":40,"turns":5},{"damage":0,"enemies":"Maw","floor":42,"turns":9},{"damage":0,"enemies":"4 Shapes","floor":44,"turns":1}],"seed_played":"-6604770211995084191","potions_obtained":[{"floor":2,"key":"ColorlessPotion"},{"floor":3,"key":"SpeedPotion"},{"floor":5,"key":"DistilledChaos"},{"floor":13,"key":"DistilledChaos"},{"floor":24,"key":"BlessingOfTheForge"},{"floor":31,"key":"Elixir"}],"is_trial":false,"path_per_floor":["M","M","M","?","M","R","?","E","T","?","R","?","E","M","R","B",null,"M","$","?","M","?","?","E","M","T","M","R","M","E","M","R","B",null,"M","?","?","$","M","E","R","M","T","M"],"character_chosen":"DOCTOR_CLASS","items_purchased":["ats:Calcification+1","Bottled Flame"],"campfire_rested":3,"item_purchase_floors":[19,38],"current_hp_per_floor":[72,72,72,72,59,72,72,62,62,62,72,72,55,37,70,50,72,69,69,69,62,62,62,72,72,72,72,72,72,72,48,63,37,72,72,72,69,69,70,72,72,72,72,72,72],"gold":210,"neow_bonus":"THREE_ENEMY_KILL","is_daily":false,"chose_seed":false,"campfire_upgraded":2,"win_rate":0.0,"timestamp":1609908397,"path_taken":["M","M","M","?","M","R","?","E","T","?","R","?","E","?","R","BOSS","M","$","?","M","?","?","E","M","T","M","R","M","E","?","R","BOSS","M","?","?","$","M","E","R","M","T","M"],"items_purchased_type":["Card","Relic"],"build_version":"2020-12-22","purchased_purges":1,"victory":false,"max_hp_per_floor":[72,72,72,72,72,72,72,72,72,72,72,72,72,72,72,72,72,72,72,72,72,72,72,72,72,72,72,72,72,72,72,72,72,72,72,72,72,72,72,72,72,72,72,72,72],"card_choices":[{"not_picked":["ats:Burning Ground","ats:Apocalypse"],"picked":"ats:Explosion Area Strengthen","floor":1},{"not_picked":["ats:Revitalization","ats:Apocalypse","ats:Chain Hook","ats:Collapsing Strike"],"picked":"ats:Encircling Forest","floor":2},{"not_picked":["ats:Powerful Strike","ats:Magnetic Hammer","ats:Leaping Hammer","ats:Beaten Up"],"picked":"ats:Curse Doll","floor":3},{"not_picked":["ats:Mental Burst","ats:Flexible Camouflage","ats:Encircling Forest","ats:Healing Strengthening"],"picked":"ats:Consecutive Shot Auto","floor":5},{"not_picked":["ats:Shell Defense","ats:Support Order","ats:Curse Doll","ats:Demon Strength"],"picked":"ats:Rat Pack+1","floor":8},{"not_picked":[],"picked":"ats:Childhood Dance","floor":10},{"not_picked":[],"picked":"ats:Ignite","floor":10},{"not_picked":["ats:Composite Medical Shells","ats:Flexible Camouflage","ats:Demon Strength","ats:Chain Hook"],"picked":"ats:Consecutive Shot Auto","floor":13},{"not_picked":["ats:Leaping Hammer","ats:Shell Defense","ats:Cat Scratch","ats:Demon Strength"],"picked":"ats:Poison Spread","floor":14},{"not_picked":["ats:Dogmatic Field+1","ats:True Silver Slash+1","ats:Ambush+1","ats:Rat Pack+1"],"picked":"ats:Calcification+1","floor":16},{"not_picked":["ats:Revitalization","ats:Shell Defense","ats:Ignite","ats:Consecutive Shot Auto"],"picked":"ats:Curse Doll+1","floor":18},{"not_picked":["ats:Flexible Camouflage","ats:Durian+1","ats:Hammer On+1","ats:Shadow Raid"],"picked":"ats:Apocalypse","floor":21},{"not_picked":["ats:Healing Strengthening+1","ats:Flexible Camouflage","ats:Apocalypse","ats:Thermite Blade"],"picked":"ats:Closed Bolt Burst Fire","floor":24},{"not_picked":["ats:Chain Hook","ats:Flame Of Heaven","ats:Soul Absorption","ats:Leaping Hammer"],"picked":"ats:Sunburst","floor":25},{"not_picked":["ats:Composite Medical Shells","ats:Consecutive Shot Auto","ats:Leaping Hammer","ats:Thorns"],"picked":"ats:Poison Spread","floor":27},{"not_picked":["ats:Mental Burst+1","ats:Poison Spread","ats:Sunburst","ats:Guardian Obelisk+1"],"picked":"ats:Flame Of Heaven","floor":29},{"not_picked":["ats:Consecutive Shot Auto","ats:Curse Doll","ats:Flexible Camouflage","ats:Powerful Strike"],"picked":"ats:Cat Scratch","floor":30},{"not_picked":["ats:Powerful Strike","ats:Cat Scratch+1","ats:Defend Order","ats:Apocalypse"],"picked":"ats:Poison Spread+1","floor":31},{"not_picked":["ats:Roar Of Ursus+1","ats:Ambush+1","ats:True Silver Slash+1","ats:Disruption Kick+1"],"picked":"ats:Volcano+1","floor":33},{"not_picked":["ats:Song Of Battle","ats:Cat Scratch+1","ats:Flexible Camouflage","ats:Assault Order"],"picked":"ats:Leaping Hammer+1","floor":35},{"not_picked":["Mayhem+1","Replay:Sssssssssshield","REME_FirmDetermination","Flash of Steel"],"picked":"Enlightenment","floor":36},{"not_picked":["ats:Soul Absorption","ats:Powerful Strike+1","ats:Assault Order","ats:Composite Medical Shells+1"],"picked":"ats:Part Time Job","floor":39},{"not_picked":["ats:Childhood Dance","ats:Shadow Raid+1","ats:Composite Medical Shells+1","ats:Echo Reverb+1"],"picked":"ats:Poison Spread+1","floor":40},{"not_picked":["ats:Shell Defense+1","ats:Collapsing Strike","ats:Hammer On+1","ats:Support Order"],"picked":"ats:Very Hot Blade","floor":42}],"player_experience":138677,"relics_obtained":[{"floor":1,"key":"SynthV:TestCard"},{"floor":4,"key":"ReplayTheSpireMod:Ring of Exchange"},{"floor":4,"key":"ReplayTheSpireMod:Ring of Challenge"},{"floor":8,"key":"ats:Originium"},{"floor":8,"key":"Blue Candle"},{"floor":9,"key":"Simple Rune"},{"floor":13,"key":"ats:Originium"},{"floor":13,"key":"Eternal Feather"},{"floor":24,"key":"ats:Originium"},{"floor":24,"key":"ats:Military Tradition"},{"floor":30,"key":"Art of War"},{"floor":40,"key":"Oddly Smooth Stone"},{"floor":43,"key":"Replay:Rubber Ducky"}],"event_choices":[{"damage_healed":0,"gold_gain":0,"player_choice":"Ignored","damage_taken":0,"max_hp_gain":0,"max_hp_loss":0,"event_name":"Golden Wing","floor":7,"gold_loss":0},{"damage_healed":0,"gold_gain":0,"player_choice":"Bought 0 Potions","damage_taken":0,"max_hp_gain":0,"max_hp_loss":0,"event_name":"The Woman in Blue","floor":12,"gold_loss":0},{"damage_healed":0,"gold_gain":0,"cards_transformed":["ats:Defend","ats:Defend"],"player_choice":"Became Test Subject","damage_taken":0,"max_hp_gain":0,"max_hp_loss":0,"event_name":"Drug Dealer","floor":20,"gold_loss":0,"cards_obtained":["ats:Defend Order","ats:Cat Scratch"]},{"damage_healed":0,"gold_gain":0,"player_choice":"Choice 2","damage_taken":0,"relics_obtained":["alterego_mod:SomeoneToFightFor"],"max_hp_gain":0,"max_hp_loss":0,"event_name":"爱的神圣花园","floor":22,"gold_loss":0},{"cards_removed":["ats:Strike C"],"damage_healed":0,"gold_gain":0,"player_choice":"Purged","damage_taken":0,"max_hp_gain":0,"max_hp_loss":0,"event_name":"Purifier","floor":23,"gold_loss":0},{"damage_healed":0,"gold_gain":0,"player_choice":"Memory 1","damage_taken":0,"max_hp_gain":0,"max_hp_loss":0,"event_name":"SensoryStone","floor":36,"gold_loss":0},{"damage_healed":0,"gold_gain":0,"player_choice":"Punched","damage_taken":3,"max_hp_gain":0,"max_hp_loss":0,"event_name":"Designer","floor":37,"gold_loss":0}],"is_beta":false,"boss_relics":[{"not_picked":["ChiLing","Kintsugi"],"picked":"BirthdayGift-Icosahedron"},{"not_picked":["TheAbacus","AddBug"],"picked":"RhineFirstAidKit"}],"items_purged_floors":[19],"is_endless":false,"potions_floor_spawned":[2,3,5,13,24,25,27,29,31,39,40],"killed_by":"4 Shapes","ascension_level":0}}