{"host":"sxnl403xm2xmiyj1","time":1609951018,"event":{"mods":["BaseMod","Colored Map","Keyboard Shortcuts","Lobotomy","Minty Spire (QoL Compilation)","Quick Restart","StSLib","SuperFastMode"],"gold_per_floor":[16,16,30,50,67,97,97,97,97,424,46,60,120,132,132,233,233,249,264,276,201,201,201,230,257,281,314,314,326,326,338,338,437,437,449,463,474,494,511,511,540,540,589,589,434,451,451,467,467,467],"floor_reached":51,"playtime":1786,"items_purged":["SpecialBullet","SpecialBullet"],"score":1046,"play_id":"d891dc49-2ac4-4f41-ab6c-dba7da7adb40","local_time":"20210107013658","is_ascension_mode":true,"campfire_choices":[],"circlet_count":0,"master_deck":["ApocalypseBird","PunishingBird","LongBird","BigBird","SpecialBullet","SpecialBullet","SpecialBullet","SpecialBullet","SpecialBullet","InformationCode","DisciplinaryCode","SecurityCode","Twilight+1","Bloodbath","RapturousDream","ShedSkin","UniverseFragment","BlackSwan_ego","FieryBird","Regret_ego","WallGazer","GoldRush","Ecstasy","DreamingCurrent","FourthMatchFlame","RedShoes","RecordCode","OSAHOGD","GoldRush","WristCuter+1","GoldRush","TrainingCode","GreenStem","ShedSkin+1","RedEyes","BlackSwan","Regret_ego+1","QueenOfHatred","BearPaw","CrumblingArmor","BlackSwan_ego+1","FourthMatchFlame","Murderer","WristCuter","OldLady","GoldRush","Soda","Panache","CherryBlossom+1"],"relics":["CogitoBucket","StrikeDummy","Thread and Needle","Old Coin","Membership Card","PreservedInsect","FleshIdol","Black Star","Twilight","WingedGreaves","Akabeko","Mango","Potion Belt","Whetstone","Ice Cream","Letter Opener","SacredBark","Nunchaku","Lantern"],"acts_visited":["Exordium","TheCity","TheBeyond"],"potions_floor_usage":[33,33,50,50,50,50],"damage_taken":[{"damage":5.0,"enemies":"Jaw Worm","floor":1.0,"turns":2.0},{"damage":5.0,"enemies":"Small Slimes","floor":3.0,"turns":3.0},{"damage":1.0,"enemies":"2 Louse","floor":4.0,"turns":2.0},{"damage":17.0,"enemies":"Blue Slaver","floor":5.0,"turns":4.0},{"damage":25.0,"enemies":"3 Sentries","floor":6.0,"turns":6.0},{"damage":14.0,"enemies":"Gremlin Nob","floor":10.0,"turns":5.0},{"damage":34.0,"enemies":"Large Slime","floor":12.0,"turns":6.0},{"damage":0.0,"enemies":"Lots of Slimes","floor":14.0,"turns":1.0},{"damage":26.0,"enemies":"The Guardian","floor":16.0,"turns":10.0},{"damage":16.0,"enemies":"Spheric Guardian","floor":18.0,"turns":4.0},{"damage":31.0,"enemies":"2 Thieves","floor":19.0,"turns":4.0},{"damage":35.0,"enemies":"Cultist and Chosen","floor":20.0,"turns":5.0},{"damage":142.0,"enemies":"Centurion and Healer","floor":22.0,"turns":11.0},{"damage":0.0,"enemies":"Slavers","floor":24.0,"turns":2.0},{"damage":5.0,"enemies":"Gremlin Leader","floor":25.0,"turns":4.0},{"damage":19.0,"enemies":"Slavers","floor":27.0,"turns":2.0},{"damage":200.0,"enemies":"Centurion and Healer","floor":29.0,"turns":8.0},{"damage":3,"enemies":"Snecko","floor":31,"turns":2},{"damage":47,"enemies":"Champ","floor":33,"turns":4},{"damage":0,"enemies":"Orb Walker","floor":35,"turns":1},{"damage":6,"enemies":"3 Darklings","floor":36,"turns":3},{"damage":42,"enemies":"Maw","floor":37,"turns":5},{"damage":18,"enemies":"Jaw Worm Horde","floor":38,"turns":2},{"damage":45,"enemies":"Transient","floor":39,"turns":5},{"damage":4,"enemies":"Reptomancer","floor":41,"turns":2},{"damage":5,"enemies":"Maw","floor":46,"turns":2},{"damage":0,"enemies":"Jaw Worm Horde","floor":48,"turns":1},{"damage":35,"enemies":"FixerMidnight","floor":50,"turns":3},{"damage":88,"enemies":"Malkuth","floor":51,"turns":4},{"damage":74,"enemies":"Yesod","floor":51,"turns":5},{"damage":186,"enemies":"Chesed","floor":51,"turns":4},{"damage":130,"enemies":"Binah","floor":51,"turns":6}],"seed_played":"2212324059394928243","potions_obtained":[{"floor":4.0,"key":"Energy Potion"},{"floor":12.0,"key":"SkillPotion"},{"floor":14.0,"key":"Weak Potion"},{"floor":19.0,"key":"ColorlessPotion"},{"floor":20.0,"key":"Energy Potion"},{"floor":27.0,"key":"Ancient Potion"},{"floor":29,"key":"Strength Potion"},{"floor":41,"key":"Fire Potion"},{"floor":46,"key":"SteroidPotion"},{"floor":48,"key":"SteroidPotion"}],"is_trial":false,"path_per_floor":["M","?","M","M","M","E","R","?","T","E","$","M","?","M","R","B",null,"M","M","M","?","M","R","E","E","T","E","R","M","R","M","R","B",null,"M","M","M","M","M","R","E","R","T","R","$","M","R","M","R","B",null],"character_chosen":"Angela","items_purchased":["Membership Card","GoldRush","Ecstasy","PreservedInsect","Soda","Panache"],"campfire_rested":0,"item_purchase_floors":[11,11,11,11,45,45],"current_hp_per_floor":[70,70,70,70,61,46,46,46,46,44,44,24,24,36,36,86,86,86,82,90,90,32,32,51,91,91,94,94,45,45,73,81,94,116,120,120,122,124,124,124,128,128,128,128,128,128,128,128,256,246],"gold":467,"neow_bonus":"THREE_RARE_CARDS","is_daily":false,"chose_seed":false,"campfire_upgraded":0,"win_rate":0.0,"timestamp":1609951018,"path_taken":["M","?","M","M","M","E","R","?","T","E","?","M","?","M","R","BOSS","M","M","M","?","M","R","E","E","T","E","R","M","R","M","R","BOSS","M","M","M","M","M","R","E","R","T","R","$","M","R","E","M","R","BOSS"],"items_purchased_type":["Relic","Card","Card","Relic","Card","Card"],"build_version":"2020-12-22","purchased_purges":2,"victory":true,"max_hp_per_floor":[70,70,70,70,70,70,70,70,70,74,74,78,78,82,82,86,86,86,90,94,94,94,94,94,108,108,112,112,112,112,116,116,116,116,120,120,124,124,124,124,128,128,128,128,128,128,128,128,256,256],"card_choices":[{"not_picked":["Adoration","Pinks"],"picked":"Twilight","floor":0.0},{"not_picked":["Scorched","Laetitia"],"picked":"Bloodbath","floor":1.0},{"not_picked":["TodaysExpression"],"picked":"RapturousDream","floor":1.0},{"not_picked":["Mercenary","BeautyBeast"],"picked":"LongBird","floor":3.0},{"not_picked":["Discord"],"picked":"ShedSkin","floor":3.0},{"not_picked":["WhitesApple","BeautyBeast"],"picked":"UniverseFragment","floor":4.0},{"not_picked":["FeatherOfHonor"],"picked":"BlackSwan_ego","floor":4.0},{"not_picked":["CherryBlossoms","VoidDream"],"picked":"FieryBird","floor":5.0},{"not_picked":["Tough","Laetitia_ego"],"picked":"SKIP","floor":5.0},{"not_picked":["Beak"],"picked":"Regret_ego","floor":6.0},{"not_picked":["CherryBlossoms","BeautyBeast"],"picked":"WallGazer","floor":10.0},{"not_picked":["CUTE","CrimsonScar"],"picked":"SKIP","floor":10.0},{"not_picked":["Alriune","SpiderBud"],"picked":"DreamingCurrent","floor":12.0},{"not_picked":["BlueScar"],"picked":"FourthMatchFlame","floor":12.0},{"not_picked":["FairyFestival","Yin"],"picked":"RedShoes","floor":14.0},{"not_picked":["Tough","Wingbeat"],"picked":"SKIP","floor":14.0},{"not_picked":["Wellcheers","MeatLantern"],"picked":"OSAHOGD","floor":16.0},{"not_picked":["TheSmile"],"picked":"GoldRush","floor":16.0},{"not_picked":["SomewhereSpear"],"picked":"WristCuter","floor":18.0},{"not_picked":["MeatLantern","Wellcheers"],"picked":"BigBird","floor":19.0},{"not_picked":["SomewhereSpear"],"picked":"GoldRush","floor":19.0},{"not_picked":["Mercenary","Yin"],"picked":"PunishingBird","floor":20.0},{"not_picked":["Logging"],"picked":"GreenStem","floor":20.0},{"not_picked":["Noise+1"],"picked":"ShedSkin+1","floor":24.0},{"not_picked":["Noise"],"picked":"RedEyes","floor":25.0},{"not_picked":["HappyTeddy","DespairKnight"],"picked":"BlackSwan","floor":27.0},{"not_picked":["Galaxy+1","Penitence"],"picked":"SKIP","floor":27.0},{"not_picked":["InTheNameOfLoveAndHate"],"picked":"Regret_ego+1","floor":29},{"not_picked":["Rudolta","BeautyBeast"],"picked":"QueenOfHatred","floor":31},{"not_picked":["Tough+1","BearPaw"],"picked":"SKIP","floor":31},{"not_picked":["Tough+1"],"picked":"BearPaw","floor":31},{"not_picked":["Woodsman","SingingMachine"],"picked":"CrumblingArmor","floor":35},{"not_picked":["Regret_ego"],"picked":"BlackSwan_ego+1","floor":35},{"not_picked":["Beak+1"],"picked":"FourthMatchFlame","floor":36},{"not_picked":["Mercenary","LittlePrince"],"picked":"Murderer","floor":37},{"not_picked":["Moonlight+1","RapturousDream"],"picked":"SKIP","floor":37},{"not_picked":["Discord"],"picked":"WristCuter","floor":38},{"not_picked":["Loneliness","MagicBullet"],"picked":"SKIP","floor":39},{"not_picked":["BeautyBeast","VoidDream"],"picked":"OldLady","floor":41},{"not_picked":["Beak+1"],"picked":"GoldRush","floor":41},{"not_picked":["SolemnVow","Lamp+1"],"picked":"SKIP","floor":46},{"not_picked":["Tough"],"picked":"CherryBlossom+1","floor":48},{"not_picked":["SwordSharpenedByTears","Horn"],"picked":"SKIP","floor":48}],"player_experience":204041,"relics_obtained":[{"floor":6.0,"key":"StrikeDummy"},{"floor":9.0,"key":"Thread and Needle"},{"floor":10.0,"key":"Old Coin"},{"floor":22.0,"key":"Twilight"},{"floor":24.0,"key":"WingedGreaves"},{"floor":24.0,"key":"Akabeko"},{"floor":25.0,"key":"Mango"},{"floor":25.0,"key":"Potion Belt"},{"floor":26.0,"key":"Whetstone"},{"floor":27.0,"key":"Ice Cream"},{"floor":27.0,"key":"Letter Opener"},{"floor":41,"key":"Nunchaku"},{"floor":43,"key":"Lantern"}],"event_choices":[{"damage_healed":0.0,"max_hp_gain":0.0,"max_hp_loss":0.0,"gold_gain":0.0,"event_name":"Golden Idol","player_choice":"Ignored","floor":2.0,"gold_loss":0.0,"damage_taken":0.0},{"damage_healed":0.0,"max_hp_gain":0.0,"max_hp_loss":0.0,"gold_gain":0.0,"event_name":"Liars Game","player_choice":"Ignored","floor":8.0,"gold_loss":0.0,"damage_taken":0.0},{"damage_healed":0.0,"max_hp_gain":0.0,"max_hp_loss":0.0,"gold_gain":60.0,"event_name":"Golden Wing","player_choice":"Gained Gold","floor":13.0,"gold_loss":0.0,"damage_taken":0.0},{"cards_removed":["SpecialBullet"],"damage_healed":0.0,"max_hp_gain":0.0,"max_hp_loss":0.0,"gold_gain":0.0,"event_name":"Beggar","player_choice":"Gave Gold","floor":21.0,"gold_loss":75.0,"damage_taken":0.0}],"is_beta":false,"boss_relics":[{"not_picked":["Busted Crown","Astrolabe"],"picked":"Black Star"},{"not_picked":["Runic Pyramid","Snecko Eye"],"picked":"SacredBark"}],"items_purged_floors":[11,45],"is_endless":false,"potions_floor_spawned":[4,12,14,19,20,27,29,41,46,48],"ascension_level":4}}