{"host":"c97twqu0op5dg8i4","time":1609975824,"event":{"mods":["BaseMod","Minty Spire (QoL Compilation)"],"gold_per_floor":[117,67,67,16,36,36,65,75,99,99,99,99,99,132,132,236,236,254,179,179,193,209,209,309,342,342,360,360,15,34,34,34,34,34],"floor_reached":33,"playtime":956,"items_purged":["Parasite"],"score":355,"play_id":"6727cf5e-58db-4685-bd2a-d7b3eda8fa4f","local_time":"20210106183024","is_ascension_mode":true,"campfire_choices":[{"data":"Electrodynamics","floor":6,"key":"SMITH"},{"data":"Zap","floor":10,"key":"SMITH"},{"data":"Cold Snap","floor":12,"key":"SMITH"},{"data":"Ball Lightning","floor":15,"key":"SMITH"},{"data":"Buffer","floor":23,"key":"SMITH"},{"data":"Streamline","floor":28,"key":"SMITH"},{"floor":32,"key":"REST"}],"circlet_count":0,"master_deck":["Strike_B","Strike_B","Defend_B","Defend_B","Defend_B","Defend_B","Zap+1","Dualcast","Electrodynamics+1","Leap","Chaos+1","BootSequence","Cold Snap+1","Ball Lightning+1","Buffer+1","Self Repair","Coolheaded","Streamline+1","Lockon","Capacitor","Rip and Tear"],"relics":["Cracked Core","Juzu Bracelet","Bronze Scales","Turnip","Nuclear Battery","Meat on the Bone","Ancient Tea Set","Lantern","Shuriken"],"acts_visited":["Exordium","TheCity"],"potions_floor_usage":[16,25,33,33],"damage_taken":[{"damage":7,"enemies":"Jaw Worm","floor":1,"turns":3},{"damage":10,"enemies":"2 Louse","floor":5,"turns":2},{"damage":20,"enemies":"Lagavulin","floor":7,"turns":6},{"damage":1,"enemies":"Cultist","floor":8,"turns":4},{"damage":0,"enemies":"3 Sentries","floor":14,"turns":2},{"damage":35,"enemies":"Hexaghost","floor":16,"turns":9},{"damage":4,"enemies":"3 Byrds","floor":18,"turns":2},{"damage":2,"enemies":"Chosen","floor":21,"turns":3},{"damage":13,"enemies":"Sentry and Sphere","floor":22,"turns":7},{"damage":28,"enemies":"Slavers","floor":25,"turns":4},{"damage":15,"enemies":"Shelled Parasite and Fungi","floor":27,"turns":3},{"damage":9,"enemies":"Centurion and Healer","floor":30,"turns":5},{"damage":73,"enemies":"Automaton","floor":33,"turns":6}],"seed_played":"7675048738137511107","potions_obtained":[{"floor":8,"key":"EssenceOfSteel"},{"floor":14,"key":"ColorlessPotion"},{"floor":22,"key":"PowerPotion"},{"floor":25,"key":"Strength Potion"}],"is_trial":false,"path_per_floor":["M","?","?","$","M","R","E","M","T","R","?","R","?","E","R","B",null,"M","?","?","M","M","R","?","E","T","M","R","$","M","T","R","B"],"character_chosen":"DEFECT","items_purchased":["Leap","Lockon","Capacitor","Lantern"],"campfire_rested":1,"item_purchase_floors":[4,29,29,29],"current_hp_per_floor":[68,68,73,73,63,63,43,42,42,42,42,42,62,62,62,27,80,76,76,76,74,68,68,68,47,47,51,51,51,49,49,72,0,0],"gold":34,"neow_bonus":"ONE_RANDOM_RARE_CARD","is_daily":false,"chose_seed":false,"campfire_upgraded":6,"win_rate":0.0,"timestamp":1609975824,"path_taken":["M","?","?","$","M","R","E","M","T","R","?","R","?","E","R","BOSS","M","?","?","M","M","R","?","E","T","M","R","$","M","?","R","BOSS"],"items_purchased_type":["Card","Card","Card","Relic"],"build_version":"2020-12-22","purchased_purges":1,"victory":false,"max_hp_per_floor":[75,75,80,80,80,80,80,80,80,80,80,80,80,80,80,80,80,80,80,80,80,80,80,80,80,80,80,80,77,77,77,77,77,77],"card_choices":[{"not_picked":["Hologram","Turbo","Consume"],"picked":"SKIP","floor":1},{"not_picked":["Coolheaded","Stack"],"picked":"Chaos","floor":5},{"not_picked":["Reinforced Body","Scrape"],"picked":"BootSequence","floor":7},{"not_picked":["FTL","Rip and Tear"],"picked":"Cold Snap","floor":8},{"not_picked":["Beam Cell","Redo"],"picked":"Ball Lightning","floor":14},{"not_picked":["Machine Learning","Meteor Strike"],"picked":"Buffer","floor":16},{"not_picked":["Turbo+1","Streamline","Redo"],"picked":"SKIP","floor":18},{"not_picked":["Stack","Rebound+1"],"picked":"Coolheaded","floor":21},{"not_picked":["Go for the Eyes","Consume"],"picked":"Streamline","floor":22},{"not_picked":["White Noise","Turbo+1","Redo"],"picked":"SKIP","floor":25},{"not_picked":["White Noise","Turbo","Gash"],"picked":"SKIP","floor":27},{"not_picked":["Hologram","White Noise"],"picked":"Rip and Tear","floor":30}],"player_experience":242016,"relics_obtained":[{"floor":7,"key":"Juzu Bracelet"},{"floor":9,"key":"Bronze Scales"},{"floor":14,"key":"Turnip"},{"floor":25,"key":"Meat on the Bone"},{"floor":26,"key":"Ancient Tea Set"},{"floor":31,"key":"Shuriken"}],"event_choices":[{"cards_removed":["Strike_B"],"damage_healed":0,"gold_gain":0,"player_choice":"Card Removal","damage_taken":0,"max_hp_gain":0,"max_hp_loss":0,"event_name":"The Cleric","floor":2,"gold_loss":50},{"damage_healed":0,"gold_gain":0,"player_choice":"Donut","damage_taken":0,"max_hp_gain":5,"max_hp_loss":0,"event_name":"Big Fish","floor":3,"gold_loss":0},{"damage_healed":0,"gold_gain":0,"player_choice":"Forge","damage_taken":0,"max_hp_gain":0,"max_hp_loss":0,"event_name":"Accursed Blacksmith","floor":11,"gold_loss":0,"cards_upgraded":["Chaos"]},{"damage_healed":20,"gold_gain":0,"player_choice":"Healed and dodged fight","damage_taken":0,"max_hp_gain":0,"max_hp_loss":0,"event_name":"Mushrooms","floor":13,"gold_loss":0,"cards_obtained":["Parasite"]},{"cards_removed":["Strike_B"],"damage_healed":0,"gold_gain":0,"player_choice":"Gave Gold","damage_taken":0,"max_hp_gain":0,"max_hp_loss":0,"event_name":"Beggar","floor":19,"gold_loss":75},{"damage_healed":0,"gold_gain":0,"player_choice":"Read","damage_taken":0,"max_hp_gain":0,"max_hp_loss":0,"event_name":"The Library","floor":20,"gold_loss":0,"cards_obtained":["Self Repair"]},{"damage_healed":0,"gold_gain":100,"player_choice":"Pray","damage_taken":0,"max_hp_gain":0,"max_hp_loss":0,"event_name":"Golden Shrine","floor":24,"gold_loss":0}],"is_beta":false,"boss_relics":[{"not_picked":["Philosopher\u0027s Stone","SacredBark"],"picked":"Nuclear Battery"}],"items_purged_floors":[29],"is_endless":false,"potions_floor_spawned":[8,14,22,25],"killed_by":"Automaton","ascension_level":4}}