{"host":"njb27ds59h4j3ikk","time":1609896659,"event":{"mods":["AchievementEnabler","BaseMod","Better Altar","Better Match","Better Note","Better Sensory Stone","Better Skull","Better Third Choice","BetterRewards","Downfall","Hermit","Hubris","Minty Spire (QoL Compilation)","Permanent Neow","Quarter Circle Forward PUNCH!","Quick Restart","Rare Cards Sparkle","Replay The Spire","Shop Mod","StSLib","Trackpad","Transform Curses"],"gold_per_floor":[119,28,28,28,48,81,81,206,206,206,1,22,40,81,81,210,210,233,233,254,254,274,313,313,351,374,374,374,393,417,452,452,581,581,599,599,599,624,335,371,396,11,11,11,25,25,40,75,75,75,75,75,75,106,106],"floor_reached":56,"playtime":2949,"items_purged":[],"score":2080,"play_id":"7669095f-2c7f-418e-af09-6568dff03069","local_time":"20210105203059","is_ascension_mode":true,"campfire_choices":[{"data":"champ:RapidStrikes","floor":7.0,"key":"SMITH"},{"data":"champ:FlashCut","floor":10.0,"key":"SMITH"},{"data":"champ:Taunt","floor":15.0,"key":"SMITH"},{"data":"champ:Aggression","floor":24.0,"key":"SMITH"},{"data":"champ:FocusedDefense","floor":27.0,"key":"SMITH"},{"data":"champ:GladiatorStyle","floor":32.0,"key":"SMITH"},{"floor":44.0,"key":"RECALL"},{"data":"champ:PerfectForm","floor":46.0,"key":"SMITH"},{"data":"hubris:EnhanceAbility","floor":49.0,"key":"SMITH"},{"data":"champ:Control","floor":52.0,"key":"SMITH"}],"circlet_count":0,"master_deck":["champ:Strike","champ:Strike","champ:Strike","champ:Strike","champ:Defend","champ:Defend","champ:Defend","champ:Defend","champ:Execute","champ:Taunt+1","champ:PerfectedStrike","champ:PerfectedStrike","champ:TornadoPunch","champ:RapidStrikes+1","champ:GladiatorsShout+1","champ:FlashCut+1","champ:CrookedStrike","champ:BringItOn","champ:FanOfKnives+1","champ:Aggression+1","champ:FocusedDefense+1","champ:PerfectForm+1","champ:EnGarde+1","Core Surge+1","champ:StanceDance+1","champ:FalseCounter+1","champ:ShieldSlam+1","champ:Control+1","champ:GladiatorStyle+1","champ:GutPunch+1","champ:CrownThrow+1","champ:AdrenalArmor+1","Normality","Panache","expansioncontent:DarkVoid+1","champ:Encircle+1","champ:RisingSlash+1","champ:IronFortress+1","champ:RageSigil","hubris:EnhanceAbility+1","hubris:EnhanceAbility","Shockwave+1","champ:LastStand","Consecrate+1","champ:Duel+1","Sword Boomerang+1","champ:FocusedDefense+1","Offering","champ:Circumvent+1"],"relics":["champ:ChampionCrown","StrikeDummy","Replay:Ringing Soul","Incense Burner","trackpad:SappingStone","Golden Idol","Molten Egg 2","CloakClasp","ReplayTheSpireMod:Ninjato","Bag of Marbles","qcfpunch:Wild_Herbs_Ointment","ChewingGum","hubris:Icosahedron","Mirror","Blue Doll","Girya","hubris:TerracottaHorce","ReplayTheSpireMod:Ring of Exchange","Ring of Searing","trackpad:BottledTsunami","Omamori","trackpad:BottledShadow","qcfpunch:School_Backpack","hubris:MysteriousPyramids","Pantograph"],"acts_visited":["Exordium","TheCity","TheBeyond","TheEnding"],"potions_floor_usage":[55,55],"damage_taken":[{"damage":0.0,"enemies":"Jaw Worm","floor":1.0,"turns":2.0},{"damage":5.0,"enemies":"2 Louse","floor":5.0,"turns":2.0},{"damage":10.0,"enemies":"3 Sentries","floor":6.0,"turns":3.0},{"damage":27.0,"enemies":"3 Sentries","floor":8.0,"turns":4.0},{"damage":0.0,"enemies":"Small Slimes","floor":12.0,"turns":1.0},{"damage":0.0,"enemies":"Blue Slaver","floor":13.0,"turns":1.0},{"damage":8.0,"enemies":"Gremlin Nob","floor":14.0,"turns":2.0},{"damage":36.0,"enemies":"The Guardian","floor":16.0,"turns":7.0},{"damage":0.0,"enemies":"2 Thieves","floor":18.0,"turns":3.0},{"damage":3.0,"enemies":"Spheric Guardian","floor":20.0,"turns":2.0},{"damage":0.0,"enemies":"Snake Plant","floor":22.0,"turns":1.0},{"damage":16.0,"enemies":"Book of Stabbing","floor":23.0,"turns":4.0},{"damage":19.0,"enemies":"Slavers","floor":25.0,"turns":3.0},{"damage":8.0,"enemies":"Centurion and Healer","floor":29.0,"turns":4.0},{"damage":8.0,"enemies":"Snecko","floor":30.0,"turns":3.0},{"damage":3.0,"enemies":"Gremlin Leader","floor":31.0,"turns":4.0},{"damage":46.0,"enemies":"hubris:MusketHawk","floor":33.0,"turns":6.0},{"damage":5.0,"enemies":"3 Darklings","floor":35.0,"turns":3.0},{"damage":0.0,"enemies":"3 Shapes","floor":38.0,"turns":1.0},{"damage":15.0,"enemies":"Reptomancer","floor":40.0,"turns":2.0},{"damage":33.0,"enemies":"Transient","floor":41.0,"turns":5.0},{"damage":12.0,"enemies":"Jaw Worm Horde","floor":45.0,"turns":2.0},{"damage":5.0,"enemies":"Writhing Mass","floor":47.0,"turns":3.0},{"damage":28.0,"enemies":"Giant Head","floor":48.0,"turns":4.0},{"damage":93.0,"enemies":"Awakened One","floor":50.0,"turns":7.0},{"damage":52.0,"enemies":"Shield and Spear","floor":54.0,"turns":3.0},{"damage":120,"enemies":"The Heart","floor":55,"turns":7}],"seed_played":"4667403251349815071","potions_obtained":[{"floor":1.0,"key":"SteroidPotion"},{"floor":8.0,"key":"SteroidPotion"},{"floor":12.0,"key":"Weak Potion"},{"floor":23.0,"key":"Milkshake"},{"floor":25.0,"key":"Regen Potion"},{"floor":29.0,"key":"EssenceOfSteel"},{"floor":40.0,"key":"AttackPotion"},{"floor":48.0,"key":"sneckomod:MuddlingPotion"}],"is_trial":false,"path_per_floor":["M","$","?","?","M","E","R","?","T","R","$","M","M","E","R","B",null,"M","?","M","?","M","E","R","E","T","R","?","M","M","E","R","B",null,"M","?","?","M","$","E","M","$","T","R","M","R","M","E","R","B",null,"R","$","E","B",null],"character_chosen":"THE_CHAMP","items_purchased":["StrikeDummy","Replay:Ringing Soul","champ:PerfectedStrike","trackpad:SappingStone","champ:TornadoPunch","Energy Potion","champ:GladiatorsShout+1","champ:FlashCut","Bag of Marbles","Explosive Potion","trackpad:BottledTsunami","champ:RisingSlash+1","trackpad:BottledShadow","hubris:EnhanceAbility"],"campfire_rested":0,"item_purchase_floors":[0,0,0,0,0,0,2,2,11,11,39,39,42,42],"current_hp_per_floor":[96,99,102,102,100,93,93,74,74,74,74,74,77,77,77,51,124,127,130,133,133,133,126,126,117,117,117,117,122,122,122,122,96,137,140,143,146,149,152,150,137,140,140,140,138,138,143,151,151,93,164,164,164,141,88],"gold":106,"neow_bonus":"","is_daily":false,"chose_seed":false,"campfire_upgraded":9,"win_rate":0.0,"timestamp":1609896659,"path_taken":["M","$","?","?","M","E","R","?","T","R","?","M","M","E","R","BOSS","M","?","M","?","M","E","R","E","T","R","?","M","M","E","R","BOSS","M","?","?","M","$","E","M","?","T","R","M","R","M","E","R","BOSS","R","$","E","BOSS"],"items_purchased_type":["Relic","Relic","Card","Relic","Card","Potion","Card","Card","Relic","Potion","Relic","Card","Relic","Card"],"build_version":"2020-12-22","purchased_purges":0,"victory":true,"max_hp_per_floor":[96,99,102,102,105,108,108,111,111,111,111,111,114,117,117,124,124,127,130,133,133,133,136,136,139,139,139,139,142,145,148,148,151,151,154,157,160,163,166,169,172,175,175,175,178,178,181,184,184,188,188,188,188,191,191],"card_choices":[{"not_picked":["champ:Circumvent","champ:Aggression"],"picked":"champ:RapidStrikes","floor":1.0},{"not_picked":["champ:TornadoPunch","champ:AdrenalArmor"],"picked":"champ:CrookedStrike","floor":5.0},{"not_picked":["champ:PerfectedStrike+1","champ:FocusedBerserking"],"picked":"champ:BringItOn","floor":6.0},{"not_picked":["champ:EnragedBash+1","champ:Backstep"],"picked":"champ:FanOfKnives+1","floor":8.0},{"not_picked":["champ:GladiatorsShout","champ:Lariat","champ:BringItOn"],"picked":"SKIP","floor":12.0},{"not_picked":["champ:FightOn","champ:FlashCut+1"],"picked":"champ:Aggression","floor":13.0},{"not_picked":["champ:HoldFirm","champ:FanOfKnives+1"],"picked":"champ:FocusedDefense","floor":14.0},{"not_picked":["champ:EnchantSword","champ:IgnorePain"],"picked":"champ:PerfectForm","floor":16.0},{"not_picked":["champ:Haymaker+1","champ:RisingSlash+1"],"picked":"champ:EnGarde+1","floor":18.0},{"not_picked":["champ:FanOfKnives+1","champ:Haymaker+1"],"picked":"champ:StanceDance+1","floor":20.0},{"not_picked":["champ:Circumvent","champ:FocusedDefense","champ:StanceDance+1"],"picked":"SKIP","floor":22.0},{"not_picked":["champ:Duel+1","champ:BerserkerStyle"],"picked":"champ:FalseCounter+1","floor":23.0},{"not_picked":["champ:SwordSigil","champ:ArenaPreparation"],"picked":"champ:ShieldSlam+1","floor":25.0},{"not_picked":["champ:ViciousMockery","champ:DefensiveShout"],"picked":"champ:Control","floor":29.0},{"not_picked":["champ:FlashCut+1","champ:PerfectedStrike+1"],"picked":"champ:GladiatorStyle","floor":30.0},{"not_picked":["champ:StanceDance+1","champ:CrookedStrike+1"],"picked":"champ:GutPunch+1","floor":31.0},{"not_picked":["champ:SteelEdge+1","champ:HoldFirm"],"picked":"champ:CrownThrow+1","floor":33.0},{"not_picked":["champ:DefensiveShout","champ:Haymaker+1"],"picked":"champ:AdrenalArmor+1","floor":35.0},{"not_picked":["expansioncontent:SlimeTackle+1","Good Instincts"],"picked":"Panache","floor":37.0},{"not_picked":["Crow Ritual","hubris:EnhanceAbility"],"picked":"expansioncontent:DarkVoid+1","floor":37.0},{"not_picked":["champ:FocusedGladiator","champ:ShieldSigil"],"picked":"champ:Encircle+1","floor":38.0},{"not_picked":["champ:Haymaker+1","champ:RecklessLeap+1"],"picked":"champ:IronFortress+1","floor":40.0},{"not_picked":["champ:GladiatorsShout","champ:BringItOn"],"picked":"champ:RageSigil","floor":41.0},{"not_picked":["Shrug It Off","Thunderclap+1"],"picked":"Shockwave+1","floor":45.0},{"not_picked":["champ:EnGarde+1","champ:DefensiveShout+1"],"picked":"champ:LastStand","floor":45.0},{"not_picked":["BowlingBash+1","Prostrate"],"picked":"Consecrate+1","floor":47.0},{"not_picked":["champ:GutPunch+1","champ:BladeFlurry+1"],"picked":"champ:Duel+1","floor":47.0},{"not_picked":["Whirlwind+1","Fiend Fire+1"],"picked":"Sword Boomerang+1","floor":48.0},{"not_picked":["champ:CrookedStrike+1","champ:EnragedBash+1"],"picked":"champ:FocusedDefense+1","floor":48.0},{"not_picked":["Iron Wave+1","Thunderclap+1"],"picked":"Offering","floor":54.0},{"not_picked":["champ:ShieldSlam+1","champ:FlashCut+1"],"picked":"champ:Circumvent+1","floor":54.0}],"player_experience":1220364,"relics_obtained":[{"floor":6.0,"key":"Molten Egg 2"},{"floor":8.0,"key":"CloakClasp"},{"floor":9.0,"key":"ReplayTheSpireMod:Ninjato"},{"floor":14.0,"key":"qcfpunch:Wild_Herbs_Ointment"},{"floor":23.0,"key":"Mirror"},{"floor":25.0,"key":"Blue Doll"},{"floor":31.0,"key":"Girya"},{"floor":36.0,"key":"ReplayTheSpireMod:Ring of Exchange"},{"floor":36.0,"key":"Ring of Searing"},{"floor":40.0,"key":"Omamori"},{"floor":43.0,"key":"qcfpunch:School_Backpack"},{"floor":48.0,"key":"hubris:MysteriousPyramids"},{"floor":54.0,"key":"Pantograph"}],"event_choices":[{"damage_healed":0.0,"max_hp_gain":0.0,"max_hp_loss":0.0,"gold_gain":0.0,"event_name":"Golden Idol","player_choice":"Take Wound","floor":3.0,"gold_loss":0.0,"damage_taken":0.0,"relics_obtained":["Golden Idol"],"cards_obtained":["Injury"]},{"cards_removed":["Injury"],"damage_healed":0.0,"max_hp_gain":0.0,"max_hp_loss":0.0,"gold_gain":0.0,"event_name":"Living Wall","player_choice":"Forget","floor":4.0,"gold_loss":0.0,"damage_taken":0.0},{"cards_removed":["champ:EnGarde"],"damage_healed":0.0,"max_hp_gain":0.0,"max_hp_loss":0.0,"gold_gain":0.0,"event_name":"betterNote:BetterNote","player_choice":"Take \u0026 Give","floor":19.0,"gold_loss":0.0,"damage_taken":0.0,"cards_obtained":["Core Surge"]},{"damage_healed":0.0,"max_hp_gain":0.0,"max_hp_loss":0.0,"gold_gain":3.0,"event_name":"betterStone:BetterStone","player_choice":"1","floor":37.0,"gold_loss":0.0,"damage_taken":0.0}],"is_beta":false,"boss_relics":[{"not_picked":["Replay:Wanted Poster","Painkiller Herb"],"picked":"ChewingGum"},{"not_picked":["ReplayTheSpireMod:DimensionalGlitch","hubris:VirtuousBlindfold"],"picked":"hubris:TerracottaHorce"}],"items_purged_floors":[],"is_endless":false,"potions_floor_spawned":[1,8,12,13,23,25,29,31,40,41,48],"ascension_level":6}}