{"host":"hve1dyh1ly81yl9f","time":1609943457,"event":{"mods":["BaseMod","Colored Map","DeckTracker","Highlight Path","Keyboard Shortcuts","Minty Spire (QoL Compilation)","Permanent Neow","StSLib","SuperFastMode"],"gold_per_floor":[118,137,312,312,187,187,218,234,234,247,265,292,308,308,308,406,406,416,434,434,453,453,453,453],"floor_reached":23,"playtime":687,"items_purged":["Defend_B"],"score":228,"play_id":"7edef928-af23-4bb4-b300-97f9dd95d331","local_time":"20210106233057","is_ascension_mode":false,"campfire_choices":[{"floor":6.0,"key":"RECALL"},{"floor":15.0,"key":"REST"}],"circlet_count":0,"master_deck":["Strike_B","Strike_B","Strike_B","Strike_B","Defend_B","Defend_B","Defend_B","Zap","Dualcast","Gash","Turbo","Gash","Skim","Rebound","FTL","Gash","All For One","Skim+1"],"relics":["Cracked Core","NeowsBlessing","Dead Branch","Frozen Egg 2","Black Star"],"acts_visited":["Exordium","TheCity"],"potions_floor_usage":[23],"damage_taken":[{"damage":0.0,"enemies":"Jaw Worm","floor":1.0,"turns":1.0},{"damage":0.0,"enemies":"2 Louse","floor":2.0,"turns":1.0},{"damage":0.0,"enemies":"Gremlin Nob","floor":7.0,"turns":1.0},{"damage":6.0,"enemies":"Cultist","floor":8.0,"turns":3.0},{"damage":15.0,"enemies":"Looter","floor":10.0,"turns":3.0},{"damage":3.0,"enemies":"Red Slaver","floor":11.0,"turns":2.0},{"damage":31.0,"enemies":"Lagavulin","floor":12.0,"turns":5.0},{"damage":3.0,"enemies":"Gremlin Gang","floor":13.0,"turns":2.0},{"damage":27.0,"enemies":"Slime Boss","floor":16.0,"turns":6.0},{"damage":5.0,"enemies":"Chosen","floor":18.0,"turns":3.0},{"damage":15.0,"enemies":"3 Byrds","floor":19.0,"turns":4.0},{"damage":42.0,"enemies":"Snake Plant","floor":21.0,"turns":5.0},{"damage":17,"enemies":"Shelled Parasite and Fungi","floor":23,"turns":2}],"seed_played":"5096977785608631884","potions_obtained":[{"floor":2.0,"key":"Explosive Potion"},{"floor":7.0,"key":"ColorlessPotion"},{"floor":10.0,"key":"AttackPotion"},{"floor":12.0,"key":"Swift Potion"},{"floor":16.0,"key":"SteroidPotion"},{"floor":18.0,"key":"CultistPotion"},{"floor":19.0,"key":"Swift Potion"}],"is_trial":false,"path_per_floor":["M","M","?","?","$","R","E","M","T","M","M","E","M","?","R","B",null,"M","M","M","M","?","M"],"character_chosen":"DEFECT","items_purchased":["Gash"],"campfire_rested":1,"item_purchase_floors":[5],"current_hp_per_floor":[75,75,75,75,75,75,75,69,69,54,51,20,17,17,39,12,75,70,55,55,13,13,0,0],"gold":453,"neow_bonus":"THREE_ENEMY_KILL","is_daily":false,"chose_seed":false,"campfire_upgraded":0,"win_rate":0.0,"timestamp":1609943457,"path_taken":["M","M","?","?","$","R","E","M","T","M","M","E","?","?","R","BOSS","M","M","M","M","?","M"],"items_purchased_type":["Card"],"build_version":"2020-12-22","purchased_purges":1,"victory":false,"max_hp_per_floor":[75,75,75,75,75,75,75,75,75,75,75,75,75,75,75,75,75,75,75,75,75,75,75,75],"card_choices":[{"not_picked":["Stack","FTL"],"picked":"Gash","floor":1.0},{"not_picked":["Leap","Sweeping Beam"],"picked":"Turbo","floor":2.0},{"not_picked":["Redo","Creative AI"],"picked":"Skim","floor":7.0},{"not_picked":["Blizzard","Capacitor"],"picked":"Rebound","floor":8.0},{"not_picked":["Chill","Redo","Streamline"],"picked":"SKIP","floor":10.0},{"not_picked":["Double Energy","Conserve Battery","Reinforced Body"],"picked":"SKIP","floor":11.0},{"not_picked":["Buffer+1","Coolheaded"],"picked":"FTL","floor":12.0},{"not_picked":["Redo","Stack"],"picked":"Gash","floor":13.0},{"not_picked":["Thunder Strike","Amplify"],"picked":"All For One","floor":16.0},{"not_picked":["Self Repair+1","Melter","Barrage+1"],"picked":"SKIP","floor":18.0},{"not_picked":["Turbo+1","Chaos"],"picked":"Skim+1","floor":19.0},{"not_picked":["Cold Snap","Genetic Algorithm","Glacier+1"],"picked":"SKIP","floor":21.0}],"player_experience":274424,"relics_obtained":[{"floor":7.0,"key":"Dead Branch"},{"floor":12.0,"key":"Frozen Egg 2"}],"event_choices":[{"damage_healed":0.0,"max_hp_gain":0.0,"max_hp_loss":0.0,"gold_gain":175.0,"event_name":"Liars Game","player_choice":"AGREE","floor":3.0,"gold_loss":0.0,"damage_taken":0.0,"cards_obtained":["Doubt"]},{"cards_removed":["Doubt"],"damage_healed":0.0,"max_hp_gain":0.0,"max_hp_loss":0.0,"gold_gain":0.0,"event_name":"Fountain of Cleansing","player_choice":"Removed Curses","floor":4.0,"gold_loss":0.0,"damage_taken":0.0},{"damage_healed":0.0,"max_hp_gain":0.0,"max_hp_loss":0.0,"gold_gain":0.0,"event_name":"Match and Keep!","player_choice":"0 cards matched","floor":14.0,"gold_loss":0.0,"damage_taken":0.0,"cards_obtained":[]},{"damage_healed":0.0,"max_hp_gain":0.0,"max_hp_loss":0.0,"gold_gain":0.0,"event_name":"Ghosts","player_choice":"Ignored","floor":22.0,"gold_loss":0.0,"damage_taken":0.0}],"is_beta":false,"boss_relics":[{"not_picked":["Velvet Choker","Astrolabe"],"picked":"Black Star"}],"items_purged_floors":[5],"is_endless":false,"potions_floor_spawned":[2,7,10,12,16,18,19],"killed_by":"Shelled Parasite and Fungi","ascension_level":0}}