{"host":"aaqofma31c3gm2hj","time":1609945816,"event":{"mods":["BaseMod","Minty Spire (QoL Compilation)","Replay The Spire","Spicy Shops","StSLib"],"gold_per_floor":[111,111,127,202,106,139,139,139,164,164,3,28,55,66,66,66,66],"floor_reached":16,"playtime":390,"items_purged":["Shame"],"score":262,"play_id":"11f8cc3a-e0d8-4762-97f7-855cd1b70b48","local_time":"20210106231016","is_ascension_mode":true,"campfire_choices":[{"data":"Consume","floor":8.0,"key":"SMITH"},{"data":"Dualcast","floor":10.0,"key":"SMITH"},{"data":"BasicCrystalCard","floor":15,"key":"SMITH"}],"circlet_count":0,"master_deck":["AscendersBane","Strike_B","Strike_B","Strike_B","Strike_B","Defend_B+1","Defend_B","Defend_B","Defend_B","Zap","Dualcast+1","Consume+1","Echo Form+1","Crystallizer","BasicCrystalCard+1"],"relics":["Cracked Core","NeowsBlessing","MealTicket","Replay:Wax Seal","Bag of Preparation","ReplayTheSpireMod:CursedCoin","Meat on the Bone","Bag of Marbles","ClockworkSouvenir","Oddly Smooth Stone"],"acts_visited":["Exordium"],"potions_floor_usage":[],"damage_taken":[{"damage":0.0,"enemies":"Jaw Worm","floor":1.0,"turns":1.0},{"damage":0.0,"enemies":"Cultist","floor":3.0,"turns":1.0},{"damage":0.0,"enemies":"Gremlin Nob","floor":6.0,"turns":1.0},{"damage":29,"enemies":"3 Sentries","floor":12,"turns":9},{"damage":0,"enemies":"2 Louse","floor":14,"turns":2},{"damage":51,"enemies":"Fading Forest","floor":16,"turns":10}],"seed_played":"-4226480563472270652","potions_obtained":[{"floor":1.0,"key":"Ancient Potion"},{"floor":14,"key":"Fruit Juice"}],"is_trial":false,"path_per_floor":["M","?","M","?","$","E","?","R","T","R","$","E","T","M","R","B"],"character_chosen":"DEFECT","items_purchased":["Replay:Wax Seal","Bag of Preparation","ReplayTheSpireMod:CursedCoin","ClockworkSouvenir"],"campfire_rested":0,"item_purchase_floors":[5,5,5,11],"current_hp_per_floor":[64,64,64,53,68,68,47,47,47,47,62,45,45,45,45,2,2],"gold":66,"neow_bonus":"THREE_ENEMY_KILL","is_daily":false,"chose_seed":false,"campfire_upgraded":3,"win_rate":0.0,"timestamp":1609945816,"path_taken":["M","?","?","?","$","E","?","R","T","R","?","E","?","M","R","BOSS"],"items_purchased_type":["Relic","Relic","Relic","Relic"],"build_version":"2020-12-22","purchased_purges":1,"victory":false,"max_hp_per_floor":[71,71,71,71,71,71,71,71,71,71,71,71,71,71,71,71,71],"card_choices":[{"not_picked":["Gash","Genetic Algorithm"],"picked":"BootSequence","floor":1.0},{"not_picked":["ReplayTheSpireMod:Reroute Power","Blizzard"],"picked":"Consume","floor":3.0},{"not_picked":["ReplaySort","Barrage"],"picked":"Echo Form","floor":6.0},{"not_picked":["BasicCrystalCard","Melter"],"picked":"Crystallizer","floor":12},{"not_picked":["Sweeping Beam","Tempest"],"picked":"BasicCrystalCard","floor":14}],"player_experience":561011,"relics_obtained":[{"floor":6.0,"key":"Meat on the Bone"},{"floor":9.0,"key":"Bag of Marbles"},{"floor":12,"key":"Oddly Smooth Stone"}],"event_choices":[{"cards_removed":["BootSequence"],"damage_healed":0.0,"max_hp_gain":0.0,"max_hp_loss":0.0,"gold_gain":0.0,"event_name":"WeMeetAgain","player_choice":"Gave Card","floor":2.0,"gold_loss":0.0,"damage_taken":0.0,"relics_obtained":["MealTicket"]},{"damage_healed":0.0,"max_hp_gain":0.0,"max_hp_loss":0.0,"gold_gain":75.0,"event_name":"World of Goop","player_choice":"Gather Gold","floor":4.0,"gold_loss":0.0,"damage_taken":11.0},{"damage_healed":0.0,"max_hp_gain":0.0,"max_hp_loss":0.0,"gold_gain":0.0,"event_name":"Shining Light","player_choice":"Entered Light","floor":7.0,"gold_loss":0.0,"damage_taken":21.0,"cards_upgraded":["Echo Form","Defend_B"]}],"is_beta":false,"boss_relics":[],"items_purged_floors":[5],"is_endless":false,"potions_floor_spawned":[1,14],"killed_by":"Fading Forest","ascension_level":20}}