{"host":"sj4iglgxwg140igy","time":1609957079,"event":{"mods":["AchievementEnabler","BaseMod","Better Third Choice","Colored Map","Hubris","Infinite Spire","Minty Spire (QoL Compilation)","StSLib"],"gold_per_floor":[109,119,136,149,224,258,258,287,287,252,266,276,289,308,308,308,308],"floor_reached":16,"playtime":747,"items_purged":[],"score":122,"play_id":"062cf5d8-70da-4a4c-a3ac-93f46edac081","local_time":"20210106151759","is_ascension_mode":true,"campfire_choices":[{"data":"Thunderclap","floor":7,"key":"SMITH"},{"data":"infinitespire:OneForAll","floor":15,"key":"SMITH"}],"circlet_count":0,"master_deck":["Strike_R","Strike_R","Strike_R","Strike_R","Strike_R","Defend_R","Defend_R","Defend_R","Defend_R","Bash","Thunderclap+1","Uppercut","Reckless Charge","Heavy Blade","Blood for Blood","Perfected Strike","infinitespire:OneForAll+1","Cleave","Reckless Charge","Clash"],"relics":["Burning Blood","NeowsBlessing","Toy Ornithopter","Peace Pipe","hubris:BottledRain"],"acts_visited":["Exordium"],"potions_floor_usage":[6,6,8,8,16,16],"damage_taken":[{"damage":0,"enemies":"Cultist","floor":1,"turns":1},{"damage":0,"enemies":"2 Louse","floor":2,"turns":1},{"damage":0,"enemies":"Jaw Worm","floor":3,"turns":1},{"damage":17,"enemies":"Gremlin Gang","floor":4,"turns":5},{"damage":15,"enemies":"Gremlin Nob","floor":6,"turns":4},{"damage":35,"enemies":"Lagavulin","floor":8,"turns":6},{"damage":0,"enemies":"Large Slime","floor":11,"turns":5},{"damage":16,"enemies":"Red Slaver","floor":12,"turns":3},{"damage":18,"enemies":"Exordium Wildlife","floor":13,"turns":3},{"damage":0,"enemies":"3 Louse","floor":14,"turns":3},{"damage":51,"enemies":"The Guardian","floor":16,"turns":7}],"seed_played":"8760789146522970062","potions_obtained":[{"floor":1,"key":"Weak Potion"},{"floor":2,"key":"ElixirPotion"},{"floor":4,"key":"SteroidPotion"},{"floor":6,"key":"BlessingOfTheForge"},{"floor":13,"key":"AttackPotion"},{"floor":14,"key":"Swift Potion"}],"is_trial":false,"path_per_floor":["M","M","M","M","?","E","R","E","T","?","M","M","M","M","R","B"],"character_chosen":"IRONCLAD","items_purchased":[],"campfire_rested":0,"item_purchase_floors":[],"current_hp_per_floor":[80,80,80,69,58,49,49,30,30,50,56,46,34,40,40,0,0],"gold":308,"neow_bonus":"THREE_ENEMY_KILL","is_daily":false,"chose_seed":false,"campfire_upgraded":2,"win_rate":0.0,"timestamp":1609957079,"path_taken":["M","M","M","M","?","E","R","E","T","?","M","M","M","?","R","BOSS"],"items_purchased_type":[],"build_version":"2020-12-22","purchased_purges":0,"victory":false,"max_hp_per_floor":[80,80,80,80,80,80,80,80,80,80,80,80,80,80,80,80,80],"card_choices":[{"not_picked":["Clothesline","Havoc"],"picked":"Thunderclap","floor":1},{"not_picked":["Rupture","Heavy Blade"],"picked":"Uppercut","floor":2},{"not_picked":["Heavy Blade","Uppercut"],"picked":"Reckless Charge","floor":3},{"not_picked":["hubris:ReadiedAction","Warcry"],"picked":"Heavy Blade","floor":4},{"not_picked":["Havoc","Heavy Blade"],"picked":"Blood for Blood","floor":6},{"not_picked":["Rupture","Berserk"],"picked":"Perfected Strike","floor":8},{"not_picked":["Reckless Charge","Perfected Strike"],"picked":"infinitespire:OneForAll","floor":11},{"not_picked":["Inflame","Infernal Blade"],"picked":"Cleave","floor":12},{"not_picked":["Metallicize","Seeing Red"],"picked":"Reckless Charge","floor":13},{"not_picked":["Cleave","Fiend Fire"],"picked":"Clash","floor":14}],"player_experience":132411,"relics_obtained":[{"floor":6,"key":"Toy Ornithopter"},{"floor":8,"key":"Peace Pipe"},{"floor":9,"key":"hubris:BottledRain"}],"event_choices":[{"damage_healed":0,"gold_gain":75,"player_choice":"Gold","damage_taken":11,"max_hp_gain":0,"max_hp_loss":0,"event_name":"betterThird:BetterGoop","floor":5,"gold_loss":0},{"damage_healed":20,"gold_gain":0,"player_choice":"Healed","damage_taken":0,"max_hp_gain":0,"max_hp_loss":0,"event_name":"The Cleric","floor":10,"gold_loss":35}],"is_beta":false,"boss_relics":[],"items_purged_floors":[],"is_endless":false,"potions_floor_spawned":[1,2,4,6,13,14],"killed_by":"The Guardian","ascension_level":1}}