{"host":"skvwuvqqk8x6jusd","time":1609976656,"event":{"mods":["AchievementEnabler","BaseMod","Colored Map","Colored Powertips","Highlight Path","Minty Spire (QoL Compilation)","Relic Stats","Slay-I"],"gold_per_floor":[117,134,434,454,465,475,503,537,563,563,265,265,282,13,13,110,110,127,127,139,149,161,161,111,126,126,126,126,76,108,118,118,213,213,223,234,234,234,245,272,24,50,50,50,50,65,65,83,83,83,83],"floor_reached":50,"playtime":4915,"items_purged":["Strike_G","Regret","Strike_G","Strike_G"],"score":699,"play_id":"106c519c-5c7e-492b-bf64-70f863ce8035","local_time":"20210106234416","is_ascension_mode":false,"campfire_choices":[{"data":"Neutralize","floor":10.0,"key":"SMITH"},{"data":"Dash","floor":12.0,"key":"SMITH"},{"floor":15.0,"key":"REST"},{"data":"Envenom","floor":23.0,"key":"SMITH"},{"data":"Footwork","floor":27.0,"key":"SMITH"},{"floor":32.0,"key":"REST"},{"floor":45,"key":"REST"},{"floor":49,"key":"REST"}],"circlet_count":0,"master_deck":["Strike_G+1","Strike_G+1","Defend_G+1","Defend_G+1","Defend_G+1","Defend_G+1","Defend_G+1","Survivor+1","Neutralize+1","Adrenaline+1","Deadly Poison+1","Dash+1","Backstab+1","Dagger Throw+1","Reflex+1","Acrobatics+1","Footwork+1","Underhanded Strike+1","Catalyst+1","Catalyst+1","Envenom+1","Prepared+1","Ghostly+1","Ghostly+1","Ghostly+1","Ghostly+1","Ghostly+1","Catalyst+1","Tools of the Trade+1","Acrobatics+1","Backstab+1","Neutralize+1","Tools of the Trade+1","Crippling Poison+1","Night Terror+1","Eviscerate+1","Tactician+1","Madness+1","Madness+1","Leg Sweep+1","Underhanded Strike+1"],"relics":["Ring of the Serpent","Old Coin","Odd Mushroom","Smiling Mask","Strawberry","Bottled Flame","DollysMirror","HoveringKite","Bottled Lightning","Boot","Mark of the Bloom","Gremlin Horn","Toolbox","Sundial","Bottled Tornado"],"acts_visited":["Exordium","TheCity","TheBeyond"],"potions_floor_usage":[33,33,40,46,50],"damage_taken":[{"damage":0.0,"enemies":"2 Louse","floor":1.0,"turns":4.0},{"damage":0.0,"enemies":"Jaw Worm","floor":2.0,"turns":4.0},{"damage":5.0,"enemies":"Small Slimes","floor":4.0,"turns":4.0},{"damage":10.0,"enemies":"Gremlin Gang","floor":5.0,"turns":7.0},{"damage":0.0,"enemies":"Looter","floor":6.0,"turns":2.0},{"damage":21.0,"enemies":"The Mushroom Lair","floor":7.0,"turns":5.0},{"damage":8.0,"enemies":"3 Sentries","floor":8.0,"turns":8.0},{"damage":1.0,"enemies":"Large Slime","floor":13.0,"turns":5.0},{"damage":13.0,"enemies":"The Guardian","floor":16.0,"turns":10.0},{"damage":13.0,"enemies":"Spheric Guardian","floor":18.0,"turns":6.0},{"damage":2.0,"enemies":"Chosen","floor":20.0,"turns":5.0},{"damage":8.0,"enemies":"Snecko","floor":21.0,"turns":7.0},{"damage":3.0,"enemies":"Centurion and Healer","floor":22.0,"turns":7.0},{"damage":2.0,"enemies":"Cultist and Chosen","floor":25.0,"turns":7.0},{"damage":4.0,"enemies":"Slavers","floor":30.0,"turns":8.0},{"damage":2.0,"enemies":"Snake Plant","floor":31.0,"turns":3.0},{"damage":0,"enemies":"Collector","floor":33,"turns":6},{"damage":1,"enemies":"3 Shapes","floor":35,"turns":5},{"damage":6,"enemies":"3 Darklings","floor":36,"turns":6},{"damage":7,"enemies":"Spire Growth","floor":39,"turns":3},{"damage":0,"enemies":"Giant Head","floor":40,"turns":4},{"damage":0,"enemies":"Reptomancer","floor":42,"turns":4},{"damage":2,"enemies":"Writhing Mass","floor":46,"turns":3},{"damage":3,"enemies":"Sphere and 2 Shapes","floor":48,"turns":7},{"damage":23,"enemies":"Awakened One","floor":50,"turns":1}],"seed_played":"-3211636184442400616","potions_obtained":[{"floor":2.0,"key":"AttackPotion"},{"floor":4.0,"key":"CultistPotion"},{"floor":5.0,"key":"GamblersBrew"},{"floor":22.0,"key":"EssenceOfSteel"},{"floor":25.0,"key":"DuplicationPotion"},{"floor":31.0,"key":"GamblersBrew"},{"floor":33,"key":"Block Potion"},{"floor":36,"key":"PowerPotion"}],"is_trial":false,"path_per_floor":["M","M","?","M","M","M","?","E","T","R","$","R","M","$","R","B",null,"M","?","M","M","M","R","$","M","T","R","?","$","E","M","R","B",null,"M","M","?","?","M","E","$","E","T","$","R","M","?","M","R","B"],"character_chosen":"THE_SILENT","items_purchased":["Bottled Flame","Catalyst","DollysMirror","GhostInAJar","Toolbox"],"campfire_rested":4,"item_purchase_floors":[11,14,14,41,41],"current_hp_per_floor":[63,63,63,58,48,48,27,19,26,26,26,26,25,25,46,33,70,57,35,33,25,22,22,22,20,20,20,20,20,16,14,24,24,35,34,28,24,24,17,17,17,17,17,17,17,15,15,12,12,0,0],"gold":83,"neow_bonus":"THREE_RARE_CARDS","is_daily":false,"chose_seed":false,"campfire_upgraded":4,"win_rate":0.0,"timestamp":1609976656,"path_taken":["M","M","?","M","M","M","?","E","T","R","?","R","M","$","R","BOSS","M","?","M","M","M","R","$","M","T","R","?","$","E","?","R","BOSS","M","?","?","?","M","E","$","E","T","?","R","M","?","M","R","BOSS"],"items_purchased_type":["Relic","Card","Relic","Potion","Relic"],"build_version":"2020-12-22","purchased_purges":4,"victory":false,"max_hp_per_floor":[63,63,63,63,63,63,63,63,70,70,70,70,70,70,70,70,70,70,35,35,35,35,35,35,35,35,35,35,35,35,35,35,35,35,35,35,35,35,35,35,35,35,35,35,35,35,35,35,35,35,35],"relic_stats":{"Mark of the Bloom":20,"Gremlin Horn":[6,6],"counters":[25,131],"Sundial":[0],"HoveringKite":[56],"Smiling Mask":250,"Boot":[37],"obtain_stats":[{"Mark of the Bloom":38,"Gremlin Horn":40,"HoveringKite":17,"Odd Mushroom":7,"Bottled Tornado":43,"Smiling Mask":8,"Boot":30,"Old Coin":3,"Bottled Flame":11,"DollysMirror":14,"Sundial":42,"Strawberry":9,"Toolbox":41,"Bottled Lightning":26,"Ring of the Serpent":34,"Ring of the Snake":0},{"Mark of the Bloom":19,"Gremlin Horn":21,"HoveringKite":9,"Odd Mushroom":6,"Bottled Tornado":22,"Smiling Mask":7,"Boot":15,"Old Coin":2,"Bottled Flame":7,"DollysMirror":8,"Sundial":22,"Strawberry":7,"Toolbox":21,"Bottled Lightning":14,"Ring of the Serpent":17,"Ring of the Snake":0},{"Mark of the Bloom":109,"Gremlin Horn":116,"HoveringKite":49,"Odd Mushroom":26,"Bottled Tornado":120,"Smiling Mask":34,"Boot":89,"Old Coin":8,"Bottled Flame":34,"DollysMirror":39,"Sundial":120,"Strawberry":34,"Toolbox":116,"Bottled Lightning":81,"Ring of the Serpent":98,"Ring of the Snake":0}]},"card_choices":[{"not_picked":["Night Terror","Storm of Steel"],"picked":"Adrenaline","floor":0.0},{"not_picked":["Slice","Endless Agony"],"picked":"Deadly Poison","floor":1.0},{"not_picked":["Dagger Throw","Sucker Punch"],"picked":"Dash","floor":2.0},{"not_picked":["Dodge and Roll","Caltrops"],"picked":"Backstab","floor":4.0},{"not_picked":["Riddle With Holes","Acrobatics"],"picked":"Dagger Throw","floor":5.0},{"not_picked":["Dodge and Roll","Dagger Throw"],"picked":"Reflex","floor":6.0},{"not_picked":["Cloak And Dagger","Bane"],"picked":"Acrobatics","floor":7.0},{"not_picked":["Acrobatics","Cloak And Dagger"],"picked":"Footwork","floor":8.0},{"not_picked":["Quick Slash","Dodge and Roll"],"picked":"Underhanded Strike","floor":13.0},{"not_picked":["Unload","Storm of Steel"],"picked":"Envenom","floor":16.0},{"not_picked":["Deadly Poison","Bane+1"],"picked":"Prepared+1","floor":18.0},{"not_picked":["Quick Slash","Dagger Throw"],"picked":"Catalyst","floor":20.0},{"not_picked":["Dodge and Roll","Bane","Endless Agony+1"],"picked":"SKIP","floor":21.0},{"not_picked":["All Out Attack","Dagger Throw"],"picked":"Tools of the Trade","floor":22.0},{"not_picked":["Flying Knee","Cloak And Dagger"],"picked":"Acrobatics+1","floor":25.0},{"not_picked":["Predator+1","Slice"],"picked":"Tools of the Trade","floor":30.0},{"not_picked":["PiercingWail","Outmaneuver"],"picked":"Crippling Poison","floor":31.0},{"not_picked":["Unload","A Thousand Cuts"],"picked":"Night Terror","floor":33},{"not_picked":["Deadly Poison","Caltrops"],"picked":"Eviscerate+1","floor":35},{"not_picked":["Outmaneuver+1","Acrobatics"],"picked":"Tactician","floor":36},{"not_picked":["Dagger Spray","Cloak And Dagger","Deflect"],"picked":"SKIP","floor":39},{"not_picked":["Terror+1","Flechettes+1"],"picked":"Leg Sweep+1","floor":40},{"not_picked":["Expertise+1","Footwork","A Thousand Cuts"],"picked":"SKIP","floor":42},{"not_picked":["Masterful Stab","Poisoned Stab"],"picked":"Underhanded Strike+1","floor":46},{"not_picked":["Flying Knee","Blade Dance+1","Riddle With Holes+1"],"picked":"SKIP","floor":48}],"player_experience":577149,"relics_obtained":[{"floor":7.0,"key":"Odd Mushroom"},{"floor":8.0,"key":"Smiling Mask"},{"floor":9.0,"key":"Strawberry"},{"floor":26.0,"key":"Bottled Lightning"},{"floor":30.0,"key":"Boot"},{"floor":40,"key":"Gremlin Horn"},{"floor":42,"key":"Sundial"},{"floor":43,"key":"Bottled Tornado"}],"event_choices":[{"damage_healed":0.0,"max_hp_gain":0.0,"max_hp_loss":0.0,"gold_gain":0.0,"event_name":"Big Fish","player_choice":"Box","floor":3.0,"gold_loss":0.0,"damage_taken":0.0,"relics_obtained":["Old Coin"],"cards_obtained":["Regret"]},{"damage_healed":0.0,"max_hp_gain":0.0,"max_hp_loss":0.0,"gold_gain":0.0,"event_name":"Mushrooms","player_choice":"Fought Mushrooms","floor":7.0,"gold_loss":0.0,"damage_taken":0.0},{"damage_healed":0.0,"max_hp_gain":0.0,"max_hp_loss":35.0,"gold_gain":0.0,"event_name":"Ghosts","player_choice":"Became a Ghost","floor":19.0,"gold_loss":0.0,"damage_taken":0.0,"cards_obtained":["Ghostly","Ghostly","Ghostly","Ghostly","Ghostly"]},{"damage_healed":0.0,"max_hp_gain":0.0,"max_hp_loss":0.0,"gold_gain":0.0,"event_name":"Match and Keep!","player_choice":"2 cards matched","floor":28.0,"gold_loss":0.0,"damage_taken":0.0,"cards_obtained":["Backstab","Neutralize"]},{"damage_healed":0,"gold_gain":0,"player_choice":"Embrace Madness","damage_taken":4,"max_hp_gain":0,"max_hp_loss":0,"event_name":"Winding Halls","floor":37,"gold_loss":0,"cards_obtained":["Madness","Madness"]},{"damage_healed":0,"gold_gain":0,"player_choice":"Upgrade","damage_taken":0,"relics_obtained":["Mark of the Bloom"],"max_hp_gain":0,"max_hp_loss":0,"event_name":"MindBloom","floor":38,"gold_loss":0,"cards_upgraded":["Strike_G","Strike_G","Defend_G","Defend_G","Defend_G","Defend_G","Defend_G","Survivor","Adrenaline","Deadly Poison","Backstab","Dagger Throw","Reflex","Acrobatics","Underhanded Strike","Catalyst","Catalyst","Ghostly","Ghostly","Ghostly","Ghostly","Ghostly","Catalyst","Tools of the Trade","Backstab","Neutralize","Tools of the Trade","Crippling Poison","Night Terror","Tactician","Madness","Madness"]},{"damage_healed":0,"gold_gain":0,"player_choice":"Ignored","damage_taken":0,"max_hp_gain":0,"max_hp_loss":0,"event_name":"The Moai Head","floor":47,"gold_loss":0}],"is_beta":false,"boss_relics":[{"not_picked":["Sozu","Philosopher\u0027s Stone"],"picked":"HoveringKite"},{"not_picked":["Cursed Key","Astrolabe"],"picked":"Ring of the Serpent"}],"items_purged_floors":[11,14,24,29],"is_endless":false,"potions_floor_spawned":[2,4,5,22,25,31,33,36,42],"killed_by":"Awakened One","ascension_level":0}}