{"host":"ykv0x7zryf2er8o1","time":1609918379,"event":{"mods":["2.2 Compatiblity","AchievementEnabler","BaseMod","Better Match","BetterRewards","Colored Map","Colored Powertips","Hermit","Highlight Path","Minty Spire (QoL Compilation)","Quick Restart","Rare Cards Sparkle","Shop Mod","StSLib","Td1madao Mod","The Runesmith","The Saiyan"],"gold_per_floor":[109,119,119,4,179,204,216,256,318,65,76,87,105,175,175,275,275,262,262,272,272,292,292,292],"floor_reached":23,"playtime":1780,"items_purged":["Doubt"],"score":351,"play_id":"38a483ab-a20a-418d-a53f-f8389dca5191","local_time":"20210106013259","is_ascension_mode":false,"campfire_choices":[{"data":"hermit:Maintenance","floor":7,"key":"SMITH"},{"data":"hermit:EyeOfTheStorm","floor":15,"key":"SMITH"}],"circlet_count":0,"master_deck":["hermit:Strike_Hermit","hermit:Strike_Hermit","hermit:Strike_Hermit","hermit:Defend_Hermit","hermit:Defend_Hermit","hermit:Defend_Hermit","hermit:Defend_Hermit","hermit:Snapshot","hermit:Covet","hermit:GoldenBullet+1","hermit:LowProfile","hermit:Headshot+1","hermit:TrackingShot","hermit:Maintenance+1","hermit:Quickdraw","hermit:Enervate","hermit:Feint","hermit:Snipe","hermit:Dive","hermit:EyeOfTheStorm+1","hermit:Headshot","hermit:Gestalt","hermit:Desperado","hermit:RoundhouseKick","CurseOfTheBell","hermit:Shortfuse","hermit:WideOpen","hermit:Combo"],"relics":["hermit:Momento","MawBank","InkBottle","Smiling Mask","Calling Bell","Centennial Puzzle","Gremlin Horn","Thread and Needle","White Beast Statue"],"acts_visited":["Exordium","TheCity"],"potions_floor_usage":[8,12,12,16,23,23],"damage_taken":[{"damage":6,"enemies":"Jaw Worm","floor":1,"turns":3},{"damage":0,"enemies":"2 Louse","floor":2,"turns":3},{"damage":11,"enemies":"Gremlin Nob","floor":6,"turns":3},{"damage":9,"enemies":"Lagavulin","floor":8,"turns":5},{"damage":0,"enemies":"Small Slimes","floor":11,"turns":1},{"damage":0,"enemies":"Exordium Thugs","floor":12,"turns":2},{"damage":1,"enemies":"Exordium Wildlife","floor":13,"turns":3},{"damage":0,"enemies":"Slime Boss","floor":16,"turns":5},{"damage":4,"enemies":"2 Thieves","floor":18,"turns":4},{"damage":2,"enemies":"Spheric Guardian","floor":20,"turns":4},{"damage":13,"enemies":"Snake Plant","floor":22,"turns":3},{"damage":69,"enemies":"Gremlin Leader","floor":23,"turns":8}],"seed_played":"7815836927744395158","potions_obtained":[{"floor":2,"key":"SkillPotion"},{"floor":11,"key":"hermit:BlackBile"},{"floor":12,"key":"Block Potion"},{"floor":22,"key":"hermit:BlackBile"}],"is_trial":false,"path_per_floor":["M","M","?","$","?","E","R","E","T","$","M","M","M","?","R","B",null,"M","?","M","T","M","E"],"character_chosen":"HERMIT","items_purchased":["hermit:GoldenBullet","hermit:LowProfile","hermit:Quickdraw","hermit:Enervate","EntropicBrew","hermit:Dive","hermit:EyeOfTheStorm"],"campfire_rested":0,"item_purchase_floors":[0,0,4,4,10,10,10],"current_hp_per_floor":[69,69,54,54,54,43,43,34,34,34,34,34,33,33,33,33,75,71,71,69,69,56,0,0],"gold":292,"neow_bonus":"","is_daily":false,"chose_seed":false,"campfire_upgraded":2,"win_rate":0.0,"timestamp":1609918379,"path_taken":["M","M","?","$","?","E","R","E","T","$","M","M","M","?","R","BOSS","M","?","M","?","?","E"],"items_purchased_type":["Card","Card","Card","Card","Potion","Card","Card"],"build_version":"2020-12-22","purchased_purges":1,"victory":false,"max_hp_per_floor":[75,75,75,75,75,75,75,75,75,75,75,75,75,75,75,75,75,75,75,75,75,75,75,75],"card_choices":[{"not_picked":["hermit:CalledShot","hermit:Misfire"],"picked":"hermit:TrackingShot","floor":1},{"not_picked":["hermit:ItchyTrigger","hermit:SprayPray"],"picked":"hermit:Maintenance","floor":2},{"not_picked":["hermit:Magnum","hermit:Roulette"],"picked":"hermit:Feint","floor":6},{"not_picked":["hermit:Combo","hermit:HighCaliber"],"picked":"hermit:Snipe","floor":8},{"not_picked":["hermit:Grudge","hermit:Manifest"],"picked":"hermit:Headshot","floor":11},{"not_picked":["hermit:CalledShot","hermit:Coalescence"],"picked":"hermit:Gestalt","floor":12},{"not_picked":["hermit:LowProfile","hermit:HoleUp"],"picked":"hermit:Desperado","floor":13},{"not_picked":["hermit:HeroicBravado","hermit:Roughhouse"],"picked":"hermit:RoundhouseKick","floor":16},{"not_picked":["hermit:Cheat","hermit:NoHoldsBarred"],"picked":"hermit:Shortfuse","floor":18},{"not_picked":["hermit:Roughhouse","hermit:SprayPray"],"picked":"hermit:WideOpen","floor":20},{"not_picked":["hermit:LowProfile","hermit:Brawl"],"picked":"hermit:Combo","floor":22}],"player_experience":188497,"relics_obtained":[{"floor":6,"key":"MawBank"},{"floor":8,"key":"InkBottle"},{"floor":9,"key":"Smiling Mask"},{"floor":17,"key":"Centennial Puzzle"},{"floor":17,"key":"Gremlin Horn"},{"floor":17,"key":"Thread and Needle"},{"floor":21,"key":"White Beast Statue"}],"event_choices":[{"damage_healed":0,"gold_gain":0,"player_choice":"Entered Light","damage_taken":15,"max_hp_gain":0,"max_hp_loss":0,"event_name":"Shining Light","floor":3,"gold_loss":0,"cards_upgraded":["hermit:GoldenBullet","hermit:Headshot"]},{"damage_healed":0,"gold_gain":175,"player_choice":"AGREE","damage_taken":0,"max_hp_gain":0,"max_hp_loss":0,"event_name":"Liars Game","floor":5,"gold_loss":0,"cards_obtained":["Doubt"]},{"damage_healed":0,"gold_gain":70,"player_choice":"Gained Gold","damage_taken":0,"max_hp_gain":0,"max_hp_loss":0,"event_name":"Golden Wing","floor":14,"gold_loss":0},{"damage_healed":0,"gold_gain":0,"player_choice":"Ignored","damage_taken":0,"max_hp_gain":0,"max_hp_loss":0,"event_name":"Ghosts","floor":19,"gold_loss":0}],"is_beta":false,"boss_relics":[{"not_picked":["hermit:DentedPlate","Pandora\u0027s Box"],"picked":"Calling Bell"}],"items_purged_floors":[10],"is_endless":false,"potions_floor_spawned":[2,11,12,22],"killed_by":"Gremlin Leader","ascension_level":0}}