{"host":"4rvakrj1idbgia3f","time":1609930471,"event":{"mods":["BaseMod","Colored Map","Colored Powertips","DeckTracker","Highlight Path","Minty Spire (QoL Compilation)","Random Character Button","StSLib"],"gold_per_floor":[117,192,192,204,274,309,309,323,323,323,336,336,347,258,258,335,335,352,368,368,379,395,395,395,395],"floor_reached":24,"playtime":716,"items_purged":["Strike_R"],"score":446,"play_id":"f2b0fee1-750d-4b73-b7ae-88f393d59f8d","local_time":"20210106195431","is_ascension_mode":true,"campfire_choices":[{"data":"Bash","floor":7.0,"key":"SMITH"},{"data":"Clothesline","floor":10.0,"key":"SMITH"},{"data":"Metallicize","floor":12.0,"key":"SMITH"},{"data":"Cleave","floor":15.0,"key":"SMITH"},{"floor":23,"key":"REST"}],"circlet_count":0,"master_deck":["AscendersBane","Strike_R","Strike_R","Strike_R","Strike_R","Defend_R","Defend_R","Defend_R","Defend_R","Bash+1","Cleave+1","Clothesline+1","Metallicize+1","Warcry+1","Offering+1","Spot Weakness+1","Immolate","Burning Pact+1","Sentinel+1","True Grit+1","Evolve"],"relics":["Burning Blood","NeowsBlessing","Smiling Mask","Toxic Egg 2","Bag of Marbles","Ancient Tea Set","Mark of Pain","Dream Catcher"],"acts_visited":["Exordium","TheCity"],"potions_floor_usage":[21,21,24,24],"damage_taken":[{"damage":0.0,"enemies":"Small Slimes","floor":1.0,"turns":1.0},{"damage":0.0,"enemies":"Jaw Worm","floor":4.0,"turns":1.0},{"damage":0.0,"enemies":"Gremlin Nob","floor":6.0,"turns":1.0},{"damage":0.0,"enemies":"Cultist","floor":8.0,"turns":3.0},{"damage":4.0,"enemies":"Red Slaver","floor":11.0,"turns":2.0},{"damage":6.0,"enemies":"Lots of Slimes","floor":13.0,"turns":1.0},{"damage":37.0,"enemies":"The Guardian","floor":16.0,"turns":10.0},{"damage":22,"enemies":"Shell Parasite","floor":18,"turns":2},{"damage":17,"enemies":"Spheric Guardian","floor":19,"turns":3},{"damage":17,"enemies":"Centurion and Healer","floor":21,"turns":3},{"damage":26,"enemies":"Snake Plant","floor":22,"turns":4},{"damage":35,"enemies":"Gremlin Leader","floor":24,"turns":5}],"seed_played":"-8799497025179605868","potions_obtained":[{"floor":4.0,"key":"EntropicBrew"},{"floor":6.0,"key":"Fire Potion"},{"floor":22,"key":"BlessingOfTheForge"}],"is_trial":false,"path_per_floor":["M","?","?","M","T","E","R","M","T","R","M","R","M","$","R","B",null,"M","M","?","M","M","R","E"],"character_chosen":"IRONCLAD","items_purchased":["Spot Weakness+1"],"campfire_rested":1,"item_purchase_floors":[14],"current_hp_per_floor":[74,63,52,58,58,64,64,70,70,70,72,72,72,72,72,41,67,51,40,40,29,9,31,0,0],"gold":395,"neow_bonus":"THREE_ENEMY_KILL","is_daily":false,"chose_seed":false,"campfire_upgraded":4,"win_rate":0.0,"timestamp":1609930471,"path_taken":["M","?","?","M","?","E","R","M","T","R","M","R","?","$","R","BOSS","M","M","?","M","M","R","E"],"items_purchased_type":["Card"],"build_version":"2020-12-22","purchased_purges":1,"victory":false,"max_hp_per_floor":[75,75,75,75,75,75,75,75,75,75,75,75,75,75,75,75,75,75,75,75,75,75,75,75,75],"card_choices":[{"not_picked":["Clash","Perfected Strike"],"picked":"Cleave","floor":1.0},{"not_picked":["Dropkick","Cleave"],"picked":"Clothesline","floor":4.0},{"not_picked":["True Grit+1","Feel No Pain"],"picked":"Metallicize","floor":6.0},{"not_picked":["Body Slam","Dropkick"],"picked":"Warcry+1","floor":8.0},{"not_picked":["True Grit+1","Uppercut"],"picked":"Offering+1","floor":11.0},{"not_picked":["Clothesline","Wild Strike","Cleave"],"picked":"SKIP","floor":13.0},{"not_picked":["Corruption","Double Tap+1"],"picked":"Immolate","floor":16.0},{"not_picked":["Flex+1","Body Slam"],"picked":"Burning Pact+1","floor":18},{"not_picked":["Heavy Blade","Bludgeon","Searing Blow"],"picked":"SKIP","floor":19},{"not_picked":["Metallicize","Armaments+1"],"picked":"Sentinel+1","floor":21},{"not_picked":["Thunderclap+1","Flex+1"],"picked":"True Grit+1","floor":22},{"not_picked":["Flex+1","Pommel Strike"],"picked":"Evolve","floor":23}],"player_experience":1954021,"relics_obtained":[{"floor":5.0,"key":"Toxic Egg 2"},{"floor":6.0,"key":"Bag of Marbles"},{"floor":9.0,"key":"Ancient Tea Set"}],"event_choices":[{"damage_healed":0.0,"max_hp_gain":0.0,"max_hp_loss":0.0,"gold_gain":75.0,"event_name":"World of Goop","player_choice":"Gather Gold","floor":2.0,"gold_loss":0.0,"damage_taken":11.0},{"damage_healed":0.0,"max_hp_gain":0.0,"max_hp_loss":0.0,"gold_gain":0.0,"event_name":"Scrap Ooze","player_choice":"Success","floor":3.0,"gold_loss":0.0,"damage_taken":11.0,"relics_obtained":["Smiling Mask"]},{"damage_healed":0,"gold_gain":0,"player_choice":"Gave Potion","damage_taken":0,"relics_obtained":["Dream Catcher"],"max_hp_gain":0,"max_hp_loss":0,"event_name":"WeMeetAgain","floor":20,"gold_loss":0}],"is_beta":false,"boss_relics":[{"not_picked":["Ectoplasm","Black Star"],"picked":"Mark of Pain"}],"items_purged_floors":[14],"is_endless":false,"potions_floor_spawned":[4,6,8,22],"killed_by":"Gremlin Leader","ascension_level":20}}