{"host":"ecaj4hn004xnnrw9","time":1609901231,"event":{"mods":["AchievementEnabler","BaseMod","Hermit","Minty Spire (QoL Compilation)","Quick Restart","Replay The Spire","Shop Mod","StSLib","The Jungle"],"gold_per_floor":[110,110,35,35,35,64,82,108,132,144,144],"floor_reached":10,"playtime":303,"items_purged":["Strike_B"],"score":96,"play_id":"70b879b4-cb0c-4a9f-82a2-6e73d495c23b","local_time":"20210106024711","is_ascension_mode":true,"campfire_choices":[],"circlet_count":0,"master_deck":["Strike_B","Strike_B","Strike_B+1","Defend_B","Defend_B+1","Defend_B","Defend_B","Zap","Dualcast+1","Barrage","CommonCold","Static Discharge+1","Genetic Algorithm","ReplayGash","Gash"],"relics":["Black Star","ReplayTheSpireMod:CursedCoin","War Paint","CaptainsWheel","Snack Pack","ReplayTheSpireMod:Shallot","MawBank"],"acts_visited":["Exordium"],"potions_floor_usage":[10],"damage_taken":[{"damage":3,"enemies":"Jaw Worm","floor":1,"turns":4},{"damage":37,"enemies":"Gremlin Nob","floor":6,"turns":4},{"damage":5,"enemies":"2 Louse","floor":7,"turns":3},{"damage":22,"enemies":"Lagavulin","floor":8,"turns":7},{"damage":6,"enemies":"Gremlin Nob","floor":10,"turns":3}],"seed_played":"5742156555595037012","potions_obtained":[{"floor":7,"key":"PotionOfCapacity"},{"floor":8,"key":"Strength Potion"}],"is_trial":false,"path_per_floor":["M","?","$","?","?","E","M","E","T","E"],"character_chosen":"DEFECT","items_purchased":["ReplayTheSpireMod:CursedCoin","Static Discharge","Genetic Algorithm"],"campfire_rested":0,"item_purchase_floors":[3,3,3],"current_hp_per_floor":[65,65,65,70,70,33,28,6,6,0,0],"gold":144,"neow_bonus":"BOSS_RELIC","is_daily":false,"chose_seed":false,"campfire_upgraded":0,"win_rate":0.0,"timestamp":1609901231,"path_taken":["M","?","$","?","?","E","M","E","T","E"],"items_purchased_type":["Relic","Card","Card"],"build_version":"2020-12-22","purchased_purges":1,"victory":false,"max_hp_per_floor":[75,75,75,80,80,80,80,80,80,80,80],"card_choices":[{"not_picked":["Redo","Heatsinks"],"picked":"Barrage","floor":1},{"not_picked":["Compile Driver","Redo"],"picked":"ReplayGash","floor":6},{"not_picked":["Sweeping Beam","Ball Lightning"],"picked":"Gash","floor":7},{"not_picked":["ReplayTheSpireMod:Repulse","BasicCrystalCard","Multi-Cast"],"picked":"SKIP","floor":8}],"player_experience":230183,"relics_obtained":[{"floor":6,"key":"War Paint"},{"floor":6,"key":"CaptainsWheel"},{"floor":8,"key":"Snack Pack"},{"floor":8,"key":"ReplayTheSpireMod:Shallot"},{"floor":9,"key":"MawBank"}],"event_choices":[{"damage_healed":0,"gold_gain":0,"player_choice":"Donut","damage_taken":0,"max_hp_gain":5,"max_hp_loss":0,"event_name":"Big Fish","floor":4,"gold_loss":0},{"damage_healed":0,"gold_gain":0,"player_choice":"Upgraded","damage_taken":0,"max_hp_gain":0,"max_hp_loss":0,"event_name":"Upgrade Shrine","floor":5,"gold_loss":0,"cards_upgraded":["Static Discharge"]}],"is_beta":false,"boss_relics":[],"items_purged_floors":[3],"is_endless":false,"potions_floor_spawned":[7,8],"killed_by":"Gremlin Nob","ascension_level":6}}