{"host":"6ld56ls1xbe0aj21","time":1609913984,"event":{"mods":["AchievementEnabler","BaseMod","Colored Powertips","Minty Spire (QoL Compilation)","Quick Restart","Rare Cards Sparkle","StSLib","SuperFastMode","everything is the same but u backflip on backflip","slay the spire mod where everything is the same but ironclad has a cowboy hat"],"gold_per_floor":[111,111,39,39,214,241,260,288,335,335,335,31,62,85,97,209,221,220,32,45,64,82,82,112,112,112,123,31,31,31],"floor_reached":29,"playtime":820,"items_purged":["Doubt"],"score":415,"play_id":"0dfa84ad-245a-49e5-a80a-9b05b6d112b3","local_time":"20210106171944","is_ascension_mode":true,"campfire_choices":[{"data":"Combust","floor":10.0,"key":"SMITH"},{"floor":15.0,"key":"REST"},{"floor":23,"key":"REST"},{"data":"Apotheosis","floor":25,"key":"SMITH"}],"circlet_count":0,"master_deck":["Strike_R","Strike_R","Strike_R","Strike_R","Defend_R","Defend_R","Defend_R","Defend_R","Bash","Shrug It Off","Combust+1","Combust+1","Rupture+1","Apotheosis+1","Brutality","Pommel Strike","Demon Form","Twin Strike+1","Rupture","Impervious","Second Wind+1","Anger+1","Sword Boomerang+1","Sword Boomerang+1","Master of Strategy"],"relics":["Black Blood","NeowsBlessing","Dream Catcher","Darkstone Periapt","Self Forming Clay","Regal Pillow","Membership Card","Bronze Scales","MawBank","Molten Egg 2","PreservedInsect","Lantern"],"acts_visited":["Exordium","TheCity"],"potions_floor_usage":[18,24,29],"damage_taken":[{"damage":0.0,"enemies":"Small Slimes","floor":1.0,"turns":1.0},{"damage":0.0,"enemies":"Lagavulin","floor":6.0,"turns":1.0},{"damage":0.0,"enemies":"2 Louse","floor":7.0,"turns":1.0},{"damage":28.0,"enemies":"3 Sentries","floor":8.0,"turns":4.0},{"damage":47.0,"enemies":"Gremlin Nob","floor":13.0,"turns":5.0},{"damage":6.0,"enemies":"Jaw Worm","floor":14.0,"turns":4.0},{"damage":15.0,"enemies":"The Guardian","floor":16.0,"turns":6.0},{"damage":13,"enemies":"2 Thieves","floor":18,"turns":4},{"damage":24,"enemies":"Shell Parasite","floor":20,"turns":5},{"damage":35,"enemies":"Shelled Parasite and Fungi","floor":21,"turns":5},{"damage":12,"enemies":"3 Cultists","floor":22,"turns":4},{"damage":38,"enemies":"Book of Stabbing","floor":24,"turns":5},{"damage":34,"enemies":"Snecko","floor":27,"turns":5},{"damage":30,"enemies":"Masked Bandits","floor":29,"turns":2}],"seed_played":"-5248478383276977369","potions_obtained":[{"floor":1.0,"key":"EntropicBrew"},{"floor":8.0,"key":"SneckoOil"},{"floor":14.0,"key":"SpeedPotion"},{"floor":16.0,"key":"HeartOfIron"},{"floor":22,"key":"Strength Potion"},{"floor":24,"key":"Dexterity Potion"}],"is_trial":false,"path_per_floor":["M","?","$","?","?","E","M","E","T","R","?","$","E","M","R","B",null,"M","$","M","M","M","R","E","R","T","M","$","?"],"character_chosen":"IRONCLAD","items_purchased":["Combust","Membership Card","Bronze Scales","Apotheosis","Molten Egg 2","Rupture","Master of Strategy"],"campfire_rested":2,"item_purchase_floors":[3,12,12,12,19,19,28],"current_hp_per_floor":[78,71,71,64,64,70,76,66,66,66,50,50,9,9,48,39,70,69,69,57,34,34,73,47,47,47,25,25,0,0],"gold":31,"neow_bonus":"THREE_ENEMY_KILL","is_daily":false,"chose_seed":false,"campfire_upgraded":2,"win_rate":0.0,"timestamp":1609913984,"path_taken":["M","?","$","?","?","E","M","E","T","R","?","$","E","?","R","BOSS","M","$","?","M","M","R","E","R","T","M","$","?"],"items_purchased_type":["Card","Relic","Relic","Card","Relic","Card","Card"],"build_version":"2020-12-22","purchased_purges":1,"victory":false,"max_hp_per_floor":[80,80,80,80,80,80,80,80,80,80,80,80,80,80,80,80,80,80,80,80,80,80,80,80,80,80,80,80,80,80],"card_choices":[{"not_picked":["Dual Wield","Havoc"],"picked":"Shrug It Off","floor":1.0},{"not_picked":["Burning Pact","Rampage"],"picked":"Combust","floor":6.0},{"not_picked":["Perfected Strike","Clash","Flex"],"picked":"SKIP","floor":7.0},{"not_picked":["Ghostly Armor","Twin Strike"],"picked":"Rupture","floor":8.0},{"not_picked":["Whirlwind","Clothesline"],"picked":"Brutality","floor":13.0},{"not_picked":["Anger","Intimidate"],"picked":"Pommel Strike","floor":14.0},{"not_picked":["Feed","Double Tap"],"picked":"Demon Form","floor":16.0},{"not_picked":["Cleave","Perfected Strike"],"picked":"Twin Strike+1","floor":18},{"not_picked":["Iron Wave+1","Perfected Strike+1","Body Slam+1"],"picked":"SKIP","floor":20},{"not_picked":["Wild Strike+1","Perfected Strike+1"],"picked":"Impervious","floor":21},{"not_picked":["Fire Breathing+1","True Grit"],"picked":"Second Wind+1","floor":22},{"not_picked":["Clash+1","Combust+1"],"picked":"Anger+1","floor":23},{"not_picked":["Thunderclap+1","Uppercut+1"],"picked":"Sword Boomerang+1","floor":24},{"not_picked":["Wild Strike+1","True Grit"],"picked":"Sword Boomerang+1","floor":27}],"player_experience":285118,"relics_obtained":[{"floor":6.0,"key":"Darkstone Periapt"},{"floor":8.0,"key":"Self Forming Clay"},{"floor":9.0,"key":"Regal Pillow"},{"floor":13.0,"key":"MawBank"},{"floor":24,"key":"PreservedInsect"},{"floor":26,"key":"Lantern"}],"event_choices":[{"cards_removed":["Strike_R"],"damage_healed":0.0,"max_hp_gain":0.0,"max_hp_loss":0.0,"gold_gain":0.0,"event_name":"Golden Wing","player_choice":"Card Removal","floor":2.0,"gold_loss":0.0,"damage_taken":7.0},{"damage_healed":0.0,"max_hp_gain":0.0,"max_hp_loss":0.0,"gold_gain":0.0,"event_name":"Scrap Ooze","player_choice":"Success","floor":4.0,"gold_loss":0.0,"damage_taken":7.0,"relics_obtained":["Dream Catcher"]},{"damage_healed":0.0,"max_hp_gain":0.0,"max_hp_loss":0.0,"gold_gain":175.0,"event_name":"Liars Game","player_choice":"AGREE","floor":5.0,"gold_loss":0.0,"damage_taken":0.0,"cards_obtained":["Doubt"]},{"damage_healed":0.0,"max_hp_gain":0.0,"max_hp_loss":0.0,"gold_gain":0.0,"event_name":"Shining Light","player_choice":"Entered Light","floor":11.0,"gold_loss":0.0,"damage_taken":16.0,"cards_upgraded":["Combust","Rupture"]},{"damage_healed":0,"gold_gain":0,"player_choice":"Fought Bandits","damage_taken":0,"max_hp_gain":0,"max_hp_loss":0,"event_name":"Masked Bandits","floor":29,"gold_loss":0}],"is_beta":false,"boss_relics":[{"not_picked":["SlaversCollar","Runic Cube"],"picked":"Black Blood"}],"items_purged_floors":[19],"is_endless":false,"potions_floor_spawned":[1,8,14,16,22,24],"killed_by":"Masked Bandits","ascension_level":9}}