{"host":"9w1j3v3kvq5208ps","time":1609917598,"event":{"mods":["2.2 Compatiblity","BaseMod","CapriCore","Colored Map","DeckTracker","Highlight Path","Keyboard Shortcuts","Minty Spire (QoL Compilation)","Permanent Neow","Quick Restart","StSLib","SuperFastMode","The Immortal","everything is the same but u backflip on backflip"],"gold_per_floor":[116,136,13,24,43,43,56,71,94,94,44,59,75,89,89,184,184,200,219,233,246,246,36,36,36,60,60,77,93,125,152,164,273,285,313,120,120,85,105,105,134,134,134,147,147,147,165,0,0,0],"floor_reached":51,"playtime":2773,"items_purged":["Strike_R","Strike_R"],"score":762,"play_id":"2860d743-d389-4212-81f7-333b49922346","local_time":"20210106161958","is_ascension_mode":true,"campfire_choices":[{"data":"Fire Breathing","floor":6,"key":"SMITH"},{"data":"True Grit","floor":10,"key":"SMITH"},{"data":"Reckless Charge","floor":15,"key":"SMITH"},{"floor":24,"key":"REST"},{"data":"Power Through","floor":27,"key":"SMITH"},{"floor":32,"key":"REST"},{"data":"Barricade","floor":40,"key":"SMITH"},{"floor":42,"key":"REST"},{"data":"Evolve","floor":46,"key":"SMITH"},{"data":"Shockwave","floor":49,"key":"SMITH"}],"circlet_count":0,"master_deck":["Defend_R","Defend_R","Bash","Reckless Charge+1","True Grit+1","Fire Breathing+1","Shrug It Off","Armaments","Body Slam","Impervious","Barricade+1","CurseOfTheBell","Cleave+1","Dark Embrace+1","Shockwave+1","Power Through+1","Feel No Pain","Second Wind","Shrug It Off","Blood for Blood","Havoc+1","Reaper","Power Through+1","Shrug It Off+1","Flex+1","Intimidate+1","Pommel Strike","Madness","Madness","Evolve+1","Hemokinesis+1","Infernal Blade+1","Offering","Second Wind+1"],"relics":["Burning Blood","Lantern","Calling Bell","Dream Catcher","Letter Opener","Lizard Tail","Enchiridion","Orichalcum","MawBank","Astrolabe","Bag of Marbles","Blood Vial","Vajra","Red Mask"],"acts_visited":["Exordium","TheCity","TheBeyond"],"potions_floor_usage":[7,16,18,19,20,29,31,41,41,44],"damage_taken":[{"damage":8,"enemies":"Jaw Worm","floor":1,"turns":4},{"damage":8,"enemies":"2 Louse","floor":2,"turns":2},{"damage":0,"enemies":"Cultist","floor":4,"turns":3},{"damage":10,"enemies":"Lots of Slimes","floor":5,"turns":3},{"damage":1,"enemies":"3 Louse","floor":7,"turns":2},{"damage":0,"enemies":"2 Fungi Beasts","floor":8,"turns":4},{"damage":3,"enemies":"Looter","floor":12,"turns":3},{"damage":9,"enemies":"Large Slime","floor":13,"turns":5},{"damage":10,"enemies":"3 Louse","floor":14,"turns":3},{"damage":1,"enemies":"Slime Boss","floor":16,"turns":7},{"damage":18,"enemies":"Spheric Guardian","floor":18,"turns":6},{"damage":0,"enemies":"Shell Parasite","floor":19,"turns":6},{"damage":25,"enemies":"Centurion and Healer","floor":20,"turns":8},{"damage":24,"enemies":"Cultist and Chosen","floor":21,"turns":5},{"damage":34,"enemies":"Snake Plant","floor":28,"turns":6},{"damage":13,"enemies":"Centurion and Healer","floor":29,"turns":7},{"damage":58,"enemies":"Gremlin Leader","floor":30,"turns":8},{"damage":7,"enemies":"Snecko","floor":31,"turns":7},{"damage":24,"enemies":"Collector","floor":33,"turns":11},{"damage":8,"enemies":"3 Darklings","floor":35,"turns":7},{"damage":0,"enemies":"3 Shapes","floor":39,"turns":3},{"damage":76,"enemies":"Reptomancer","floor":41,"turns":9},{"damage":27,"enemies":"3 Darklings","floor":44,"turns":6},{"damage":6,"enemies":"Maw","floor":47,"turns":6},{"damage":39,"enemies":"Donu and Deca","floor":50,"turns":7}],"seed_played":"-3397948194537668556","potions_obtained":[{"floor":1,"key":"Swift Potion"},{"floor":2,"key":"SpeedPotion"},{"floor":4,"key":"DistilledChaos"},{"floor":12,"key":"Swift Potion"},{"floor":16,"key":"ColorlessPotion"},{"floor":18,"key":"Fire Potion"},{"floor":28,"key":"DistilledChaos"},{"floor":30,"key":"DuplicationPotion"},{"floor":33,"key":"FearPotion"},{"floor":35,"key":"Regen Potion"},{"floor":41,"key":"HeartOfIron"}],"is_trial":false,"path_per_floor":["M","M","$","M","M","R","M","M","T","R","?","M","M","M","R","B",null,"M","M","M","M","?","$","R","?","T","R","M","M","E","M","R","B",null,"M","$","?","$","M","R","E","R","T","M","?","R","M","?","R","B",null],"character_chosen":"IRONCLAD","items_purchased":["True Grit","Power Through","Feel No Pain","Bag of Marbles","Pommel Strike","Evolve"],"campfire_rested":3,"item_purchase_floors":[3,23,23,36,36,38],"current_hp_per_floor":[78,76,76,80,76,76,80,80,80,80,80,80,77,73,73,78,80,68,74,55,37,21,21,45,71,71,71,43,36,26,25,49,31,80,80,80,70,70,76,76,24,48,48,29,70,70,70,70,70,37],"gold":0,"neow_bonus":"REMOVE_CARD","is_daily":false,"chose_seed":false,"campfire_upgraded":7,"win_rate":0.0,"timestamp":1609917598,"path_taken":["M","M","$","M","M","R","M","M","T","R","?","M","M","M","R","BOSS","M","M","M","M","?","$","R","?","T","R","M","M","E","M","R","BOSS","M","$","?","$","M","R","E","R","T","M","?","R","M","?","R","BOSS"],"items_purchased_type":["Card","Card","Card","Relic","Card","Card"],"build_version":"2020-12-22","purchased_purges":2,"victory":true,"max_hp_per_floor":[80,80,80,80,80,80,80,80,80,80,80,80,80,80,80,80,80,80,80,80,80,80,80,80,80,80,80,80,80,80,80,80,80,80,80,80,80,80,80,80,80,80,80,80,70,70,70,70,70,70],"card_choices":[{"not_picked":["Entrench","Heavy Blade"],"picked":"Reckless Charge","floor":1},{"not_picked":["Clothesline","Flex","Anger"],"picked":"SKIP","floor":2},{"not_picked":["Havoc","Searing Blow"],"picked":"Fire Breathing","floor":4},{"not_picked":["Rupture","Armaments"],"picked":"Shrug It Off","floor":5},{"not_picked":["Flame Barrier","Seeing Red"],"picked":"Armaments","floor":7},{"not_picked":["True Grit","Sword Boomerang"],"picked":"Body Slam","floor":8},{"not_picked":["Headbutt","Twin Strike","Fire Breathing"],"picked":"SKIP","floor":12},{"not_picked":["Rupture","Flame Barrier","Metallicize"],"picked":"SKIP","floor":13},{"not_picked":["Rupture","Flame Barrier","Metallicize"],"picked":"SKIP","floor":13},{"not_picked":["Body Slam","Havoc"],"picked":"Impervious","floor":14},{"not_picked":["Brutality","Fiend Fire"],"picked":"Barricade","floor":16},{"not_picked":["Havoc","Sword Boomerang"],"picked":"Cleave+1","floor":18},{"not_picked":["Fire Breathing+1","Inflame"],"picked":"Dark Embrace+1","floor":19},{"not_picked":["Havoc","Uppercut"],"picked":"Shockwave","floor":20},{"not_picked":["Cleave","Sword Boomerang","Perfected Strike"],"picked":"SKIP","floor":21},{"not_picked":["Clash+1","Armaments"],"picked":"Second Wind","floor":24},{"not_picked":["Clash","Rage","Iron Wave"],"picked":"SKIP","floor":28},{"not_picked":["Sentinel","Ghostly Armor"],"picked":"Shrug It Off","floor":29},{"not_picked":["Cleave+1","Barricade"],"picked":"Blood for Blood","floor":30},{"not_picked":["Shockwave","Thunderclap"],"picked":"Havoc+1","floor":31},{"not_picked":["Berserk","Double Tap"],"picked":"Reaper","floor":33},{"not_picked":["Warcry","Thunderclap+1"],"picked":"Intimidate+1","floor":35},{"not_picked":["Sword Boomerang+1","Cleave","Iron Wave"],"picked":"SKIP","floor":39},{"not_picked":["Heavy Blade+1","True Grit+1"],"picked":"Hemokinesis+1","floor":41},{"not_picked":["Iron Wave+1","Cleave+1"],"picked":"Infernal Blade+1","floor":42},{"not_picked":["Pommel Strike","Clash+1"],"picked":"Offering","floor":44},{"not_picked":["Iron Wave","Sword Boomerang"],"picked":"Second Wind+1","floor":47}],"player_experience":217487,"relics_obtained":[{"floor":9,"key":"Lantern"},{"floor":17,"key":"Dream Catcher"},{"floor":17,"key":"Letter Opener"},{"floor":17,"key":"Lizard Tail"},{"floor":22,"key":"Enchiridion"},{"floor":26,"key":"Orichalcum"},{"floor":30,"key":"MawBank"},{"floor":41,"key":"Blood Vial"},{"floor":43,"key":"Vajra"}],"event_choices":[{"cards_removed":["Strike_R"],"damage_healed":0,"gold_gain":0,"player_choice":"Card Removal","damage_taken":0,"max_hp_gain":0,"max_hp_loss":0,"event_name":"The Cleric","floor":11,"gold_loss":50},{"damage_healed":0,"gold_gain":0,"player_choice":"Obtained Book","damage_taken":16,"max_hp_gain":0,"max_hp_loss":0,"event_name":"Cursed Tome","floor":22,"gold_loss":0},{"damage_healed":26,"gold_gain":0,"player_choice":"Heal","damage_taken":0,"max_hp_gain":0,"max_hp_loss":0,"event_name":"The Library","floor":25,"gold_loss":0},{"damage_healed":0,"gold_gain":0,"player_choice":"Embrace Madness","damage_taken":10,"max_hp_gain":0,"max_hp_loss":0,"event_name":"Winding Halls","floor":37,"gold_loss":0,"cards_obtained":["Madness","Madness"]},{"damage_healed":70,"gold_gain":0,"player_choice":"Heal","damage_taken":0,"max_hp_gain":0,"max_hp_loss":10,"event_name":"The Moai Head","floor":45,"gold_loss":0},{"damage_healed":0,"gold_gain":0,"player_choice":"Paid","damage_taken":0,"relics_obtained":["Red Mask"],"max_hp_gain":0,"max_hp_loss":0,"event_name":"Tomb of Lord Red Mask","floor":48,"gold_loss":165}],"is_beta":false,"boss_relics":[{"not_picked":["SlaversCollar","Snecko Eye"],"picked":"Calling Bell"},{"not_picked":["Runic Pyramid","Black Star"],"picked":"Astrolabe"}],"items_purged_floors":[3,23],"is_endless":false,"potions_floor_spawned":[1,2,4,12,16,18,28,30,33,35,39,41],"ascension_level":2}}