{"host":"ravx05nawt015nhw","time":1609917929,"event":{"mods":["Astrologer","BaseMod","Hermit","Minty Spire (QoL Compilation)","StSLib","The Cursed"],"gold_per_floor":[367,542,558,568,63,91,91,91,91,91,110,143,108,122,122,223,223,236,236,236,252,103,103,434,139,139,139,88,188,188,203,203,298,298,308,318,28,28,46,46,76,88,137,172,206,217,217,233,233,233],"floor_reached":51,"playtime":3709,"items_purged":["Doubt"],"score":863,"play_id":"46d0013b-11bf-4b4e-bfc4-e83678a94454","local_time":"20210105232529","is_ascension_mode":false,"campfire_choices":[{"data":"hermit:TakeCover","floor":10,"key":"SMITH"},{"data":"hermit:LoneWolf","floor":15,"key":"SMITH"},{"data":"hermit:Maintenance","floor":23,"key":"SMITH"},{"data":"hermit:HighCaliber","floor":27,"key":"SMITH"},{"floor":30,"key":"REST"},{"data":"hermit:BlackWind","floor":32,"key":"SMITH"},{"floor":40,"key":"REST"},{"floor":47,"key":"REST"},{"data":"hermit:TakeCover","floor":49,"key":"SMITH"}],"circlet_count":0,"master_deck":["hermit:Strike_Hermit","hermit:Strike_Hermit","hermit:Strike_Hermit","hermit:Strike_Hermit","hermit:Defend_Hermit","hermit:Defend_Hermit","hermit:Defend_Hermit","hermit:Defend_Hermit","hermit:Snapshot","hermit:Covet","hermit:TakeCover+1","hermit:Shortfuse","hermit:LoneWolf+1","hermit:RoundhouseKick","hermit:RoundhouseKick","hermit:Maintenance+1","hermit:Maintenance+1","hermit:BlackWind+1","hermit:HighCaliber+1","hermit:Coalescence","hermit:Shortfuse","hermit:HighNoon","hermit:Maintenance+1","hermit:BigShot","hermit:Maintenance+1","hermit:HeroicBravado","hermit:GhostlyPresence","hermit:TakeCover+1"],"relics":["hermit:Momento","ClockworkSouvenir","Dead Branch","Peace Pipe","Omamori","Question Card","Pocketwatch","Cursed Key","Nilry\u0027s Codex","Blood Vial","Old Coin","hermit:Horseshoe","Nunchaku","WingedGreaves","Blue Candle","SlaversCollar","Chemical X","Bronze Scales","Akabeko","Anchor","Turnip","Happy Flower"],"acts_visited":["Exordium","TheCity","TheBeyond"],"potions_floor_usage":[12,16,16,21,33,44,44,45,46,50],"damage_taken":[{"damage":2,"enemies":"2 Louse","floor":1,"turns":2},{"damage":0,"enemies":"Small Slimes","floor":3,"turns":3},{"damage":3,"enemies":"Jaw Worm","floor":4,"turns":4},{"damage":18,"enemies":"3 Sentries","floor":6,"turns":9},{"damage":2,"enemies":"Blue Slaver","floor":11,"turns":2},{"damage":0,"enemies":"Gremlin Nob","floor":12,"turns":3},{"damage":0,"enemies":"Exordium Wildlife","floor":14,"turns":3},{"damage":0,"enemies":"Slime Boss","floor":16,"turns":4},{"damage":11,"enemies":"Shell Parasite","floor":18,"turns":5},{"damage":2,"enemies":"3 Byrds","floor":21,"turns":7},{"damage":22,"enemies":"Slavers","floor":24,"turns":5},{"damage":21,"enemies":"Colosseum Slavers","floor":29,"turns":5},{"damage":1,"enemies":"Colosseum Nobs","floor":29,"turns":4},{"damage":4,"enemies":"Sentry and Sphere","floor":31,"turns":4},{"damage":23,"enemies":"Collector","floor":33,"turns":9},{"damage":6,"enemies":"Orb Walker","floor":35,"turns":4},{"damage":27,"enemies":"3 Darklings","floor":36,"turns":5},{"damage":26,"enemies":"Maw","floor":39,"turns":7},{"damage":10,"enemies":"Giant Head","floor":41,"turns":8},{"damage":0,"enemies":"Jaw Worm Horde","floor":42,"turns":4},{"damage":12,"enemies":"Reptomancer","floor":44,"turns":6},{"damage":0,"enemies":"Giant Head","floor":45,"turns":9},{"damage":14,"enemies":"Transient","floor":46,"turns":5},{"damage":1,"enemies":"Spire Growth","floor":48,"turns":5},{"damage":37,"enemies":"Time Eater","floor":50,"turns":13}],"seed_played":"-2198383249863550284","potions_obtained":[{"floor":4,"key":"AttackPotion"},{"floor":11,"key":"SkillPotion"},{"floor":12,"key":"AttackPotion"},{"floor":14,"key":"SteroidPotion"},{"floor":29,"key":"Strength Potion"},{"floor":33,"key":"ColorlessPotion"},{"floor":35,"key":"LiquidBronze"},{"floor":39,"key":"Energy Potion"},{"floor":44,"key":"LiquidMemories"},{"floor":45,"key":"DistilledChaos"},{"floor":48,"key":"hermit:BlackBile"}],"is_trial":false,"path_per_floor":["M","?","M","M","$","E","?","?","T","R","M","E","?","M","R","B",null,"M","?","?","M","$","R","E","$","T","R","$","?","R","M","R","B",null,"M","M","$","?","M","R","E","M","T","E","E","M","R","M","R","B",null],"character_chosen":"HERMIT","items_purchased":["ClockworkSouvenir","Dead Branch","Blood Vial","hermit:Horseshoe","hermit:HighCaliber","hermit:Coalescence","Chemical X","Bronze Scales"],"campfire_rested":3,"item_purchase_floors":[5,5,22,25,25,28,37,37],"current_hp_per_floor":[52,52,52,49,49,31,31,31,31,31,29,29,47,47,47,47,75,64,48,48,46,46,46,26,26,26,26,26,8,30,28,28,7,75,69,44,44,44,20,42,34,36,36,26,28,16,38,39,39,4],"gold":233,"neow_bonus":"TWO_FIFTY_GOLD","is_daily":false,"chose_seed":false,"campfire_upgraded":6,"win_rate":0.0,"timestamp":1609917929,"path_taken":["M","?","M","M","$","E","?","?","T","R","M","E","?","M","R","BOSS","M","?","?","M","?","R","E","$","T","R","$","?","R","M","R","BOSS","M","M","$","?","M","R","E","M","T","E","E","?","R","M","R","BOSS"],"items_purchased_type":["Relic","Relic","Relic","Relic","Card","Card","Relic","Relic"],"build_version":"2020-12-22","purchased_purges":1,"victory":true,"max_hp_per_floor":[75,75,75,75,75,75,75,75,75,75,75,75,75,75,75,75,75,75,75,75,75,75,75,75,75,75,75,75,75,75,75,75,75,75,75,75,75,75,75,75,75,75,75,75,75,75,75,75,75,75],"card_choices":[{"not_picked":["hermit:HoleUp","hermit:EyeOfTheStorm"],"picked":"hermit:TakeCover","floor":1},{"not_picked":["hermit:TakeCover","hermit:BodyArmor"],"picked":"hermit:Shortfuse","floor":3},{"not_picked":["hermit:Scavenge","hermit:TrackingShot","hermit:LuckOfTheDraw"],"picked":"SKIP","floor":4},{"not_picked":["hermit:Manifest","hermit:BodyArmor","hermit:Scavenge"],"picked":"SKIP","floor":6},{"not_picked":["hermit:BodyArmor","hermit:Ricochet","hermit:Dive"],"picked":"hermit:LoneWolf","floor":11},{"not_picked":["hermit:Scavenge","hermit:GoldenBullet","hermit:Vantage"],"picked":"hermit:RoundhouseKick","floor":12},{"not_picked":["hermit:DeadMansHand","hermit:EyeOfTheStorm","hermit:TakeAim","hermit:Roulette"],"picked":"SKIP","floor":14},{"not_picked":["hermit:Gambit","hermit:FromBeyond","hermit:DeadOrAlive"],"picked":"hermit:RoundhouseKick","floor":16},{"not_picked":["hermit:Misfire+1","hermit:Desperado","hermit:TakeAim+1"],"picked":"hermit:Snipe","floor":18},{"not_picked":["hermit:Grudge","hermit:Desperado","hermit:HighCaliber"],"picked":"hermit:Maintenance+1","floor":21},{"not_picked":["hermit:Glare","hermit:Showdown","hermit:CursedWeapon+1"],"picked":"hermit:BlackWind","floor":24},{"not_picked":["hermit:Roulette","hermit:Brawl","hermit:Dive"],"picked":"hermit:Shortfuse","floor":29},{"not_picked":["hermit:Determination","hermit:ItchyTrigger","hermit:Coalescence","hermit:Glare"],"picked":"SKIP","floor":31},{"not_picked":["hermit:BlackWind","hermit:FinalCanter","hermit:Gambit"],"picked":"hermit:HighNoon","floor":33},{"not_picked":["hermit:Virtue+1","hermit:Quickdraw","hermit:Feint+1"],"picked":"hermit:Maintenance+1","floor":35},{"not_picked":["hermit:Vantage","hermit:Cheat+1","hermit:Enervate","hermit:Manifest"],"picked":"SKIP","floor":36},{"not_picked":["hermit:HoleUp","hermit:Quickdraw","hermit:Cheat+1"],"picked":"hermit:Maintenance+1","floor":39},{"not_picked":["hermit:Desperado","hermit:CalledShot","hermit:Vantage","hermit:WideOpen+1"],"picked":"SKIP","floor":41},{"not_picked":["hermit:Manifest","hermit:Midnight+1","hermit:HighCaliber","hermit:Headshot"],"picked":"SKIP","floor":42},{"not_picked":["hermit:GhostlyPresence","hermit:Gestalt+1","hermit:Headshot+1"],"picked":"hermit:HeroicBravado","floor":44},{"not_picked":["hermit:SprayPray+1","hermit:Vantage","hermit:BodyArmor"],"picked":"hermit:GhostlyPresence","floor":45},{"not_picked":["hermit:DeadMansHand","hermit:WideOpen+1","hermit:Quickdraw+1","hermit:Vantage"],"picked":"SKIP","floor":46},{"not_picked":["hermit:Ricochet","hermit:Quickdraw","hermit:FatalDesire"],"picked":"hermit:TakeCover","floor":48}],"player_experience":1072045,"relics_obtained":[{"floor":6,"key":"Peace Pipe"},{"floor":9,"key":"Question Card"},{"floor":12,"key":"Pocketwatch"},{"floor":19,"key":"Nilry\u0027s Codex"},{"floor":24,"key":"Old Coin"},{"floor":26,"key":"Nunchaku"},{"floor":29,"key":"WingedGreaves"},{"floor":29,"key":"Blue Candle"},{"floor":41,"key":"Akabeko"},{"floor":43,"key":"Anchor"},{"floor":44,"key":"Turnip"},{"floor":45,"key":"Happy Flower"}],"event_choices":[{"damage_healed":0,"gold_gain":175,"player_choice":"AGREE","damage_taken":0,"max_hp_gain":0,"max_hp_loss":0,"event_name":"Liars Game","floor":2,"gold_loss":0,"cards_obtained":["Doubt"]},{"damage_healed":0,"gold_gain":0,"player_choice":"Box","damage_taken":0,"relics_obtained":["Omamori"],"max_hp_gain":0,"max_hp_loss":0,"event_name":"Big Fish","floor":7,"gold_loss":0,"cards_obtained":["Regret"]},{"cards_removed":["Regret"],"damage_healed":0,"gold_gain":0,"player_choice":"Forget","damage_taken":0,"max_hp_gain":0,"max_hp_loss":0,"event_name":"Living Wall","floor":8,"gold_loss":0},{"damage_healed":18,"gold_gain":0,"player_choice":"Healed","damage_taken":0,"max_hp_gain":0,"max_hp_loss":0,"event_name":"The Cleric","floor":13,"gold_loss":35},{"damage_healed":0,"gold_gain":0,"player_choice":"Obtained Book","damage_taken":16,"max_hp_gain":0,"max_hp_loss":0,"event_name":"Cursed Tome","floor":19,"gold_loss":0},{"damage_healed":0,"gold_gain":0,"player_choice":"Read","damage_taken":0,"max_hp_gain":0,"max_hp_loss":0,"event_name":"The Library","floor":20,"gold_loss":0,"cards_obtained":["hermit:Maintenance"]},{"damage_healed":0,"gold_gain":0,"player_choice":"Fight","damage_taken":0,"max_hp_gain":0,"max_hp_loss":0,"event_name":"Colosseum","floor":29,"gold_loss":0},{"damage_healed":0,"gold_gain":0,"player_choice":"Fought Nobs","damage_taken":0,"max_hp_gain":0,"max_hp_loss":0,"event_name":"Colosseum","floor":29,"gold_loss":0},{"damage_healed":0,"gold_gain":0,"cards_transformed":["hermit:Snipe"],"player_choice":"Transformed","damage_taken":0,"max_hp_gain":0,"max_hp_loss":0,"event_name":"Transmorgrifier","floor":38,"gold_loss":0,"cards_obtained":["hermit:BigShot"]}],"is_beta":false,"boss_relics":[{"not_picked":["Empty Cage","Philosopher\u0027s Stone"],"picked":"Cursed Key"},{"not_picked":["Black Star","hermit:BartenderGlass"],"picked":"SlaversCollar"}],"items_purged_floors":[5],"is_endless":false,"potions_floor_spawned":[4,11,12,14,29,29,33,35,39,44,45,48],"ascension_level":0}}