{"host":"k85tjwrh7mjrrc9a","time":1609962123,"event":{"mods":["AchievementEnabler","BaseMod","Colored Powertips","Highlight Path","Minty Spire (QoL Compilation)","Rare Cards Sparkle","StSLib"],"gold_per_floor":[116,116,130,148,148,148,162,262,287,322,352,302,302,322,322,418,418,418,418,418,418,418,418],"floor_reached":22,"playtime":1716,"items_purged":[],"score":188,"play_id":"d80442e9-6032-4bca-8c2b-c140746141f8","local_time":"20210106144203","is_ascension_mode":false,"campfire_choices":[{"data":"Collect","floor":6,"key":"SMITH"},{"floor":13,"key":"REST"},{"data":"Adaptation","floor":15,"key":"SMITH"}],"circlet_count":0,"master_deck":["Strike_P","Strike_P","Defend_P","Defend_P","Defend_P","Defend_P+1","Eruption+1","Vigilance+1","Vengeance","Collect+1","EmptyBody","ConjureBlade","PathToVictory","Adaptation+1","Establishment","Crescendo","WreathOfFlame"],"relics":["PureWater","War Paint","Boot","Ectoplasm"],"acts_visited":["Exordium","TheCity"],"potions_floor_usage":[10,11,21,21],"damage_taken":[{"damage":0,"enemies":"Small Slimes","floor":1,"turns":2},{"damage":0,"enemies":"Cultist","floor":3,"turns":3},{"damage":12,"enemies":"Jaw Worm","floor":4,"turns":4},{"damage":15,"enemies":"Blue Slaver","floor":7,"turns":6},{"damage":1,"enemies":"Gremlin Gang","floor":10,"turns":5},{"damage":33,"enemies":"3 Sentries","floor":11,"turns":11},{"damage":0,"enemies":"Large Slime","floor":14,"turns":2},{"damage":32,"enemies":"The Guardian","floor":16,"turns":10},{"damage":23,"enemies":"Spheric Guardian","floor":18,"turns":7},{"damage":7,"enemies":"Shell Parasite","floor":19,"turns":7},{"damage":28,"enemies":"Cultist and Chosen","floor":21,"turns":6}],"seed_played":"4697791733887199270","potions_obtained":[{"floor":2,"key":"LiquidMemories"},{"floor":2,"key":"Regen Potion"},{"floor":2,"key":"ColorlessPotion"},{"floor":11,"key":"Fire Potion"},{"floor":14,"key":"Weak Potion"},{"floor":21,"key":"PowerPotion"}],"is_trial":false,"path_per_floor":["M","?","M","M","?","R","M","?","T","M","E","?","R","M","R","B",null,"M","M","?","M","?"],"character_chosen":"WATCHER","items_purchased":[],"campfire_rested":1,"item_purchase_floors":[],"current_hp_per_floor":[72,72,72,60,60,60,45,45,45,44,26,26,47,47,47,15,72,49,42,42,14,0,0],"gold":418,"neow_bonus":"UPGRADE_CARD","is_daily":false,"chose_seed":false,"campfire_upgraded":2,"win_rate":0.0,"timestamp":1609962123,"path_taken":["M","?","M","?","?","R","M","?","T","?","E","?","R","M","R","BOSS","M","M","?","?","?"],"items_purchased_type":[],"build_version":"2020-12-22","purchased_purges":0,"victory":false,"max_hp_per_floor":[72,72,72,72,72,72,72,72,72,72,72,72,72,72,72,72,72,72,72,72,72,72,72],"card_choices":[{"not_picked":["Consecrate","Protect"],"picked":"Vengeance","floor":1},{"not_picked":["JustLucky","Fasting2"],"picked":"Collect","floor":3},{"not_picked":["JustLucky","FlyingSleeves","EmptyFist"],"picked":"SKIP","floor":4},{"not_picked":["DeceiveReality","PathToVictory"],"picked":"EmptyBody","floor":7},{"not_picked":["SashWhip","Fasting2"],"picked":"ConjureBlade","floor":10},{"not_picked":["Crescendo","Protect"],"picked":"PathToVictory","floor":11},{"not_picked":["FearNoEvil","Wallop"],"picked":"Adaptation","floor":14},{"not_picked":["LessonLearned","DeusExMachina"],"picked":"Establishment","floor":16},{"not_picked":["Wallop","Evaluate+1","CarveReality"],"picked":"SKIP","floor":18},{"not_picked":["Protect","Pray"],"picked":"Crescendo","floor":19},{"not_picked":["Nirvana","Collect+1"],"picked":"WreathOfFlame","floor":21}],"player_experience":153185,"relics_obtained":[{"floor":9,"key":"War Paint"},{"floor":11,"key":"Boot"}],"event_choices":[{"damage_healed":0,"gold_gain":0,"player_choice":"Got Potions","damage_taken":0,"max_hp_gain":0,"max_hp_loss":0,"event_name":"Lab","floor":2,"gold_loss":0},{"damage_healed":0,"gold_gain":0,"player_choice":"Ignored","damage_taken":0,"max_hp_gain":0,"max_hp_loss":0,"event_name":"Liars Game","floor":5,"gold_loss":0},{"damage_healed":0,"gold_gain":100,"player_choice":"Gold","damage_taken":0,"max_hp_gain":0,"max_hp_loss":0,"event_name":"Wheel of Change","floor":8,"gold_loss":0},{"cards_removed":["Strike_P"],"damage_healed":0,"gold_gain":0,"player_choice":"Card Removal","damage_taken":0,"max_hp_gain":0,"max_hp_loss":0,"event_name":"The Cleric","floor":12,"gold_loss":50},{"cards_removed":["Strike_P"],"damage_healed":0,"gold_gain":0,"player_choice":"Purged","damage_taken":0,"max_hp_gain":0,"max_hp_loss":0,"event_name":"Purifier","floor":20,"gold_loss":0}],"is_beta":false,"boss_relics":[{"not_picked":["Snecko Eye","Coffee Dripper"],"picked":"Ectoplasm"}],"items_purged_floors":[],"is_endless":false,"potions_floor_spawned":[3,11,14,16,21],"ascension_level":0}}