{"host":"61r95uy0hn86b9iu","time":1609901450,"event":{"mods":["AchievementEnabler","BaseMod","Better Vampires","BetterRewards","Colored Powertips","Hubris","Minty Spire (QoL Compilation)","Shop Mod","StSLib"],"gold_per_floor":[114,189,208,228,153,188,188,202,202,202,235,235,254,254,254,332,332,348,348,358,358,372,372,78,78,78],"floor_reached":25,"playtime":777,"items_purged":["Strike_R","Strike_R"],"score":560,"play_id":"3dfa0e00-38a4-46da-9073-2911fc01f199","local_time":"20210105205050","is_ascension_mode":true,"campfire_choices":[{"floor":7.0,"key":"REST"},{"data":"Whirlwind","floor":10.0,"key":"SMITH"},{"floor":15.0,"key":"REST"},{"floor":23,"key":"REST"}],"circlet_count":0,"master_deck":["AscendersBane","Strike_R","Defend_R","Defend_R","Defend_R","Bash","Metallicize","Whirlwind+1","Flame Barrier","Iron Wave","Thunderclap","Blood for Blood+1","Immolate+1","Battle Trance+1","Seeing Red+1","Inflame"],"relics":["Burning Blood","Bronze Scales","Gremlin Horn","MerchantsRug","White Beast Statue","TungstenRod"],"acts_visited":["Exordium","TheCity"],"potions_floor_usage":[25,25],"damage_taken":[{"damage":12.0,"enemies":"Small Slimes","floor":1.0,"turns":2.0},{"damage":4.0,"enemies":"Jaw Worm","floor":3.0,"turns":3.0},{"damage":0.0,"enemies":"2 Louse","floor":4.0,"turns":1.0},{"damage":26.0,"enemies":"3 Sentries","floor":6.0,"turns":6.0},{"damage":10.0,"enemies":"2 Fungi Beasts","floor":8.0,"turns":3.0},{"damage":8.0,"enemies":"Gremlin Nob","floor":11.0,"turns":3.0},{"damage":9.0,"enemies":"Exordium Thugs","floor":13.0,"turns":3.0},{"damage":46.0,"enemies":"Hexaghost","floor":16.0,"turns":9.0},{"damage":11.0,"enemies":"Shell Parasite","floor":18.0,"turns":4.0},{"damage":12.0,"enemies":"Chosen","floor":20.0,"turns":3.0},{"damage":45,"enemies":"Snecko","floor":22,"turns":5},{"damage":50,"enemies":"Book of Stabbing","floor":25,"turns":4}],"seed_played":"-7404003353254754497","potions_obtained":[{"floor":1.0,"key":"SteroidPotion"},{"floor":3.0,"key":"SkillPotion"},{"floor":8.0,"key":"DistilledChaos"},{"floor":11.0,"key":"Energy Potion"},{"floor":13.0,"key":"Strength Potion"},{"floor":16.0,"key":"Energy Potion"},{"floor":18.0,"key":"Regen Potion"},{"floor":20.0,"key":"Strength Potion"},{"floor":22,"key":"BlessingOfTheForge"}],"is_trial":false,"path_per_floor":["M","?","M","M","$","E","R","M","T","R","E","T","M","?","R","B",null,"M","?","M","?","M","R","$","E"],"character_chosen":"IRONCLAD","items_purchased":["Strawberry","Bronze Scales","Metallicize","Gremlin Horn","Whirlwind","MerchantsRug","AttackPotion","TungstenRod","Inflame"],"campfire_rested":3,"item_purchase_floors":[0,0,0,0,0,0,0,24,24],"current_hp_per_floor":[45,34,36,42,42,22,46,42,42,42,40,40,37,37,61,21,67,62,62,65,65,26,50,50,0,0],"gold":78,"neow_bonus":"","is_daily":false,"chose_seed":false,"campfire_upgraded":1,"win_rate":0.0,"timestamp":1609901450,"path_taken":["M","?","M","M","$","E","R","M","T","R","E","?","M","?","R","BOSS","M","?","M","?","M","R","?","E"],"items_purchased_type":["Relic","Relic","Card","Relic","Card","Relic","Potion","Relic","Card"],"build_version":"2020-12-22","purchased_purges":2,"victory":false,"max_hp_per_floor":[82,82,82,82,82,82,82,82,82,82,82,82,82,82,82,82,82,82,82,82,82,82,82,82,82,82],"card_choices":[{"not_picked":["Sever Soul","Armaments","Heavy Blade"],"picked":"SKIP","floor":1.0},{"not_picked":["Clash","Blood for Blood"],"picked":"Flame Barrier","floor":3.0},{"not_picked":["Dark Embrace","Heavy Blade","Sever Soul"],"picked":"SKIP","floor":4.0},{"not_picked":["Dual Wield","Clash","Hemokinesis"],"picked":"SKIP","floor":6.0},{"not_picked":["Heavy Blade","Battle Trance"],"picked":"Iron Wave","floor":8.0},{"not_picked":["Fiend Fire","Warcry","Feel No Pain"],"picked":"SKIP","floor":11.0},{"not_picked":["Carnage","Clothesline"],"picked":"Thunderclap","floor":13.0},{"not_picked":["True Grit","Warcry"],"picked":"Seeing Red","floor":18.0},{"not_picked":["Warcry","Pommel Strike","Heavy Blade"],"picked":"SKIP","floor":20.0},{"not_picked":["Feel No Pain","Thunderclap","Anger"],"picked":"SKIP","floor":22}],"player_experience":3238924,"relics_obtained":[{"floor":6.0,"key":"White Beast Statue"},{"floor":9.0,"key":"Du-Vu Doll"},{"floor":11.0,"key":"Centennial Puzzle"},{"floor":12.0,"key":"Darkstone Periapt"}],"event_choices":[{"damage_healed":0.0,"max_hp_gain":0.0,"max_hp_loss":0.0,"gold_gain":75.0,"event_name":"World of Goop","player_choice":"Gather Gold","floor":2.0,"gold_loss":0.0,"damage_taken":11.0},{"damage_healed":0.0,"max_hp_gain":0.0,"max_hp_loss":0.0,"gold_gain":0.0,"event_name":"Shining Light","player_choice":"Ignored","floor":14.0,"gold_loss":0.0,"damage_taken":0.0}],"is_beta":false,"boss_relics":[{"not_picked":["hubris:BlackHole","Philosopher\u0027s Stone"],"picked":"Astrolabe"}],"items_purged_floors":[5,24],"is_endless":false,"potions_floor_spawned":[1,3,8,11,13,16,18,20,22],"killed_by":"Book of Stabbing","ascension_level":16}}