{"host":"armnliea5o2aqs4b","time":1609897528,"event":{"mods":["BaseMod","Hubris","Infinite Spire","Minty Spire (QoL Compilation)","Quick Restart","StSLib"],"gold_per_floor":[116,116,116,126,126,156,76,76,101,101,32,66,66,94,94,197,197,213,213,313,65,80,115,115,115,166,194,68,78,88,188,188,292,292,302,302,317,317,330,330,270,283,283,283,314,324,324,349,349,451,451,467,467,467,476,491,525,317,320,320,320,330,330,355,370,370,467,467,471,485,485,280,379,406,406,424,424,424,452,372,372,372,372,467,467,468,484,484,500,500,531,531,557,557,591,591,591,591,615,615,704,704,723,723,733,744,744,746,746],"floor_reached":108,"playtime":2186,"items_purged":["Sucker Punch","hubris:SlightOfHand","Accuracy"],"score":2867,"play_id":"64f6916a-304f-4fd5-bcc5-6ded07f81c88","local_time":"20210106124528","is_ascension_mode":true,"campfire_choices":[{"floor":8.0,"key":"RECALL"},{"data":"hubris:Fate","floor":10.0,"key":"SMITH"},{"data":"A Thousand Cuts","floor":15.0,"key":"SMITH"},{"data":"infinitespire:FinalStrike","floor":25.0,"key":"SMITH"},{"data":"infinitespire:Collect","floor":32.0,"key":"SMITH"},{"data":"hubris:InfiniteBlow+57","floor":40.0,"key":"SMITH"},{"data":"hubris:InfiniteBlow+58","floor":47.0,"key":"SMITH"},{"data":"hubris:InfiniteBlow+59","floor":49.0,"key":"SMITH"},{"data":"hubris:InfiniteBlow+60","floor":61.0,"key":"SMITH"},{"data":"hubris:InfiniteBlow+62","floor":66.0,"key":"SMITH"},{"data":"hubris:InfiniteBlow+63","floor":75.0,"key":"SMITH"},{"data":"hubris:InfiniteBlow+64","floor":78.0,"key":"SMITH"},{"data":"hubris:InfiniteBlow+130","floor":83.0,"key":"SMITH"},{"data":"hubris:InfiniteBlow+131","floor":92.0,"key":"SMITH"},{"data":"hubris:InfiniteBlow+132","floor":100.0,"key":"SMITH"}],"circlet_count":0,"master_deck":["Strike_G","Strike_G","Strike_G","Strike_G","Defend_G","Defend_G","Defend_G","Defend_G","Survivor+1","Neutralize","hubris:Fate+1","Flying Knee","A Thousand Cuts+1","After Image","infinitespire:FinalStrike+1","infinitespire:Collect+1","hubris:InfiniteBlow+199","hubris:TrickCloak+1"],"relics":["Ring of the Snake","NeowsBlessing","Boot","War Paint","Orichalcum","hubris:MedicalManual","SlaversCollar","hubris:BottledHeart","Mummified Hand","The Courier","infinitespire:Golems Mask","Potion Belt","hubris:64BitClover","Lantern","infinitespire:Magic Flask","Gremlin Horn","Sozu","hubris:BundleOfHerbs","Pear","Letter Opener","hubris:Reverence","hubris:Backtick","Bottled Flame","Anchor","infinitespire:Bottled Soul","Ornamental Fan","hubris:SlimyHat","hubris:DisguiseKit","hubris:TinFlute","Omamori","Singing Bowl","infinitespire:Midas Blood","Vajra","MutagenicStrength","hubris:HollowSoul","Bottled Tornado","Ancient Tea Set","Paper Crane","infinitespire:EmpoweringShard","Oddly Smooth Stone","hubris:Icosahedron","MealTicket","Black Star","hubris:Towel"],"acts_visited":["Exordium","TheCity","TheBeyond","Exordium","TheCity","TheBeyond","Exordium"],"potions_floor_usage":[],"damage_taken":[{"damage":0.0,"enemies":"Cultist","floor":1.0,"turns":1.0},{"damage":0.0,"enemies":"2 Louse","floor":4.0,"turns":1.0},{"damage":0.0,"enemies":"Lagavulin","floor":6.0,"turns":1.0},{"damage":0.0,"enemies":"Gremlin Nob","floor":12.0,"turns":1.0},{"damage":4.0,"enemies":"3 Sentries","floor":14.0,"turns":8.0},{"damage":44.0,"enemies":"The Guardian","floor":16.0,"turns":9.0},{"damage":0.0,"enemies":"Chosen","floor":18.0,"turns":4.0},{"damage":0.0,"enemies":"Spheric Guardian","floor":22.0,"turns":3.0},{"damage":0.0,"enemies":"Nightmare","floor":23.0,"turns":8.0},{"damage":0.0,"enemies":"Book of Stabbing","floor":27.0,"turns":4.0},{"damage":0.0,"enemies":"Cultist and Chosen","floor":29.0,"turns":4.0},{"damage":0.0,"enemies":"Snake Plant","floor":30.0,"turns":3.0},{"damage":0.0,"enemies":"Colosseum Slavers","floor":31.0,"turns":2.0},{"damage":0.0,"enemies":"Colosseum Nobs","floor":31.0,"turns":3.0},{"damage":0.0,"enemies":"Champ","floor":33.0,"turns":1.0},{"damage":0.0,"enemies":"Orb Walker","floor":35.0,"turns":2.0},{"damage":0.0,"enemies":"3 Shapes","floor":37.0,"turns":1.0},{"damage":0.0,"enemies":"Spire Growth","floor":39.0,"turns":1.0},{"damage":0.0,"enemies":"Maw","floor":42.0,"turns":2.0},{"damage":0.0,"enemies":"Nightmare","floor":45.0,"turns":1.0},{"damage":0.0,"enemies":"Transient","floor":46.0,"turns":1.0},{"damage":0.0,"enemies":"Giant Head","floor":48.0,"turns":2.0},{"damage":0.0,"enemies":"Donu and Deca","floor":50.0,"turns":5.0},{"damage":0.0,"enemies":"Jaw Worm","floor":52.0,"turns":1.0},{"damage":0.0,"enemies":"Cultist","floor":55.0,"turns":1.0},{"damage":0.0,"enemies":"Small Slimes","floor":56.0,"turns":2.0},{"damage":0.0,"enemies":"Nightmare","floor":57.0,"turns":1.0},{"damage":0.0,"enemies":"2 Fungi Beasts","floor":59.0,"turns":2.0},{"damage":0.0,"enemies":"Exordium Thugs","floor":62.0,"turns":2.0},{"damage":0.0,"enemies":"Gremlin Nob","floor":64.0,"turns":1.0},{"damage":0.0,"enemies":"Looter","floor":65.0,"turns":1.0},{"damage":0.0,"enemies":"Slime Boss","floor":67.0,"turns":1.0},{"damage":0.0,"enemies":"3 Byrds","floor":69.0,"turns":3.0},{"damage":0.0,"enemies":"Chosen","floor":70.0,"turns":1.0},{"damage":0.0,"enemies":"Nightmare","floor":74.0,"turns":1.0},{"damage":0.0,"enemies":"Slavers","floor":76.0,"turns":2.0},{"damage":0.0,"enemies":"Book of Stabbing","floor":79.0,"turns":1.0},{"damage":0.0,"enemies":"Champ","floor":84.0,"turns":1.0},{"damage":0.0,"enemies":"3 Darklings","floor":86.0,"turns":2.0},{"damage":0.0,"enemies":"Orb Walker","floor":87.0,"turns":1.0},{"damage":0.0,"enemies":"Maw","floor":89.0,"turns":1.0},{"damage":0.0,"enemies":"Nemesis","floor":91.0,"turns":1.0},{"damage":0.0,"enemies":"Giant Head","floor":93.0,"turns":1.0},{"damage":0.0,"enemies":"Reptomancer","floor":95.0,"turns":1.0},{"damage":0,"enemies":"Donu and Deca","floor":101,"turns":2},{"damage":0,"enemies":"Cultist","floor":103,"turns":1},{"damage":0,"enemies":"Small Slimes","floor":105,"turns":1},{"damage":0,"enemies":"Jaw Worm","floor":106,"turns":1},{"damage":4,"enemies":"Nightmare_Alpha","floor":108,"turns":1}],"seed_played":"1575169328914202851","potions_obtained":[{"floor":3.0,"key":"ColorlessPotion"},{"floor":3.0,"key":"FearPotion"},{"floor":3.0,"key":"SmokeBomb"},{"floor":16.0,"key":"Fire Potion"},{"floor":22.0,"key":"SpeedPotion"},{"floor":29.0,"key":"Explosive Potion"},{"floor":30.0,"key":"Poison Potion"}],"is_trial":false,"path_per_floor":["M","?","?","M","T","E","$","R","T","R","$","E","$","E","R","B",null,"M","?","?","$","M","NM","AVR","R","T","E","$","M","M","?","R","B",null,"M","AVR","M","?","M","R","$","M","T","?","NM","M","R","E","R","B",null,"M","?","$","M","M","NM","$","M","T","R","M","?","E","M","R","B",null,"M","M","?","$","?","NM","R","E","T","R","E","$","?","AVR","R","B",null,"M","M","AVR","M","?","E","R","E","T","E","?","?","?","T","R","B",null,"M","?","M","M","?","NM"],"character_chosen":"THE_SILENT","items_purchased":["Accuracy","Infinite Blades","Mummified Hand","Lantern","infinitespire:Bottled Soul","hubris:TinFlute"],"campfire_rested":0,"item_purchase_floors":[7,11,21,28,58,72],"current_hp_per_floor":[70,53,53,53,53,53,53,53,53,53,53,53,53,49,49,5,70,70,1,1,1,1,1,1,1,1,1,1,1,1,1,1,1,1,1,1,1,1,1,1,1,1,1,1,1,1,1,1,1,1,1,1,1,1,1,1,1,1,1,1,1,1,1,1,1,1,1,1,1,1,1,1,1,1,1,1,1,1,1,1,1,1,1,1,1,1,1,1,1,1,1,1,1,1,1,1,1,1,1,1,1,1,1,1,1,1,1,0,0],"gold":746,"neow_bonus":"THREE_ENEMY_KILL","is_daily":false,"chose_seed":false,"campfire_upgraded":14,"win_rate":0.0,"timestamp":1609897528,"path_taken":["M","?","?","?","?","E","?","R","T","R","$","E","?","E","R","BOSS","M","?","?","$","M","NM","AVR","R","T","E","$","?","M","?","R","BOSS","M","AVR","M","?","M","R","$","?","T","?","NM","M","R","E","R","BOSS","M","?","$","M","?","NM","$","M","T","R","?","?","E","M","R","BOSS","M","?","?","$","?","NM","R","E","T","R","E","?","?","AVR","R","BOSS","M","M","AVR","M","?","E","R","E","T","E","?","?","?","?","R","BOSS","M","?","M","?","?","NM"],"items_purchased_type":["Card","Card","Relic","Relic","Relic","Relic"],"build_version":"2020-12-22","purchased_purges":3,"victory":false,"max_hp_per_floor":[70,70,70,70,70,70,70,70,70,70,70,70,70,70,70,70,70,70,1,1,1,1,1,1,1,1,1,1,1,1,1,1,1,1,1,1,1,1,1,1,1,1,1,1,1,1,1,1,1,1,1,1,1,1,1,1,1,1,1,1,1,1,1,1,1,1,1,1,1,1,1,1,1,1,1,1,1,1,1,1,1,1,1,1,1,1,1,1,1,1,1,1,1,1,1,1,1,1,1,1,1,1,1,1,1,1,1,1,1],"card_choices":[{"not_picked":["Deflect","Dodge and Roll"],"picked":"Sucker Punch","floor":1.0},{"not_picked":["infinitespire:FutureSight","infinitespire:Fortify"],"picked":"hubris:Fate","floor":2.0},{"not_picked":["Cloak And Dagger","Leg Sweep"],"picked":"Flying Knee","floor":4.0},{"not_picked":["Tactician","Underhanded Strike"],"picked":"A Thousand Cuts","floor":6.0},{"not_picked":["Outmaneuver","Quick Slash"],"picked":"Bouncing Flask","floor":12.0},{"not_picked":["Deflect","Tactician","Riddle With Holes"],"picked":"SKIP","floor":14.0},{"not_picked":["Adrenaline","Corpse Explosion"],"picked":"After Image","floor":16.0},{"not_picked":["Dagger Spray","Noxious Fumes","Infinite Blades+1"],"picked":"SKIP","floor":18.0},{"not_picked":["Quick Slash","Underhanded Strike+1","Bouncing Flask+1"],"picked":"SKIP","floor":22.0},{"not_picked":["infinitespire:TheBestDefense","infinitespire:Menacing"],"picked":"infinitespire:FinalStrike","floor":23.0},{"not_picked":["Bane","Outmaneuver+1","Predator"],"picked":"SKIP","floor":23.0},{"not_picked":["Bane+1","Masterful Stab","Glass Knife"],"picked":"SKIP","floor":27.0},{"not_picked":["Deadly Poison","Outmaneuver","hubris:SlightOfHand"],"picked":"SKIP","floor":29.0},{"not_picked":["Underhanded Strike","Eviscerate+1","Crippling Poison"],"picked":"SKIP","floor":30.0},{"not_picked":["Prepared+1","Backflip+1","Outmaneuver"],"picked":"SKIP","floor":35.0},{"not_picked":["PiercingWail","Tactician+1","Poisoned Stab"],"picked":"SKIP","floor":37.0},{"not_picked":["Quick Slash","Deflect+1","Outmaneuver+1"],"picked":"SKIP","floor":39.0},{"not_picked":["hubris:SlightOfHand+1","Flying Knee+1"],"picked":"hubris:TrickCloak+1","floor":42.0},{"not_picked":["Endless Agony","Skewer+1","Bane"],"picked":"SKIP","floor":45.0},{"not_picked":["Deadly Poison+1","Sucker Punch","Acrobatics+1"],"picked":"SKIP","floor":46.0},{"not_picked":["Accuracy+1","Reflex+1","Cloak And Dagger"],"picked":"SKIP","floor":48.0},{"not_picked":["Sucker Punch","Catalyst","Backflip"],"picked":"SKIP","floor":52.0},{"not_picked":["Terror","Deadly Poison"],"picked":"hubris:SlightOfHand","floor":55.0},{"not_picked":["Dagger Throw","Deadly Poison","Expertise"],"picked":"SKIP","floor":56.0},{"not_picked":["Poisoned Stab","Tactician","Escape Plan"],"picked":"SKIP","floor":57.0},{"not_picked":["Sucker Punch","Dodge and Roll","Poisoned Stab"],"picked":"SKIP","floor":59.0},{"not_picked":["Quick Slash","Sucker Punch","Dagger Throw"],"picked":"SKIP","floor":62.0},{"not_picked":["Finisher","Deflect","Catalyst"],"picked":"SKIP","floor":64.0},{"not_picked":["Caltrops","Terror","Die Die Die","Havoc"],"picked":"SKIP","floor":65.0},{"not_picked":["hubris:Counter+1","Dodge and Roll+1","Reflex","Blood for Blood"],"picked":"SKIP","floor":69.0},{"not_picked":["Dodge and Roll+1","hubris:Sniper+1","Dagger Spray","Pommel Strike"],"picked":"SKIP","floor":70.0},{"not_picked":["Poisoned Stab","Terror","Cloak And Dagger","Anger"],"picked":"SKIP","floor":74.0},{"not_picked":["hubris:SlightOfHand","Dagger Throw","Deadly Poison+1","Shrug It Off"],"picked":"Singing Bowl","floor":76.0},{"not_picked":["Skewer","Deadly Poison","Heel Hook","Headbutt"],"picked":"Singing Bowl","floor":79.0},{"not_picked":["Malaise","Tools of the Trade","Die Die Die","Berserk"],"picked":"Singing Bowl","floor":84.0},{"not_picked":["infinitespire:Menacing","infinitespire:TheBestDefense","infinitespire:DeathsTouch"],"picked":"Singing Bowl","floor":85.0},{"not_picked":["Quick Slash+1","Dash","Dagger Spray","infinitespire:OneForAll"],"picked":"Singing Bowl","floor":86.0},{"not_picked":["Calculated Gamble+1","Catalyst+1","Deflect","Perfected Strike"],"picked":"Singing Bowl","floor":87.0},{"not_picked":["Cloak And Dagger+1","Underhanded Strike+1","Calculated Gamble","True Grit"],"picked":"Singing Bowl","floor":89.0},{"not_picked":["Reflex+1","Endless Agony","Venomology","Demon Form"],"picked":"Singing Bowl","floor":91.0},{"not_picked":["Cloak And Dagger","Heel Hook","Bane+1","Rampage"],"picked":"Singing Bowl","floor":93.0},{"not_picked":["Endless Agony+1","Underhanded Strike+1","Dagger Spray+1","Anger"],"picked":"Singing Bowl","floor":95.0},{"not_picked":["Storm of Steel","After Image","infinitespire:Neurotoxin","Corruption"],"picked":"Singing Bowl","floor":101},{"not_picked":["Backstab","Tactician","Underhanded Strike","hubris:ReadiedAction"],"picked":"Singing Bowl","floor":103},{"not_picked":["Flechettes","Infinite Blades","hubris:Counter","Disarm"],"picked":"Singing Bowl","floor":105},{"not_picked":["Cloak And Dagger","hubris:Counter","Quick Slash","hubris:SharpeningStone"],"picked":"Singing Bowl","floor":106}],"player_experience":168926,"relics_obtained":[{"floor":6.0,"key":"Boot"},{"floor":9.0,"key":"War Paint"},{"floor":12.0,"key":"Orichalcum"},{"floor":14.0,"key":"hubris:MedicalManual"},{"floor":23.0,"key":"The Courier"},{"floor":26.0,"key":"Potion Belt"},{"floor":27.0,"key":"hubris:64BitClover"},{"floor":31.0,"key":"infinitespire:Magic Flask"},{"floor":31.0,"key":"Gremlin Horn"},{"floor":42.0,"key":"hubris:BundleOfHerbs"},{"floor":43.0,"key":"Pear"},{"floor":45.0,"key":"Letter Opener"},{"floor":48.0,"key":"hubris:Reverence"},{"floor":57.0,"key":"Anchor"},{"floor":60.0,"key":"Ornamental Fan"},{"floor":62.0,"key":"hubris:SlimyHat"},{"floor":64.0,"key":"hubris:DisguiseKit"},{"floor":74.0,"key":"Omamori"},{"floor":76.0,"key":"Singing Bowl"},{"floor":77.0,"key":"infinitespire:Midas Blood"},{"floor":79.0,"key":"Vajra"},{"floor":87.0,"key":"Bottled Tornado"},{"floor":91.0,"key":"Ancient Tea Set"},{"floor":93.0,"key":"Paper Crane"},{"floor":94.0,"key":"infinitespire:EmpoweringShard"},{"floor":95.0,"key":"Oddly Smooth Stone"},{"floor":99.0,"key":"MealTicket"}],"event_choices":[{"damage_healed":0.0,"max_hp_gain":0.0,"max_hp_loss":0.0,"gold_gain":0.0,"event_name":"Lab","player_choice":"Got Potions","floor":3.0,"gold_loss":0.0,"damage_taken":0.0},{"damage_healed":0.0,"max_hp_gain":0.0,"max_hp_loss":0.0,"gold_gain":100.0,"event_name":"Golden Shrine","player_choice":"Pray","floor":20.0,"gold_loss":0.0,"damage_taken":0.0},{"damage_healed":0.0,"max_hp_gain":0.0,"max_hp_loss":0.0,"gold_gain":0.0,"event_name":"Colosseum","player_choice":"Fight","floor":31.0,"gold_loss":0.0,"damage_taken":0.0},{"damage_healed":0.0,"max_hp_gain":0.0,"max_hp_loss":0.0,"gold_gain":0.0,"event_name":"Colosseum","player_choice":"Fought Nobs","floor":31.0,"gold_loss":0.0,"damage_taken":0.0},{"cards_removed":["Defend_G"],"damage_healed":0.0,"max_hp_gain":0.0,"max_hp_loss":0.0,"gold_gain":0.0,"event_name":"Purifier","player_choice":"Purged","floor":38.0,"gold_loss":0.0,"damage_taken":0.0},{"cards_removed":["Bouncing Flask"],"damage_healed":0.0,"max_hp_gain":0.0,"max_hp_loss":0.0,"gold_gain":0.0,"event_name":"Falling","player_choice":"Removed Skill","floor":44.0,"gold_loss":0.0,"damage_taken":0.0},{"cards_removed":["Infinite Blades"],"damage_healed":0.0,"max_hp_gain":0.0,"max_hp_loss":0.0,"gold_gain":0.0,"event_name":"Wheel of Change","player_choice":"Card Removal","floor":53.0,"gold_loss":0.0,"damage_taken":0.0},{"damage_healed":0.0,"max_hp_gain":0.0,"max_hp_loss":0.0,"gold_gain":0.0,"event_name":"Accursed Blacksmith","player_choice":"Forge","floor":63.0,"gold_loss":0.0,"damage_taken":0.0,"cards_upgraded":["hubris:InfiniteBlow"]},{"damage_healed":0.0,"max_hp_gain":0.0,"max_hp_loss":0.0,"gold_gain":0.0,"event_name":"Ghosts","player_choice":"Ignored","floor":71.0,"gold_loss":0.0,"damage_taken":0.0},{"damage_healed":0.0,"max_hp_gain":0.0,"max_hp_loss":0.0,"gold_gain":99.0,"event_name":"Nest","player_choice":"Stole From Cult","floor":73.0,"gold_loss":0.0,"damage_taken":0.0},{"damage_healed":0.0,"max_hp_gain":0.0,"max_hp_loss":0.0,"gold_gain":0.0,"event_name":"Drug Dealer","player_choice":"Inject Mutagens","floor":81.0,"gold_loss":0.0,"damage_taken":0.0,"relics_obtained":["MutagenicStrength"]},{"cards_removed":["Strike_G"],"damage_healed":0.0,"max_hp_gain":0.0,"max_hp_loss":0.0,"gold_gain":0.0,"event_name":"Falling","player_choice":"Removed Attack","floor":90.0,"gold_loss":0.0,"damage_taken":0.0},{"damage_healed":0.0,"max_hp_gain":0.0,"max_hp_loss":0.0,"gold_gain":0.0,"event_name":"Winding Halls","player_choice":"Max HP","floor":97.0,"gold_loss":0.0,"damage_taken":0.0},{"damage_healed":0,"gold_gain":0,"player_choice":"Upgraded","damage_taken":0,"max_hp_gain":0,"max_hp_loss":0,"event_name":"Upgrade Shrine","floor":104,"gold_loss":0,"cards_upgraded":["hubris:InfiniteBlow"]}],"is_beta":false,"boss_relics":[{"not_picked":["Fusion Hammer","hubris:Stopwatch"],"picked":"SlaversCollar"},{"not_picked":["infinitespire:Cupcake","Philosopher\u0027s Stone"],"picked":"Sozu"},{"not_picked":["hubris:HollowSoul","hubris:ScarierMask"],"picked":"hubris:Backtick"},{"not_picked":["Empty Cage","Snecko Eye","Coffee Dripper"]},{"not_picked":["Calling Bell","Cursed Key"],"picked":"hubris:HollowSoul"},{"not_picked":["hubris:GrandSneckoEye","hubris:BlackHole"],"picked":"Black Star"}],"items_purged_floors":[41,80,82],"is_endless":true,"potions_floor_spawned":[4,6,16,22,29,30,31,35,37,39,48,56,59,62,64,65,67,69,70,74,93,95],"killed_by":"Nightmare_Alpha","ascension_level":2}}