{"host":"2pt9f5ojqg0apn28","time":1609914803,"event":{"mods":["AchievementEnabler","BaseMod","Better Altar","Better Match","Better Note","Better Sensory Stone","Better Skull","Better Third Choice","Colored Map","Colored Powertips","Hubris","Infinite Spire","Lobotomy","LobotomyExtend","Minty Spire (QoL Compilation)","Replay The Spire","StSLib"],"gold_per_floor":[273,283,208,227,227,254,254,254,279,454,123,123,123,123,123,228,228,245,245,245,195,207,241,181,181,181],"floor_reached":25,"playtime":1318,"items_purged":["Strike_B","Regret"],"score":226,"play_id":"4af7003e-6549-4711-8cde-7fa73ec76a04","local_time":"20210106113323","is_ascension_mode":true,"campfire_choices":[{"data":"Zap","floor":7,"key":"SMITH"},{"data":"Dualcast","floor":15,"key":"SMITH"}],"circlet_count":0,"master_deck":["Strike_B","Defend_B","Defend_B","Zap+1","Dualcast+1","Ball Lightning","Darkness","Doubt","Defragment+1","Replay:Dark Deal","Core Surge","Clumsy","Writhe","Streamline+1","Beam Cell+1","Turbo+1"],"relics":["Cracked Core","LetterFromLob","hubris:BallOfYels","Juzu Bracelet","hubris:OldNail","hubris:Towel","hubris:FunFungus","Replay:Grab Bag","hubris:TerracottaHorce","hubris:GrandSneckoEye","Kintsugi","CultistMask","infinitespire:SolderingIron"],"acts_visited":["Exordium","TheCity"],"potions_floor_usage":[16,23,25],"damage_taken":[{"damage":1,"enemies":"Cultist","floor":1,"turns":3},{"damage":8,"enemies":"Small Slimes","floor":2,"turns":3},{"damage":6,"enemies":"Jaw Worm","floor":4,"turns":3},{"damage":25,"enemies":"3 Sentries","floor":6,"turns":7},{"damage":48,"enemies":"Fading Forest","floor":16,"turns":11},{"damage":15,"enemies":"3 Byrds","floor":18,"turns":5},{"damage":1,"enemies":"Shell Parasite","floor":22,"turns":4},{"damage":29,"enemies":"Gremlin Leader","floor":23,"turns":6},{"damage":34,"enemies":"Slavers","floor":25,"turns":2}],"seed_played":"8909033411923201703","potions_obtained":[{"floor":2,"key":"AttackPotion"},{"floor":6,"key":"Strength Potion"},{"floor":16,"key":"Fruit Juice"},{"floor":18,"key":"PotionOfCapacity"},{"floor":23,"key":"ColorlessPotion"}],"is_trial":false,"path_per_floor":["M","M","$","M","?","E","R","M","T","?","$","?","?","?","R","B",null,"M","?","?","?","M","E","?","E"],"character_chosen":"DEFECT","items_purchased":["Defragment","hubris:OldNail"],"campfire_rested":0,"item_purchase_floors":[11,11],"current_hp_per_floor":[74,66,66,60,60,35,35,35,35,35,35,35,35,35,35,14,60,52,52,52,52,51,31,31,0,0],"gold":181,"neow_bonus":"","is_daily":false,"chose_seed":false,"campfire_upgraded":2,"win_rate":0.0,"timestamp":1609914803,"path_taken":["M","M","?","?","?","E","R","M","T","?","$","?","?","?","R","BOSS","M","?","?","?","M","E","?","E"],"items_purchased_type":["Card","Relic"],"build_version":"2020-12-22","purchased_purges":2,"victory":false,"max_hp_per_floor":[75,75,75,75,75,75,75,75,75,75,75,75,75,75,75,75,75,75,75,75,75,75,80,80,80,80],"card_choices":[{"not_picked":["Coolheaded","BootSequence","Stack"],"picked":"SKIP","floor":1},{"not_picked":["Hologram","ReplayTheSpireMod:GoodbyeWorld"],"picked":"Compile Driver","floor":2},{"not_picked":["Panic Button","Beam Cell"],"picked":"Ball Lightning","floor":4},{"not_picked":["Scrape","Hello World"],"picked":"Darkness","floor":6},{"not_picked":["Secret Weapon","Bandage Up"],"picked":"Replay:Dark Deal","floor":12},{"not_picked":["ReplayTheSpireMod:Omega Cannon","hubris:Prefetch"],"picked":"Core Surge","floor":16},{"not_picked":["Fusion","Compile Driver+1"],"picked":"Streamline+1","floor":18},{"not_picked":["Consume+1","FIFO Queue"],"picked":"Beam Cell+1","floor":22},{"not_picked":["Barrage","Static Discharge"],"picked":"Turbo+1","floor":23}],"player_experience":63654,"relics_obtained":[{"floor":1,"key":"LetterFromLob"},{"floor":9,"key":"Juzu Bracelet"},{"floor":23,"key":"infinitespire:SolderingIron"}],"event_choices":[{"damage_healed":0,"gold_gain":0,"player_choice":"Box","damage_taken":0,"relics_obtained":["hubris:BallOfYels"],"max_hp_gain":0,"max_hp_loss":0,"event_name":"Big Fish","floor":5,"gold_loss":0,"cards_obtained":["Regret"]},{"damage_healed":0,"gold_gain":175,"player_choice":"AGREE","damage_taken":279,"max_hp_gain":0,"max_hp_loss":0,"event_name":"betterThird:BetterSerpent","floor":10,"gold_loss":0},{"damage_healed":0,"gold_gain":1,"player_choice":"1","damage_taken":0,"max_hp_gain":0,"max_hp_loss":0,"event_name":"betterStone:BetterStone","floor":12,"gold_loss":0},{"cards_removed":["Compile Driver"],"damage_healed":0,"gold_gain":0,"player_choice":"Gave Card","damage_taken":0,"relics_obtained":["hubris:FunFungus"],"max_hp_gain":0,"max_hp_loss":0,"event_name":"WeMeetAgain","floor":14,"gold_loss":0},{"damage_healed":0,"gold_gain":0,"player_choice":"Trade","damage_taken":0,"relics_obtained":["CultistMask"],"max_hp_gain":0,"max_hp_loss":0,"event_name":"FaceTrader","floor":19,"gold_loss":0},{"damage_healed":0,"gold_gain":0,"player_choice":"Upgraded","damage_taken":0,"max_hp_gain":0,"max_hp_loss":0,"event_name":"Upgrade Shrine","floor":20,"gold_loss":0,"cards_upgraded":["Defragment"]},{"damage_healed":0,"gold_gain":0,"player_choice":"Bet on Murderer","damage_taken":0,"max_hp_gain":0,"max_hp_loss":0,"event_name":"The Joust","floor":21,"gold_loss":50}],"is_beta":false,"boss_relics":[{"not_picked":["Painkiller Herb","FrozenCore"],"picked":"Replay:Grab Bag"},{"not_picked":["Fusion Hammer","hubris:CrackedHourglass"],"picked":"hubris:TerracottaHorce"},{"not_picked":["Ectoplasm","Busted Crown"],"picked":"hubris:GrandSneckoEye"},{"not_picked":["hubris:BlackHole","Abe\u0027s Treasure"],"picked":"Kintsugi"}],"items_purged_floors":[3,11],"is_endless":false,"potions_floor_spawned":[2,6,16,18,23],"killed_by":"Slavers","ascension_level":1}}