{"host":"newqdrzxfhh2im9e","time":1609907394,"event":{"mods":["AchievementEnabler","BaseMod","BetterRewards","Block Reminder","Colored Map","Jorbs\u0027s Wanderer Trilogy","Minty Spire (QoL Compilation)","Rare Cards Sparkle","Shop Mod","StSLib"],"gold_per_floor":[117,117,117,133,113,143,143,176,229,247,259,259,434,445,445,547,547,564,564,47,62,81,81,81,81],"floor_reached":24,"playtime":712,"items_purged":[],"score":289,"play_id":"01330af3-54e5-4c37-889f-7ba56676cf4e","local_time":"20210105202954","is_ascension_mode":true,"campfire_choices":[{"data":"Self Repair","floor":7.0,"key":"SMITH"},{"data":"Sweeping Beam","floor":12.0,"key":"SMITH"},{"floor":15.0,"key":"REST"},{"floor":23,"key":"REST"}],"circlet_count":0,"master_deck":["Strike_B+1","Strike_B+1","Strike_B","Strike_B","Defend_B","Defend_B","Defend_B","Zap","Dualcast","Go for the Eyes+1","Capacitor","Self Repair+1","Sweeping Beam+1","Multi-Cast","Streamline","Cold Snap","Electrodynamics","Fusion+1","Force Field","Gash","Gash","Steam+1"],"relics":["Cracked Core","NeowsBlessing","Potion Belt","Dream Catcher","Nunchaku","Empty Cage","Lee\u0027s Waffle","Bronze Scales","Whetstone"],"acts_visited":["Exordium","TheCity"],"potions_floor_usage":[22,24],"damage_taken":[{"damage":0.0,"enemies":"Small Slimes","floor":1.0,"turns":1.0},{"damage":0.0,"enemies":"2 Louse","floor":4.0,"turns":1.0},{"damage":0.0,"enemies":"Gremlin Nob","floor":6.0,"turns":1.0},{"damage":42.0,"enemies":"Lagavulin","floor":8.0,"turns":6.0},{"damage":0.0,"enemies":"Cultist","floor":10.0,"turns":3.0},{"damage":16.0,"enemies":"3 Louse","floor":11.0,"turns":3.0},{"damage":11.0,"enemies":"Red Slaver","floor":14.0,"turns":3.0},{"damage":51.0,"enemies":"Slime Boss","floor":16.0,"turns":13.0},{"damage":21.0,"enemies":"Chosen","floor":18.0,"turns":5.0},{"damage":6,"enemies":"3 Byrds","floor":21,"turns":2},{"damage":45,"enemies":"Shelled Parasite and Fungi","floor":22,"turns":7},{"damage":71,"enemies":"Book of Stabbing","floor":24,"turns":4}],"seed_played":"6742129246742104381","potions_obtained":[{"floor":1.0,"key":"BlessingOfTheForge"},{"floor":4.0,"key":"Strength Potion"},{"floor":5.0,"key":"SkillPotion"},{"floor":8.0,"key":"FocusPotion"},{"floor":11.0,"key":"Regen Potion"},{"floor":14.0,"key":"ColorlessPotion"},{"floor":18.0,"key":"GamblersBrew"},{"floor":22,"key":"Energy Potion"}],"is_trial":false,"path_per_floor":["M","?","?","M","?","E","R","E","T","M","M","R","?","M","R","B",null,"M","?","$","M","M","R","E"],"character_chosen":"DEFECT","items_purchased":["Lee\u0027s Waffle","Bronze Scales","Whetstone","Force Field"],"campfire_rested":2,"item_purchase_floors":[20,20,20,20],"current_hp_per_floor":[75,75,75,75,75,75,75,43,43,53,47,47,47,55,75,34,65,54,48,82,76,41,65,0,0],"gold":81,"neow_bonus":"THREE_ENEMY_KILL","is_daily":false,"chose_seed":false,"campfire_upgraded":2,"win_rate":0.0,"timestamp":1609907394,"path_taken":["M","?","?","?","?","E","R","E","T","M","?","R","?","M","R","BOSS","M","?","$","M","M","R","E"],"items_purchased_type":["Relic","Relic","Relic","Card"],"build_version":"2020-12-22","purchased_purges":0,"victory":false,"max_hp_per_floor":[75,75,75,75,75,75,75,75,75,75,75,75,75,75,75,75,75,75,75,82,82,82,82,82,82],"card_choices":[{"not_picked":["Steam","Redo"],"picked":"Go for the Eyes","floor":1.0},{"not_picked":["Reprogram","Double Energy"],"picked":"Capacitor","floor":4.0},{"not_picked":["Ball Lightning","Stack"],"picked":"Self Repair","floor":6.0},{"not_picked":["Streamline","Conserve Battery"],"picked":"Sweeping Beam","floor":8.0},{"not_picked":["Darkness","Sweeping Beam"],"picked":"Go for the Eyes","floor":10.0},{"not_picked":["Skim","Leap"],"picked":"Multi-Cast","floor":11.0},{"not_picked":["Barrage","Conserve Battery"],"picked":"Streamline","floor":14.0},{"not_picked":["Steam","Sweeping Beam"],"picked":"Cold Snap","floor":15.0},{"not_picked":["Reboot","Buffer"],"picked":"Electrodynamics","floor":16.0},{"not_picked":["Turbo","Self Repair"],"picked":"Fusion+1","floor":18.0},{"not_picked":["Turbo","Ball Lightning"],"picked":"Gash","floor":21},{"not_picked":["Steam","Cold Snap"],"picked":"Gash","floor":22},{"not_picked":["Rebound","Leap"],"picked":"Steam+1","floor":23}],"player_experience":689013,"relics_obtained":[{"floor":6.0,"key":"Potion Belt"},{"floor":8.0,"key":"Dream Catcher"},{"floor":9.0,"key":"Nunchaku"}],"event_choices":[{"damage_healed":0.0,"max_hp_gain":0.0,"max_hp_loss":0.0,"gold_gain":0.0,"event_name":"Living Wall","player_choice":"Grow","floor":2.0,"gold_loss":0.0,"damage_taken":0.0,"cards_upgraded":["Go for the Eyes"]},{"cards_removed":["Defend_B"],"damage_healed":0.0,"max_hp_gain":0.0,"max_hp_loss":0.0,"gold_gain":0.0,"event_name":"Bonfire Elementals","player_choice":"Offered Basic","floor":3.0,"gold_loss":0.0,"damage_taken":0.0},{"damage_healed":0.0,"max_hp_gain":0.0,"max_hp_loss":0.0,"gold_gain":0.0,"event_name":"The Woman in Blue","player_choice":"Bought 1 Potion","floor":5.0,"gold_loss":0.0,"damage_taken":0.0},{"damage_healed":0.0,"max_hp_gain":0.0,"max_hp_loss":0.0,"gold_gain":175.0,"event_name":"Liars Game","player_choice":"AGREE","floor":13.0,"gold_loss":0.0,"damage_taken":0.0,"cards_obtained":["Doubt"]},{"damage_healed":0,"gold_gain":0,"player_choice":"","damage_taken":6,"max_hp_gain":0,"max_hp_loss":0,"event_name":"Knowing Skull","floor":19,"potions_obtained":[],"gold_loss":0,"cards_obtained":[]}],"is_beta":false,"boss_relics":[{"not_picked":["Philosopher\u0027s Stone","Fusion Hammer"],"picked":"Empty Cage"}],"items_purged_floors":[],"is_endless":false,"potions_floor_spawned":[1,4,8,11,14,18,22],"killed_by":"Book of Stabbing","ascension_level":5}}