{"host":"isy2gwbfe91wqj1j","time":1609951042,"event":{"mods":["AchievementEnabler","BaseMod","Better Altar","Better Match","Better Note","Better Sensory Stone","Better Skull","Better Third Choice","BetterRewards","Minty Spire (QoL Compilation)","StSLib"],"gold_per_floor":[114,124,2,21,21,21,50,62,131,141,153,78,92,92,92,188,188,202,202,202,213,213,213],"floor_reached":22,"playtime":1113,"items_purged":["Strike_G"],"score":372,"play_id":"ff481298-ad0a-4ab1-88f5-91e03f125c6b","local_time":"20210106093722","is_ascension_mode":true,"campfire_choices":[{"data":"Deadly Poison","floor":6,"key":"SMITH"},{"floor":15,"key":"REST"}],"circlet_count":0,"master_deck":["Strike_G","Strike_G","Strike_G","Strike_G","Defend_G","Defend_G","Defend_G","Defend_G","Defend_G","Survivor","Neutralize","Blur","Deadly Poison+1","Deadly Poison","Backflip","Malaise+1","Outmaneuver+1","Adrenaline"],"relics":["Ring of the Snake","Bag of Preparation","FossilizedHelix","Bottled Lightning","SlaversCollar","Nilry\u0027s Codex","FaceOfCleric"],"acts_visited":["Exordium","TheCity"],"potions_floor_usage":[16,22],"damage_taken":[{"damage":4,"enemies":"Cultist","floor":1,"turns":6},{"damage":1,"enemies":"Small Slimes","floor":2,"turns":4},{"damage":0,"enemies":"2 Louse","floor":4,"turns":2},{"damage":21,"enemies":"3 Sentries","floor":7,"turns":13},{"damage":4,"enemies":"Exordium Thugs","floor":8,"turns":5},{"damage":0,"enemies":"Looter","floor":10,"turns":4},{"damage":12,"enemies":"Large Slime","floor":11,"turns":7},{"damage":6,"enemies":"Red Slaver","floor":13,"turns":5},{"damage":0,"enemies":"Hexaghost","floor":16,"turns":10},{"damage":8,"enemies":"Spheric Guardian","floor":18,"turns":7},{"damage":0,"enemies":"Shell Parasite","floor":21,"turns":7},{"damage":53,"enemies":"Cultist and Chosen","floor":22,"turns":8}],"seed_played":"9154528541215082431","potions_obtained":[{"floor":1,"key":"DistilledChaos"},{"floor":8,"key":"Strength Potion"},{"floor":11,"key":"Block Potion"},{"floor":16,"key":"Ancient Potion"}],"is_trial":false,"path_per_floor":["M","M","$","M","?","R","E","M","T","M","M","?","M","?","R","B",null,"M","?","?","M","M"],"character_chosen":"THE_SILENT","items_purchased":["Bag of Preparation","Deadly Poison"],"campfire_rested":1,"item_purchase_floors":[0,3],"current_hp_per_floor":[66,65,65,65,70,70,49,45,45,45,33,33,27,27,49,49,75,67,51,51,52,0,0],"gold":213,"neow_bonus":"","is_daily":false,"chose_seed":false,"campfire_upgraded":1,"win_rate":0.0,"timestamp":1609951042,"path_taken":["M","M","$","M","?","R","E","M","T","M","M","?","M","?","R","BOSS","M","?","?","M","?"],"items_purchased_type":["Relic","Card"],"build_version":"2020-12-22","purchased_purges":1,"victory":false,"max_hp_per_floor":[70,70,70,70,75,75,75,75,75,75,75,75,75,75,75,75,75,75,75,75,76,76,76],"card_choices":[{"not_picked":["Flying Knee","Dodge and Roll"],"picked":"Blur","floor":1},{"not_picked":["Underhanded Strike","Dagger Throw","Endless Agony"],"picked":"SKIP","floor":2},{"not_picked":["Reflex","Underhanded Strike","Slice"],"picked":"SKIP","floor":4},{"not_picked":["Poisoned Stab","Cloak And Dagger"],"picked":"Deadly Poison","floor":7},{"not_picked":["Tactician","Quick Slash","Concentrate"],"picked":"SKIP","floor":8},{"not_picked":["Dagger Spray","Expertise"],"picked":"Backflip","floor":10},{"not_picked":["Blur","PiercingWail","Dash"],"picked":"SKIP","floor":11},{"not_picked":["Corpse Explosion+1","Wraith Form v2+1"],"picked":"Malaise+1","floor":12},{"not_picked":["Underhanded Strike+1","Blade Dance+1"],"picked":"Outmaneuver+1","floor":12},{"not_picked":["Bouncing Flask","Distraction","Riddle With Holes"],"picked":"SKIP","floor":13},{"not_picked":["Night Terror","Tools of the Trade"],"picked":"Adrenaline","floor":16},{"not_picked":["Underhanded Strike","Poisoned Stab","Cloak And Dagger"],"picked":"SKIP","floor":18},{"not_picked":["Dagger Throw","Outmaneuver+1","Riddle With Holes+1"],"picked":"SKIP","floor":21}],"player_experience":148897,"relics_obtained":[{"floor":7,"key":"FossilizedHelix"},{"floor":9,"key":"Bottled Lightning"},{"floor":19,"key":"Nilry\u0027s Codex"}],"event_choices":[{"damage_healed":0,"gold_gain":0,"player_choice":"Donut","damage_taken":0,"max_hp_gain":5,"max_hp_loss":0,"event_name":"Big Fish","floor":5,"gold_loss":0},{"damage_healed":0,"gold_gain":0,"player_choice":"2","damage_taken":0,"max_hp_gain":0,"max_hp_loss":0,"event_name":"betterMatch:BetterMatch","floor":12,"gold_loss":0,"cards_obtained":["betterMatch:RareCard","betterMatch:CommonCard"]},{"damage_healed":0,"gold_gain":0,"player_choice":"LEAVE","damage_taken":0,"max_hp_gain":0,"max_hp_loss":0,"event_name":"betterThird:BetterScrap","floor":14,"gold_loss":0,"cards_obtained":["Wallop"]},{"damage_healed":0,"gold_gain":0,"player_choice":"Obtained Book","damage_taken":16,"max_hp_gain":0,"max_hp_loss":0,"event_name":"Cursed Tome","floor":19,"gold_loss":0},{"damage_healed":0,"gold_gain":0,"player_choice":"Trade","damage_taken":0,"relics_obtained":["FaceOfCleric"],"max_hp_gain":0,"max_hp_loss":0,"event_name":"FaceTrader","floor":20,"gold_loss":0}],"is_beta":false,"boss_relics":[{"not_picked":["Ectoplasm","Ring of the Serpent"],"picked":"SlaversCollar"}],"items_purged_floors":[3],"is_endless":false,"potions_floor_spawned":[1,8,11,13,16],"killed_by":"Cultist and Chosen","ascension_level":2}}