{"host":"8i4doyxqctgl5qb0","time":1609891688,"event":{"mods":["AchievementEnabler","BaseMod","Block Reminder","Colored Powertips","Downfall","Marisa£®ÏF”Í°°ƒß¿Ì…≥£©","Minty Spire (QoL Compilation)","Permanent Neow","Potion Indicator Mod","Rare Cards Sparkle","StSLib","SuperFastMode"],"gold_per_floor":[117,129,129,144,155,155,184,184,208,221,221,221,221,246,246,376,376,389,9,27,27,52,96,96,112,112,112,131,131,162,44,44,170,170,183,146,165,14,28,52,52,88,88,88,88,108,108,129,129,129,129,129,5,46,46],"floor_reached":56,"playtime":3023,"items_purged":["Defend_B"],"score":1244,"play_id":"f17b974d-e88a-4809-9b72-33a4c2ced1e4","local_time":"20210106080808","is_ascension_mode":false,"campfire_choices":[{"data":"Zap","floor":6.0,"key":"SMITH"},{"data":"Machine Learning","floor":12.0,"key":"SMITH"},{"floor":15.0,"key":"RECALL"},{"data":"Echo Form","floor":24.0,"key":"SMITH"},{"data":"Consume","floor":27.0,"key":"SMITH"},{"floor":32.0,"key":"REST"},{"floor":45.0,"key":"REST"},{"data":"Heatsinks","floor":47.0,"key":"SMITH"},{"floor":49.0,"key":"REST"},{"data":"Blizzard","floor":52.0,"key":"SMITH"}],"circlet_count":0,"master_deck":["Strike_B","Strike_B+1","Strike_B+1","Strike_B","Defend_B","Defend_B","Defend_B+1","Zap+1","Dualcast","Cold Snap","Ball Lightning","Glacier+1","Machine Learning+1","Redo","Echo Form+1","Go for the Eyes+1","Conserve Battery","Heatsinks+1","Turbo+1","Blizzard+1","Hyperbeam","Consume+1","Glacier+1","J.A.X.+1","Capacitor","Capacitor","Steam+1","Blizzard","Chaos+1","Amplify+1","CurseOfTheBell","Barrage+1","Storm","Consume+1","Double Energy+1","Tempest+1","expansioncontent:PrepareCrush+1","expansioncontent:TimeRipple","Reboot+1","Meteor Strike","Zap+1","White Noise+1","Hologram+1","Coolheaded+1","Steam+1","Defragment"],"relics":["FrozenCore","Whetstone","Akabeko","Golden Idol","Membership Card","Matryoshka","War Paint","Strawberry","Toxic Egg 2","Blood Vial","Calling Bell","Regal Pillow","Cables","Thread and Needle","Oddly Smooth Stone","Lee\u0027s Waffle","Sundial","Dream Catcher","Kunai","Bag of Preparation"],"acts_visited":["Exordium","TheCity","TheBeyond","TheEnding"],"potions_floor_usage":[55,55],"damage_taken":[{"damage":1.0,"enemies":"Jaw Worm","floor":1.0,"turns":4.0},{"damage":0.0,"enemies":"Cultist","floor":2.0,"turns":3.0},{"damage":0.0,"enemies":"Small Slimes","floor":4.0,"turns":3.0},{"damage":10.0,"enemies":"3 Louse","floor":5.0,"turns":4.0},{"damage":7.0,"enemies":"3 Sentries","floor":7.0,"turns":8.0},{"damage":4.0,"enemies":"Gremlin Gang","floor":10.0,"turns":3.0},{"damage":9.0,"enemies":"Large Slime","floor":14.0,"turns":3.0},{"damage":31.0,"enemies":"The Guardian","floor":16.0,"turns":13.0},{"damage":3.0,"enemies":"Spheric Guardian","floor":18.0,"turns":6.0},{"damage":10.0,"enemies":"Shell Parasite","floor":20.0,"turns":7.0},{"damage":7.0,"enemies":"Snake Plant","floor":22.0,"turns":8.0},{"damage":8.0,"enemies":"Gremlin Leader","floor":23.0,"turns":11.0},{"damage":2.0,"enemies":"Snecko","floor":25.0,"turns":8.0},{"damage":35.0,"enemies":"3 Cultists","floor":28.0,"turns":6.0},{"damage":26.0,"enemies":"Book of Stabbing","floor":30.0,"turns":6.0},{"damage":15.0,"enemies":"Collector","floor":33.0,"turns":10.0},{"damage":6.0,"enemies":"Orb Walker","floor":35.0,"turns":8.0},{"damage":30.0,"enemies":"3 Shapes","floor":37.0,"turns":6.0},{"damage":13.0,"enemies":"Jaw Worm Horde","floor":39.0,"turns":4.0},{"damage":10.0,"enemies":"Maw","floor":40.0,"turns":8.0},{"damage":29.0,"enemies":"Giant Head","floor":42.0,"turns":13.0},{"damage":20.0,"enemies":"4 Shapes","floor":46.0,"turns":6.0},{"damage":19.0,"enemies":"Writhing Mass","floor":48.0,"turns":6.0},{"damage":32.0,"enemies":"Time Eater","floor":50.0,"turns":16.0},{"damage":89.0,"enemies":"Shield and Spear","floor":54.0,"turns":9.0},{"damage":63,"enemies":"The Heart","floor":55,"turns":15}],"seed_played":"9018961898852070304","potions_obtained":[{"floor":2.0,"key":"LiquidBronze"},{"floor":4.0,"key":"FocusPotion"},{"floor":10.0,"key":"FairyPotion"},{"floor":14.0,"key":"Fruit Juice"},{"floor":28.0,"key":"PowerPotion"},{"floor":30.0,"key":"Dexterity Potion"},{"floor":54.0,"key":"Fruit Juice"}],"is_trial":false,"path_per_floor":["M","M","?","M","M","R","E","$","T","M","?","R","?","M","R","B",null,"M","$","M","?","M","E","R","M","T","R","M","?","E","$","R","B",null,"M","$","M","$","M","M","?","E","T","?","R","M","R","M","R","B",null,"R","$","E","B",null],"character_chosen":"DEFECT","items_purchased":["Membership Card","Conserve Battery","Heatsinks","Matryoshka","Capacitor","Steam+1","Blizzard","Chaos+1","Storm","Oddly Smooth Stone","Lee\u0027s Waffle","Kunai"],"campfire_rested":3,"item_purchase_floors":[19,19,19,19,31,31,31,31,36,38,38,53],"current_hp_per_floor":[81,81,81,81,71,71,64,64,64,60,60,60,60,51,51,20,82,79,79,69,69,62,54,54,52,59,59,29,29,3,3,31,18,94,88,88,60,101,88,80,75,48,48,48,93,75,75,58,101,69,101,101,101,12,10],"gold":46,"neow_bonus":"TEN_PERCENT_HP_BONUS","is_daily":false,"chose_seed":false,"campfire_upgraded":6,"win_rate":0.0,"timestamp":1609891688,"path_taken":["M","M","?","M","M","R","E","?","T","?","?","R","?","?","R","BOSS","M","$","M","?","M","E","R","M","T","R","M","?","E","$","R","BOSS","M","$","M","$","M","M","?","E","T","?","R","M","R","?","R","BOSS","R","$","E","BOSS"],"items_purchased_type":["Relic","Card","Card","Relic","Card","Card","Card","Card","Card","Relic","Relic","Relic"],"build_version":"2020-12-22","purchased_purges":1,"victory":true,"max_hp_per_floor":[82,82,82,82,82,82,82,82,82,82,82,82,82,82,82,82,82,82,82,82,82,82,82,82,82,89,89,94,94,94,94,94,94,94,94,94,94,101,101,101,101,101,101,101,101,101,101,101,101,101,101,101,101,101,106],"card_choices":[{"not_picked":["Barrage","Beam Cell"],"picked":"Cold Snap","floor":1.0},{"not_picked":["Barrage","Undo"],"picked":"Ball Lightning","floor":2.0},{"not_picked":["Leap","Redo"],"picked":"Glacier","floor":4.0},{"not_picked":["Beam Cell","Gash","Rebound"],"picked":"SKIP","floor":5.0},{"not_picked":["Cold Snap","Leap"],"picked":"Machine Learning","floor":7.0},{"not_picked":["Beam Cell","Rebound","Sweeping Beam"],"picked":"SKIP","floor":10.0},{"not_picked":["Genetic Algorithm","Recycle"],"picked":"Redo","floor":14.0},{"not_picked":["Fission","Amplify"],"picked":"Echo Form","floor":16.0},{"not_picked":["Beam Cell","Hologram"],"picked":"Go for the Eyes+1","floor":18.0},{"not_picked":["Hologram","Go for the Eyes"],"picked":"Turbo+1","floor":20.0},{"not_picked":["Barrage","Coolheaded"],"picked":"Blizzard","floor":22.0},{"not_picked":["Beam Cell","Undo"],"picked":"Hyperbeam","floor":23.0},{"not_picked":["Gash","Leap"],"picked":"Consume","floor":25.0},{"not_picked":["Hologram+1","Stack+1"],"picked":"Glacier+1","floor":28.0},{"not_picked":["Streamline","Glacier+1"],"picked":"Capacitor","floor":30.0},{"not_picked":["Reboot+1","Echo Form"],"picked":"Amplify+1","floor":33.0},{"not_picked":["Gash+1","Beam Cell"],"picked":"Barrage+1","floor":35.0},{"not_picked":["Streamline","Recycle+1"],"picked":"Consume+1","floor":37.0},{"not_picked":["Compile Driver","Coolheaded+1"],"picked":"Double Energy+1","floor":39.0},{"not_picked":["Cold Snap","Reprogram+1"],"picked":"Tempest+1","floor":40.0},{"not_picked":["expansioncontent:Torchfire","Blind+1"],"picked":"expansioncontent:PrepareCrush+1","floor":41.0},{"not_picked":["expansioncontent:FaceSlap","expansioncontent:GuardianWhirl"],"picked":"expansioncontent:TimeRipple","floor":41.0},{"not_picked":["Stack+1","Lockon+1"],"picked":"Reboot+1","floor":42.0},{"not_picked":["Compile Driver","Capacitor"],"picked":"White Noise+1","floor":45.0},{"not_picked":["Streamline+1","Steam+1"],"picked":"Hologram+1","floor":46.0},{"not_picked":["Beam Cell","Leap+1"],"picked":"Coolheaded+1","floor":48.0},{"not_picked":["Hologram+1","Skim+1"],"picked":"Steam+1","floor":49.0},{"not_picked":["Ball Lightning+1","Doom and Gloom"],"picked":"Defragment","floor":54.0}],"player_experience":97401,"relics_obtained":[{"floor":7.0,"key":"Whetstone"},{"floor":9.0,"key":"Akabeko"},{"floor":23.0,"key":"War Paint"},{"floor":26.0,"key":"Strawberry"},{"floor":26.0,"key":"Toxic Egg 2"},{"floor":30.0,"key":"Blood Vial"},{"floor":34.0,"key":"Regal Pillow"},{"floor":34.0,"key":"Cables"},{"floor":34.0,"key":"Thread and Needle"},{"floor":42.0,"key":"Sundial"},{"floor":43.0,"key":"Dream Catcher"},{"floor":54.0,"key":"Bag of Preparation"}],"event_choices":[{"damage_healed":0.0,"max_hp_gain":0.0,"max_hp_loss":0.0,"gold_gain":0.0,"event_name":"The Woman in Blue","player_choice":"Bought 0 Potions","floor":3.0,"gold_loss":0.0,"damage_taken":0.0},{"damage_healed":0.0,"max_hp_gain":0.0,"max_hp_loss":0.0,"gold_gain":0.0,"event_name":"Golden Idol","player_choice":"Take Wound","floor":11.0,"gold_loss":0.0,"damage_taken":0.0,"relics_obtained":["Golden Idol"],"cards_obtained":["Injury"]},{"cards_removed":["Injury"],"damage_healed":0.0,"max_hp_gain":0.0,"max_hp_loss":0.0,"gold_gain":0.0,"event_name":"Living Wall","player_choice":"Forget","floor":13.0,"gold_loss":0.0,"damage_taken":0.0},{"damage_healed":0.0,"max_hp_gain":0.0,"max_hp_loss":0.0,"gold_gain":0.0,"event_name":"Ghosts","player_choice":"Ignored","floor":21.0,"gold_loss":0.0,"damage_taken":0.0},{"damage_healed":0.0,"max_hp_gain":0.0,"max_hp_loss":0.0,"gold_gain":0.0,"event_name":"Drug Dealer","player_choice":"Obtain J.A.X.","floor":29.0,"gold_loss":0.0,"damage_taken":0.0,"cards_obtained":["J.A.X."]},{"damage_healed":0.0,"max_hp_gain":0.0,"max_hp_loss":0.0,"gold_gain":0.0,"event_name":"SensoryStone","player_choice":"Memory 2","floor":41.0,"gold_loss":0.0,"damage_taken":5.0},{"damage_healed":0.0,"max_hp_gain":0.0,"max_hp_loss":0.0,"gold_gain":0.0,"event_name":"Match and Keep!","player_choice":"2 cards matched","floor":44.0,"gold_loss":0.0,"damage_taken":0.0,"cards_obtained":["Meteor Strike","Zap"]}],"is_beta":false,"boss_relics":[{"not_picked":["Ectoplasm","Coffee Dripper"],"picked":"FrozenCore"},{"not_picked":["Astrolabe","Busted Crown"],"picked":"Calling Bell"}],"items_purged_floors":[19],"is_endless":false,"potions_floor_spawned":[2,4,10,14,23,28,30,33,37,39,46,54],"ascension_level":0}}