{"host":"1fn5ivlym87f4xjq","time":1609930574,"event":{"mods":["BaseMod","BetterRewards","Colored Powertips","Minty Spire (QoL Compilation)","Shop Mod","StSLib","The Animator","The Exalted","The Forsaken","The Hierophant"],"gold_per_floor":[50050123,50050141,50031736,50031637,50031656,50031697,50031697,50031697,50031748,50031759,50031778,50031778,50031657,50031673,50031673,50031773,50031773,50031811,50031811,50031811,50031811,50031811,50031698,50031718,50031718,50031718,50031743,50031743,50031743,50031758,50031769,50031769,50031864,50031864,50031881,50031892,50031892,50032114,50028483,50028512,50028340,50028340,50028340,50028369,50028419,50028444,50028457,50028482,50028482,50028482,50028482,50028482,999,1049,1104,1172,1399,646,721,801,801,29,124,124,449,256,371,371,371],"floor_reached":70,"playtime":5361,"items_purged":["animator:Defend_Overlord","animator:Defend_HitsugiNoChaika+1","animator:Defend_MadokaMagica+1","animator:Magilou+1","animator:Defend_FullmetalAlchemist+1"],"score":1619,"play_id":"36ea3180-3744-4e17-b994-c30b643f6f7c","local_time":"20210106115614","is_ascension_mode":false,"campfire_choices":[{"floor":15,"key":"RECALL"},{"data":"1","floor":29,"key":"LIFT"},{"data":"2","floor":32,"key":"LIFT"},{"data":"3","floor":49,"key":"LIFT"},{"data":"animator:FeridBathory+1","floor":52,"key":"PURGE"},{"floor":68,"key":"REST"}],"circlet_count":0,"master_deck":["animator:Cocytus+1","animator:Demiurge+1","animator:PandorasActor+1","animator:Demiurge+1","animator:Entoma+8","animator:Evileye+1","animator:Sora+1","animator:Cocytus+1","animator:PandorasActor+1","animator:Ainz+1","animator:Sebas+1","animator:Ainz+1","animator:Shalltear+1","Bite+1","Bite+1","Bite+1","Bite+1","Bite+1","animator:Demiurge+1","animator:Boros+1","animator:Ainz+1","animator:Shalltear+1","animator:Evileye+1","animator:Albedo+1","animator:PandorasActor+1","animator:NarberalGamma+1","animator:Kira+1","animator:Shalltear+1","animator:Demiurge+1","animator:Shalltear+1","animator:Demiurge+1","animator:Cocytus+1","animator:Kira+1"],"relics":["animator:TheEgnaroPiece","animator:LivingPicture","animator:TheMissingPiece","animator:AncientMedallion"],"acts_visited":["Exordium","TheCity","TheBeyond","TheEnding","EYB:TheUnnamedReign"],"potions_floor_usage":[14,55,69,69,69],"damage_taken":[{"damage":6,"enemies":"2 Louse","floor":1,"turns":2},{"damage":2,"enemies":"Jaw Worm","floor":2,"turns":2},{"damage":0,"enemies":"Small Slimes","floor":5,"turns":1},{"damage":0,"enemies":"Lagavulin","floor":6,"turns":1},{"damage":0,"enemies":"Red Slaver","floor":10,"turns":1},{"damage":0,"enemies":"Exordium Thugs","floor":11,"turns":1},{"damage":0,"enemies":"Looter","floor":14,"turns":1},{"damage":0,"enemies":"Hexaghost","floor":16,"turns":2},{"damage":0,"enemies":"Chosen","floor":18,"turns":2},{"damage":0,"enemies":"Spheric Guardian","floor":24,"turns":2},{"damage":0,"enemies":"Masked Bandits","floor":27,"turns":1},{"damage":0,"enemies":"Shelled Parasite and Fungi","floor":30,"turns":1},{"damage":0,"enemies":"Snake Plant","floor":31,"turns":1},{"damage":0,"enemies":"Automaton","floor":33,"turns":3},{"damage":0,"enemies":"3 Shapes","floor":35,"turns":1},{"damage":0,"enemies":"Orb Walker","floor":36,"turns":1},{"damage":0,"enemies":"Giant Head","floor":40,"turns":2},{"damage":0,"enemies":"Nemesis","floor":44,"turns":2},{"damage":0,"enemies":"Mind Bloom Boss Battle","floor":45,"turns":2},{"damage":0,"enemies":"Writhing Mass","floor":47,"turns":1},{"damage":0,"enemies":"Reptomancer","floor":48,"turns":1},{"damage":0,"enemies":"Donu and Deca","floor":50,"turns":3},{"damage":21,"enemies":"animator:UNNAMED_CULTIST_1","floor":54,"turns":7},{"damage":0,"enemies":"animator:TRIPLE_SHAPES_WEAK","floor":55,"turns":5},{"damage":0,"enemies":"animator:UNNAMED_CULTIST_2","floor":59,"turns":4},{"damage":0,"enemies":"animator:LARGE_WISP","floor":60,"turns":3},{"damage":0,"enemies":"animator:ULTIMATE_WISP","floor":63,"turns":4},{"damage":0,"enemies":"animator:ULTIMATE_CUBE","floor":67,"turns":3}],"seed_played":"-5653712228629926958","potions_obtained":[{"floor":5,"key":"LiquidBronze"},{"floor":6,"key":"DistilledChaos"},{"floor":10,"key":"DistilledChaos"},{"floor":11,"key":"EssenceOfSteel"},{"floor":12,"key":"Energy Potion"},{"floor":12,"key":"LiquidMemories"},{"floor":12,"key":"Block Potion"},{"floor":14,"key":"Fruit Juice"},{"floor":16,"key":"EssenceOfSteel"},{"floor":54,"key":"animator:FalseLifePotion"},{"floor":55,"key":"animator:FalseLifePotion"},{"floor":59,"key":"animator:FalseLifePotion"},{"floor":60,"key":"animator:FalseLifePotion"}],"is_trial":false,"path_per_floor":["M","M","$","?","M","E","?","?","T","M","M","?","$","M","R","B",null,"M","?","?","?","T","$","M","T","T","?","?","R","M","M","R","B",null,"M","M","?","?","$","E","$","?","T","E","?","T","M","E","R","B",null,"R","??","M","M","T","?","$","M","M","?","$","E","T","?","$","E","R","B",null],"character_chosen":"THE_ANIMATOR","items_purchased":["OrangePellets","Letter Opener","Regal Pillow","Torii","theForsaken:HumbleEgg","Bird Faced Urn","animator:WornHelmet","InkBottle","Ornamental Fan","Eternal Feather","Juzu Bracelet","Bromod:ArcaneNullifier","Pear","Molten Egg 2","Nunchaku","PreservedInsect","Bromod:ArcaneFury","Paper Crane","White Beast Statue","Boot","FossilizedHelix","Red Skull","Ancient Tea Set","Dream Catcher","Akabeko","Bromod:ArcaneVictory","Ice Cream","Frozen Egg 2","Blue Candle","Bromod:ArcanePulse","theForsaken:Lifeblossom","War Paint","Matryoshka","Whetstone","animator:BattleDrones","Bag of Preparation","Bromod:ArcaneConsequence","animator:ShionDessert","HornCleat","MealTicket","Happy Flower","Centennial Puzzle","Oddly Smooth Stone","Incense Burner","animator:Buoy","Blood Vial","Bromod:ArcaneTempo","animator:AlchemistGlove","Sundial","animator:Demiurge+1","Question Card","Bromod:ArcaneAwakening","CloakClasp","Vajra","Toy Ornithopter","Toxic Egg 2","Champion Belt","animator:HeavyHalberd","Mango","Orichalcum","Lantern","TungstenRod","Shuriken","theForsaken:Gavel","Dead Branch","theForsaken:ScaryMask","Ginger","Darkstone Periapt","Paper Frog","Pantograph","animator:Hoodie","Bromod:ArcaneGuardian","Mercury Hourglass","StoneCalendar","Bag of Marbles","Gremlin Horn","Potion Belt","Strawberry","Bromod:ArcaneMomentum","Bronze Scales","Anchor","Mummified Hand","theForsaken:Kindling","Singing Bowl","Bromod:ArcaneTrickery","Bromod:ArcaneDeflection","animator:OldCoffin","Meat on the Bone","Bromod:ArcaneAvenger","animator:WizardHat","Calipers","Lizard Tail","animator:HallowedScabbard","WingedGreaves","Charon\u0027s Ashes","Pocketwatch","CaptainsWheel","Thread and Needle","Gambling Chip","Unceasing Top","Girya","Peace Pipe","Bromod:ArcaneAegis","Bromod:ArcanePistoleer","Bromod:ArcaneUltimatum","animator:EngravedStaff","Circlet","MerchantsRug","Bottled Flame","Bottled Lightning","Circlet","Circlet","Circlet","Circlet","Circlet","Circlet","Circlet","Circlet","Circlet","Circlet","Circlet","Circlet","Circlet","Circlet","Circlet","Circlet","Circlet","Circlet","Circlet","Circlet","Circlet","Circlet","Circlet","Circlet","Circlet","Circlet","Circlet","Circlet","Circlet","Circlet","Circlet","Circlet","Circlet","Circlet","Circlet","Circlet","Circlet","Circlet","Circlet","Circlet","Circlet","Circlet","Circlet","Circlet","Circlet","Circlet","Circlet","Circlet","Circlet","Orrery","animator:Magilou+1","TheAbacus","Toolbox","Circlet","Circlet","Circlet","Circlet","Circlet","Circlet","Circlet","Circlet","Circlet","Circlet","Circlet","Circlet","Circlet","Circlet","Circlet","Circlet","Circlet","Circlet","Circlet","Circlet","Circlet","Circlet","Sling","animator:Albedo+1","animator:AncientMedallion","animator:AncientMedallion","animator:AncientMedallion","animator:AncientMedallion","animator:AncientMedallion","animator:AncientMedallion","animator:Demiurge","animator:Kira"],"campfire_rested":1,"item_purchase_floors":[3,3,3,3,3,3,3,3,3,3,3,3,3,3,3,3,3,3,3,3,3,3,3,3,3,3,3,3,3,3,3,3,3,3,3,3,3,3,3,3,3,3,3,3,3,3,3,3,3,3,3,3,3,3,3,3,3,3,3,3,3,3,3,3,3,3,3,3,3,3,3,3,3,3,3,3,3,3,3,3,3,3,3,3,3,3,3,3,3,3,3,3,3,3,3,3,3,3,3,3,3,3,3,3,3,3,3,3,3,3,3,3,3,3,3,3,3,3,3,3,3,3,3,3,3,3,3,3,3,3,3,3,3,3,3,3,3,3,3,3,3,3,3,3,3,3,3,3,3,3,3,3,3,3,3,3,3,3,3,13,13,23,39,39,39,39,39,39,39,39,39,39,39,39,39,39,39,39,39,39,39,39,39,39,39,41,41,58,58,58,62,62,62,62,66],"current_hp_per_floor":[54,52,85,85,98,107,85,116,116,121,126,126,128,138,138,142,150,153,153,153,153,153,153,156,156,156,161,161,161,166,169,169,172,172,175,178,180,180,180,185,185,185,185,188,193,193,198,201,201,204,204,204,86,73,79,79,79,79,86,86,86,86,86,86,86,86,86,86,88],"gold":371,"neow_bonus":"TWENTY_PERCENT_HP_BONUS","is_daily":false,"chose_seed":false,"campfire_upgraded":0,"win_rate":0.0,"timestamp":1609930574,"path_taken":["M","M","$","?","M","E","?","?","T","M","M","?","$","M","R","BOSS","M","?","?","?","?","?","M","?","T","?","?","R","M","M","R","BOSS","M","M","?","?","$","E","$","?","T","E","?","?","M","E","R","BOSS","R","??","M","M","T","?","$","M","M","?","$","E","T","?","$","E","R","BOSS"],"items_purchased_type":["Relic","Relic","Relic","Relic","Relic","Relic","Relic","Relic","Relic","Relic","Relic","Relic","Relic","Relic","Relic","Relic","Relic","Relic","Relic","Relic","Relic","Relic","Relic","Relic","Relic","Relic","Relic","Relic","Relic","Relic","Relic","Relic","Relic","Relic","Relic","Relic","Relic","Relic","Relic","Relic","Relic","Relic","Relic","Relic","Relic","Relic","Relic","Relic","Relic","Card","Relic","Relic","Relic","Relic","Relic","Relic","Relic","Relic","Relic","Relic","Relic","Relic","Relic","Relic","Relic","Relic","Relic","Relic","Relic","Relic","Relic","Relic","Relic","Relic","Relic","Relic","Relic","Relic","Relic","Relic","Relic","Relic","Relic","Relic","Relic","Relic","Relic","Relic","Relic","Relic","Relic","Relic","Relic","Relic","Relic","Relic","Relic","Relic","Relic","Relic","Relic","Relic","Relic","Relic","Relic","Relic","Potion","Relic","Relic","Relic","Potion","Potion","Potion","Potion","Potion","Potion","Potion","Potion","Potion","Potion","Potion","Potion","Potion","Potion","Potion","Potion","Potion","Potion","Potion","Potion","Potion","Potion","Potion","Potion","Potion","Potion","Potion","Potion","Potion","Potion","Potion","Potion","Potion","Potion","Potion","Potion","Potion","Potion","Potion","Potion","Potion","Potion","Potion","Potion","Potion","Potion","Potion","Potion","Potion","Relic","Card","Relic","Relic","Potion","Potion","Potion","Potion","Potion","Potion","Potion","Potion","Potion","Potion","Potion","Potion","Potion","Potion","Potion","Potion","Potion","Potion","Potion","Potion","Potion","Potion","Relic","Card","Relic","Relic","Relic","Relic","Relic","Relic","Card","Card"],"build_version":"2020-12-22","purchased_purges":5,"victory":true,"max_hp_per_floor":[78,78,109,109,113,116,116,116,116,121,126,126,128,138,138,142,150,153,153,153,153,153,153,156,156,156,161,161,161,166,169,169,172,172,175,178,180,180,180,185,185,185,185,188,193,193,198,201,201,204,204,204,86,86,86,86,86,86,86,86,86,86,86,86,86,86,86,86,88],"card_choices":[{"not_picked":["animator:Yoichi","animator:Mitsurugi"],"picked":"animator:PandorasActor","floor":1},{"not_picked":["animator:DolaRiku","animator:MumenRider"],"picked":"animator:Scar","floor":2},{"not_picked":["animator:Kazuma+1","animator:DolaStephanie+1","animator:Mikaela+1"],"picked":"animator:Entoma+1","floor":5},{"not_picked":["animator:PandorasActor+1","animator:Entoma+1","animator:Cocytus+1"],"picked":"animator:Evileye+1","floor":6},{"not_picked":["animator:YunYun+1","animator:Hans+1","animator:KrulTepes+1","animator:Mitsuba+1"],"picked":"Singing Bowl","floor":10},{"not_picked":["animator:KrulTepes+1","animator:Pride+1","animator:Tatsumaki+1","animator:ChlammyZell+1"],"picked":"Singing Bowl","floor":11},{"not_picked":["animator:Entoma+1","animator:Kaijin+1","animator:Geryuganshoop+1"],"picked":"animator:Sora+1","floor":13},{"not_picked":["animator:Mikaela+1","animator:ElricEdward+1","animator:Mitsuba+1"],"picked":"animator:Cocytus+1","floor":13},{"not_picked":["animator:DolaCouronne+1","animator:Tet+1","animator:Sebas+1"],"picked":"animator:PandorasActor+1","floor":13},{"not_picked":["animator:WinryRockbell+1","animator:Hakurou+1","animator:Yoichi+1"],"picked":"animator:FeridBathory+1","floor":13},{"not_picked":["animator:Wiz+1","animator:Hakurou+1","animator:FielNirvalen+1","animator:Verdia+1"],"picked":"Singing Bowl","floor":13},{"not_picked":["animator:FielNirvalen+1","animator:Envy+1","animator:Mikaela+1","animator:Shinoa+1"],"picked":"Singing Bowl","floor":14},{"not_picked":["animator:Sora+1","animator:Hans+1","animator:Wiz+1"],"picked":"animator:Ainz+1","floor":16},{"not_picked":["animator:Cocytus+1","animator:NarberalGamma+1","animator:Evileye+1"],"picked":"animator:Sebas+1","floor":18},{"not_picked":["animator:Geryuganshoop+1","animator:Yoichi+1","animator:Greed+1"],"picked":"animator:Demiurge+1","floor":24},{"not_picked":["animator:Tet+1","animator:Pride+1","animator:Sloth+1","animator:Mitsurugi+1"],"picked":"Singing Bowl","floor":27},{"not_picked":["animator:Mikaela+1","animator:MumenRider+1","animator:Shigure+1","animator:Melzalgald+1"],"picked":"Singing Bowl","floor":30},{"not_picked":["animator:Tatsumaki+1","animator:Yoichi+1","animator:Kazuma+1"],"picked":"animator:Boros+1","floor":31},{"not_picked":["animator:Shizu+1","animator:Guren+1","animator:Saitama+1"],"picked":"animator:Ainz+1","floor":33},{"not_picked":["animator:Entoma+1","animator:Evileye+1","animator:PandorasActor+1"],"picked":"animator:Shalltear+1","floor":35},{"not_picked":["animator:Tatsumaki+1","animator:Shizu+1","animator:Vanir+1"],"picked":"animator:Evileye+1","floor":36},{"not_picked":["animator:Lelouch+1","animator:QuestionMark+1","animator:MisakiNakahara+1","animator:Patchouli+1"],"picked":"Singing Bowl","floor":37},{"not_picked":["animator:Mikaela+1","animator:FeridBathory+1","animator:Mitsuba+1","animator:Scar+1"],"picked":"Singing Bowl","floor":40},{"not_picked":["animator:Jibril+1","animator:Yoichi+1","animator:Eris+1"],"picked":"animator:PandorasActor+1","floor":44},{"not_picked":["animator:Mitsurugi+1","animator:Yoichi+1","animator:Millim+1","animator:WinryRockbell+1"],"picked":"Singing Bowl","floor":45},{"not_picked":["animator:PandorasActor+1","animator:Cocytus+1","animator:Entoma+1"],"picked":"animator:NarberalGamma+1","floor":47},{"not_picked":["animator:FielNirvalen+1","animator:Rimuru","animator:IzunaHatsuse+1"],"picked":"animator:Entoma+1","floor":48},{"not_picked":["animator:CrowleyEusford","animator:DolaSchwi","animator:Gluttony+1"],"picked":"SKIP","floor":54},{"not_picked":["animator:MaesHughes","animator:DolaCouronne"],"picked":"animator:Shalltear","floor":55},{"not_picked":["animator:Cocytus","animator:Sebas"],"picked":"animator:Demiurge","floor":59},{"not_picked":["animator:Darkness","animator:KrulTepes"],"picked":"animator:Shalltear","floor":60},{"not_picked":["animator:Mitsurugi","animator:Tatsumaki"],"picked":"animator:Cocytus","floor":63},{"not_picked":["animator:Tet","animator:Sloth","animator:Kazuma"],"picked":"SKIP","floor":67}],"player_experience":115287,"relics_obtained":[{"floor":6,"key":"Circlet"},{"floor":6,"key":"Circlet"},{"floor":9,"key":"Circlet"},{"floor":22,"key":"Circlet"},{"floor":22,"key":"Circlet"},{"floor":25,"key":"Circlet"},{"floor":26,"key":"Circlet"},{"floor":27,"key":"Red Mask"},{"floor":40,"key":"Circlet"},{"floor":40,"key":"Circlet"},{"floor":43,"key":"Circlet"},{"floor":44,"key":"Circlet"},{"floor":44,"key":"Circlet"},{"floor":46,"key":"Circlet"},{"floor":48,"key":"Circlet"},{"floor":48,"key":"Circlet"},{"floor":53,"key":"animator:TheEgnaroPiece"},{"floor":56,"key":"animator:AncientMedallion"},{"floor":63,"key":"animator:AncientMedallion"},{"floor":64,"key":"animator:AncientMedallion"},{"floor":67,"key":"animator:AncientMedallion"}],"event_choices":[{"damage_healed":0,"gold_gain":0,"player_choice":"Entered Light","damage_taken":23,"max_hp_gain":0,"max_hp_loss":0,"event_name":"Shining Light","floor":7,"gold_loss":0,"cards_upgraded":["animator:PandorasActor","animator:Cocytus"]},{"cards_removed":["animator:Scar"],"damage_healed":31,"gold_gain":0,"player_choice":"Offered Uncommon","damage_taken":0,"max_hp_gain":0,"max_hp_loss":0,"event_name":"Bonfire Elementals","floor":8,"gold_loss":0},{"damage_healed":0,"gold_gain":0,"player_choice":"Got Potions","damage_taken":0,"max_hp_gain":0,"max_hp_loss":0,"event_name":"Lab","floor":12,"gold_loss":0},{"damage_healed":0,"gold_gain":0,"player_choice":"Copied","damage_taken":0,"max_hp_gain":0,"max_hp_loss":0,"event_name":"Duplicator","floor":19,"gold_loss":0,"cards_obtained":["animator:Ainz"]},{"damage_healed":0,"gold_gain":0,"player_choice":"Read","damage_taken":0,"max_hp_gain":0,"max_hp_loss":0,"event_name":"The Library","floor":20,"gold_loss":0,"cards_obtained":["animator:Shalltear"]},{"damage_healed":0,"gold_gain":0,"player_choice":"Became a vampire (Vial)","damage_taken":0,"max_hp_gain":0,"max_hp_loss":0,"event_name":"Vampires","floor":21,"relics_lost":["Blood Vial"],"gold_loss":0,"cards_obtained":["Bite","Bite","Bite","Bite","Bite"]},{"damage_healed":0,"gold_gain":0,"player_choice":"Fought Bandits","damage_taken":0,"max_hp_gain":0,"max_hp_loss":0,"event_name":"Masked Bandits","floor":27,"gold_loss":0},{"damage_healed":0,"gold_gain":0,"player_choice":"Memory 1","damage_taken":0,"max_hp_gain":0,"max_hp_loss":0,"event_name":"SensoryStone","floor":37,"gold_loss":0},{"damage_healed":0,"gold_gain":222,"player_choice":"Wore Mask","damage_taken":0,"max_hp_gain":0,"max_hp_loss":0,"event_name":"Tomb of Lord Red Mask","floor":38,"gold_loss":0},{"damage_healed":0,"gold_gain":0,"player_choice":"Bought 0 Potions","damage_taken":0,"max_hp_gain":0,"max_hp_loss":0,"event_name":"The Woman in Blue","floor":42,"gold_loss":0},{"damage_healed":0,"gold_gain":0,"player_choice":"Fight","damage_taken":0,"max_hp_gain":0,"max_hp_loss":0,"event_name":"MindBloom","floor":45,"gold_loss":0}],"is_beta":false,"boss_relics":[{"not_picked":["Fusion Hammer","Bromod:ArcaneGrace"],"picked":"animator:HolyGrailRelic"},{"not_picked":["Empty Cage","Calling Bell"],"picked":"animator:VividPicture"}],"items_purged_floors":[3,13,23,39,41],"is_endless":false,"potions_floor_spawned":[5,6,10,11,14,16,18,24,27,30,31,33,35,36,40,44,45,47,48,55,63,67],"ascension_level":0}}