{"host":"kg61lsvem4dxoat8","time":1609941624,"event":{"mods":["BaseMod","Colored Powertips","Minty Spire (QoL Compilation)","Quick Restart","Rare Cards Sparkle","Relic Stats","slay the spire mod where everything is the same but ironclad has a cowboy hat"],"gold_per_floor":[113,188,188,208,221,256,256,273,297,330,341,352,16,26,26,122,122,132,166,181,181,31,57,57,67,67,67,79,179,179,210,210,314,314,330,348,102,114,125,151,151,170,193,193,193,193],"floor_reached":45,"playtime":1514,"items_purged":["Strike_P","Strike_P"],"score":622,"play_id":"7f9421cc-e14f-4039-a48b-40b6f0c940b8","local_time":"20210106220024","is_ascension_mode":false,"campfire_choices":[{"data":"Eruption","floor":7,"key":"SMITH"},{"data":"Establishment","floor":15,"key":"SMITH"},{"data":"Ragnarok","floor":27,"key":"SMITH"},{"floor":32,"key":"REST"},{"floor":41,"key":"REST"},{"data":"BattleHymn","floor":44,"key":"SMITH"}],"circlet_count":0,"master_deck":["Strike_P+1","Strike_P+1","Defend_P","Defend_P","Defend_P","Defend_P","Eruption+1","Vigilance","CarveReality","Crescendo","SandsOfTime","Wallop","FlurryOfBlows","Establishment+1","Perseverance","Tantrum","Ragnarok+1","FlurryOfBlows+1","EmptyFist","EmptyBody","Study","Judgement","Halt+1","ClearTheMind+1","Protect+1","TalkToTheHand","BattleHymn+1","Prostrate+1"],"relics":["PureWater","TungstenRod","Lantern","Akabeko","Potion Belt","Whetstone","Black Star","Red Mask","Vajra","Damaru","Bag of Marbles","Darkstone Periapt","Prayer Wheel","Calipers","Shuriken","Bird Faced Urn","Pantograph","Busted Crown","Bronze Scales","Smiling Mask","StoneCalendar"],"acts_visited":["Exordium","TheCity","TheBeyond"],"potions_floor_usage":[6,10,19,20,20,23,23,29,31],"damage_taken":[{"damage":0,"enemies":"2 Louse","floor":1,"turns":3},{"damage":0,"enemies":"Small Slimes","floor":4,"turns":2},{"damage":0,"enemies":"Jaw Worm","floor":5,"turns":1},{"damage":6,"enemies":"Lagavulin","floor":6,"turns":3},{"damage":0,"enemies":"Blue Slaver","floor":8,"turns":2},{"damage":0,"enemies":"Gremlin Nob","floor":10,"turns":1},{"damage":0,"enemies":"Looter","floor":11,"turns":1},{"damage":0,"enemies":"3 Louse","floor":12,"turns":1},{"damage":0,"enemies":"Exordium Thugs","floor":14,"turns":2},{"damage":0,"enemies":"Slime Boss","floor":16,"turns":3},{"damage":0,"enemies":"Spheric Guardian","floor":18,"turns":2},{"damage":4,"enemies":"Masked Bandits","floor":19,"turns":2},{"damage":11,"enemies":"3 Byrds","floor":20,"turns":3},{"damage":0,"enemies":"Book of Stabbing","floor":23,"turns":2},{"damage":0,"enemies":"Snecko","floor":25,"turns":2},{"damage":6,"enemies":"Centurion and Healer","floor":28,"turns":3},{"damage":0,"enemies":"Colosseum Slavers","floor":29,"turns":1},{"damage":7,"enemies":"Colosseum Nobs","floor":29,"turns":3},{"damage":0,"enemies":"Slavers","floor":31,"turns":1},{"damage":13,"enemies":"Collector","floor":33,"turns":6},{"damage":6,"enemies":"3 Darklings","floor":35,"turns":4},{"damage":1,"enemies":"3 Shapes","floor":36,"turns":5},{"damage":18,"enemies":"Sphere and 2 Shapes","floor":38,"turns":8},{"damage":0,"enemies":"4 Shapes","floor":39,"turns":2},{"damage":18,"enemies":"Giant Head","floor":40,"turns":6},{"damage":26,"enemies":"Writhing Mass","floor":42,"turns":5},{"damage":72,"enemies":"Nemesis","floor":45,"turns":2}],"seed_played":"-5340082541966393101","potions_obtained":[{"floor":1,"key":"DistilledChaos"},{"floor":5,"key":"PowerPotion"},{"floor":6,"key":"FearPotion"},{"floor":12,"key":"SkillPotion"},{"floor":14,"key":"Explosive Potion"},{"floor":18,"key":"PowerPotion"},{"floor":19,"key":"SteroidPotion"},{"floor":28,"key":"ColorlessPotion"},{"floor":29,"key":"DistilledChaos"},{"floor":33,"key":"CultistPotion"},{"floor":35,"key":"BlessingOfTheForge"},{"floor":40,"key":"SteroidPotion"}],"is_trial":false,"path_per_floor":["M","?","?","M","M","E","R","M","T","E","M","M","$","M","R","B",null,"M","?","M","?","$","E","T","M","T","R","M","?","?","E","R","B",null,"M","M","$","M","M","E","R","M","T","R","E"],"character_chosen":"WATCHER","items_purchased":["Establishment","Perseverance","Tantrum","Vajra","Bronze Scales"],"campfire_rested":2,"item_purchase_floors":[13,13,13,22,37],"current_hp_per_floor":[51,41,39,39,39,33,33,33,33,33,33,33,33,33,33,33,72,72,68,57,45,45,45,45,45,45,45,39,32,32,32,55,64,77,71,74,74,59,61,49,72,50,50,50,0,0],"gold":193,"neow_bonus":"ONE_RARE_RELIC","is_daily":false,"chose_seed":false,"campfire_upgraded":4,"win_rate":0.0,"timestamp":1609941624,"path_taken":["M","?","?","M","M","E","R","M","T","E","M","M","$","M","R","BOSS","M","?","M","?","$","E","?","M","T","R","M","?","?","E","R","BOSS","M","M","$","M","M","E","R","M","T","R","E"],"items_purchased_type":["Card","Card","Card","Relic","Relic"],"build_version":"2020-12-22","purchased_purges":2,"victory":false,"max_hp_per_floor":[72,72,72,72,72,72,72,72,72,72,72,72,72,72,72,72,72,72,72,72,77,77,77,77,77,77,77,77,77,77,77,77,77,77,77,77,77,77,77,77,77,77,77,77,77,77],"relic_stats":{"Darkstone Periapt":0,"counters":[27,76],"StoneCalendar":[0],"Whetstone":["Strike_P","Strike_P"],"Smiling Mask":0,"Busted Crown":22,"Shuriken":[14],"Bird Faced Urn":[23],"Pantograph":22,"Bronze Scales":[48],"Prayer Wheel":6,"Black Star":3,"obtain_stats":[{"Potion Belt":9,"Darkstone Periapt":24,"Lantern":3,"Calipers":29,"Vajra":22,"Damaru":23,"StoneCalendar":40,"Whetstone":10,"Smiling Mask":40,"Akabeko":6,"Busted Crown":34,"Shuriken":29,"Bird Faced Urn":31,"Pantograph":31,"Bronze Scales":37,"Prayer Wheel":26,"Black Star":17,"Red Mask":19,"Bag of Marbles":23,"PureWater":0,"TungstenRod":0},{"Potion Belt":5,"Darkstone Periapt":14,"Lantern":1,"Calipers":18,"Vajra":13,"Damaru":14,"StoneCalendar":25,"Whetstone":6,"Smiling Mask":25,"Akabeko":4,"Busted Crown":20,"Shuriken":18,"Bird Faced Urn":19,"Pantograph":19,"Bronze Scales":22,"Prayer Wheel":15,"Black Star":10,"Red Mask":12,"Bag of Marbles":14,"PureWater":0,"TungstenRod":0},{"Potion Belt":11,"Darkstone Periapt":28,"Lantern":3,"Calipers":37,"Vajra":26,"Damaru":28,"StoneCalendar":69,"Whetstone":12,"Smiling Mask":69,"Akabeko":9,"Busted Crown":44,"Shuriken":37,"Bird Faced Urn":38,"Pantograph":38,"Bronze Scales":53,"Prayer Wheel":30,"Black Star":19,"Red Mask":23,"Bag of Marbles":28,"PureWater":0,"TungstenRod":0}],"TungstenRod":24},"card_choices":[{"not_picked":["WreathOfFlame","CutThroughFate"],"picked":"CarveReality","floor":1},{"not_picked":["Consecrate","JustLucky"],"picked":"Crescendo","floor":4},{"not_picked":["JustLucky","FollowUp","CrushJoints"],"picked":"SKIP","floor":5},{"not_picked":["Swivel","Perseverance","FollowUp"],"picked":"SKIP","floor":6},{"not_picked":["MentalFortress","CrushJoints"],"picked":"SandsOfTime","floor":8},{"not_picked":["BowlingBash","ClearTheMind"],"picked":"Wallop","floor":10},{"not_picked":["FollowUp","JustLucky","Meditate"],"picked":"SKIP","floor":11},{"not_picked":["WreathOfFlame","BowlingBash"],"picked":"FlurryOfBlows","floor":12},{"not_picked":["ReachHeaven","Weave","FollowUp"],"picked":"SKIP","floor":14},{"not_picked":["ConjureBlade","DeusExMachina"],"picked":"Ragnarok","floor":16},{"not_picked":["JustLucky+1","Halt"],"picked":"FlurryOfBlows+1","floor":18},{"not_picked":["Meditate","PathToVictory"],"picked":"EmptyFist","floor":20},{"not_picked":["ClearTheMind","Wish"],"picked":"EmptyBody","floor":23},{"not_picked":["FlurryOfBlows","BowlingBash+1","FlyingSleeves"],"picked":"SKIP","floor":25},{"not_picked":["BowlingBash","Conclude+1","WheelKick"],"picked":"SKIP","floor":28},{"not_picked":["Crescendo","Worship+1","CrushJoints"],"picked":"SKIP","floor":28},{"not_picked":["WreathOfFlame","Prostrate+1"],"picked":"Study","floor":29},{"not_picked":["SignatureMove","ClearTheMind","Scrawl"],"picked":"SKIP","floor":31},{"not_picked":["DeusExMachina","Ragnarok"],"picked":"Judgement","floor":33},{"not_picked":[],"picked":"Halt+1","floor":35},{"not_picked":["Weave+1"],"picked":"SKIP","floor":35},{"not_picked":[],"picked":"ClearTheMind+1","floor":36},{"not_picked":["FollowUp"],"picked":"SKIP","floor":36},{"not_picked":[],"picked":"Protect+1","floor":38},{"not_picked":[],"picked":"TalkToTheHand","floor":38},{"not_picked":[],"picked":"BattleHymn","floor":39},{"not_picked":[],"picked":"Prostrate+1","floor":39},{"not_picked":["Consecrate"],"picked":"SKIP","floor":40},{"not_picked":["Consecrate+1"],"picked":"SKIP","floor":42},{"not_picked":["Wireheading"],"picked":"SKIP","floor":42}],"player_experience":1311883,"relics_obtained":[{"floor":6,"key":"Akabeko"},{"floor":9,"key":"Potion Belt"},{"floor":10,"key":"Whetstone"},{"floor":19,"key":"Red Mask"},{"floor":23,"key":"Damaru"},{"floor":23,"key":"Bag of Marbles"},{"floor":24,"key":"Darkstone Periapt"},{"floor":26,"key":"Prayer Wheel"},{"floor":29,"key":"Calipers"},{"floor":29,"key":"Shuriken"},{"floor":31,"key":"Bird Faced Urn"},{"floor":31,"key":"Pantograph"},{"floor":40,"key":"Smiling Mask"},{"floor":40,"key":"StoneCalendar"}],"event_choices":[{"damage_healed":0,"gold_gain":75,"player_choice":"Gather Gold","damage_taken":11,"max_hp_gain":0,"max_hp_loss":0,"event_name":"World of Goop","floor":2,"gold_loss":0},{"damage_healed":0,"gold_gain":0,"player_choice":"Success","damage_taken":3,"relics_obtained":["Lantern"],"max_hp_gain":0,"max_hp_loss":0,"event_name":"Scrap Ooze","floor":3,"gold_loss":0},{"damage_healed":0,"gold_gain":0,"player_choice":"Fought Bandits","damage_taken":0,"max_hp_gain":0,"max_hp_loss":0,"event_name":"Masked Bandits","floor":19,"gold_loss":0},{"damage_healed":0,"gold_gain":0,"player_choice":"Shed Blood","damage_taken":18,"max_hp_gain":5,"max_hp_loss":0,"event_name":"Forgotten Altar","floor":21,"gold_loss":0},{"damage_healed":0,"gold_gain":0,"player_choice":"Fight","damage_taken":0,"max_hp_gain":0,"max_hp_loss":0,"event_name":"Colosseum","floor":29,"gold_loss":0},{"damage_healed":0,"gold_gain":0,"player_choice":"Fought Nobs","damage_taken":0,"max_hp_gain":0,"max_hp_loss":0,"event_name":"Colosseum","floor":29,"gold_loss":0},{"damage_healed":0,"gold_gain":0,"player_choice":"Ignored","damage_taken":0,"max_hp_gain":0,"max_hp_loss":0,"event_name":"NoteForYourself","floor":30,"gold_loss":0}],"is_beta":false,"boss_relics":[{"not_picked":["Velvet Choker","Astrolabe"],"picked":"Black Star"},{"not_picked":["Fusion Hammer","SlaversCollar"],"picked":"Busted Crown"}],"items_purged_floors":[13,37],"is_endless":false,"potions_floor_spawned":[1,5,6,12,14,18,19,28,29,33,35,40],"killed_by":"Nemesis","ascension_level":0}}