{"host":"k3wxykm6pazc337o","time":1609908116,"event":{"mods":["BaseMod","Colored Powertips","Downfall","Mimic Mod","Minty Spire (QoL Compilation)","Quick Restart","Relic Filter","StSLib"],"gold_per_floor":[399,409,423,423,438,363,398,423,436,452,627,627,477,488,499,499,499,499],"floor_reached":16,"playtime":1895,"items_purged":[],"score":104,"play_id":"bc84efbf-7727-4cb5-ba03-3812a3461afb","local_time":"20210106154156","is_ascension_mode":false,"campfire_choices":[{"floor":1,"key":"RECALL"},{"data":"hexamod:Defend","floor":6,"key":"SMITH"},{"floor":13,"key":"REST"}],"circlet_count":0,"master_deck":["hexamod:Strike","hexamod:Strike","hexamod:Strike+1","hexamod:Strike","hexamod:Defend+1","hexamod:Defend","hexamod:Defend","hexamod:Defend","hexamod:Sear","hexamod:Float+1","hexamod:StepThrough","hexamod:InspiringFlames+1","Regret","hexamod:ThirdSeal","hexamod:GhostLash","hexamod:GhostShield","hexamod:Firestarter","hexamod:FastForward","hexamod:FourthSeal","hexamod:SwordOfDarkness","hexamod:FastForward","hexamod:InspiringFlames","Doubt","hexamod:FifthSeal","hexamod:FirstSeal","hexamod:StepThrough"],"relics":["hexamod:SpiritBrand","Old Coin","downfall:HeartBlessingRed","Du-Vu Doll","downfall:HeartBlessingGreen","downfall:HeartBlessingBlue"],"acts_visited":["Exordium"],"potions_floor_usage":[16,16],"damage_taken":[{"damage":0,"enemies":"Cultist","floor":2,"turns":3},{"damage":1,"enemies":"2 Louse","floor":3,"turns":2},{"damage":8,"enemies":"Small Slimes","floor":5,"turns":3},{"damage":9,"enemies":"Blue Slaver","floor":7,"turns":7},{"damage":22,"enemies":"Gremlin Nob","floor":8,"turns":4},{"damage":10,"enemies":"Blue Slaver","floor":9,"turns":3},{"damage":2,"enemies":"Lots of Slimes","floor":10,"turns":5},{"damage":3,"enemies":"2 Fungi Beasts","floor":14,"turns":2},{"damage":4,"enemies":"Large Slime","floor":15,"turns":6},{"damage":59,"enemies":"downfall:Ironclad","floor":16,"turns":9}],"seed_played":"1978747818987839122","potions_obtained":[{"floor":2,"key":"SneckoOil"},{"floor":3,"key":"Fire Potion"},{"floor":9,"key":"DuplicationPotion"},{"floor":10,"key":"Regen Potion"}],"is_trial":false,"path_per_floor":["R","M","M","?","M","R","MIM","E","M","M","?","?","R","M","M","B"],"character_chosen":"THE_SPIRIT","items_purchased":[],"campfire_rested":1,"item_purchase_floors":[],"current_hp_per_floor":[63,63,62,62,54,54,45,23,13,11,11,11,42,39,35,0,0,0],"gold":499,"neow_bonus":"ONE_RARE_RELIC","is_daily":false,"chose_seed":false,"campfire_upgraded":1,"win_rate":0.0,"timestamp":1609908116,"path_taken":["R","?","M","?","M","R","MIM","E","M","M","?","?","R","M","M","BOSS"],"items_purchased_type":[],"build_version":"2020-12-22","purchased_purges":0,"victory":false,"max_hp_per_floor":[63,63,63,63,63,63,63,63,63,63,63,63,73,73,73,73,73,73],"card_choices":[{"not_picked":["hexamod:Hexaguard","hexamod:SkipABeat"],"picked":"hexamod:StepThrough","floor":2},{"not_picked":["hexamod:NightmareStrike","hexamod:NightmareGuise"],"picked":"hexamod:InspiringFlames","floor":3},{"not_picked":["hexamod:AdvancingGuard","hexamod:Rewind"],"picked":"hexamod:ThirdSeal","floor":5},{"not_picked":["hexamod:BacktrackSmack","hexamod:GhostShield"],"picked":"hexamod:GhostLash","floor":7},{"not_picked":["hexamod:GhostLash","hexamod:HeatShield"],"picked":"hexamod:GhostShield","floor":7},{"not_picked":["hexamod:GhostLash","hexamod:SpectralAdrenaline"],"picked":"hexamod:Firestarter","floor":8},{"not_picked":["hexamod:SearingWound","hexamod:InspiringFlames"],"picked":"hexamod:FastForward","floor":8},{"not_picked":["hexamod:NightmareGuise","hexamod:HauntingEcho"],"picked":"hexamod:FourthSeal","floor":9},{"not_picked":["hexamod:ThermalTransfer","hexamod:GhostLash"],"picked":"hexamod:SwordOfDarkness","floor":9},{"not_picked":["hexamod:HauntingEcho","hexamod:RainOfEmbers"],"picked":"hexamod:FastForward","floor":10},{"not_picked":["hexamod:Hexaguard","hexamod:GhostOfSpirePresent"],"picked":"hexamod:InspiringFlames","floor":10},{"not_picked":["hexamod:Again","hexamod:PowerFromBeyond"],"picked":"hexamod:FifthSeal","floor":14},{"not_picked":["hexamod:FourthSeal","hexamod:ThirdSeal"],"picked":"hexamod:FirstSeal","floor":15},{"not_picked":["hexamod:ShieldOfDarkness","hexamod:HauntingEcho"],"picked":"hexamod:StepThrough","floor":15},{"not_picked":["hexamod:Incineration","hexamod:Hexaguard","hexamod:NightmareGuise"],"picked":"SKIP","floor":15}],"player_experience":110271,"relics_obtained":[{"floor":8,"key":"Du-Vu Doll"}],"event_choices":[{"damage_healed":0,"gold_gain":0,"player_choice":"Ignored","damage_taken":0,"max_hp_gain":0,"max_hp_loss":0,"event_name":"NoteForYourself","floor":12,"gold_loss":0}],"is_beta":false,"boss_relics":[],"items_purged_floors":[],"is_endless":false,"potions_floor_spawned":[2,3,9],"killed_by":"downfall:Ironclad","ascension_level":0}}