{"host":"98ajcw3do3zsggh8","time":1609898495,"event":{"mods":["BaseMod","Minty Spire (QoL Compilation)","Replay The Spire","StSLib","The Marked"],"gold_per_floor":[110,121,134,207,207,232,232,266,293,293,307,334,345,357,357,357,357],"floor_reached":16,"playtime":689,"items_purged":[],"score":134,"play_id":"fa3de2b6-cf4a-4187-a9f5-7b33c78d4535","local_time":"20210106030135","is_ascension_mode":true,"campfire_choices":[{"floor":7,"key":"REST"},{"floor":15,"key":"REST"}],"circlet_count":0,"master_deck":["Strike_G","Strike_G","Strike_G","Strike_G","Strike_G","Defend_G","Defend_G","Defend_G","Defend_G","Defend_G","Survivor","Neutralize","Distraction","Corpse Explosion","Bane","Catalyst"],"relics":["Fusion Hammer","Boot","Replay:Wax Seal","Tingsha","Happy Flower","ReplayFunnel","Golden Egg"],"acts_visited":["Exordium"],"potions_floor_usage":[8],"damage_taken":[{"damage":0,"enemies":"Small Slimes","floor":1,"turns":4},{"damage":2,"enemies":"Jaw Worm","floor":2,"turns":4},{"damage":0,"enemies":"2 Louse","floor":3,"turns":4},{"damage":18,"enemies":"Lagavulin","floor":6,"turns":6},{"damage":4,"enemies":"3 Sentries","floor":8,"turns":3},{"damage":0,"enemies":"Looter","floor":11,"turns":3},{"damage":20,"enemies":"Replay:BlueRogue","floor":12,"turns":5},{"damage":6,"enemies":"3 Louse","floor":13,"turns":3},{"damage":0,"enemies":"2 Fungi Beasts","floor":14,"turns":2},{"damage":61,"enemies":"Slime Boss","floor":16,"turns":10}],"seed_played":"-6759442760681016991","potions_obtained":[{"floor":6,"key":"Fire Potion"},{"floor":8,"key":"LiquidBronze"},{"floor":11,"key":"GhostInAJar"},{"floor":13,"key":"ColorlessPotion"}],"is_trial":false,"path_per_floor":["M","M","M","?","?","E","R","E","T","?","M","E","M","M","R","B"],"character_chosen":"THE_SILENT","items_purchased":[],"campfire_rested":2,"item_purchase_floors":[],"current_hp_per_floor":[70,68,68,68,68,50,70,66,66,59,59,39,33,33,54,0,0],"gold":357,"neow_bonus":"BOSS_RELIC","is_daily":false,"chose_seed":false,"campfire_upgraded":0,"win_rate":0.0,"timestamp":1609898495,"path_taken":["M","M","M","?","?","E","R","E","T","?","M","E","M","M","R","BOSS"],"items_purchased_type":[],"build_version":"2020-12-22","purchased_purges":0,"victory":false,"max_hp_per_floor":[70,70,70,70,70,70,70,70,70,70,70,70,70,70,70,70,70],"card_choices":[{"not_picked":["Dodge and Roll","Sucker Punch","Blade Dance"],"picked":"SKIP","floor":1},{"not_picked":["Cloak And Dagger","Hidden Blade","Outmaneuver"],"picked":"SKIP","floor":2},{"not_picked":["Underhanded Strike","Outmaneuver"],"picked":"Distraction","floor":3},{"not_picked":["Underhanded Strike","Footwork"],"picked":"Corpse Explosion","floor":4},{"not_picked":["Finisher","Underhanded Strike"],"picked":"Bane","floor":4},{"not_picked":["Deadly Poison","Outmaneuver","Blade Dance"],"picked":"SKIP","floor":6},{"not_picked":["Poisoned Stab","Expertise","Acrobatics"],"picked":"SKIP","floor":8},{"not_picked":["Draining Mist","Dagger Throw","Outmaneuver"],"picked":"SKIP","floor":11},{"not_picked":["Predator","Bouncing Flask","Deflect"],"picked":"SKIP","floor":12},{"not_picked":["ReplayTheSpireMod:Tripwire","Replay:Poison Smokescreen"],"picked":"Catalyst","floor":13},{"not_picked":["Blade Dance","PiercingWail","Flying Knee"],"picked":"SKIP","floor":14}],"player_experience":308944,"relics_obtained":[{"floor":4,"key":"Boot"},{"floor":6,"key":"Replay:Wax Seal"},{"floor":8,"key":"Tingsha"},{"floor":9,"key":"Happy Flower"},{"floor":12,"key":"Golden Egg"}],"event_choices":[{"damage_healed":0,"gold_gain":0,"player_choice":"Success","damage_taken":7,"relics_obtained":["ReplayFunnel"],"max_hp_gain":0,"max_hp_loss":0,"event_name":"Scrap Ooze","floor":10,"gold_loss":0}],"is_beta":false,"boss_relics":[],"items_purged_floors":[],"is_endless":false,"potions_floor_spawned":[6,8,11,13],"killed_by":"Slime Boss","ascension_level":2}}