{"host":"sbgxqx7mo4t572vt","time":1609968318,"event":{"mods":["AchievementEnabler","BaseMod","Googly Eyes","Minty Spire (QoL Compilation)","Replay The Spire","StSLib"],"gold_per_floor":[117,117,117,131,131,161,161,196,196,229,229,241,276,296,296,296,296],"floor_reached":16,"playtime":400,"items_purged":[],"score":356,"play_id":"074e7ecc-94ec-492a-9dd1-38def0e9e274","local_time":"20210106232518","is_ascension_mode":true,"campfire_choices":[{"data":"Bash","floor":7,"key":"SMITH"},{"floor":11,"key":"REST"},{"data":"Exhume","floor":15,"key":"SMITH"}],"circlet_count":0,"master_deck":["AscendersBane","Strike_R","Strike_R","Strike_R","Strike_R","Strike_R","Defend_R","Defend_R","Defend_R","Defend_R","Bash+1","ReplayTheSpireMod:Limb From Limb+1","Twin Strike","Fiend Fire+1","Run Through+1","Exhume+1","Clothesline+1","Replay:Undeath\u0027s Touch+1"],"relics":["Burning Blood","NeowsBlessing","Bronze Scales","Replay:Accelerometer","Molten Egg 2","Mummified Hand","PreservedInsect","Gambling Chip"],"acts_visited":["Exordium"],"potions_floor_usage":[8,8],"damage_taken":[{"damage":0,"enemies":"Small Slimes","floor":1,"turns":1},{"damage":0,"enemies":"2 Louse","floor":4,"turns":1},{"damage":0,"enemies":"3 Sentries","floor":6,"turns":1},{"damage":25,"enemies":"Lagavulin","floor":8,"turns":4},{"damage":40,"enemies":"3 Sentries","floor":10,"turns":9},{"damage":1,"enemies":"Cultist","floor":12,"turns":3},{"damage":0,"enemies":"Gremlin Nob","floor":13,"turns":2},{"damage":28,"enemies":"Exordium Thugs","floor":14,"turns":4},{"damage":26,"enemies":"Fading Forest","floor":16,"turns":7}],"seed_played":"1870968633598951921","potions_obtained":[{"floor":3,"key":"Energy Potion"},{"floor":3,"key":"Fruit Juice"},{"floor":13,"key":"DuplicationPotion"},{"floor":14,"key":"HeartOfIron"}],"is_trial":false,"path_per_floor":["M","?","?","M","T","E","R","E","T","E","R","M","E","M","R","B"],"character_chosen":"IRONCLAD","items_purchased":[],"campfire_rested":1,"item_purchase_floors":[],"current_hp_per_floor":[74,74,74,75,75,75,75,61,61,27,51,56,62,40,40,22,22],"gold":296,"neow_bonus":"THREE_ENEMY_KILL","is_daily":false,"chose_seed":false,"campfire_upgraded":2,"win_rate":0.0,"timestamp":1609968318,"path_taken":["M","?","?","?","?","E","R","E","T","E","R","M","E","M","R","BOSS"],"items_purchased_type":[],"build_version":"2020-12-22","purchased_purges":0,"victory":false,"max_hp_per_floor":[75,75,75,75,75,75,75,80,80,80,80,80,80,80,80,80,80],"card_choices":[{"not_picked":["Twin Strike","Heavy Blade"],"picked":"ReplayTheSpireMod:Limb From Limb","floor":1},{"not_picked":["Perfected Strike","Clash"],"picked":"Twin Strike","floor":4},{"not_picked":["Flex","Thunderclap","Havoc"],"picked":"SKIP","floor":6},{"not_picked":["Twin Strike+1","Shrug It Off"],"picked":"Fiend Fire+1","floor":8},{"not_picked":["Seeing Red","Havoc"],"picked":"Run Through+1","floor":10},{"not_picked":["Headbutt+1","Shockwave"],"picked":"Exhume","floor":12},{"not_picked":["Anger+1","Iron Wave+1"],"picked":"Clothesline+1","floor":13},{"not_picked":["Headbutt+1","Run Through+1"],"picked":"Replay:Undeath\u0027s Touch+1","floor":14}],"player_experience":293817,"relics_obtained":[{"floor":5,"key":"Bronze Scales"},{"floor":6,"key":"Replay:Accelerometer"},{"floor":8,"key":"Molten Egg 2"},{"floor":9,"key":"Mummified Hand"},{"floor":10,"key":"PreservedInsect"},{"floor":13,"key":"Gambling Chip"}],"event_choices":[{"damage_healed":0,"gold_gain":0,"player_choice":"Grow","damage_taken":0,"max_hp_gain":0,"max_hp_loss":0,"event_name":"Living Wall","floor":2,"gold_loss":0,"cards_upgraded":["ReplayTheSpireMod:Limb From Limb"]},{"damage_healed":0,"gold_gain":0,"player_choice":"Got Potions","damage_taken":0,"max_hp_gain":0,"max_hp_loss":0,"event_name":"Lab","floor":3,"gold_loss":0}],"is_beta":false,"boss_relics":[],"items_purged_floors":[],"is_endless":false,"potions_floor_spawned":[6,13,14],"killed_by":"Fading Forest","ascension_level":20}}