{"host":"esx1hwjnbftf3eqj","time":1609895053,"event":{"mods":["BaseMod","Colored Map","Minty Spire (QoL Compilation)","StSLib","The Jungle"],"gold_per_floor":[369,444,124,141,141,141,41,59,59,73,73,104,104,119,119,191,191,208,83,83,93,111,111,142,142,165,185,185,199,199,233,233,307,307,318,318,334,334,346,374,374,407,407,407,15,27,42,55,55,55],"floor_reached":51,"playtime":4046,"items_purged":["Strike_R","Regret","Strike_R","Strike_R"],"score":1307,"play_id":"b1b17db7-bd1c-412c-9f78-81ee784c57a4","local_time":"20210105170413","is_ascension_mode":true,"campfire_choices":[{"data":"Bash","floor":6.0,"key":"SMITH"},{"data":"Armaments","floor":11.0,"key":"SMITH"},{"data":"Searing Blow","floor":13.0,"key":"SMITH"},{"data":"Searing Blow+1","floor":15.0,"key":"SMITH"},{"data":"Searing Blow+2","floor":23.0,"key":"SMITH"},{"data":"Searing Blow+3","floor":25.0,"key":"SMITH"},{"data":"Searing Blow+4","floor":30.0,"key":"SMITH"},{"data":"Searing Blow+5","floor":32.0,"key":"SMITH"},{"data":"Searing Blow+6","floor":41,"key":"SMITH"},{"data":"Searing Blow+7","floor":44,"key":"SMITH"},{"data":"Armaments","floor":49,"key":"SMITH"}],"circlet_count":0,"master_deck":["AscendersBane","Defend_R","Defend_R","Defend_R","Defend_R","Bash+1","Headbutt","Armaments+1","Searing Blow+8","Battle Trance","Double Tap","Shrug It Off","Reaper","Armaments+1","Entrench","Clash","Evolve","Offering","Barricade","Uppercut","Flame Barrier","Brutality","Battle Trance"],"relics":["Burning Blood","Mummified Hand","Ancient Tea Set","Boot","PreservedInsect","Velvet Choker","Ginger","Oddly Smooth Stone","Centennial Puzzle","Sozu","Darkstone Periapt","Self Forming Clay","Question Card","Paper Frog"],"acts_visited":["Exordium","TheCity","TheBeyond"],"potions_floor_usage":[],"damage_taken":[{"damage":24.0,"enemies":"Jaw Worm","floor":1.0,"turns":5.0},{"damage":0.0,"enemies":"Small Slimes","floor":4.0,"turns":3.0},{"damage":6.0,"enemies":"Cultist","floor":8.0,"turns":4.0},{"damage":7.0,"enemies":"Looter","floor":10.0,"turns":3.0},{"damage":8.0,"enemies":"Gremlin Nob","floor":12.0,"turns":3.0},{"damage":10.0,"enemies":"Gremlin Gang","floor":14.0,"turns":6.0},{"damage":58.0,"enemies":"The Guardian","floor":16.0,"turns":12.0},{"damage":9.0,"enemies":"Shell Parasite","floor":18.0,"turns":5.0},{"damage":18.0,"enemies":"2 Thieves","floor":21.0,"turns":4.0},{"damage":11.0,"enemies":"Snake Plant","floor":22.0,"turns":3.0},{"damage":2.0,"enemies":"Slavers","floor":24.0,"turns":4.0},{"damage":3.0,"enemies":"3 Cultists","floor":27.0,"turns":4.0},{"damage":30.0,"enemies":"Shelled Parasite and Fungi","floor":29.0,"turns":11.0},{"damage":12.0,"enemies":"Book of Stabbing","floor":31.0,"turns":4.0},{"damage":49.0,"enemies":"Collector","floor":33.0,"turns":4.0},{"damage":0.0,"enemies":"3 Shapes","floor":35.0,"turns":5.0},{"damage":6.0,"enemies":"Orb Walker","floor":37.0,"turns":3.0},{"damage":6,"enemies":"Sphere and 2 Shapes","floor":39,"turns":5},{"damage":6,"enemies":"Giant Head","floor":40,"turns":9},{"damage":13,"enemies":"Nemesis","floor":42,"turns":7},{"damage":16,"enemies":"Spire Growth","floor":46,"turns":6},{"damage":16,"enemies":"4 Shapes","floor":47,"turns":8},{"damage":22,"enemies":"3 Darklings","floor":48,"turns":18},{"damage":55,"enemies":"Time Eater","floor":50,"turns":10}],"seed_played":"-2520004380650780090","potions_obtained":[{"floor":4.0,"key":"EssenceOfSteel"},{"floor":10.0,"key":"FairyPotion"},{"floor":16.0,"key":"SneckoOil"},{"floor":21.0,"key":"Fruit Juice"},{"floor":31.0,"key":"DuplicationPotion"},{"floor":33.0,"key":"Explosive Potion"}],"is_trial":false,"path_per_floor":["M","?","$","M","?","R","$","M","T","M","R","E","R","M","R","B",null,"M","$","?","M","M","R","E","R","T","M","?","M","R","E","R","B",null,"M","?","M","?","M","E","R","E","T","R","$","M","M","M","R","B",null],"character_chosen":"IRONCLAD","items_purchased":["Mummified Hand","Paper Frog"],"campfire_rested":0,"item_purchase_floors":[3,45],"current_hp_per_floor":[32,21,21,27,27,27,27,27,27,26,26,24,24,20,20,19,61,58,58,58,51,46,46,50,50,50,68,68,49,49,50,50,22,66,80,80,80,80,80,80,80,73,73,73,73,76,70,72,72,31],"gold":55,"neow_bonus":"TWO_FIFTY_GOLD","is_daily":false,"chose_seed":false,"campfire_upgraded":11,"win_rate":0.0,"timestamp":1609895053,"path_taken":["M","?","$","M","?","R","$","M","T","M","R","E","R","M","R","BOSS","M","$","?","M","M","R","E","R","T","M","?","M","R","E","R","BOSS","M","?","?","?","?","E","R","E","T","R","$","?","M","M","R","BOSS"],"items_purchased_type":["Relic","Relic"],"build_version":"2020-12-22","purchased_purges":4,"victory":true,"max_hp_per_floor":[75,75,75,75,75,75,75,75,75,75,75,75,75,75,75,75,75,75,75,75,80,80,80,80,80,80,80,80,80,80,80,80,80,80,80,80,80,80,80,80,80,80,80,80,80,80,80,80,80,80],"card_choices":[{"not_picked":["Fire Breathing","Body Slam"],"picked":"Headbutt","floor":1.0},{"not_picked":["Wild Strike","Reckless Charge","Thunderclap"],"picked":"SKIP","floor":4.0},{"not_picked":["Bloodletting","Headbutt"],"picked":"Armaments","floor":8.0},{"not_picked":["Dropkick","Corruption"],"picked":"Searing Blow","floor":10.0},{"not_picked":["Ghostly Armor","Shrug It Off"],"picked":"Battle Trance","floor":12.0},{"not_picked":["Wild Strike","Twin Strike","Body Slam"],"picked":"SKIP","floor":14.0},{"not_picked":["Feed","Berserk"],"picked":"Double Tap","floor":16.0},{"not_picked":["Iron Wave","Sword Boomerang","Anger"],"picked":"SKIP","floor":18.0},{"not_picked":["True Grit","Perfected Strike"],"picked":"Shrug It Off","floor":21.0},{"not_picked":["Perfected Strike","Sword Boomerang","Carnage"],"picked":"SKIP","floor":22.0},{"not_picked":["Pommel Strike","Feel No Pain"],"picked":"Reaper","floor":24.0},{"not_picked":["Anger","Clash"],"picked":"Armaments","floor":27.0},{"not_picked":["Flex","Sword Boomerang+1"],"picked":"Evolve","floor":29.0},{"not_picked":["Bloodletting","Anger+1","Pommel Strike"],"picked":"SKIP","floor":31.0},{"not_picked":["Corruption","Berserk"],"picked":"Offering","floor":33.0},{"not_picked":["Perfected Strike","Twin Strike+1","Warcry"],"picked":"SKIP","floor":35.0},{"not_picked":["Cleave","Intimidate","Second Wind+1"],"picked":"SKIP","floor":37.0},{"not_picked":["Havoc","Reckless Charge"],"picked":"Flame Barrier","floor":39},{"not_picked":["Wild Strike+1","Hemokinesis"],"picked":"Brutality","floor":40},{"not_picked":["True Grit+1","Wild Strike","Flex"],"picked":"SKIP","floor":42},{"not_picked":["Wild Strike","Inflame","Uppercut","Burning Pact"],"picked":"SKIP","floor":46},{"not_picked":["Body Slam","Inflame","Shrug It Off","Power Through+1"],"picked":"SKIP","floor":47},{"not_picked":["Flex","Rupture","Rampage"],"picked":"Battle Trance","floor":48}],"player_experience":667784,"relics_obtained":[{"floor":9.0,"key":"Boot"},{"floor":12.0,"key":"PreservedInsect"},{"floor":24.0,"key":"Ginger"},{"floor":26.0,"key":"Oddly Smooth Stone"},{"floor":31.0,"key":"Centennial Puzzle"},{"floor":40,"key":"Darkstone Periapt"},{"floor":42,"key":"Self Forming Clay"},{"floor":43,"key":"Question Card"}],"event_choices":[{"damage_healed":0.0,"max_hp_gain":0.0,"max_hp_loss":0.0,"gold_gain":75.0,"event_name":"World of Goop","player_choice":"Gather Gold","floor":2.0,"gold_loss":0.0,"damage_taken":11.0},{"damage_healed":0.0,"max_hp_gain":0.0,"max_hp_loss":0.0,"gold_gain":0.0,"event_name":"Big Fish","player_choice":"Box","floor":5.0,"gold_loss":0.0,"damage_taken":0.0,"relics_obtained":["Ancient Tea Set"],"cards_obtained":["Regret"]},{"damage_healed":0.0,"max_hp_gain":0.0,"max_hp_loss":0.0,"gold_gain":0.0,"event_name":"The Mausoleum","player_choice":"Ignored","floor":20.0,"gold_loss":0.0,"damage_taken":0.0},{"damage_healed":0.0,"max_hp_gain":0.0,"max_hp_loss":0.0,"gold_gain":0.0,"cards_transformed":["Strike_R","Strike_R"],"event_name":"Drug Dealer","player_choice":"Became Test Subject","floor":28.0,"gold_loss":0.0,"damage_taken":0.0,"cards_obtained":["Entrench","Clash"]},{"damage_healed":0.0,"max_hp_gain":0.0,"max_hp_loss":0.0,"gold_gain":0.0,"event_name":"Lab","player_choice":"Got Potions","floor":36.0,"gold_loss":0.0,"damage_taken":0.0},{"damage_healed":0,"gold_gain":0,"player_choice":"2 cards matched","damage_taken":0,"max_hp_gain":0,"max_hp_loss":0,"event_name":"Match and Keep!","floor":38,"gold_loss":0,"cards_obtained":["Barricade","Uppercut"]}],"is_beta":false,"boss_relics":[{"not_picked":["Black Blood","Calling Bell"],"picked":"Velvet Choker"},{"not_picked":["Coffee Dripper","Fusion Hammer"],"picked":"Sozu"}],"items_purged_floors":[3,7,19,45],"is_endless":false,"potions_floor_spawned":[4,10,16,21,31,33,37,39,46,48],"ascension_level":15}}