{"host":"rhrkddapnlgqm7yj","time":1609964687,"event":{"mods":["AchievementEnabler","BaseMod","Bestiary","Colored Map","Colored Powertips","Filter the Spire","Minty Spire (QoL Compilation)","Relic Stats","Remove Card Discount Mod","StSLib","SuperFastMode","The IronCluck","Waifu the Spire"],"gold_per_floor":[117,192,192,210,226,226,226],"floor_reached":6,"playtime":655,"items_purged":[],"score":38,"play_id":"96b41117-07bb-4ba7-b47b-321f72c0b06e","local_time":"20210106212447","is_ascension_mode":true,"campfire_choices":[],"circlet_count":0,"master_deck":["Strike_G","Strike_G","Strike_G","Strike_G","Defend_G","Defend_G","Defend_G","Defend_G","Defend_G","Survivor","Neutralize","Escape Plan","Backflip","Flying Knee"],"relics":["Coffee Dripper"],"acts_visited":["Exordium"],"potions_floor_usage":[],"damage_taken":[{"damage":10,"enemies":"Jaw Worm","floor":1,"turns":5},{"damage":2,"enemies":"Small Slimes","floor":4,"turns":5},{"damage":0,"enemies":"Cultist","floor":5,"turns":5},{"damage":62,"enemies":"Gremlin Nob","floor":6,"turns":6}],"seed_played":"-353858128472667003","potions_obtained":[],"is_trial":false,"path_per_floor":["M","?","?","M","M","E"],"character_chosen":"THE_SILENT","items_purchased":[],"campfire_rested":0,"item_purchase_floors":[],"current_hp_per_floor":[60,49,42,40,40,0,0],"gold":226,"neow_bonus":"BOSS_RELIC","is_daily":false,"chose_seed":false,"campfire_upgraded":0,"win_rate":0.0,"timestamp":1609964687,"path_taken":["M","?","?","M","M","E"],"items_purchased_type":[],"build_version":"2020-12-22","purchased_purges":0,"victory":false,"max_hp_per_floor":[70,70,70,70,70,70,70],"relic_stats":{"counters":[4,21],"obtain_stats":[{"Coffee Dripper":0,"Ring of the Snake":0},{"Coffee Dripper":0,"Ring of the Snake":0},{"Coffee Dripper":0,"Ring of the Snake":0}]},"card_choices":[{"not_picked":["Flying Knee","Bane"],"picked":"Escape Plan","floor":1},{"not_picked":["Deadly Poison","Dagger Throw"],"picked":"Backflip","floor":4},{"not_picked":["Dagger Spray","Acrobatics"],"picked":"Flying Knee","floor":5}],"player_experience":37939,"relics_obtained":[],"event_choices":[{"damage_healed":0,"gold_gain":75,"player_choice":"Gather Gold","damage_taken":11,"max_hp_gain":0,"max_hp_loss":0,"event_name":"World of Goop","floor":2,"gold_loss":0},{"cards_removed":["Strike_G"],"damage_healed":0,"gold_gain":0,"player_choice":"Card Removal","damage_taken":7,"max_hp_gain":0,"max_hp_loss":0,"event_name":"Golden Wing","floor":3,"gold_loss":0}],"is_beta":false,"boss_relics":[],"items_purged_floors":[],"is_endless":false,"potions_floor_spawned":[1],"killed_by":"Gremlin Nob","ascension_level":1}}