{"host":"11x7bwb6uta9qxyq","time":1609904181,"event":{"mods":["Act Like it!","BaseMod","Colored Powertips","Colorless Booster Pack","Conjunction","Conspire","Custom Cards and Relics","Dota2Spire","Elementarium","Energized Spire","Friendly Minions","FruityMod","Gensokyo","GifTheSpireLib","GungeonMod","Halation","Hallownest","Hubris","Hyrulean Relics","Infinite Spire","Jedi Mod","Kratos Character Expansion","Menagerie","Minty Spire (QoL Compilation)","Pale of the Ancients","Permanent Neow","Replay The Spire","SOS???????","Shop Mod","Small Relic Pack","Spicy Shops","StSLib","Stuff the Spire","The Animator","The Blue Laboratory","The Exalted","The Factory","Thieving Mod","Trackpad","vexMod"],"gold_per_floor":[111,131,144,162,242,242,262,262,285,312,134,134,5,5,5,105,55,75,75,75,93,111,111,121,121,144,144,144],"floor_reached":27,"playtime":2134,"items_purged":["Strike_R"],"score":263,"play_id":"0a5681b6-4226-4a07-b7eb-1f4752b0e0a6","local_time":"20210105213621","is_ascension_mode":false,"campfire_choices":[{"data":"Uppercut","floor":6,"key":"SMITH"},{"data":"StuffTheSpire:RockThrow","floor":8,"key":"SMITH"},{"data":"True Grit","floor":15,"key":"SMITH"},{"data":"Secret Weapon","floor":23,"key":"SMITH"},{"data":"Feed","floor":25,"key":"SMITH"}],"circlet_count":0,"master_deck":["Strike_R","Strike_R","Strike_R","Strike_R","Defend_R","Defend_R","Defend_R","Defend_R","Bash","Uppercut+1","Pummel","ReplayTheSpireMod:Strike From Hell","StuffTheSpire:RockThrow+1","jedi:unlimitedpower","Secret Weapon+1","jedi:forcepush","Deep Breath","True Grit+1","hubris:NaturalOne","Feed+1","Strike_R","Clash","infinitespire:OneForAll"],"relics":["Burning Blood","hubris:ChampionShield","relicPack:DarknessArmor","ReplayTheSpireMod:ShopPack","Gensokyo:PortableGap","hubris:Icosahedron","energizedSpire:HugeHouse","halation:RedSoulGem","relicPack:DSword","trackpad:CultistFigurine"],"acts_visited":["Gensokyo:Gensokyo","Gensokyo:Gensokyoer"],"potions_floor_usage":[],"damage_taken":[{"damage":6,"enemies":"Gensokyo:2_Kodama","floor":1,"turns":4},{"damage":7,"enemies":"Gensokyo:Gryphon","floor":2,"turns":4},{"damage":4,"enemies":"Gensokyo:Python","floor":3,"turns":3},{"damage":7,"enemies":"Gensokyo:2_Rabbits","floor":4,"turns":5},{"damage":0,"enemies":"Gensokyo:LivingMonolith","floor":7,"turns":2},{"damage":8,"enemies":"Gensokyo:Mamizou","floor":10,"turns":8},{"damage":68,"enemies":"Gensokyo:Reimu","floor":16,"turns":7},{"damage":4,"enemies":"Gensokyo:2_Gloops","floor":18,"turns":3},{"damage":9,"enemies":"Gensokyo:AngelMirror","floor":21,"turns":2},{"damage":15,"enemies":"Gensokyo:Slime_Group","floor":22,"turns":2},{"damage":12,"enemies":"Gensokyo:Chomper_and_Gloop","floor":24,"turns":3}],"seed_played":"8587301419988424330","potions_obtained":[{"floor":4,"key":"blueLaboratory:EnragingPotion"},{"floor":7,"key":"blueLaboratory:HummingbirdPotion"},{"floor":24,"key":"blueLaboratory:HummingbirdPotion"}],"is_trial":false,"path_per_floor":["M","M","M","M","?","R","M","R","T","E","COS","?","$","?","R","B",null,"M","?","?","M","M","R","M","R","T","?"],"character_chosen":"IRONCLAD","items_purchased":["True Grit"],"campfire_rested":0,"item_purchase_floors":[13],"current_hp_per_floor":[80,79,80,79,79,79,80,80,80,78,78,72,72,72,72,10,67,70,70,35,35,29,29,26,26,26,0,0],"gold":144,"neow_bonus":"THREE_CARDS","is_daily":false,"chose_seed":false,"campfire_upgraded":5,"win_rate":0.0,"timestamp":1609904181,"path_taken":["M","M","M","M","?","R","M","R","T","E","COS","?","$","?","R","BOSS","M","?","?","M","M","R","M","R","T","?"],"items_purchased_type":["Card"],"build_version":"2020-12-22","purchased_purges":1,"victory":false,"max_hp_per_floor":[80,80,80,80,80,80,80,80,80,80,80,72,72,72,72,72,67,70,70,70,73,76,76,76,76,76,76,76],"card_choices":[{"not_picked":["hubris:ReadiedAction","True Grit"],"picked":"Uppercut","floor":0},{"not_picked":["jedi:fear","Cleave","StuffTheSpire:Slingshot"],"picked":"SKIP","floor":1},{"not_picked":["Mind Burn","Clash","Heavy Blade"],"picked":"SKIP","floor":2},{"not_picked":["StuffTheSpire:RagingBull","ReplayTheSpireMod:Limb From Limb"],"picked":"Pummel","floor":3},{"not_picked":["Pommel Strike","Headbutt"],"picked":"ReplayTheSpireMod:Strike From Hell","floor":4},{"not_picked":["jedi:collectorstrike","Shockwave"],"picked":"StuffTheSpire:RockThrow","floor":7},{"not_picked":["StuffTheSpire:Slingshot","Anger"],"picked":"jedi:unlimitedpower","floor":10},{"not_picked":["DemoMod:Deposit","Secret Technique"],"picked":"Secret Weapon","floor":11},{"not_picked":["Finesse","PanicButton"],"picked":"jedi:forcepush","floor":11},{"not_picked":["Replay:BasicMightCard","Impatience"],"picked":"Deep Breath","floor":11},{"not_picked":["Berserk+1","Demon Armor+1"],"picked":"Double Tap+1","floor":16},{"not_picked":["Fiend Fire","jedi:bloodyhammer"],"picked":"Feed","floor":16},{"not_picked":["Life Link+1","jedi:fear"],"picked":"infinitespire:OneForAll","floor":18},{"not_picked":["Dark Embrace","Abandon+1","Feel No Pain"],"picked":"SKIP","floor":21},{"not_picked":["Cleave","jedi:collectorstrike","Dark Embrace"],"picked":"SKIP","floor":22},{"not_picked":["Cleave+1","Dual Wield","Armaments"],"picked":"SKIP","floor":24}],"player_experience":168557,"relics_obtained":[{"floor":9,"key":"hubris:ChampionShield"},{"floor":10,"key":"relicPack:DarknessArmor"},{"floor":26,"key":"trackpad:CultistFigurine"}],"event_choices":[],"is_beta":false,"boss_relics":[{"not_picked":["hubris:CrackedHourglass","Ooze Armor"],"picked":"energizedSpire:HugeHouse"}],"items_purged_floors":[13],"is_endless":false,"potions_floor_spawned":[4,7,24],"ascension_level":0}}