{"host":"dgf4n6lo35jtjz0c","time":1609906702,"event":{"mods":["AchievementEnabler","BaseMod","Bestiary","Colored Powertips","Minty Spire (QoL Compilation)"],"gold_per_floor":[412,426,501,501,512,512,524,343,343,361,361,361,361,27,27,132,132,144,161,211,225,275,275,307,40,92,109,109,84,84,102,102,203,203,213,263,280,67,87,87,87],"floor_reached":40,"playtime":2840,"items_purged":["Strike_B","Strike_B"],"score":421,"play_id":"939618f9-706e-436f-8f16-439b1a51770a","local_time":"20210106151822","is_ascension_mode":false,"campfire_choices":[{"floor":6.0,"key":"REST"},{"data":"Loop","floor":11.0,"key":"SMITH"},{"data":"Blizzard","floor":13.0,"key":"SMITH"},{"floor":15.0,"key":"REST"},{"floor":23.0,"key":"REST"},{"floor":28.0,"key":"REST"},{"data":"Static Discharge","floor":30.0,"key":"SMITH"},{"data":"Capacitor","floor":32.0,"key":"SMITH"}],"circlet_count":0,"master_deck":["Strike_B","Strike_B","Defend_B","Defend_B","Defend_B","Defend_B","Zap","Dualcast","Chill","Chill","Ball Lightning","Chaos","Loop+1","Blizzard+1","Glacier","Machine Learning","Seek","Force Field","Cold Snap","Cold Snap","Static Discharge+1","Genetic Algorithm+1","Self Repair","Capacitor+1","Amplify","Core Surge","Leap","Capacitor","Electrodynamics","Redo","Coolheaded+1"],"relics":["FrozenCore","Old Coin","Darkstone Periapt","Gambling Chip","SsserpentHead","Omamori","Inserter","Blood Vial","Oddly Smooth Stone","Lantern"],"acts_visited":["Exordium","TheCity","TheBeyond"],"potions_floor_usage":[40,40,40],"damage_taken":[{"damage":6.0,"enemies":"Jaw Worm","floor":1.0,"turns":3.0},{"damage":2.0,"enemies":"Cultist","floor":2.0,"turns":4.0},{"damage":0.0,"enemies":"2 Louse","floor":5.0,"turns":3.0},{"damage":9.0,"enemies":"Exordium Wildlife","floor":7.0,"turns":6.0},{"damage":12.0,"enemies":"Large Slime","floor":10.0,"turns":4.0},{"damage":13.0,"enemies":"The Guardian","floor":16.0,"turns":10.0},{"damage":10.0,"enemies":"Shell Parasite","floor":18.0,"turns":8.0},{"damage":4.0,"enemies":"3 Byrds","floor":19.0,"turns":6.0},{"damage":24.0,"enemies":"Snake Plant","floor":21.0,"turns":5.0},{"damage":22.0,"enemies":"Book of Stabbing","floor":24.0,"turns":5.0},{"damage":6.0,"enemies":"Shelled Parasite and Fungi","floor":27.0,"turns":8.0},{"damage":5.0,"enemies":"3 Cultists","floor":31.0,"turns":5.0},{"damage":59.0,"enemies":"Automaton","floor":33.0,"turns":11.0},{"damage":30.0,"enemies":"3 Shapes","floor":35.0,"turns":7.0},{"damage":8.0,"enemies":"3 Darklings","floor":37.0,"turns":7.0},{"damage":37.0,"enemies":"4 Shapes","floor":39.0,"turns":4.0},{"damage":30,"enemies":"Reptomancer","floor":40,"turns":5}],"seed_played":"-1533930898446180937","potions_obtained":[{"floor":2.0,"key":"Fire Potion"},{"floor":5.0,"key":"Energy Potion"},{"floor":16.0,"key":"FearPotion"},{"floor":18.0,"key":"DuplicationPotion"},{"floor":24.0,"key":"DuplicationPotion"},{"floor":33.0,"key":"SpeedPotion"},{"floor":39.0,"key":"LiquidMemories"}],"is_trial":false,"path_per_floor":["M","M","?","T","M","R","M","$","T","M","R","?","R","$","R","B",null,"M","M","?","M","?","R","E","$","T","M","R","?","R","M","R","B",null,"M","?","M","$","M","E"],"character_chosen":"DEFECT","items_purchased":["Loop","Blizzard","Omamori","Machine Learning","Self Repair","Oddly Smooth Stone","Regen Potion","Electrodynamics","Redo"],"campfire_rested":4,"item_purchase_floors":[8,8,14,14,25,25,25,38,38],"current_hp_per_floor":[69,67,56,56,56,75,66,66,66,54,54,54,54,54,75,62,75,65,61,47,23,23,47,25,25,25,50,74,74,74,78,78,28,80,57,57,58,58,23,0,0],"gold":87,"neow_bonus":"ONE_RARE_RELIC","is_daily":false,"chose_seed":false,"campfire_upgraded":4,"win_rate":0.0,"timestamp":1609906702,"path_taken":["M","M","?","?","?","R","M","$","T","M","R","?","R","?","R","BOSS","M","M","?","M","?","R","E","$","T","M","R","?","R","M","R","BOSS","M","?","M","$","M","E"],"items_purchased_type":["Card","Card","Relic","Card","Card","Relic","Potion","Card","Card"],"build_version":"2020-12-22","purchased_purges":2,"victory":false,"max_hp_per_floor":[75,75,75,75,75,75,75,75,75,75,75,75,75,75,75,75,75,75,75,80,80,80,80,80,80,80,80,80,80,80,80,80,80,80,80,80,80,80,80,80,80],"card_choices":[{"not_picked":["Rip and Tear","Sweeping Beam"],"picked":"Chill","floor":1.0},{"not_picked":["Hologram","Force Field"],"picked":"Chill","floor":2.0},{"not_picked":["Heatsinks","Go for the Eyes"],"picked":"Ball Lightning","floor":5.0},{"not_picked":["Rebound","Reprogram"],"picked":"Chaos","floor":7.0},{"not_picked":["Coolheaded","Chill"],"picked":"Glacier","floor":10.0},{"not_picked":["Meteor Strike","Hyperbeam"],"picked":"Seek","floor":16.0},{"not_picked":["Gash","Leap"],"picked":"Force Field","floor":18.0},{"not_picked":["Compile Driver","Steam"],"picked":"Cold Snap","floor":19.0},{"not_picked":["Chaos","Double Energy+1"],"picked":"Cold Snap","floor":21.0},{"not_picked":["Ball Lightning","White Noise"],"picked":"Genetic Algorithm","floor":24.0},{"not_picked":["Rip and Tear","Gash"],"picked":"Capacitor","floor":27.0},{"not_picked":["Go for the Eyes","Compile Driver+1"],"picked":"Amplify","floor":31.0},{"not_picked":["Meteor Strike","Reboot"],"picked":"Core Surge","floor":33.0},{"not_picked":["Steam Power+1","Go for the Eyes+1"],"picked":"Leap","floor":35.0},{"not_picked":["Barrage","Beam Cell"],"picked":"Capacitor","floor":37.0},{"not_picked":["Ball Lightning","Cold Snap"],"picked":"Coolheaded+1","floor":39.0}],"player_experience":93608,"relics_obtained":[{"floor":4.0,"key":"Darkstone Periapt"},{"floor":9.0,"key":"Gambling Chip"},{"floor":24.0,"key":"Blood Vial"},{"floor":26.0,"key":"Lantern"}],"event_choices":[{"damage_healed":0.0,"max_hp_gain":0.0,"max_hp_loss":0.0,"gold_gain":75.0,"event_name":"World of Goop","player_choice":"Gather Gold","floor":3.0,"gold_loss":0.0,"damage_taken":11.0},{"damage_healed":0.0,"max_hp_gain":0.0,"max_hp_loss":0.0,"gold_gain":0.0,"event_name":"FaceTrader","player_choice":"Trade","floor":12.0,"gold_loss":0.0,"damage_taken":0.0,"relics_obtained":["SsserpentHead"]},{"damage_healed":0.0,"max_hp_gain":5.0,"max_hp_loss":0.0,"gold_gain":0.0,"event_name":"Forgotten Altar","player_choice":"Shed Blood","floor":20.0,"gold_loss":0.0,"damage_taken":19.0},{"damage_healed":0.0,"max_hp_gain":0.0,"max_hp_loss":0.0,"gold_gain":0.0,"event_name":"The Library","player_choice":"Read","floor":22.0,"gold_loss":0.0,"damage_taken":0.0,"cards_obtained":["Static Discharge"]},{"cards_removed":["Clumsy"],"damage_healed":0.0,"max_hp_gain":0.0,"max_hp_loss":0.0,"gold_gain":0.0,"event_name":"Beggar","player_choice":"Gave Gold","floor":29.0,"gold_loss":75.0,"damage_taken":0.0},{"damage_healed":0.0,"max_hp_gain":0.0,"max_hp_loss":0.0,"gold_gain":0.0,"event_name":"Upgrade Shrine","player_choice":"Upgraded","floor":36.0,"gold_loss":0.0,"damage_taken":0.0,"cards_upgraded":["Genetic Algorithm"]}],"is_beta":false,"boss_relics":[{"not_picked":["Ectoplasm","Sozu"],"picked":"Inserter"},{"not_picked":["Pandora\u0027s Box","Nuclear Battery"],"picked":"FrozenCore"}],"items_purged_floors":[8,14],"is_endless":false,"potions_floor_spawned":[2,5,16,18,24,33,39],"killed_by":"Reptomancer","ascension_level":0}}