{"host":"hcrpk3ks1jn59x6u","time":1609907578,"event":{"mods":["BaseMod","Better Altar","Better Note","Better Sensory Stone","Better Skull","Better Third Choice","BetterRewards","Colored Map","Conspire","Downfall","GifTheSpireLib","Googly Eyes","Halation","Hermit","Highlight Path","Minty Spire (QoL Compilation)","StSLib","Stuff the Spire","The Bug Knight","The Construct","The Hierophant","everything is the same but u backflip on backflip"],"gold_per_floor":[115,115,133,156,179,179,179,179,179,192,211,247,247,267,267,370,370,391,407,407,431,431,431,436,436],"floor_reached":24,"playtime":1682,"items_purged":[],"score":200,"play_id":"6394df95-16ff-46af-a522-d183a21501a4","local_time":"20210106123258","is_ascension_mode":false,"campfire_choices":[{"data":"hermit:Combo","floor":6,"key":"SMITH"},{"data":"hermit:Ricochet","floor":8,"key":"SMITH"},{"data":"hermit:Strike_Hermit","floor":13,"key":"SMITH"},{"floor":15,"key":"REST"},{"data":"hermit:Maintenance","floor":23,"key":"SMITH"}],"circlet_count":0,"master_deck":["hermit:Strike_Hermit","hermit:Strike_Hermit","hermit:Strike_Hermit+1","hermit:Strike_Hermit","hermit:Defend_Hermit+1","hermit:Defend_Hermit","hermit:Defend_Hermit","hermit:Defend_Hermit+1","hermit:Snapshot+1","hermit:Covet","hermit:Scavenge","hermit:ShadowCloak","hermit:Ricochet+1","hermit:Combo+1","Regret","hermit:Coalescence","hermit:Glare","hermit:LowProfile","hermit:Maintenance+1","hermit:HighNoon","hermit:HighCaliber","hermit:TrackingShot","hermit:Snapshot+1"],"relics":["hermit:Momento","StuffTheSpire:RedRose","hermit:Spyglass","TungstenRod","construct:WeddingRing"],"acts_visited":["Exordium","TheCity"],"potions_floor_usage":[16,18,24],"damage_taken":[{"damage":6,"enemies":"Jaw Worm","floor":1,"turns":3},{"damage":0,"enemies":"Cultist","floor":3,"turns":4},{"damage":0,"enemies":"Small Slimes","floor":4,"turns":6},{"damage":0,"enemies":"2 Fungi Beasts","floor":5,"turns":5},{"damage":0,"enemies":"Exordium Wildlife","floor":10,"turns":3},{"damage":2,"enemies":"3 Louse","floor":11,"turns":3},{"damage":6,"enemies":"3 Sentries","floor":12,"turns":7},{"damage":0,"enemies":"Red Slaver","floor":14,"turns":1},{"damage":33,"enemies":"Slime Boss","floor":16,"turns":9},{"damage":21,"enemies":"2 Thieves","floor":18,"turns":5},{"damage":0,"enemies":"3 Byrds","floor":19,"turns":4},{"damage":25,"enemies":"Centurion and Healer","floor":21,"turns":7},{"damage":44,"enemies":"Book of Stabbing","floor":24,"turns":6}],"seed_played":"6448302090013930172","potions_obtained":[{"floor":1,"key":"champ:CounterPotion"},{"floor":3,"key":"Swift Potion"},{"floor":12,"key":"SpeedPotion"},{"floor":14,"key":"LiquidBronze"}],"is_trial":false,"path_per_floor":["M","?","M","M","M","R","?","R","T","M","M","E","R","M","R","B",null,"M","M","?","M","?","R","E"],"character_chosen":"HERMIT","items_purchased":[],"campfire_rested":1,"item_purchase_floors":[],"current_hp_per_floor":[69,54,54,54,54,54,54,54,54,54,52,46,46,46,68,35,75,54,54,54,29,29,29,0,0],"gold":436,"neow_bonus":"UPGRADE_CARD","is_daily":false,"chose_seed":false,"campfire_upgraded":4,"win_rate":0.0,"timestamp":1609907578,"path_taken":["M","?","M","?","M","R","?","R","T","M","M","E","R","M","R","BOSS","M","M","?","M","?","R","E"],"items_purchased_type":[],"build_version":"2020-12-22","purchased_purges":0,"victory":false,"max_hp_per_floor":[75,75,75,75,75,75,75,75,75,75,75,75,75,75,75,75,75,75,75,75,75,75,75,75,75],"card_choices":[{"not_picked":["hermit:Showdown","hermit:Vantage"],"picked":"hermit:Scavenge","floor":1},{"not_picked":["hermit:Headshot","hermit:Glare"],"picked":"hermit:ShadowCloak","floor":3},{"not_picked":["hermit:TrackingShot","hermit:Enervate"],"picked":"hermit:Ricochet","floor":4},{"not_picked":["hermit:Manifest","hermit:FlashPowder"],"picked":"hermit:Combo","floor":5},{"not_picked":["hermit:Snipe","hermit:Manifest"],"picked":"hermit:Coalescence","floor":10},{"not_picked":["hermit:Shortfuse","hermit:Gestalt"],"picked":"hermit:Glare","floor":11},{"not_picked":["hermit:Cheat","hermit:TakeCover"],"picked":"hermit:LowProfile","floor":12},{"not_picked":["hermit:Misfire","hermit:OverwhelmingPower"],"picked":"hermit:Maintenance","floor":14},{"not_picked":["hermit:EternalForm","hermit:FinalCanter"],"picked":"hermit:HighNoon","floor":16},{"not_picked":["hermit:Gestalt","hermit:Vantage"],"picked":"hermit:HighCaliber","floor":18},{"not_picked":["hermit:Glare","hermit:Misfire+1"],"picked":"hermit:TrackingShot","floor":19},{"not_picked":["hermit:Quickdraw","hermit:ItchyTrigger","hermit:SprayPray+1"],"picked":"SKIP","floor":21}],"player_experience":244878,"relics_obtained":[{"floor":9,"key":"hermit:Spyglass"},{"floor":12,"key":"TungstenRod"}],"event_choices":[{"damage_healed":69,"gold_gain":0,"player_choice":"Upgrade","damage_taken":15,"max_hp_gain":0,"max_hp_loss":75,"event_name":"betterThird:BetterShining","floor":2,"gold_loss":0,"cards_upgraded":["hermit:Defend_Hermit","hermit:Defend_Hermit"]},{"cards_removed":["hermit:Maintenance"],"damage_healed":0,"gold_gain":0,"player_choice":"Give","damage_taken":0,"max_hp_gain":0,"max_hp_loss":0,"event_name":"betterNote:BetterNote","floor":20,"gold_loss":0,"cards_obtained":["None"]},{"damage_healed":0,"gold_gain":0,"player_choice":"Copied","damage_taken":0,"max_hp_gain":0,"max_hp_loss":0,"event_name":"Duplicator","floor":22,"gold_loss":0,"cards_obtained":["hermit:Snapshot"]}],"is_beta":false,"boss_relics":[{"not_picked":["Tiny House","halation:ForbiddenBikini"],"picked":"construct:WeddingRing"}],"items_purged_floors":[],"is_endless":false,"potions_floor_spawned":[1,3,12,14],"killed_by":"Book of Stabbing","ascension_level":0}}