{"host":"hve1dyh1ly81yl9f","time":1609948813,"event":{"mods":["BaseMod","Colored Map","DeckTracker","Highlight Path","Keyboard Shortcuts","Minty Spire (QoL Compilation)","Permanent Neow","StSLib","SuperFastMode"],"gold_per_floor":[368,385,263,280,455,482,482,228,301,329,329,40,57,129,129,224,224,240,240,250,263,113,113,113,113,163,163,124,124,124,124,124,124,124],"floor_reached":33,"playtime":908,"items_purged":["Defend_B","Doubt","Defend_B","Defend_B"],"score":249,"play_id":"571de048-dca6-475c-8798-132a72503834","local_time":"20210107010013","is_ascension_mode":false,"campfire_choices":[{"floor":7.0,"key":"REST"},{"floor":15.0,"key":"REST"},{"floor":23.0,"key":"REST"},{"floor":25.0,"key":"RECALL"},{"floor":27.0,"key":"REST"},{"data":"Streamline","floor":29.0,"key":"SMITH"},{"data":"Seek","floor":32.0,"key":"SMITH"}],"circlet_count":0,"master_deck":["Strike_B","Strike_B","Strike_B","Strike_B","Zap","Dualcast","Streamline+1","Hologram","Go for the Eyes","Steam","Rebound+1","Hologram","Seek","Seek+1","Steam","FTL"],"relics":["Cracked Core","Bag of Preparation","Pear","Shuriken","Black Star","Du-Vu Doll","Centennial Puzzle"],"acts_visited":["Exordium","TheCity"],"potions_floor_usage":[33],"damage_taken":[{"damage":9.0,"enemies":"Jaw Worm","floor":1.0,"turns":4.0},{"damage":1.0,"enemies":"Cultist","floor":2.0,"turns":3.0},{"damage":0.0,"enemies":"Small Slimes","floor":4.0,"turns":2.0},{"damage":37.0,"enemies":"3 Sentries","floor":6.0,"turns":7.0},{"damage":35.0,"enemies":"Gremlin Nob","floor":10.0,"turns":4.0},{"damage":12.0,"enemies":"Exordium Wildlife","floor":13.0,"turns":3.0},{"damage":36.0,"enemies":"The Guardian","floor":16.0,"turns":9.0},{"damage":0.0,"enemies":"Chosen","floor":18.0,"turns":3.0},{"damage":22.0,"enemies":"3 Byrds","floor":20.0,"turns":6.0},{"damage":34.0,"enemies":"Snake Plant","floor":21.0,"turns":4.0},{"damage":68,"enemies":"Champ","floor":33,"turns":7}],"seed_played":"-7198266005462636611","potions_obtained":[{"floor":6.0,"key":"Weak Potion"},{"floor":10.0,"key":"DuplicationPotion"},{"floor":16.0,"key":"ColorlessPotion"},{"floor":20.0,"key":"FearPotion"}],"is_trial":false,"path_per_floor":["M","M","$","M","?","E","R","$","T","E","?","$","M","?","R","B",null,"M","?","M","M","$","R","T","R","T","R","$","R","$","?","R","B"],"character_chosen":"DEFECT","items_purchased":["Go for the Eyes","FairyPotion","Rebound","Seek","FTL"],"campfire_rested":4,"item_purchase_floors":[3,8,8,12,28],"current_hp_per_floor":[59,58,58,58,58,21,41,41,51,16,16,16,4,4,27,15,78,78,78,56,22,22,45,45,45,45,68,68,68,68,68,68,0,0],"gold":124,"neow_bonus":"TWO_FIFTY_GOLD","is_daily":false,"chose_seed":false,"campfire_upgraded":2,"win_rate":0.0,"timestamp":1609948813,"path_taken":["M","M","$","M","?","E","R","$","T","E","?","$","?","?","R","BOSS","M","?","M","M","?","R","?","R","T","R","$","R","?","?","R","BOSS"],"items_purchased_type":["Card","Potion","Card","Card","Card"],"build_version":"2020-12-22","purchased_purges":4,"victory":false,"max_hp_per_floor":[68,68,68,68,68,68,68,68,78,78,78,78,78,78,78,78,78,78,78,78,78,78,78,78,78,78,78,78,78,78,78,78,78,78],"card_choices":[{"not_picked":["Turbo","Genetic Algorithm"],"picked":"Streamline","floor":1.0},{"not_picked":["Sweeping Beam","Recycle"],"picked":"Hologram","floor":2.0},{"not_picked":["Self Repair","Cold Snap","Sweeping Beam"],"picked":"SKIP","floor":4.0},{"not_picked":["Coolheaded","Conserve Battery"],"picked":"Steam","floor":6.0},{"not_picked":["Barrage","Reinforced Body"],"picked":"Hologram","floor":10.0},{"not_picked":["Sweeping Beam","Thunder Strike","Aggregate"],"picked":"SKIP","floor":13.0},{"not_picked":["Amplify","Creative AI"],"picked":"Seek","floor":16.0},{"not_picked":["Storm","Tempest"],"picked":"Steam","floor":18.0},{"not_picked":["Reprogram","Compile Driver+1","Defragment"],"picked":"SKIP","floor":20.0},{"not_picked":["Force Field+1","Chaos","Barrage"],"picked":"SKIP","floor":21.0}],"player_experience":278837,"relics_obtained":[{"floor":6.0,"key":"Bag of Preparation"},{"floor":9.0,"key":"Pear"},{"floor":10.0,"key":"Shuriken"},{"floor":26.0,"key":"Centennial Puzzle"}],"event_choices":[{"damage_healed":0.0,"max_hp_gain":0.0,"max_hp_loss":0.0,"gold_gain":175.0,"event_name":"Liars Game","player_choice":"AGREE","floor":5.0,"gold_loss":0.0,"damage_taken":0.0,"cards_obtained":["Doubt"]},{"cards_removed":["Defend_B"],"damage_healed":0.0,"max_hp_gain":0.0,"max_hp_loss":0.0,"gold_gain":0.0,"event_name":"Bonfire Elementals","player_choice":"Offered Basic","floor":11.0,"gold_loss":0.0,"damage_taken":0.0},{"damage_healed":0.0,"max_hp_gain":0.0,"max_hp_loss":0.0,"gold_gain":72.0,"event_name":"Golden Wing","player_choice":"Gained Gold","floor":14.0,"gold_loss":0.0,"damage_taken":0.0},{"damage_healed":0.0,"max_hp_gain":0.0,"max_hp_loss":0.0,"gold_gain":0.0,"event_name":"WeMeetAgain","player_choice":"Gave Potion","floor":19.0,"gold_loss":0.0,"damage_taken":0.0,"relics_obtained":["Du-Vu Doll"]},{"damage_healed":0.0,"max_hp_gain":0.0,"max_hp_loss":0.0,"gold_gain":0.0,"event_name":"Accursed Blacksmith","player_choice":"Forge","floor":31.0,"gold_loss":0.0,"damage_taken":0.0,"cards_upgraded":["Rebound"]}],"is_beta":false,"boss_relics":[{"not_picked":["Sozu","SlaversCollar"],"picked":"Black Star"}],"items_purged_floors":[3,8,12,22],"is_endless":false,"potions_floor_spawned":[6,10,16,20],"killed_by":"Champ","ascension_level":0}}