{"host":"hjkuipvvowcpo8la","time":1609939191,"event":{"mods":["AchievementEnabler","BaseMod","Block Reminder","CapriCore","Colored Map","Colored Powertips","Highlight Path","Minty Spire (QoL Compilation)","Permanent Neow","Quick Restart","Rare Cards Sparkle","StSLib"],"gold_per_floor":[118,132,207,177,188,214,214,239,239,239,265,339,289,303,303,427,427,452,225,241,241,265,265,300,300,325,325,325,368,368,368,368,368,368],"floor_reached":33,"playtime":1078,"items_purged":["Strike_G"],"score":330,"play_id":"333782ef-e28a-44f7-97df-6f040530332a","local_time":"20210106141951","is_ascension_mode":true,"campfire_choices":[{"data":"All Out Attack","floor":7,"key":"SMITH"},{"data":"Neutralize","floor":15,"key":"SMITH"},{"floor":23,"key":"RECALL"},{"floor":25,"key":"REST"},{"floor":32,"key":"REST"}],"circlet_count":0,"master_deck":["Strike_G","Strike_G","Strike_G","Defend_G","Defend_G","Defend_G","Defend_G","Defend_G","Survivor","Neutralize+1","Quick Slash","All Out Attack+1","Poisoned Stab","Deadly Poison","Dagger Throw","Wraith Form v2","Crippling Poison","Poisoned Stab+1","Dash","Backflip+1","Bane","Noxious Fumes","Wraith Form v2"],"relics":["HoveringKite","Torii","Paper Crane","Golden Idol","Lantern","Juzu Bracelet","Fusion Hammer","Vajra","Bag of Preparation","Centennial Puzzle","Singing Bowl","Tiny Chest"],"acts_visited":["Exordium","TheCity"],"potions_floor_usage":[6,6,14,16,20],"damage_taken":[{"damage":0.0,"enemies":"Jaw Worm","floor":1.0,"turns":4.0},{"damage":0.0,"enemies":"Small Slimes","floor":2.0,"turns":3.0},{"damage":0.0,"enemies":"Cultist","floor":5.0,"turns":3.0},{"damage":4,"enemies":"Gremlin Nob","floor":6,"turns":3},{"damage":10,"enemies":"Lagavulin","floor":8,"turns":7},{"damage":0,"enemies":"Lagavulin Event","floor":12,"turns":1},{"damage":0,"enemies":"2 Fungi Beasts","floor":14,"turns":2},{"damage":9,"enemies":"Hexaghost","floor":16,"turns":10},{"damage":0,"enemies":"3 Byrds","floor":18,"turns":4},{"damage":8,"enemies":"Spheric Guardian","floor":20,"turns":6},{"damage":5,"enemies":"Snake Plant","floor":22,"turns":4},{"damage":2,"enemies":"Book of Stabbing","floor":24,"turns":5},{"damage":1,"enemies":"Gremlin Leader","floor":29,"turns":5},{"damage":65,"enemies":"Champ","floor":33,"turns":12}],"seed_played":"6251381826925869858","potions_obtained":[{"floor":2.0,"key":"CunningPotion"},{"floor":4.0,"key":"FearPotion"},{"floor":4.0,"key":"LiquidMemories"},{"floor":6,"key":"Swift Potion"},{"floor":8,"key":"Block Potion"},{"floor":14,"key":"ColorlessPotion"},{"floor":18,"key":"Regen Potion"},{"floor":20,"key":"BlessingOfTheForge"}],"is_trial":false,"path_per_floor":["M","M","?","?","M","E","R","E","T","?","T","?","?","M","R","B",null,"M","$","M","?","M","R","E","R","T","?","?","E","?","?","R","B"],"character_chosen":"THE_SILENT","items_purchased":["Vajra"],"campfire_rested":2,"item_purchase_floors":[19],"current_hp_per_floor":[70,70,59,59,59,55,55,45,45,45,45,45,45,45,45,36,65,65,65,57,57,52,52,50,65,65,65,65,64,64,64,65,0,0],"gold":368,"neow_bonus":"BOSS_RELIC","is_daily":false,"chose_seed":false,"campfire_upgraded":2,"win_rate":0.0,"timestamp":1609939191,"path_taken":["M","M","?","?","?","E","R","E","T","?","?","?","?","M","R","BOSS","M","$","M","?","M","R","E","R","T","?","?","E","?","?","R","BOSS"],"items_purchased_type":["Relic"],"build_version":"2020-12-22","purchased_purges":1,"victory":false,"max_hp_per_floor":[70,70,70,70,70,70,70,70,70,65,65,65,65,65,65,65,65,65,65,65,65,65,65,65,65,65,65,65,65,65,65,65,65,65],"card_choices":[{"not_picked":["Prepared","Dagger Spray"],"picked":"Quick Slash","floor":1.0},{"not_picked":["Outmaneuver","Tactician","Blade Dance"],"picked":"SKIP","floor":2.0},{"not_picked":["Outmaneuver","Tactician","Blade Dance"],"picked":"SKIP","floor":2.0},{"not_picked":["Reflex","Acrobatics","Accuracy"],"picked":"SKIP","floor":5.0},{"not_picked":["Cloak And Dagger","Terror"],"picked":"All Out Attack","floor":6},{"not_picked":["PiercingWail","Prepared"],"picked":"Poisoned Stab","floor":8},{"not_picked":["Infinite Blades","Concentrate"],"picked":"Deadly Poison","floor":12},{"not_picked":["Finisher","Grand Finale"],"picked":"Dagger Throw","floor":14},{"not_picked":["Night Terror","Envenom"],"picked":"Wraith Form v2","floor":16},{"not_picked":["Blade Dance","Caltrops"],"picked":"Crippling Poison","floor":18},{"not_picked":["Terror","Dagger Spray"],"picked":"Poisoned Stab+1","floor":20},{"not_picked":["Leg Sweep","Dodge and Roll"],"picked":"Backflip+1","floor":22},{"not_picked":["Backstab","Grand Finale"],"picked":"Bane","floor":24},{"not_picked":["Quick Slash+1","Malaise"],"picked":"Noxious Fumes","floor":29}],"player_experience":268209,"relics_obtained":[{"floor":6,"key":"Torii"},{"floor":8,"key":"Paper Crane"},{"floor":11,"key":"Lantern"},{"floor":12,"key":"Juzu Bracelet"},{"floor":24,"key":"Bag of Preparation"},{"floor":26,"key":"Centennial Puzzle"},{"floor":29,"key":"Singing Bowl"}],"event_choices":[{"damage_healed":0.0,"max_hp_gain":0.0,"max_hp_loss":0.0,"gold_gain":75.0,"event_name":"World of Goop","player_choice":"Gather Gold","floor":3.0,"gold_loss":0.0,"damage_taken":11.0},{"damage_healed":0.0,"max_hp_gain":0.0,"max_hp_loss":0.0,"gold_gain":0.0,"event_name":"The Woman in Blue","player_choice":"Bought 2 Potions","floor":4.0,"gold_loss":0.0,"damage_taken":0.0},{"damage_healed":0,"gold_gain":0,"player_choice":"Lose Max HP","damage_taken":0,"relics_obtained":["Golden Idol"],"max_hp_gain":0,"max_hp_loss":5,"event_name":"Golden Idol","floor":10,"gold_loss":0},{"damage_healed":0,"gold_gain":0,"player_choice":"Searched \u00271\u0027 times","damage_taken":0,"max_hp_gain":0,"max_hp_loss":0,"event_name":"Dead Adventurer","floor":12,"gold_loss":0},{"cards_removed":["Strike_G"],"damage_healed":0,"gold_gain":0,"player_choice":"Card Removal","damage_taken":0,"max_hp_gain":0,"max_hp_loss":0,"event_name":"The Cleric","floor":13,"gold_loss":50},{"damage_healed":0,"gold_gain":0,"player_choice":"Read","damage_taken":0,"max_hp_gain":0,"max_hp_loss":0,"event_name":"The Library","floor":21,"gold_loss":0,"cards_obtained":["Dash"]},{"damage_healed":0,"gold_gain":0,"player_choice":"Ignored","damage_taken":0,"max_hp_gain":0,"max_hp_loss":0,"event_name":"Ghosts","floor":27,"gold_loss":0},{"damage_healed":0,"gold_gain":0,"player_choice":"Ignored","damage_taken":0,"max_hp_gain":0,"max_hp_loss":0,"event_name":"Vampires","floor":28,"gold_loss":0},{"damage_healed":0,"gold_gain":0,"player_choice":"Opened","damage_taken":0,"relics_obtained":["Tiny Chest"],"max_hp_gain":0,"max_hp_loss":0,"event_name":"The Mausoleum","floor":30,"gold_loss":0},{"damage_healed":0,"gold_gain":0,"player_choice":"Copied","damage_taken":0,"max_hp_gain":0,"max_hp_loss":0,"event_name":"Duplicator","floor":31,"gold_loss":0,"cards_obtained":["Wraith Form v2"]}],"is_beta":false,"boss_relics":[{"not_picked":["Velvet Choker","Ectoplasm"],"picked":"Fusion Hammer"}],"items_purged_floors":[19],"is_endless":false,"potions_floor_spawned":[2,6,8,14,18,20],"killed_by":"Champ","ascension_level":1}}