{"host":"dgf4n6lo35jtjz0c","time":1609903738,"event":{"mods":["AchievementEnabler","BaseMod","Bestiary","Colored Powertips","Minty Spire (QoL Compilation)"],"gold_per_floor":[418,418,6,19,19,19,45,45,93,110,139,153,36,49,49,146,146,158,176,19,29,47,47,64,81,129,129,129],"floor_reached":27,"playtime":1267,"items_purged":[],"score":217,"play_id":"9c376fdf-a89f-4934-a630-32554b6e3ce1","local_time":"20210106142858","is_ascension_mode":false,"campfire_choices":[{"data":"Mayhem","floor":6.0,"key":"SMITH"},{"data":"Zap","floor":8.0,"key":"SMITH"},{"floor":15.0,"key":"REST"},{"floor":23,"key":"REST"}],"circlet_count":0,"master_deck":["Strike_B","Strike_B","Strike_B","Strike_B","Defend_B","Defend_B","Defend_B","Defend_B","Zap+1","Dualcast","Streamline","Mayhem+1","Rebound","Sweeping Beam","Sweeping Beam","Aggregate","Conserve Battery","Loop","Doom and Gloom","Streamline","Creative AI","Beam Cell+1","Heatsinks+1","Mayhem+1","Turbo","Conserve Battery","Darkness","Conserve Battery+1"],"relics":["Cracked Core","Old Coin","Mercury Hourglass","Incense Burner","InkBottle","Juzu Bracelet","Odd Mushroom","Sozu","DollysMirror","Ancient Tea Set"],"acts_visited":["Exordium","TheCity"],"potions_floor_usage":[],"damage_taken":[{"damage":1.0,"enemies":"2 Louse","floor":1.0,"turns":3.0},{"damage":1.0,"enemies":"Cultist","floor":4.0,"turns":3.0},{"damage":11.0,"enemies":"Gremlin Nob","floor":7.0,"turns":3.0},{"damage":5.0,"enemies":"Small Slimes","floor":10.0,"turns":2.0},{"damage":0.0,"enemies":"The Mushroom Lair","floor":11.0,"turns":2.0},{"damage":0.0,"enemies":"2 Fungi Beasts","floor":12.0,"turns":2.0},{"damage":1.0,"enemies":"3 Louse","floor":14.0,"turns":2.0},{"damage":12.0,"enemies":"The Guardian","floor":16.0,"turns":8.0},{"damage":12,"enemies":"Shell Parasite","floor":18,"turns":4},{"damage":12,"enemies":"2 Thieves","floor":19,"turns":3},{"damage":10,"enemies":"Cultist and Chosen","floor":21,"turns":5},{"damage":13,"enemies":"Snecko","floor":22,"turns":4},{"damage":30,"enemies":"Snake Plant","floor":24,"turns":4},{"damage":6,"enemies":"Cultist and Chosen","floor":25,"turns":4},{"damage":15,"enemies":"Shelled Parasite and Fungi","floor":27,"turns":4}],"seed_played":"-2181570527496847573","potions_obtained":[{"floor":1.0,"key":"AttackPotion"},{"floor":2.0,"key":"Fruit Juice"},{"floor":2.0,"key":"EssenceOfDarkness"},{"floor":7.0,"key":"SkillPotion"},{"floor":14.0,"key":"FearPotion"}],"is_trial":false,"path_per_floor":["M","?","$","M","?","R","E","R","T","M","?","M","$","M","R","B",null,"M","M","$","M","M","R","M","M","T","M"],"character_chosen":"DEFECT","items_purchased":["Mayhem","Mercury Hourglass","Loop","Doom and Gloom","DollysMirror"],"campfire_rested":2,"item_purchase_floors":[3,3,13,13,20],"current_hp_per_floor":[67,67,67,66,63,63,57,57,57,52,52,52,52,51,72,60,73,61,49,49,39,26,47,17,11,11,0,0],"gold":129,"neow_bonus":"ONE_RARE_RELIC","is_daily":false,"chose_seed":false,"campfire_upgraded":2,"win_rate":0.0,"timestamp":1609903738,"path_taken":["M","?","$","M","?","R","E","R","T","M","?","M","$","M","R","BOSS","M","M","$","M","M","R","M","M","T","M"],"items_purchased_type":["Card","Relic","Card","Card","Relic"],"build_version":"2020-12-22","purchased_purges":0,"victory":false,"max_hp_per_floor":[68,68,68,68,68,68,73,73,73,73,73,73,73,73,73,73,73,73,73,73,73,73,73,73,73,73,73,73],"card_choices":[{"not_picked":["Auto Shields","Glacier"],"picked":"Streamline","floor":1.0},{"not_picked":["Cold Snap","Reinforced Body"],"picked":"Rebound","floor":4.0},{"not_picked":["Reinforced Body","Scrape"],"picked":"Sweeping Beam","floor":7.0},{"not_picked":["Leap","Rip and Tear"],"picked":"Sweeping Beam","floor":10.0},{"not_picked":["Hello World","Barrage"],"picked":"Aggregate","floor":11.0},{"not_picked":["Beam Cell","Compile Driver"],"picked":"Conserve Battery","floor":12.0},{"not_picked":["Rebound","Stack"],"picked":"Streamline","floor":14.0},{"not_picked":["Fission","Amplify"],"picked":"Creative AI","floor":16.0},{"not_picked":["Hello World","Ball Lightning"],"picked":"Beam Cell+1","floor":18},{"not_picked":["Sweeping Beam","Conserve Battery"],"picked":"Heatsinks+1","floor":19},{"not_picked":["Sunder","Compile Driver"],"picked":"Turbo","floor":21},{"not_picked":["Gash","Leap"],"picked":"Conserve Battery","floor":22},{"not_picked":["Hologram","Lockon"],"picked":"Darkness","floor":24},{"not_picked":["Sweeping Beam","Go for the Eyes+1"],"picked":"Conserve Battery+1","floor":25}],"player_experience":92341,"relics_obtained":[{"floor":7.0,"key":"InkBottle"},{"floor":9.0,"key":"Juzu Bracelet"},{"floor":11.0,"key":"Odd Mushroom"},{"floor":26,"key":"Ancient Tea Set"}],"event_choices":[{"damage_healed":0.0,"max_hp_gain":0.0,"max_hp_loss":0.0,"gold_gain":0.0,"event_name":"Lab","player_choice":"Got Potions","floor":2.0,"gold_loss":0.0,"damage_taken":0.0},{"damage_healed":0.0,"max_hp_gain":0.0,"max_hp_loss":0.0,"gold_gain":0.0,"event_name":"Scrap Ooze","player_choice":"Success","floor":5.0,"gold_loss":0.0,"damage_taken":3.0,"relics_obtained":["Incense Burner"]},{"damage_healed":0.0,"max_hp_gain":0.0,"max_hp_loss":0.0,"gold_gain":0.0,"event_name":"Mushrooms","player_choice":"Fought Mushrooms","floor":11.0,"gold_loss":0.0,"damage_taken":0.0}],"is_beta":false,"boss_relics":[{"not_picked":["Coffee Dripper","Black Star"],"picked":"Sozu"}],"items_purged_floors":[],"is_endless":false,"potions_floor_spawned":[1,7,14,21,24,25],"killed_by":"Shelled Parasite and Fungi","ascension_level":0}}