{"host":"11728qvdvolffudn","time":1609922910,"event":{"mods":["BaseMod","Block Reminder","Colored Powertips","Custom Start","Displayed Cursed Tome","Highlight Path","Minty Spire (QoL Compilation)","Permanent Neow","Quick Restart","Rare Cards Sparkle","Relic Stats"],"gold_per_floor":[115,90,90,102,120,120,134,134,134,146,157,157,157,75,75,179,179,197,164,129,129,139,139,64,74,120,120,133,113,113,124,124,124,124],"floor_reached":33,"playtime":1796,"items_purged":[],"score":239,"play_id":"5d4e6eb1-ce15-4bb7-87dd-9d929a2da9cc","local_time":"20210106084830","is_ascension_mode":false,"campfire_choices":[{"data":"Chaos","floor":6,"key":"SMITH"},{"data":"Fusion","floor":8,"key":"SMITH"},{"data":"Dualcast","floor":13,"key":"SMITH"},{"floor":15,"key":"REST"},{"floor":23,"key":"REST"},{"data":"Bandage Up","floor":27,"key":"SMITH"},{"data":"Rainbow","floor":30,"key":"SMITH"},{"floor":32,"key":"REST"}],"circlet_count":0,"master_deck":["Strike_B","Strike_B","Defend_B","Defend_B","Defend_B","Defend_B","Zap","Dualcast+1","Bandage Up+1","Chaos+1","Conserve Battery","Consume","Fusion+1","Redo","Cold Snap","Lockon","Capacitor+1","Rainbow+1","Barrage+1","Defragment+1","Beam Cell"],"relics":["Cracked Core","Frozen Egg 2","SlaversCollar","Lantern"],"acts_visited":["Exordium","TheCity"],"potions_floor_usage":[22,25,33,33],"damage_taken":[{"damage":1,"enemies":"Cultist","floor":1,"turns":4},{"damage":7,"enemies":"2 Louse","floor":4,"turns":3},{"damage":8,"enemies":"Jaw Worm","floor":5,"turns":4},{"damage":5,"enemies":"Looter","floor":7,"turns":3},{"damage":3,"enemies":"2 Fungi Beasts","floor":10,"turns":6},{"damage":31,"enemies":"Gremlin Gang","floor":11,"turns":7},{"damage":26,"enemies":"Hexaghost","floor":16,"turns":14},{"damage":12,"enemies":"Chosen","floor":18,"turns":6},{"damage":38,"enemies":"2 Thieves","floor":20,"turns":5},{"damage":26,"enemies":"Shelled Parasite and Fungi","floor":22,"turns":6},{"damage":0,"enemies":"Centurion and Healer","floor":25,"turns":7},{"damage":9,"enemies":"Chosen and Byrds","floor":28,"turns":6},{"damage":27,"enemies":"Snake Plant","floor":31,"turns":6},{"damage":64,"enemies":"Automaton","floor":33,"turns":8}],"seed_played":"5217630232490271314","potions_obtained":[{"floor":1,"key":"FairyPotion"},{"floor":4,"key":"PowerPotion"},{"floor":5,"key":"BlessingOfTheForge"},{"floor":22,"key":"SneckoOil"},{"floor":28,"key":"Fire Potion"},{"floor":29,"key":"Strength Potion"}],"is_trial":false,"path_per_floor":["M","$","?","M","M","R","M","R","T","M","M","?","R","$","R","B",null,"M","$","M","?","M","R","?","M","T","R","M","?","R","M","R","B"],"character_chosen":"DEFECT","items_purchased":["Conserve Battery","Capacitor+1","Defragment+1"],"campfire_rested":3,"item_purchase_floors":[2,14,19],"current_hp_per_floor":[74,74,74,67,63,63,62,62,62,63,36,36,36,36,58,36,75,63,63,29,15,22,46,46,50,50,50,47,47,47,26,50,0,0],"gold":124,"neow_bonus":"RANDOM_COLORLESS","is_daily":false,"chose_seed":false,"campfire_upgraded":5,"win_rate":0.0,"timestamp":1609922910,"path_taken":["M","$","?","M","M","R","M","R","T","M","?","?","R","$","R","BOSS","M","$","M","?","M","R","?","M","T","R","M","?","R","M","R","BOSS"],"items_purchased_type":["Card","Card","Card"],"build_version":"2020-12-22","purchased_purges":0,"victory":false,"max_hp_per_floor":[75,75,75,75,75,75,75,75,75,75,75,75,75,75,75,75,75,75,75,75,80,80,80,80,80,80,80,80,80,80,80,80,80,80],"relic_stats":{"counters":[14,85],"obtain_stats":[{"SlaversCollar":17,"Lantern":26,"Frozen Egg 2":9,"Cracked Core":0},{"SlaversCollar":7,"Lantern":11,"Frozen Egg 2":4,"Cracked Core":0},{"SlaversCollar":41,"Lantern":65,"Frozen Egg 2":14,"Cracked Core":0}]},"card_choices":[{"not_picked":["Impatience","Madness"],"picked":"Bandage Up","floor":0},{"not_picked":["Cold Snap","Gash"],"picked":"Chaos","floor":1},{"not_picked":["Leap","Reprogram"],"picked":"Fusion","floor":4},{"not_picked":["Heatsinks","Static Discharge"],"picked":"Redo","floor":5},{"not_picked":["Hologram","Go for the Eyes","Reprogram"],"picked":"SKIP","floor":7},{"not_picked":["Chaos","Doom and Gloom"],"picked":"Cold Snap","floor":10},{"not_picked":["Hologram","Coolheaded"],"picked":"Lockon","floor":11},{"not_picked":["Echo Form+1","Electrodynamics+1"],"picked":"Rainbow","floor":16},{"not_picked":["Go for the Eyes","Coolheaded"],"picked":"Barrage+1","floor":18},{"not_picked":["Storm+1","Coolheaded","Auto Shields"],"picked":"SKIP","floor":20},{"not_picked":["Gash","Hologram","Compile Driver"],"picked":"SKIP","floor":22},{"not_picked":["Streamline+1","Cold Snap","Hello World+1"],"picked":"SKIP","floor":25},{"not_picked":["Auto Shields","Aggregate","Go for the Eyes"],"picked":"SKIP","floor":28},{"not_picked":["Scrape","Streamline"],"picked":"Beam Cell","floor":31}],"player_experience":73245,"relics_obtained":[{"floor":9,"key":"Frozen Egg 2"},{"floor":26,"key":"Lantern"}],"event_choices":[{"damage_healed":0,"gold_gain":0,"cards_transformed":["Strike_B"],"player_choice":"Transformed","damage_taken":0,"max_hp_gain":0,"max_hp_loss":0,"event_name":"Transmorgrifier","floor":3,"gold_loss":0,"cards_obtained":["Consume"]},{"damage_healed":0,"gold_gain":0,"player_choice":"Ignored","damage_taken":0,"max_hp_gain":0,"max_hp_loss":0,"event_name":"Golden Wing","floor":12,"gold_loss":0},{"damage_healed":0,"gold_gain":0,"player_choice":"Shed Blood","damage_taken":19,"max_hp_gain":5,"max_hp_loss":0,"event_name":"Forgotten Altar","floor":21,"gold_loss":0},{"cards_removed":["Strike_B"],"damage_healed":0,"gold_gain":0,"player_choice":"Gave Gold","damage_taken":0,"max_hp_gain":0,"max_hp_loss":0,"event_name":"Beggar","floor":24,"gold_loss":75},{"damage_healed":0,"gold_gain":0,"player_choice":"Bought 1 Potion","damage_taken":0,"max_hp_gain":0,"max_hp_loss":0,"event_name":"The Woman in Blue","floor":29,"gold_loss":0}],"is_beta":false,"boss_relics":[{"not_picked":["Fusion Hammer","Calling Bell"],"picked":"SlaversCollar"}],"items_purged_floors":[],"is_endless":false,"potions_floor_spawned":[1,4,5,10,11,18,22,28,31],"killed_by":"Automaton","ascension_level":0}}