{"host":"m77rrhbqzv44va4v","time":1609909376,"event":{"mods":["AchievementEnabler","BaseMod","Colored Map","DeckTracker","Keyboard Shortcuts","Minty Spire (QoL Compilation)","StSLib","SuperFastMode","everything is the same but u backflip on backflip"],"gold_per_floor":[116,116,139,139,89,132,151,151,151,190,265,265,45,63,63,159,159,172,1,20,40,71,71,71],"floor_reached":23,"playtime":1231,"items_purged":["Strike_B","Defend_B"],"score":395,"play_id":"c90cc312-1d83-4aa0-9cae-1597e153ab4b","local_time":"20210106140256","is_ascension_mode":true,"campfire_choices":[{"data":"Defragment","floor":8.0,"key":"SMITH"},{"data":"Streamline","floor":12.0,"key":"SMITH"},{"floor":15,"key":"REST"}],"circlet_count":0,"master_deck":["AscendersBane","Strike_B","Strike_B","Defend_B","Defend_B","Defend_B","Zap","Dualcast","Defragment+1","Streamline+1","Rebound","Conserve Battery","Go for the Eyes","Turbo","Electrodynamics","Cold Snap+1","Fission","Core Surge","Hologram","Reinforced Body"],"relics":["Cracked Core","NeowsBlessing","Golden Idol","Pantograph","Pear","HornCleat","Runic Capacitor","Fusion Hammer","Red Mask"],"acts_visited":["Exordium","TheCity"],"potions_floor_usage":[22],"damage_taken":[{"damage":0.0,"enemies":"Small Slimes","floor":1.0,"turns":1.0},{"damage":0.0,"enemies":"Jaw Worm","floor":3.0,"turns":1.0},{"damage":0.0,"enemies":"Gremlin Nob","floor":6.0,"turns":1.0},{"damage":2.0,"enemies":"2 Louse","floor":7.0,"turns":3.0},{"damage":20.0,"enemies":"3 Sentries","floor":10.0,"turns":5.0},{"damage":5,"enemies":"Blue Slaver","floor":14,"turns":4},{"damage":25,"enemies":"Slime Boss","floor":16,"turns":12},{"damage":16,"enemies":"Shell Parasite","floor":18,"turns":5},{"damage":20,"enemies":"2 Thieves","floor":20,"turns":4},{"damage":5,"enemies":"3 Cultists","floor":21,"turns":4},{"damage":25,"enemies":"Masked Bandits","floor":22,"turns":4},{"damage":19,"enemies":"Book of Stabbing","floor":23,"turns":3}],"seed_played":"3776345118057950021","potions_obtained":[{"floor":1.0,"key":"SteroidPotion"},{"floor":14,"key":"CultistPotion"},{"floor":18,"key":"BlessingOfTheForge"}],"is_trial":false,"path_per_floor":["M","?","M","?","?","E","M","R","T","E","?","R","$","M","R","B",null,"M","$","M","M","?","E"],"character_chosen":"DEFECT","items_purchased":["Runic Capacitor","Fission"],"campfire_rested":1,"item_purchase_floors":[13,19],"current_hp_per_floor":[68,50,50,55,55,55,53,53,63,43,32,32,32,27,54,54,81,65,65,45,40,15,0,0],"gold":71,"neow_bonus":"THREE_ENEMY_KILL","is_daily":false,"chose_seed":false,"campfire_upgraded":2,"win_rate":0.0,"timestamp":1609909376,"path_taken":["M","?","M","?","?","E","M","R","T","E","?","R","$","M","R","BOSS","M","$","M","M","?","E"],"items_purchased_type":["Relic","Card"],"build_version":"2020-12-22","purchased_purges":2,"victory":false,"max_hp_per_floor":[75,75,75,80,80,80,80,80,90,90,90,90,90,90,90,90,90,90,90,90,90,90,90,90],"card_choices":[{"not_picked":["Compile Driver","Turbo"],"picked":"Defragment","floor":1.0},{"not_picked":["Tempest","Hello World"],"picked":"Streamline","floor":3.0},{"not_picked":["Streamline","Barrage"],"picked":"Rebound","floor":6.0},{"not_picked":["Go for the Eyes","Redo"],"picked":"Conserve Battery","floor":7.0},{"not_picked":["Recycle","Leap"],"picked":"Go for the Eyes","floor":10.0},{"not_picked":["Gash","Beam Cell"],"picked":"Turbo","floor":14},{"not_picked":["Hyperbeam","Core Surge"],"picked":"Electrodynamics","floor":16},{"not_picked":["Static Discharge","Coolheaded"],"picked":"Cold Snap+1","floor":18},{"not_picked":["Rebound","Conserve Battery+1"],"picked":"Core Surge","floor":20},{"not_picked":["Cold Snap","Melter"],"picked":"Hologram","floor":21},{"not_picked":["Streamline","Steam"],"picked":"Reinforced Body","floor":22}],"player_experience":907425,"relics_obtained":[{"floor":6.0,"key":"Pantograph"},{"floor":9.0,"key":"Pear"},{"floor":10.0,"key":"HornCleat"},{"floor":22,"key":"Red Mask"}],"event_choices":[{"damage_healed":0.0,"max_hp_gain":0.0,"max_hp_loss":0.0,"gold_gain":0.0,"event_name":"Golden Idol","player_choice":"Take Damage","floor":2.0,"gold_loss":0.0,"damage_taken":18.0,"relics_obtained":["Golden Idol"]},{"damage_healed":0.0,"max_hp_gain":5.0,"max_hp_loss":0.0,"gold_gain":0.0,"event_name":"Big Fish","player_choice":"Donut","floor":4.0,"gold_loss":0.0,"damage_taken":0.0},{"cards_removed":["Strike_B"],"damage_healed":0.0,"max_hp_gain":0.0,"max_hp_loss":0.0,"gold_gain":0.0,"event_name":"The Cleric","player_choice":"Card Removal","floor":5.0,"gold_loss":50.0,"damage_taken":0.0},{"damage_healed":0.0,"max_hp_gain":0.0,"max_hp_loss":0.0,"gold_gain":75.0,"event_name":"World of Goop","player_choice":"Gather Gold","floor":11.0,"gold_loss":0.0,"damage_taken":11.0},{"damage_healed":0,"gold_gain":0,"player_choice":"Fought Bandits","damage_taken":0,"max_hp_gain":0,"max_hp_loss":0,"event_name":"Masked Bandits","floor":22,"gold_loss":0}],"is_beta":false,"boss_relics":[{"not_picked":["Runic Dome","Snecko Eye"],"picked":"Fusion Hammer"}],"items_purged_floors":[13,19],"is_endless":false,"potions_floor_spawned":[1,14,18,21],"killed_by":"Book of Stabbing","ascension_level":13}}