{"host":"16bdbdkejmwbwkj8","time":1609900481,"event":{"mods":["BaseMod","Colored Map","Downfall","Minty Spire (QoL Compilation)","StSLib"],"gold_per_floor":[118,138,152,152,167,184,184,198,88,106,106,131,56,71,71,172,172,172,172,5,5,5,5,5,5,5,5,5,5,5,5,5,5,5,5,5,5,5,5,5,5,5,5,5,5,5,5,5,5,5],"floor_reached":51,"playtime":6251,"items_purged":["Regret"],"score":838,"play_id":"67ef5401-7e9e-459c-b60a-3adbbf165f26","local_time":"20210105213441","is_ascension_mode":false,"campfire_choices":[{"data":"Guardian:PiercingHide","floor":13,"key":"SMITH"},{"data":"Guardian:Clone","floor":15,"key":"SMITH"},{"floor":23,"key":"RECALL"},{"floor":32,"key":"REST"},{"data":"Guardian:SphericShield","floor":43,"key":"SMITH"},{"data":"1","floor":47,"key":"LIFT"},{"data":"2","floor":49,"key":"LIFT"}],"circlet_count":0,"master_deck":["Guardian:Strike_Guardian+1","Guardian:Strike_Guardian","Guardian:Strike_Guardian","Guardian:Defend_Guardian+1","Guardian:Defend_Guardian","Guardian:Defend_Guardian","Guardian:Defend_Guardian","Guardian:CurlUp","Guardian:TwinSlam","Guardian:Harden","Guardian:PiercingHide+1","Guardian:ArmoredProtocol","Guardian:StasisField","Guardian:BronzeArmor","Guardian:RollAttack+1","Guardian:Clone+1","Guardian:SphericShield+1","Guardian:SpikerProtocol","Guardian:DecasProtection+1","Guardian:PiercingHide","Guardian:Harden","Guardian:PiercingHide","Guardian:Harden","Guardian:Suspension","Guardian:TimeBomb","Guardian:GuardianWhirl","Guardian:Preprogram","Guardian:PiercingHide","Guardian:Repulse","Guardian:Emergency+1","Guardian:RollAttack","Guardian:SpikerProtocol+1","Parasite","Guardian:Harden+1","Guardian:PiercingHide","Guardian:Recover+1","Guardian:EvasiveProtocol+1"],"relics":["Guardian:ModeShifter","Unceasing Top","downfall:HeartBlessingBlue","downfall:Hecktoplasm","Pantograph","StoneCalendar","downfall:HeartBlessingRed","Snecko Eye","Girya","Ancient Tea Set","Bronze Scales","Peace Pipe"],"acts_visited":["Exordium","TheCity","TheBeyond"],"potions_floor_usage":[12,16,16,28,33,45],"damage_taken":[{"damage":1,"enemies":"2 Louse","floor":1,"turns":4},{"damage":0,"enemies":"Cultist","floor":2,"turns":4},{"damage":0,"enemies":"Jaw Worm","floor":3,"turns":4},{"damage":2,"enemies":"2 Fungi Beasts","floor":5,"turns":4},{"damage":2,"enemies":"Exordium Thugs","floor":6,"turns":7},{"damage":0,"enemies":"Lots of Slimes","floor":8,"turns":4},{"damage":0,"enemies":"downfall:FleeingMerchant","floor":9,"turns":4},{"damage":0,"enemies":"Blue Slaver","floor":10,"turns":4},{"damage":10,"enemies":"Lagavulin","floor":12,"turns":11},{"damage":8,"enemies":"Large Slime","floor":14,"turns":7},{"damage":18,"enemies":"downfall:Defect","floor":16,"turns":10},{"damage":6,"enemies":"Shell Parasite","floor":18,"turns":7},{"damage":12,"enemies":"Centurion and Healer","floor":19,"turns":8},{"damage":6,"enemies":"downfall:FleeingMerchant","floor":20,"turns":4},{"damage":5,"enemies":"Sentry and Sphere","floor":22,"turns":9},{"damage":0,"enemies":"Snecko","floor":25,"turns":6},{"damage":7,"enemies":"Snake Plant","floor":26,"turns":4},{"damage":6,"enemies":"Sentry and Sphere","floor":27,"turns":7},{"damage":10,"enemies":"3 Cultists","floor":28,"turns":5},{"damage":0,"enemies":"Centurion and Healer","floor":29,"turns":15},{"damage":13,"enemies":"Gremlin Leader","floor":30,"turns":11},{"damage":1,"enemies":"Snecko","floor":31,"turns":7},{"damage":12,"enemies":"downfall:Ironclad","floor":33,"turns":10},{"damage":4,"enemies":"3 Shapes","floor":35,"turns":4},{"damage":17,"enemies":"Mind Bloom Boss Battle","floor":36,"turns":7},{"damage":0,"enemies":"3 Darklings","floor":37,"turns":3},{"damage":0,"enemies":"Spire Growth","floor":38,"turns":6},{"damage":3,"enemies":"Sphere and 2 Shapes","floor":40,"turns":4},{"damage":0,"enemies":"Writhing Mass","floor":42,"turns":6},{"damage":0,"enemies":"Giant Head","floor":45,"turns":10},{"damage":7,"enemies":"4 Shapes","floor":46,"turns":6},{"damage":2,"enemies":"Jaw Worm Horde","floor":48,"turns":3},{"damage":0,"enemies":"downfall:Watcher","floor":50,"turns":12}],"seed_played":"-2159449247722505059","potions_obtained":[{"floor":1,"key":"hexamod:EctoCoolerPotion"},{"floor":4,"key":"Guardian:DefensiveModePotion"},{"floor":4,"key":"DuplicationPotion"},{"floor":5,"key":"LiquidBronze"},{"floor":6,"key":"Ancient Potion"},{"floor":12,"key":"DistilledChaos"},{"floor":19,"key":"FearPotion"},{"floor":22,"key":"CultistPotion"},{"floor":26,"key":"LiquidMemories"},{"floor":29,"key":"Strength Potion"},{"floor":31,"key":"LiquidMemories"},{"floor":37,"key":"PowerPotion"},{"floor":45,"key":"SteroidPotion"}],"is_trial":false,"path_per_floor":["M","M","M","?","M","M","T","M","$","M","?","E","R","M","R","B",null,"M","M","$","?","M","R","T","M","M","M","M","M","E","M","R","B",null,"M","?","M","M","?","M","T","M","R","?","E","M","R","M","R","B",null],"character_chosen":"GUARDIAN","items_purchased":["Guardian:Gem_Lightblue","Guardian:RollAttack","Guardian:Harden"],"campfire_rested":1,"item_purchase_floors":[9,9,20],"current_hp_per_floor":[87,87,87,87,85,83,83,83,83,83,83,73,83,75,75,57,98,92,80,74,74,69,69,69,69,62,56,46,46,33,32,61,74,98,94,81,81,81,81,78,78,78,78,78,78,71,71,69,69,94],"gold":5,"neow_bonus":"TEN_PERCENT_HP_BONUS","is_daily":false,"chose_seed":false,"campfire_upgraded":3,"win_rate":0.0,"timestamp":1609900481,"path_taken":["M","M","M","?","M","M","T","?","$","M","?","E","R","M","R","BOSS","M","M","$","?","?","R","T","M","M","M","M","M","E","M","R","BOSS","M","?","M","M","?","M","T","M","R","?","E","M","R","?","R","BOSS"],"items_purchased_type":["Card","Card","Card"],"build_version":"2020-12-22","purchased_purges":1,"victory":true,"max_hp_per_floor":[88,88,88,88,88,88,88,88,88,88,88,88,98,98,98,98,98,98,98,98,98,98,98,98,98,98,98,98,98,98,98,98,98,98,98,98,98,98,98,98,98,98,98,98,98,98,98,98,98,98],"card_choices":[{"not_picked":["Guardian:Gem_White","Guardian:VentSteam"],"picked":"Guardian:Harden","floor":1},{"not_picked":["Guardian:EvasiveProtocol","Guardian:Emergency"],"picked":"Guardian:PiercingHide","floor":2},{"not_picked":["Guardian:Reroute","Guardian:Orbwalk"],"picked":"Guardian:Gem_Cyan","floor":3},{"not_picked":["Guardian:TemporalStrike","Guardian:WalkerClaw","Guardian:MultiBeam"],"picked":"SKIP","floor":5},{"not_picked":["Guardian:CrystalBeam","Guardian:WalkerClaw"],"picked":"Guardian:ArmoredProtocol","floor":6},{"not_picked":["Guardian:TemporalStrike","Guardian:PrismaticBarrier"],"picked":"Guardian:StasisField","floor":8},{"not_picked":["Guardian:RollAttack","Guardian:Incinerate"],"picked":"Guardian:BronzeArmor","floor":9},{"not_picked":["Guardian:Suspension","Guardian:ShieldSpikes"],"picked":"Guardian:Gem_Green","floor":10},{"not_picked":["Guardian:ChargeUp","Guardian:StasisField"],"picked":"Guardian:Gem_Cyan","floor":12},{"not_picked":["Guardian:PrimingBeam","Guardian:ShieldCharger"],"picked":"Guardian:Clone","floor":14},{"not_picked":["Guardian:FierceBash","Guardian:HyperBeam_Guardian"],"picked":"Guardian:SphericShield","floor":16},{"not_picked":["Guardian:Gem_Fragmented","Guardian:VentSteam"],"picked":"Guardian:SpikerProtocol","floor":18},{"not_picked":["Guardian:TemporalStrike","Guardian:Planning"],"picked":"Guardian:DecasProtection+1","floor":19},{"not_picked":["Guardian:Recover","Guardian:BaubleBeam"],"picked":"Guardian:PiercingHide","floor":20},{"not_picked":["Guardian:Recover+1","Guardian:TimeBomb"],"picked":"Guardian:Gem_Green","floor":22},{"not_picked":["Guardian:Gem_Green","Guardian:Gem_Lightblue"],"picked":"Guardian:PiercingHide","floor":25},{"not_picked":["Guardian:Reroute","Guardian:TemporalShield"],"picked":"Guardian:Harden","floor":26},{"not_picked":["Guardian:TemporalShield","Guardian:RollAttack"],"picked":"Guardian:Suspension","floor":27},{"not_picked":["Guardian:MultiBeam+1","Guardian:Suspension+1"],"picked":"Guardian:TimeBomb","floor":28},{"not_picked":["Guardian:SphericShield","Guardian:Orbwalk"],"picked":"Guardian:GuardianWhirl","floor":29},{"not_picked":["Guardian:Gem_White","Guardian:DecasProtection"],"picked":"Guardian:Preprogram","floor":30},{"not_picked":["Guardian:Gem_White","Guardian:DonusPower+1"],"picked":"Guardian:Gem_Fragmented","floor":31},{"not_picked":["Guardian:FastForward","Guardian:AncientConstruct"],"picked":"Guardian:Gem_Orange","floor":33},{"not_picked":["Guardian:SentryBeam","Guardian:PrimingBeam"],"picked":"Guardian:PiercingHide","floor":35},{"not_picked":["Guardian:CrystalBeam","Guardian:Incinerate+1"],"picked":"Guardian:Repulse","floor":36},{"not_picked":["Guardian:RefractedBeam+1","Guardian:TemporalStrike"],"picked":"Guardian:Emergency+1","floor":37},{"not_picked":["Guardian:Gem_Lightblue","Guardian:WalkerClaw+1"],"picked":"Guardian:RollAttack","floor":38},{"not_picked":["Guardian:PrimingBeam+1","Guardian:CrystalBeam+1"],"picked":"Guardian:SpikerProtocol+1","floor":40},{"not_picked":["Guardian:CrystalBeam+1","Guardian:Gem_Lightblue"],"picked":"Guardian:Harden+1","floor":42},{"not_picked":["Guardian:PrimingBeam+1","Guardian:CrystalBeam"],"picked":"Guardian:PiercingHide","floor":45},{"not_picked":["Guardian:SentryBeam","Guardian:ShieldCharger"],"picked":"Guardian:Recover+1","floor":46},{"not_picked":["Guardian:SpikerProtocol+1","Guardian:PrimingBeam+1"],"picked":"Guardian:EvasiveProtocol+1","floor":48}],"player_experience":106857,"relics_obtained":[{"floor":12,"key":"Unceasing Top"},{"floor":24,"key":"Pantograph"},{"floor":30,"key":"StoneCalendar"},{"floor":36,"key":"Girya"},{"floor":41,"key":"Ancient Tea Set"},{"floor":44,"key":"Bronze Scales"},{"floor":45,"key":"Peace Pipe"}],"event_choices":[{"damage_healed":0,"gold_gain":0,"player_choice":"Got Potions","damage_taken":0,"max_hp_gain":0,"max_hp_loss":0,"event_name":"Lab","floor":4,"gold_loss":0},{"cards_removed":["Guardian:Strike_Guardian"],"damage_healed":0,"gold_gain":0,"player_choice":"Removed Attack","damage_taken":0,"max_hp_gain":0,"max_hp_loss":0,"event_name":"Falling","floor":39,"gold_loss":0}],"is_beta":false,"boss_relics":[{"not_picked":["Velvet Choker","Philosopher\u0027s Stone"],"picked":"downfall:Hecktoplasm"},{"not_picked":["SlaversCollar","Sozu"],"picked":"Snecko Eye"}],"items_purged_floors":[20],"is_endless":false,"potions_floor_spawned":[1,5,6,8,12,14,19,22,26,29,30,31,37,38,42,45],"ascension_level":0}}