{"host":"1q1wpq6df472foxy","time":1609929257,"event":{"mods":["BaseMod","DeckTracker","Highlight Path","Minty Spire (QoL Compilation)","Quick Restart","StSLib","SuperFastMode"],"gold_per_floor":[115,115,115,115,4,4,36,53,53,53,71,71,88,100,100,100,100],"floor_reached":16,"playtime":677,"items_purged":[],"score":125,"play_id":"4bf6dfcf-7a95-4a40-87f8-f3e40d5ad332","local_time":"20210106193417","is_ascension_mode":false,"campfire_choices":[{"floor":6,"key":"RECALL"},{"data":"Meditate","floor":10,"key":"SMITH"},{"data":"LikeWater","floor":12,"key":"SMITH"},{"data":"Vigilance","floor":15,"key":"SMITH"}],"circlet_count":0,"master_deck":["Strike_P","Strike_P","Strike_P","Defend_P","Defend_P","Defend_P","Defend_P","Eruption","Vigilance+1","Meditate+1","EmptyMind","DeceiveReality","LikeWater+1","EmptyBody"],"relics":["PureWater","NeowsBlessing","White Beast Statue"],"acts_visited":["Exordium"],"potions_floor_usage":[],"damage_taken":[{"damage":0,"enemies":"Small Slimes","floor":1,"turns":1},{"damage":0,"enemies":"Lagavulin","floor":7,"turns":2},{"damage":0,"enemies":"Jaw Worm","floor":8,"turns":1},{"damage":0,"enemies":"2 Louse","floor":11,"turns":2},{"damage":2,"enemies":"Blue Slaver","floor":13,"turns":6},{"damage":12,"enemies":"Large Slime","floor":14,"turns":10},{"damage":25,"enemies":"Slime Boss","floor":16,"turns":10}],"seed_played":"7572160244524609404","potions_obtained":[{"floor":8,"key":"Weak Potion"},{"floor":11,"key":"ColorlessPotion"},{"floor":13,"key":"StancePotion"}],"is_trial":false,"path_per_floor":["M","?","$","?","$","R","E","M","T","R","M","R","M","M","R","B"],"character_chosen":"WATCHER","items_purchased":["Meditate","EmptyMind"],"campfire_rested":0,"item_purchase_floors":[5,5],"current_hp_per_floor":[72,72,72,72,72,72,72,72,72,72,72,72,70,58,58,33,33],"gold":100,"neow_bonus":"THREE_ENEMY_KILL","is_daily":false,"chose_seed":false,"campfire_upgraded":3,"win_rate":0.0,"timestamp":1609929257,"path_taken":["M","?","?","?","$","R","E","M","T","R","M","R","M","M","R","BOSS"],"items_purchased_type":["Card","Card"],"build_version":"2020-12-22","purchased_purges":0,"victory":false,"max_hp_per_floor":[72,72,72,72,72,72,72,72,72,72,72,72,72,72,72,72,72],"card_choices":[{"not_picked":["CrushJoints","CarveReality","ThirdEye"],"picked":"SKIP","floor":1},{"not_picked":["Tantrum","Collect","BowlingBash"],"picked":"SKIP","floor":7},{"not_picked":["Fasting2","SandsOfTime"],"picked":"DeceiveReality","floor":8},{"not_picked":["WheelKick","Crescendo"],"picked":"LikeWater","floor":11},{"not_picked":["CutThroughFate","Conclude","Crescendo"],"picked":"SKIP","floor":13},{"not_picked":["Wallop","BowlingBash"],"picked":"EmptyBody","floor":14}],"player_experience":377714,"relics_obtained":[{"floor":7,"key":"White Beast Statue"}],"event_choices":[{"cards_removed":["Strike_P"],"damage_healed":0,"gold_gain":0,"player_choice":"Forget","damage_taken":0,"max_hp_gain":0,"max_hp_loss":0,"event_name":"Living Wall","floor":2,"gold_loss":0},{"damage_healed":0,"gold_gain":0,"player_choice":"Leave","damage_taken":0,"max_hp_gain":0,"max_hp_loss":0,"event_name":"The Cleric","floor":4,"gold_loss":0}],"is_beta":false,"boss_relics":[],"items_purged_floors":[],"is_endless":false,"potions_floor_spawned":[8,11,13,14],"killed_by":"Slime Boss","ascension_level":0}}