{"host":"k5ezbu40hxyit46v","time":1609974300,"event":{"mods":["Act Like it!","Aspiration","Astrologer","BaseMod","BetterRewards","Conspire","DeckTracker","Energized Spire","Gensokyo","Googly Eyes","Halation","HexUI Lib","Highlight Path","Hubris","Infinite Spire","Ironclad Rager","Jedi Mod","Mad Scientist","Marisa????????","Minty Spire (QoL Compilation)","Quarter Circle Forward PUNCH!","Quick Restart","Replay The Spire","Reworked Bosses","Shop Mod","Spikes Relics","StSLib","The Administrix","The Awakened One except there are too many feathers","The Bladedancer","The Cursed","The IronCluck","The Servant 0.9.4","The Wild Card","everything is the same but u backflip on backflip","slay the spire mod where everything is the same but ironclad has a cowboy hat","vexMod"],"gold_per_floor":[112,128,21,21,21,21,21],"floor_reached":6,"playtime":265,"items_purged":[],"score":68,"play_id":"d3eb958d-e420-406d-a68f-0dd86041a6ef","local_time":"20210106180500","is_ascension_mode":true,"campfire_choices":[],"circlet_count":0,"master_deck":["AscendersBane","Strike_R","Strike_R","Strike_R","Strike_R","Strike_R","Defend_R","Defend_R","Defend_R","Defend_R","Bash","Whirlwind","Gensokyo:RustyChest","Gensokyo:BlemishedSteel","ReplayTheSpireMod:Limb From Limb","Invigoration"],"relics":["Burning Blood","Oddly Smooth Stone","Gensokyo:OccultBall"],"acts_visited":["Gensokyo:Gensokyo"],"potions_floor_usage":[],"damage_taken":[{"damage":9,"enemies":"Gensokyo:Python","floor":1,"turns":4},{"damage":14,"enemies":"Gensokyo:2_Kodama","floor":2,"turns":6},{"damage":37,"enemies":"Gensokyo:Cirno","floor":6,"turns":6}],"seed_played":"-7792803924946078772","potions_obtained":[],"is_trial":false,"path_per_floor":["M","M","COS","?","?","E"],"character_chosen":"IRONCLAD","items_purchased":["Whirlwind","jedi:harder","Oddly Smooth Stone"],"campfire_rested":0,"item_purchase_floors":[0,0,0],"current_hp_per_floor":[45,37,37,37,37,0,0],"gold":21,"neow_bonus":"","is_daily":false,"chose_seed":false,"campfire_upgraded":0,"win_rate":0.0,"timestamp":1609974300,"path_taken":["M","M","COS","?","?","E"],"items_purchased_type":["Card","Card","Relic"],"build_version":"2020-12-22","purchased_purges":0,"victory":false,"max_hp_per_floor":[75,75,75,75,75,75,75],"card_choices":[{"not_picked":["ReplayTheSpireMod:LeadingStrike","Evolve","Clash"],"picked":"SKIP","floor":1},{"not_picked":["hubris:SharpeningStone","Abandon","Body Slam"],"picked":"SKIP","floor":2},{"not_picked":["Disarm","Combust"],"picked":"ReplayTheSpireMod:Limb From Limb","floor":4},{"not_picked":["Flex","Shrug It Off"],"picked":"Invigoration","floor":4}],"player_experience":1229015,"relics_obtained":[],"event_choices":[],"is_beta":false,"boss_relics":[],"items_purged_floors":[],"is_endless":false,"potions_floor_spawned":[],"killed_by":"Gensokyo:Cirno","ascension_level":20}}