{"host":"dmdprxj8bosbz96f","time":1609914533,"event":{"mods":["AchievementEnabler","BaseMod","Colored Map","DeckTracker","Minty Spire (QoL Compilation)","Quick Restart","SuperFastMode","everything is the same but u backflip on backflip"],"gold_per_floor":[110,185,185,185,205,205,221,221,247,263,280,280,296,128,128,228,228,228,228,242,91,91,91,102,102,102,131,131,131,230,245,245,245,245],"floor_reached":33,"playtime":1421,"items_purged":["Defend_G","Strike_G"],"score":319,"play_id":"428018de-e4c4-45bd-900a-75c43f315ce7","local_time":"20210106152853","is_ascension_mode":true,"campfire_choices":[{"data":"Crippling Poison","floor":6.0,"key":"SMITH"},{"data":"Prepared","floor":8.0,"key":"SMITH"},{"data":"Noxious Fumes","floor":15.0,"key":"SMITH"},{"data":"Venomology","floor":23.0,"key":"SMITH"},{"data":"Calculated Gamble","floor":25.0,"key":"SMITH"},{"data":"Tactician","floor":28.0,"key":"SMITH"},{"floor":32.0,"key":"REST"}],"circlet_count":0,"master_deck":["Strike_G","Strike_G+1","Strike_G+1","Defend_G","Defend_G","Defend_G","Survivor","Neutralize","Prepared+1","Crippling Poison+1","Backflip","Deflect","Noxious Fumes+1","Deadly Poison","Venomology+1","PiercingWail","Calculated Gamble+1","Tactician+1","PiercingWail"],"relics":["HoveringKite","Mercury Hourglass","Whetstone","SacredBark","HornCleat","MutagenicStrength","Bottled Lightning","Blue Candle"],"acts_visited":["Exordium","TheCity"],"potions_floor_usage":[33],"damage_taken":[{"damage":1.0,"enemies":"Small Slimes","floor":1.0,"turns":5.0},{"damage":0.0,"enemies":"Jaw Worm","floor":5.0,"turns":4.0},{"damage":0.0,"enemies":"2 Louse","floor":7.0,"turns":2.0},{"damage":5.0,"enemies":"Exordium Wildlife","floor":10.0,"turns":2.0},{"damage":0.0,"enemies":"Lots of Slimes","floor":11.0,"turns":2.0},{"damage":2.0,"enemies":"Large Slime","floor":13.0,"turns":7.0},{"damage":25.0,"enemies":"The Guardian","floor":16.0,"turns":9.0},{"damage":0.0,"enemies":"2 Thieves","floor":18.0,"turns":1.0},{"damage":3.0,"enemies":"Shell Parasite","floor":20.0,"turns":5.0},{"damage":2.0,"enemies":"3 Cultists","floor":24.0,"turns":4.0},{"damage":11.0,"enemies":"Slavers","floor":27.0,"turns":4.0},{"damage":0.0,"enemies":"Snake Plant","floor":31.0,"turns":4.0},{"damage":80,"enemies":"Automaton","floor":33,"turns":12}],"seed_played":"-1533074999262218031","potions_obtained":[{"floor":1.0,"key":"SpeedPotion"},{"floor":7.0,"key":"ColorlessPotion"},{"floor":10.0,"key":"PowerPotion"},{"floor":16.0,"key":"SmokeBomb"},{"floor":20.0,"key":"Strength Potion"},{"floor":24.0,"key":"GamblersBrew"}],"is_trial":false,"path_per_floor":["M","?","?","?","M","R","M","R","T","M","M","?","M","$","R","B",null,"M","?","M","$","?","R","M","R","T","E","R","?","?","M","R","B"],"character_chosen":"THE_SILENT","items_purchased":["Noxious Fumes","Deadly Poison","PiercingWail"],"campfire_rested":1,"item_purchase_floors":[14,14,21],"current_hp_per_floor":[69,58,51,51,51,51,51,51,51,46,46,46,44,44,44,19,57,57,57,54,54,54,54,52,52,52,41,41,41,41,41,62,0,0],"gold":245,"neow_bonus":"BOSS_RELIC","is_daily":false,"chose_seed":false,"campfire_upgraded":6,"win_rate":0.0,"timestamp":1609914533,"path_taken":["M","?","?","?","M","R","M","R","T","?","?","?","M","?","R","BOSS","M","?","M","$","?","R","M","R","T","E","R","?","?","M","R","BOSS"],"items_purchased_type":["Card","Card","Card"],"build_version":"2020-12-22","purchased_purges":2,"victory":false,"max_hp_per_floor":[70,70,70,70,70,70,70,70,70,70,70,70,70,70,70,70,70,70,70,70,70,70,70,70,70,70,70,70,70,70,70,70,70,70],"card_choices":[{"not_picked":["Predator","Sucker Punch"],"picked":"Prepared","floor":1.0},{"not_picked":["Well Laid Plans","Poisoned Stab"],"picked":"Crippling Poison","floor":5.0},{"not_picked":["Blade Dance","Riddle With Holes","Dash"],"picked":"SKIP","floor":7.0},{"not_picked":["Flying Knee","Concentrate"],"picked":"Backflip","floor":10.0},{"not_picked":["Outmaneuver","Cloak And Dagger","Dagger Spray"],"picked":"SKIP","floor":11.0},{"not_picked":["Dagger Throw","Acrobatics"],"picked":"Deflect","floor":13.0},{"not_picked":["Die Die Die","Grand Finale"],"picked":"Venomology","floor":16.0},{"not_picked":["Slice","Riddle With Holes","Sucker Punch"],"picked":"SKIP","floor":20.0},{"not_picked":["Blade Dance","Leg Sweep"],"picked":"Calculated Gamble","floor":24.0},{"not_picked":["Underhanded Strike","Leg Sweep+1"],"picked":"Tactician","floor":27.0},{"not_picked":["Predator","Outmaneuver"],"picked":"PiercingWail","floor":31.0}],"player_experience":159466,"relics_obtained":[{"floor":9.0,"key":"Whetstone"},{"floor":26.0,"key":"Bottled Lightning"},{"floor":27.0,"key":"Blue Candle"}],"event_choices":[{"damage_healed":0.0,"max_hp_gain":0.0,"max_hp_loss":0.0,"gold_gain":75.0,"event_name":"World of Goop","player_choice":"Gather Gold","floor":2.0,"gold_loss":0.0,"damage_taken":11.0},{"cards_removed":["Defend_G"],"damage_healed":0.0,"max_hp_gain":0.0,"max_hp_loss":0.0,"gold_gain":0.0,"event_name":"Golden Wing","player_choice":"Card Removal","floor":3.0,"gold_loss":0.0,"damage_taken":7.0},{"damage_healed":0.0,"max_hp_gain":0.0,"max_hp_loss":0.0,"gold_gain":0.0,"event_name":"Big Fish","player_choice":"Box","floor":4.0,"gold_loss":0.0,"damage_taken":0.0,"relics_obtained":["Mercury Hourglass"],"cards_obtained":["Regret"]},{"cards_removed":["Regret"],"damage_healed":0.0,"max_hp_gain":0.0,"max_hp_loss":0.0,"gold_gain":0.0,"event_name":"Fountain of Cleansing","player_choice":"Removed Curses","floor":12.0,"gold_loss":0.0,"damage_taken":0.0},{"damage_healed":0.0,"max_hp_gain":0.0,"max_hp_loss":0.0,"gold_gain":0.0,"event_name":"The Mausoleum","player_choice":"Opened","floor":19.0,"gold_loss":0.0,"damage_taken":0.0,"relics_obtained":["HornCleat"]},{"damage_healed":0.0,"max_hp_gain":0.0,"max_hp_loss":0.0,"gold_gain":0.0,"event_name":"Drug Dealer","player_choice":"Inject Mutagens","floor":22.0,"gold_loss":0.0,"damage_taken":0.0,"relics_obtained":["MutagenicStrength"]},{"cards_removed":["Strike_G"],"damage_healed":0.0,"max_hp_gain":0.0,"max_hp_loss":0.0,"gold_gain":0.0,"event_name":"Back to Basics","player_choice":"Elegance","floor":29.0,"gold_loss":0.0,"damage_taken":0.0},{"damage_healed":0.0,"max_hp_gain":0.0,"max_hp_loss":0.0,"gold_gain":99.0,"event_name":"Nest","player_choice":"Stole From Cult","floor":30.0,"gold_loss":0.0,"damage_taken":0.0}],"is_beta":false,"boss_relics":[{"not_picked":["WristBlade","Sozu"],"picked":"SacredBark"}],"items_purged_floors":[14,21],"is_endless":false,"potions_floor_spawned":[1,7,10,16,20,24],"killed_by":"Automaton","ascension_level":5}}