{"host":"zcz0awyw9el3eccp","time":1609943937,"event":{"mods":["AchievementEnabler","BaseMod","Colored Powertips","Downfall","Minty Spire (QoL Compilation)","Quick Restart","StSLib"],"gold_per_floor":[99,99,48,68,87,105,158,68,87,104,136,136,136,136,136],"floor_reached":13,"playtime":772,"items_purged":["Slimebound:Strike_Slimebound"],"score":85,"play_id":"62dd35e9-e90b-4f8f-8b0a-25b800afaad2","local_time":"20210106153857","is_ascension_mode":false,"campfire_choices":[{"floor":1,"key":"RECALL"}],"circlet_count":0,"master_deck":["Slimebound:Strike_Slimebound","Slimebound:Tackle","Slimebound:Defend_Slimebound","Slimebound:Defend_Slimebound","Slimebound:Defend_Slimebound","Slimebound:Defend_Slimebound","Slimebound:Split","Slimebound:CorrosiveSpit","Slimebound:ForwardTackle","Slimebound:Grow","Slimebound:SplitLeeching","Slimebound:ItLooksTasty","Slimebound:ComboTackle","Slimebound:SplitAcid","Slimebound:SplitBruiser","Slimebound:Repurpose","Slimebound:Equalize"],"relics":["Slimebound:AbsorbEndCombat","Shuriken","Pocketwatch"],"acts_visited":["Exordium"],"potions_floor_usage":[],"damage_taken":[{"damage":4,"enemies":"downfall:FleeingMerchant","floor":3,"turns":4},{"damage":13,"enemies":"Small Slimes","floor":4,"turns":3},{"damage":8,"enemies":"Cultist","floor":5,"turns":4},{"damage":8,"enemies":"2 Louse","floor":6,"turns":2},{"damage":17,"enemies":"downfall:FleeingMerchant","floor":8,"turns":4},{"damage":15,"enemies":"2 Fungi Beasts","floor":9,"turns":3},{"damage":21,"enemies":"3 Louse","floor":10,"turns":3},{"damage":34,"enemies":"3 Sentries","floor":11,"turns":5},{"damage":29,"enemies":"Gremlin Nob","floor":13,"turns":2}],"seed_played":"2239263308785523878","potions_obtained":[{"floor":6,"key":"SteroidPotion"},{"floor":10,"key":"Dexterity Potion"},{"floor":11,"key":"AttackPotion"}],"is_trial":false,"path_per_floor":["R","?","$","M","M","M","T","$","M","M","E","T","E"],"character_chosen":"SLIMEBOUND","items_purchased":["Slimebound:Grow"],"campfire_rested":0,"item_purchase_floors":[3],"current_hp_per_floor":[66,66,66,57,61,61,61,54,51,44,28,28,0,0,0],"gold":136,"neow_bonus":"TEN_PERCENT_HP_BONUS","is_daily":false,"chose_seed":false,"campfire_upgraded":0,"win_rate":0.0,"timestamp":1609943937,"path_taken":["R","?","$","?","M","M","T","$","M","M","E","?","E"],"items_purchased_type":["Card"],"build_version":"2020-12-22","purchased_purges":1,"victory":false,"max_hp_per_floor":[66,66,66,66,66,66,66,66,66,66,66,66,66,66,66],"card_choices":[{"not_picked":["Slimebound:Dissolve","Slimebound:Gluttony"],"picked":"Slimebound:ForwardTackle","floor":3},{"not_picked":["Slimebound:Replication","Slimebound:FlameTackle"],"picked":"Slimebound:SplitLeeching","floor":4},{"not_picked":["Slimebound:Nibble","Slimebound:PressTheAttack"],"picked":"Slimebound:ItLooksTasty","floor":5},{"not_picked":["Slimebound:SplitMire","Slimebound:GoopSpray"],"picked":"Slimebound:ComboTackle","floor":6},{"not_picked":["Slimebound:Replication","Slimebound:FormOfPuddle"],"picked":"Slimebound:SplitAcid","floor":8},{"not_picked":["Slimebound:SlimeTap","Slimebound:ForwardTackle"],"picked":"Slimebound:SplitBruiser","floor":9},{"not_picked":["Slimebound:AcidTongue","Slimebound:Nibble"],"picked":"Slimebound:Repurpose","floor":10},{"not_picked":["Slimebound:SlimeSpikes","Slimebound:FlameTackle"],"picked":"Slimebound:Equalize","floor":11}],"player_experience":89596,"relics_obtained":[{"floor":11,"key":"Shuriken"},{"floor":12,"key":"Pocketwatch"}],"event_choices":[{"cards_removed":["Slimebound:Strike_Slimebound"],"damage_healed":0,"gold_gain":0,"player_choice":"Purged","damage_taken":0,"max_hp_gain":0,"max_hp_loss":0,"event_name":"Purifier","floor":2,"gold_loss":0}],"is_beta":false,"boss_relics":[],"items_purged_floors":[8],"is_endless":false,"potions_floor_spawned":[6,10,11],"killed_by":"Gremlin Nob","ascension_level":0}}