{"host":"bf9sa99gaumonoeu","time":1609963291,"event":{"mods":["AchievementEnabler","Act Like it!","BaseMod","Better Sensory Stone","Colored Map","Colored Powertips","Downfall","Friendly Minions","Gensokyo","GifTheSpireLib","Hallownest","Hermit","Hubris","Jorbs\u0027s Wanderer Trilogy","KinomotoSakuraMod(????)","Koishi","Lobotomy","Marisa????????","Minty Spire (QoL Compilation)","Rare Cards Sparkle","Reimu??????","Remilia??????","Replay The Spire","Shop Mod","StSLib","The Administrix","The Animator","The Blue Laboratory","The Bug Knight","The Construct","The Cursed","The Disciple","The Hierophant","The Mystic","The Necromancer","The Poker Player","The Runesmith","The Senshi","The Servant 0.9.4"],"gold_per_floor":[109,13,26,38,38,76,76,109,134,83,94,94,113,127,127,232,232,249,266,291,319,62,62,67,61,111,128,144,144,144,144],"floor_reached":30,"playtime":3178,"items_purged":[],"score":344,"play_id":"da0985df-f866-4094-b83c-aa455362fe77","local_time":"20210106180131","is_ascension_mode":true,"campfire_choices":[{"data":"animator:TomoeKashiwaba","floor":7.0,"key":"SMITH"},{"floor":12.0,"key":"REST"},{"data":"animator:Kirakishou","floor":15.0,"key":"SMITH"},{"floor":23,"key":"REST"}],"circlet_count":0,"master_deck":["animator:Strike_RozenMaiden+2","animator:Defend_RozenMaiden","animator:Souseiseki","animator:Hinaichigo","animator:Strike_GATE","animator:Strike_NoGameNoLife","animator:Defend_FullmetalAlchemist","animator:Defend_TenSura","animator:Defend_AccelWorld","animator:TomoeKashiwaba+1","animator:Gluttony","animator:AcuraAkari+1","animator:Kirakishou+1","animator:Enju","animator:ChaikaBohdan","animator:Suiseiseki","Poor:ReiMu","animator:Kanaria","animator:Kanaria","animator:NoriSakurada","animator:Viivi"],"relics":["animator:LivingPicture","animator:TheMissingPiece","hubris:Reverence","ReplayTheSpireMod:Shallot","Happy Flower","animator:CursedGlyph","Painkiller Herb","Gremlin Horn","ReplayTheSpireMod:CursedCoin","Replay:Wax Seal"],"acts_visited":["Exordium","TheCity"],"potions_floor_usage":[16,19,25,28,30,30],"damage_taken":[{"damage":2.0,"enemies":"Jaw Worm","floor":1.0,"turns":4.0},{"damage":1.0,"enemies":"2 Louse","floor":3.0,"turns":2.0},{"damage":0.0,"enemies":"Cultist","floor":4.0,"turns":4.0},{"damage":27.0,"enemies":"3 Sentries","floor":6.0,"turns":8.0},{"damage":7.0,"enemies":"HollowMod:MossKnight","floor":8.0,"turns":8.0},{"damage":10.0,"enemies":"Large Slime","floor":11.0,"turns":5.0},{"damage":0.0,"enemies":"Exordium Wildlife","floor":13.0,"turns":3.0},{"damage":7.0,"enemies":"Exordium Thugs","floor":14.0,"turns":4.0},{"damage":16,"enemies":"Hexaghost","floor":16,"turns":8},{"damage":3,"enemies":"3 Byrds","floor":18,"turns":5},{"damage":9,"enemies":"2 Thieves","floor":19,"turns":5},{"damage":5,"enemies":"Centurion and Healer","floor":20,"turns":5},{"damage":2,"enemies":"Shelled Parasite and Fungi","floor":21,"turns":5},{"damage":16,"enemies":"3 Cultists","floor":25,"turns":4},{"damage":36,"enemies":"Sentry and Sphere","floor":27,"turns":6},{"damage":7,"enemies":"Snecko","floor":28,"turns":4},{"damage":22,"enemies":"Cultist and Chosen","floor":30,"turns":4}],"seed_played":"-4767144874518991901","potions_obtained":[{"floor":0.0,"key":"blueLaboratory:AbyssPotion"},{"floor":0.0,"key":"blueLaboratory:BottledHope"},{"floor":0.0,"key":"blueLaboratory:EnragingPotion"},{"floor":1.0,"key":"blueLaboratory:FruitPunch"},{"floor":3.0,"key":"Milkshake"},{"floor":8.0,"key":"GrandPatriotsElixir:ReiMu"},{"floor":13.0,"key":"blueLaboratory:EnragingPotion"},{"floor":16,"key":"blueLaboratory:BottleOfRum"},{"floor":19,"key":"ZuzhouPotion:ReiMu"},{"floor":25,"key":"blueLaboratory:NullPotion"},{"floor":29,"key":"Dexterity Potion"},{"floor":29,"key":"blueLaboratory:BottleOfVodka"}],"is_trial":false,"path_per_floor":["M","?","M","M","?","E","R","E","T","$","M","R","M","M","R","B",null,"?","?","?","?","T","T","T","?","T","?","?","?","?"],"character_chosen":"THE_ANIMATOR","items_purchased":["animator:AcuraAkari+1","Gremlin Horn","ReplayTheSpireMod:CursedCoin","animator:Kanaria"],"campfire_rested":2,"item_purchase_floors":[10,22,24,24],"current_hp_per_floor":[57,57,58,58,58,31,31,24,24,24,14,34,34,27,27,12,52,49,40,35,33,33,52,52,36,36,5,3,3,0,0],"gold":144,"neow_bonus":"THREE_SMALL_POTIONS","is_daily":false,"chose_seed":true,"campfire_upgraded":2,"win_rate":0.0,"timestamp":1609963291,"path_taken":["M","?","M","M","?","E","R","E","T","$","M","R","M","M","R","BOSS","?","?","?","?","T","T","T","?","T","?","?","?","?"],"items_purchased_type":["Card","Relic","Relic","Card"],"build_version":"2020-12-22","purchased_purges":0,"victory":false,"max_hp_per_floor":[66,66,68,68,68,68,68,68,68,68,68,68,68,64,64,65,65,65,65,65,65,65,65,65,65,65,66,67,67,67,67],"card_choices":[{"not_picked":["animator:Geryuganshoop","animator:Gluttony","animator:Vanir"],"picked":"SKIP","floor":1.0},{"not_picked":["animator:ElricEdward","animator:AcuraTooru","animator:ElricAlphonse"],"picked":"SKIP","floor":3.0},{"not_picked":["animator:KyokoSakura","animator:ElricAlphonse","animator:WinryRockbell"],"picked":"SKIP","floor":4.0},{"not_picked":["animator:KyokoSakura","animator:ElricAlphonse","animator:WinryRockbell"],"picked":"SKIP","floor":4.0},{"not_picked":["animator:Hinaichigo","animator:NoriSakurada"],"picked":"animator:TomoeKashiwaba","floor":6.0},{"not_picked":["animator:MamiTomoe","animator:IrohaTamaki"],"picked":"animator:Gluttony","floor":8.0},{"not_picked":["animator:IrohaTamaki","animator:MaesHughes","animator:KyokoSakura"],"picked":"SKIP","floor":11.0},{"not_picked":["animator:Gluttony","animator:Tatsumaki","animator:Shalltear"],"picked":"SKIP","floor":13.0},{"not_picked":["animator:Suiseiseki","animator:Souseiseki"],"picked":"animator:Kirakishou","floor":14.0},{"not_picked":["animator:ChaikaTrabant","animator:Ainz"],"picked":"animator:Enju","floor":16},{"not_picked":["animator:Tatsumaki+1","animator:AcuraTooru+1","animator:MaesHughes"],"picked":"SKIP","floor":18},{"not_picked":["animator:Kazuma","animator:YunYun","animator:Sloth+1"],"picked":"SKIP","floor":19},{"not_picked":["animator:SilverFang","animator:Tatsumaki+1"],"picked":"animator:ChaikaBohdan","floor":20},{"not_picked":["animator:TomoeKashiwaba","animator:NoriSakurada"],"picked":"animator:Suiseiseki","floor":21},{"not_picked":["animator:Tatsumaki","animator:RoyMustang+1"],"picked":"animator:Kanaria","floor":25},{"not_picked":["animator:Vanir+1","animator:Hinaichigo"],"picked":"animator:NoriSakurada","floor":27},{"not_picked":["animator:AcuraTooru","animator:Gillette"],"picked":"animator:Viivi","floor":28}],"player_experience":805250,"relics_obtained":[{"floor":6.0,"key":"hubris:Reverence"},{"floor":8.0,"key":"ReplayTheSpireMod:Shallot"},{"floor":9.0,"key":"Happy Flower"},{"floor":14.0,"key":"animator:CursedGlyph"},{"floor":26,"key":"Replay:Wax Seal"}],"event_choices":[{"damage_healed":0,"gold_gain":0,"player_choice":"Got Potions","damage_taken":0,"max_hp_gain":0,"max_hp_loss":0,"event_name":"Lab","floor":29,"gold_loss":0}],"is_beta":false,"boss_relics":[{"not_picked":["hubris:HollowSoul","Busted Crown"],"picked":"Painkiller Herb"}],"items_purged_floors":[],"is_endless":false,"potions_floor_spawned":[1,3,8,13,16,19,25,27],"killed_by":"Cultist and Chosen","ascension_level":8}}