{"host":"bxn2em57qlx5u4i0","time":1609972425,"event":{"mods":["BaseMod","Colored Map","Colored Powertips","Highlight Path","Minty Spire (QoL Compilation)","Random Character Button","Relic Sorter","Relic Stats","StSLib","SuperFastMode"],"gold_per_floor":[219,219,229,44,44,44,69,69,69,94,112,130,163,181,181,181,181],"floor_reached":16,"playtime":6188,"items_purged":["Strike_G"],"score":240,"play_id":"8385c88c-10f4-4de8-b7c4-19485ef278b6","local_time":"20210106173345","is_ascension_mode":true,"campfire_choices":[{"data":"Dash","floor":6.0,"key":"SMITH"},{"data":"Dash","floor":8.0,"key":"SMITH"},{"floor":15,"key":"REST"}],"circlet_count":0,"master_deck":["AscendersBane","Strike_G","Strike_G","Strike_G","Strike_G","Defend_G","Defend_G","Defend_G","Defend_G","Defend_G","Survivor","Neutralize","Dash+1","Flying Knee","Dash+1","Dagger Throw","Backflip","Caltrops+1"],"relics":["Ring of the Snake","Omamori","Juzu Bracelet","Ninja Scroll","Vajra","Frozen Egg 2"],"acts_visited":["Exordium"],"potions_floor_usage":[10,16],"damage_taken":[{"damage":0.0,"enemies":"2 Louse","floor":1.0,"turns":4.0},{"damage":1.0,"enemies":"Small Slimes","floor":3.0,"turns":5.0},{"damage":20.0,"enemies":"3 Sentries","floor":7.0,"turns":10.0},{"damage":17,"enemies":"Gremlin Nob","floor":10,"turns":4},{"damage":0,"enemies":"Cultist","floor":11,"turns":2},{"damage":6,"enemies":"Exordium Wildlife","floor":12,"turns":3},{"damage":10,"enemies":"3 Sentries","floor":13,"turns":10},{"damage":0,"enemies":"Red Slaver","floor":14,"turns":2},{"damage":28,"enemies":"Slime Boss","floor":16,"turns":7}],"seed_played":"-2645991395476762197","potions_obtained":[{"floor":1.0,"key":"Poison Potion"},{"floor":11,"key":"SmokeBomb"},{"floor":14,"key":"GamblersBrew"}],"is_trial":false,"path_per_floor":["M","?","M","$","?","R","E","R","T","E","M","M","E","M","R","B"],"character_chosen":"THE_SILENT","items_purchased":["Strength Potion","Flying Knee"],"campfire_rested":1,"item_purchase_floors":[4,4],"current_hp_per_floor":[59,64,63,63,58,58,38,38,38,21,21,15,5,5,26,0,0],"gold":181,"neow_bonus":"HUNDRED_GOLD","is_daily":false,"chose_seed":false,"campfire_upgraded":2,"win_rate":0.0,"timestamp":1609972425,"path_taken":["M","?","M","$","?","R","E","R","T","E","M","M","E","M","R","BOSS"],"items_purchased_type":["Potion","Card"],"build_version":"2020-12-22","purchased_purges":1,"victory":false,"max_hp_per_floor":[66,71,71,71,71,71,71,71,71,71,71,71,71,71,71,71,71],"relic_stats":{"counters":[9,47],"Juzu Bracelet":0,"obtain_stats":[{"Ninja Scroll":9,"Vajra":10,"Omamori":5,"Juzu Bracelet":7,"Frozen Egg 2":13,"Ring of the Snake":0},{"Ninja Scroll":3,"Vajra":4,"Omamori":2,"Juzu Bracelet":3,"Frozen Egg 2":7,"Ring of the Snake":0},{"Ninja Scroll":19,"Vajra":23,"Omamori":9,"Juzu Bracelet":19,"Frozen Egg 2":38,"Ring of the Snake":0}],"Ring of the Snake":[18]},"card_choices":[{"not_picked":["Outmaneuver","Dagger Spray"],"picked":"Dash","floor":1.0},{"not_picked":["Accuracy","Eviscerate","Outmaneuver"],"picked":"SKIP","floor":3.0},{"not_picked":["Underhanded Strike","Finisher"],"picked":"Dash","floor":7.0},{"not_picked":["Choke","Doppelganger"],"picked":"Dagger Throw","floor":10},{"not_picked":["Accuracy","Escape Plan","Well Laid Plans"],"picked":"SKIP","floor":11},{"not_picked":["Infinite Blades","Caltrops"],"picked":"Backflip","floor":12},{"not_picked":["Acrobatics","Quick Slash"],"picked":"Caltrops+1","floor":13},{"not_picked":["Acrobatics","Finisher","Concentrate"],"picked":"SKIP","floor":14}],"player_experience":2847411,"relics_obtained":[{"floor":7.0,"key":"Juzu Bracelet"},{"floor":9.0,"key":"Ninja Scroll"},{"floor":10,"key":"Vajra"},{"floor":13,"key":"Frozen Egg 2"}],"event_choices":[{"damage_healed":0.0,"max_hp_gain":5.0,"max_hp_loss":0.0,"gold_gain":0.0,"event_name":"Big Fish","player_choice":"Donut","floor":2.0,"gold_loss":0.0,"damage_taken":0.0},{"damage_healed":0.0,"max_hp_gain":0.0,"max_hp_loss":0.0,"gold_gain":0.0,"event_name":"Scrap Ooze","player_choice":"Success","floor":5.0,"gold_loss":0.0,"damage_taken":5.0,"relics_obtained":["Omamori"]}],"is_beta":false,"boss_relics":[],"items_purged_floors":[4],"is_endless":false,"potions_floor_spawned":[1,11,14],"killed_by":"Slime Boss","ascension_level":20}}