{"host":"nu52txkaz0lj0p7m","time":1609964252,"event":{"mods":["2.2 Compatiblity","AchievementEnabler","Arknights The Spire","Astrologer","BaseMod","Beaked The Cultist","BetterRewards","Colored Map","Colored Powertips","Conjunction","Custom Start","Duelist Mod","Evolution","GifTheSpireLib","GungeonMod","Lobotomy","LobotomyExtend","Minty Spire (QoL Compilation)","Permanent Neow","Relic Filter","SIMod","Small Relic Pack","StSLib","SuperFastMode","Synergy Search","The Dragon Tamer","The Fake Hero","TheFirefly"],"gold_per_floor":[412,424,168,188,37,37,66,66,89,89,107,107,107,142,142,242,242,252,302,314,331,331,331,366,366,366,281,281,297,297,257,257,358,358,372,390,233,252,272,301,301,319,319,348,348,375,375,393,393,393,393,393,393,8,38,38,38],"floor_reached":56,"playtime":4754,"items_purged":["DTMod:Strike"],"score":963,"play_id":"e6f4aaa6-c2a1-4e61-bd94-83d516859d01","local_time":"20210107041732","is_ascension_mode":false,"metric_token":1811,"campfire_choices":[{"data":"DTMod:FlameSlash","floor":6,"key":"SMITH"},{"data":"DTMod:ComboAttack","floor":10,"key":"SMITH"},{"data":"DTMod:SwitchingTactic","floor":12,"key":"SMITH"},{"data":"DTMod:ComboAttack","floor":15,"key":"SMITH"},{"data":"DTMod:EchoTactic","floor":23,"key":"SMITH"},{"data":"DTMod:Overwhelm","floor":25,"key":"SMITH"},{"data":"DTMod:Multitask","floor":28,"key":"SMITH"},{"data":"DTMod:OpeningTactic","floor":30,"key":"SMITH"},{"data":"DTMod:TargetDefense","floor":32,"key":"SMITH"},{"data":"DTMod:Threaten","floor":41,"key":"SMITH"},{"data":"DTMod:BlueScale","floor":45,"key":"SMITH"},{"data":"DTMod:CleansingStrike","floor":47,"key":"SMITH"},{"floor":49,"key":"RECALL"},{"data":"DTMod:TargetDefense","floor":53,"key":"SMITH"}],"dtmod_dragon_data":[0,64,0,0,0,0],"circlet_count":0,"master_deck":["DTMod:Strike+1","DTMod:TargetDefense+1","DTMod:TargetDefense+1","DTMod:TargetDefense+1","DTMod:TargetDefense","DTMod:SwitchingTactic+1","DTMod:FlameSlash+1","DTMod:LowKick","DTMod:ComboAttack+1","DTMod:ComboAttack+1","DTMod:EchoTactic+1","DTMod:Multitask+1","DTMod:MagicField+1","DTMod:MagiciansMark+1","DTMod:Overwhelm+1","DTMod:OpeningTactic+1","DTMod:FierySynthesis","DTMod:Threaten+1","DTMod:BlueScale+1","DTMod:Dissolve+1","DTMod:CleansingStrike+1","DTMod:CleansingStrike+1"],"relics":["DTMod:PactStone","EVO:Axolotl","Old Coin","DemoMod:DecoyRelic","relicPack:SpireResearchBook","DTMod:BasicTextbook","Anchor","DemoMod:PinkGuonStone","Empty Cage","Vajra","Bag of Marbles","Oddly Smooth Stone","Philosopher\u0027s Stone","TheAbacus","DemoMod:MemoryAlloy","DemoMod:MeltedRock","beaked:ShinyBauble","DemoMod:VorpalBullet","DemoMod:WhiteGuonStone"],"acts_visited":["Exordium","TheCity","TheBeyond","TheEnding"],"potions_floor_usage":[16,18,33,33,33,39,39,56,56,56],"damage_taken":[{"damage":0,"enemies":"2 Louse","floor":1,"turns":3},{"damage":0,"enemies":"Cultist","floor":2,"turns":4},{"damage":0,"enemies":"Small Slimes","floor":4,"turns":2},{"damage":0,"enemies":"3 Sentries","floor":7,"turns":6},{"damage":3,"enemies":"Exordium Wildlife","floor":11,"turns":3},{"damage":6,"enemies":"Lagavulin","floor":14,"turns":6},{"damage":0,"enemies":"Slime Boss","floor":16,"turns":7},{"damage":0,"enemies":"Chosen","floor":18,"turns":4},{"damage":2,"enemies":"Spheric Guardian","floor":20,"turns":3},{"damage":0,"enemies":"Chosen and Byrds","floor":21,"turns":5},{"damage":0,"enemies":"theDuelist:KaibaA2","floor":24,"turns":5},{"damage":0,"enemies":"Shelled Parasite and Fungi","floor":29,"turns":4},{"damage":5,"enemies":"Collector","floor":33,"turns":10},{"damage":0,"enemies":"3 Shapes","floor":35,"turns":4},{"damage":0,"enemies":"3 Darklings","floor":36,"turns":4},{"damage":0,"enemies":"Transient","floor":38,"turns":5},{"damage":0,"enemies":"Writhing Mass","floor":39,"turns":3},{"damage":0,"enemies":"Reptomancer","floor":40,"turns":6},{"damage":5,"enemies":"4 Shapes","floor":42,"turns":8},{"damage":0,"enemies":"Giant Head","floor":44,"turns":9},{"damage":0,"enemies":"Nemesis","floor":46,"turns":9},{"damage":0,"enemies":"Maw","floor":48,"turns":7},{"damage":33,"enemies":"Time Eater","floor":50,"turns":11},{"damage":0,"enemies":"Shield and Spear","floor":55,"turns":9},{"damage":69,"enemies":"The Heart","floor":56,"turns":16}],"seed_played":"209762845907347764","potions_obtained":[{"floor":2,"key":"CultistPotion"},{"floor":14,"key":"Fire Potion"},{"floor":16,"key":"Swift Potion"},{"floor":20,"key":"EssenceOfSteel"},{"floor":24,"key":"Conjunction:LightningMarble"},{"floor":35,"key":"Ancient Potion"},{"floor":36,"key":"DuplicationPotion"},{"floor":44,"key":"Fire Potion"},{"floor":46,"key":"AttackPotion"}],"is_trial":false,"path_per_floor":["M","M","$","M","$","R","E","$","T","R","M","R","?","E","R","B",null,"M","?","M","M","?","R","E","R","T","?","R","M","R","?","R","B",null,"M","M","$","M","M","E","R","M","T","E","R","E","R","M","R","B",null,null,"R","$","E","B"],"character_chosen":"THE_DT","items_purchased":["DemoMod:DecoyRelic","relicPack:SpireResearchBook","TheAbacus","DemoMod:VorpalBullet"],"campfire_rested":0,"item_purchase_floors":[3,5,37,54],"current_hp_per_floor":[33,33,33,33,33,33,33,33,33,33,30,30,23,24,24,24,52,52,52,50,50,42,42,42,42,42,42,42,42,42,42,42,37,57,57,57,57,57,57,57,57,52,52,52,52,52,52,52,52,19,19,57,57,57,57,0,0],"gold":38,"neow_bonus":"ONE_RARE_RELIC","is_daily":false,"chose_seed":false,"campfire_upgraded":13,"win_rate":0.0,"timestamp":1609964252,"path_taken":["M","M","$","M","$","R","E","$","T","R","M","R","?","E","R","BOSS","M","?","?","M","?","R","E","R","T","?","R","M","R","?","R","BOSS","M","M","?","M","M","E","R","M","T","E","R","E","R","M","R","BOSS","R","$","E","BOSS"],"items_purchased_type":["Relic","Relic","Relic","Relic"],"build_version":"2020-12-22","purchased_purges":1,"victory":false,"max_hp_per_floor":[45,45,45,45,45,45,45,45,45,45,45,45,45,52,52,52,52,52,52,52,52,57,57,57,57,57,57,57,57,57,57,57,57,57,57,57,57,57,57,57,57,57,57,57,57,57,57,57,57,57,57,57,57,57,57,57,57],"card_choices":[{"not_picked":["DTMod:Cover","DTMod:Feint"],"picked":"DTMod:FlameSlash","floor":1},{"not_picked":["DTMod:CalculatedDefense","DTMod:BizarreTactic"],"picked":"DTMod:LowKick","floor":2},{"not_picked":["DTMod:Cover","DTMod:CleansingStrike"],"picked":"DTMod:ComboAttack","floor":4},{"not_picked":["DTMod:Outburst","DTMod:BizarreTactic"],"picked":"DTMod:ComboAttack","floor":7},{"not_picked":["DTMod:BlazingStrike","DTMod:Threaten","DTMod:InvisibleFlame"],"picked":"SKIP","floor":11},{"not_picked":["DTMod:InvisibleFlame","DTMod:BurningEnergy"],"picked":"DTMod:EchoTactic","floor":14},{"not_picked":["DTMod:GearUp","DTMod:Safeguard"],"picked":"DTMod:Multitask","floor":16},{"not_picked":["DTMod:Training","DTMod:Cover+1"],"picked":"DTMod:MagicField+1","floor":18},{"not_picked":["DTMod:StarRain","DTMod:TauntingStrike+1","DTMod:BurningForce"],"picked":"SKIP","floor":20},{"not_picked":["DTMod:Dissolve","DTMod:Cover"],"picked":"DTMod:MagiciansMark+1","floor":21},{"not_picked":["DTMod:BalancedStrike+1","DTMod:Training+1"],"picked":"DTMod:Overwhelm","floor":24},{"not_picked":["DTMod:BizarreTactic","DTMod:Haste"],"picked":"DTMod:OpeningTactic","floor":29},{"not_picked":["DTMod:RepeatStrike","DTMod:Multitask"],"picked":"DTMod:FierySynthesis","floor":33},{"not_picked":["DTMod:BlazingStrike","DTMod:BurningEnergy+1","DTMod:CleansingStrike"],"picked":"SKIP","floor":35},{"not_picked":["DTMod:SneakAttack+1","DTMod:InvisibleFlame+1"],"picked":"DTMod:Threaten","floor":36},{"not_picked":["DTMod:BizarreTactic+1","DTMod:CleansingStrike","DTMod:Training"],"picked":"SKIP","floor":38},{"not_picked":["DTMod:Weaken","DTMod:BlazingStrike+1"],"picked":"DTMod:BlueScale","floor":39},{"not_picked":["DTMod:PurifyingFlame+1","DTMod:Weaken","DTMod:InvisibleFlame"],"picked":"SKIP","floor":40},{"not_picked":["DTMod:BlazingStrike+1","DTMod:Outburst","DTMod:PurifyingFlame"],"picked":"SKIP","floor":42},{"not_picked":["DTMod:LowKick+1","DTMod:MasterPlan"],"picked":"DTMod:Dissolve+1","floor":44},{"not_picked":["DTMod:BuildUp+1","DTMod:GhostSkin+1"],"picked":"DTMod:CleansingStrike","floor":46},{"not_picked":["DTMod:BlazingStrike+1","DTMod:Haste","DTMod:Conduct"],"picked":"SKIP","floor":48},{"not_picked":["DTMod:Weaken","DTMod:BurningEnergy"],"picked":"DTMod:CleansingStrike+1","floor":55}],"player_experience":303291,"relics_obtained":[{"floor":7,"key":"DTMod:BasicTextbook"},{"floor":9,"key":"Anchor"},{"floor":14,"key":"DemoMod:PinkGuonStone"},{"floor":24,"key":"Vajra"},{"floor":26,"key":"Bag of Marbles"},{"floor":40,"key":"DemoMod:MemoryAlloy"},{"floor":44,"key":"DemoMod:MeltedRock"},{"floor":46,"key":"beaked:ShinyBauble"},{"floor":55,"key":"DemoMod:WhiteGuonStone"}],"event_choices":[{"cards_removed":["DTMod:DoubleHit"],"damage_healed":0,"gold_gain":0,"player_choice":"Card Removal","damage_taken":7,"max_hp_gain":0,"max_hp_loss":0,"event_name":"Golden Wing","floor":13,"gold_loss":0},{"damage_healed":0,"gold_gain":100,"player_choice":"Bet on Murderer","damage_taken":0,"max_hp_gain":0,"max_hp_loss":0,"event_name":"The Joust","floor":19,"gold_loss":50},{"damage_healed":0,"gold_gain":0,"player_choice":"Shed Blood","damage_taken":13,"max_hp_gain":5,"max_hp_loss":0,"event_name":"Forgotten Altar","floor":22,"gold_loss":0},{"damage_healed":0,"gold_gain":0,"player_choice":"Obtained Relic","damage_taken":0,"relics_obtained":["Oddly Smooth Stone"],"max_hp_gain":0,"max_hp_loss":0,"event_name":"Addict","floor":27,"gold_loss":85},{"damage_healed":0,"gold_gain":0,"player_choice":"Upgraded Two","damage_taken":0,"max_hp_gain":0,"max_hp_loss":0,"event_name":"Designer","floor":31,"gold_loss":40,"cards_upgraded":["DTMod:TargetDefense","DTMod:Strike"]}],"is_beta":false,"boss_relics":[{"not_picked":["Ectoplasm","Astrolabe"],"picked":"Empty Cage"},{"not_picked":["Runic Dome","Runic Pyramid"],"picked":"Philosopher\u0027s Stone"}],"items_purged_floors":[54],"is_endless":false,"potions_floor_spawned":[2,14,16,20,24,35,36,44,46,55],"killed_by":"The Heart","ascension_level":0}}