{"host":"d8d3jqle49sogkjv","time":1609971939,"event":{"mods":["BaseMod","Colored Map","Colored Powertips","Minty Spire (QoL Compilation)","StSLib"],"gold_per_floor":[359,180,195,145,158,158,158,183,229,260,260,289,301,317,317,412,412,427,125,137,137,154,182,182,182],"floor_reached":24,"playtime":2731,"items_purged":["Defend_P","Defend_P"],"score":260,"play_id":"9c2c036a-9ed1-4584-b1f4-d4acbd307c45","local_time":"20210106232539","is_ascension_mode":true,"campfire_choices":[{"data":"Eruption","floor":6,"key":"SMITH"},{"floor":11,"key":"REST"},{"floor":15,"key":"REST"}],"circlet_count":0,"master_deck":["Strike_P","Strike_P","Strike_P","Defend_P","Eruption+1","Vigilance","EmptyBody","FlurryOfBlows","MentalFortress","Establishment","Halt+1","ClearTheMind+1","Halt+1","LikeWater","Protect+1","DeceiveReality+1","MentalFortress","MentalFortress+1","Prostrate+1"],"relics":["PureWater","Smiling Mask","Anchor","Boot","Toxic Egg 2","Gambling Chip","SacredBark","Pen Nib","Bronze Scales"],"acts_visited":["Exordium","TheCity"],"potions_floor_usage":[3,12,16,18,22,23],"damage_taken":[{"damage":4,"enemies":"Jaw Worm","floor":1,"turns":3},{"damage":0,"enemies":"Small Slimes","floor":3,"turns":5},{"damage":0,"enemies":"Cultist","floor":5,"turns":2},{"damage":25,"enemies":"Gremlin Nob","floor":8,"turns":4},{"damage":9,"enemies":"3 Sentries","floor":10,"turns":8},{"damage":29,"enemies":"Lagavulin","floor":12,"turns":8},{"damage":0,"enemies":"Lots of Slimes","floor":13,"turns":5},{"damage":0,"enemies":"Blue Slaver","floor":14,"turns":3},{"damage":9,"enemies":"Slime Boss","floor":16,"turns":17},{"damage":14,"enemies":"Chosen","floor":18,"turns":7},{"damage":18,"enemies":"Spheric Guardian","floor":20,"turns":7},{"damage":1,"enemies":"3 Cultists","floor":22,"turns":6},{"damage":8,"enemies":"Slavers","floor":23,"turns":11},{"damage":30,"enemies":"Cultist and Chosen","floor":24,"turns":5}],"seed_played":"8310276867858999462","potions_obtained":[{"floor":1,"key":"DistilledChaos"},{"floor":10,"key":"Dexterity Potion"},{"floor":13,"key":"Swift Potion"},{"floor":16,"key":"Fire Potion"},{"floor":18,"key":"Weak Potion"},{"floor":20,"key":"Fire Potion"}],"is_trial":false,"path_per_floor":["M","$","M","?","M","R","?","E","T","E","R","E","M","M","R","B",null,"M","$","M","?","M","E","M"],"character_chosen":"WATCHER","items_purchased":["Fruit Juice","DeceiveReality+1","Pen Nib","MentalFortress"],"campfire_rested":2,"item_purchase_floors":[2,19,19,19],"current_hp_per_floor":[61,61,66,66,66,66,66,41,41,32,53,24,24,24,45,36,70,56,56,38,38,37,29,0,0],"gold":182,"neow_bonus":"TWO_FIFTY_GOLD","is_daily":false,"chose_seed":false,"campfire_upgraded":1,"win_rate":0.0,"timestamp":1609971939,"path_taken":["M","$","M","?","M","R","?","E","T","E","R","E","M","?","R","BOSS","M","?","?","?","M","E","?"],"items_purchased_type":["Potion","Card","Relic","Card"],"build_version":"2020-12-22","purchased_purges":2,"victory":false,"max_hp_per_floor":[65,65,70,70,70,70,70,70,70,70,70,70,70,70,70,70,70,70,70,70,70,70,70,70,70],"card_choices":[{"not_picked":["Evaluate","EmptyFist"],"picked":"EmptyBody","floor":1},{"not_picked":["SashWhip","Worship"],"picked":"FlurryOfBlows","floor":3},{"not_picked":["Nirvana","JustLucky"],"picked":"MentalFortress","floor":5},{"not_picked":["PathToVictory","WindmillStrike"],"picked":"Establishment","floor":8},{"not_picked":["BowlingBash","SashWhip"],"picked":"Halt+1","floor":10},{"not_picked":["SashWhip","Wallop"],"picked":"ClearTheMind+1","floor":12},{"not_picked":["WheelKick","Weave"],"picked":"Halt+1","floor":13},{"not_picked":["CutThroughFate","CrushJoints"],"picked":"LikeWater","floor":14},{"not_picked":["JustLucky+1","Halt+1"],"picked":"Protect+1","floor":18},{"not_picked":["FollowUp","Evaluate+1"],"picked":"MentalFortress+1","floor":20},{"not_picked":["FlyingSleeves","ClearTheMind+1"],"picked":"Prostrate+1","floor":22},{"not_picked":["SpiritShield+1","CrushJoints+1","Swivel+1"],"picked":"SKIP","floor":23}],"player_experience":388805,"relics_obtained":[{"floor":8,"key":"Anchor"},{"floor":9,"key":"Boot"},{"floor":10,"key":"Toxic Egg 2"},{"floor":12,"key":"Gambling Chip"},{"floor":23,"key":"Bronze Scales"}],"event_choices":[{"cards_removed":["Strike_P"],"damage_healed":0,"gold_gain":0,"player_choice":"Card Removal","damage_taken":0,"max_hp_gain":0,"max_hp_loss":0,"event_name":"The Cleric","floor":4,"gold_loss":50},{"damage_healed":0,"gold_gain":0,"player_choice":"Gave Potion","damage_taken":0,"relics_obtained":["Smiling Mask"],"max_hp_gain":0,"max_hp_loss":0,"event_name":"WeMeetAgain","floor":7,"gold_loss":0},{"cards_removed":["Defend_P"],"damage_healed":0,"gold_gain":0,"player_choice":"Offered Basic","damage_taken":0,"max_hp_gain":0,"max_hp_loss":0,"event_name":"Bonfire Elementals","floor":21,"gold_loss":0}],"is_beta":false,"boss_relics":[{"not_picked":["Coffee Dripper","Runic Dome"],"picked":"SacredBark"}],"items_purged_floors":[2,19],"is_endless":false,"potions_floor_spawned":[1,10,13,16,18,20],"killed_by":"Cultist and Chosen","ascension_level":2}}