{"host":"9tch52zpouts7b2p","time":1609912378,"event":{"mods":["BaseMod","Colored Map","Minty Spire (QoL Compilation)","StSLib","UnlockEverythingMod"],"gold_per_floor":[111,128,128,203,49,87,187,216,297,326,326,326,365,365,365,365,365],"floor_reached":16,"playtime":793,"items_purged":[],"score":103,"play_id":"2be73ce4-2992-47a9-a2aa-02c174437b1a","local_time":"20210106135258","is_ascension_mode":true,"campfire_choices":[{"data":"Seeing Red","floor":11,"key":"SMITH"},{"data":"Metallicize","floor":15,"key":"SMITH"}],"circlet_count":0,"master_deck":["Strike_R","Strike_R","Strike_R","Strike_R","Defend_R","Defend_R+1","Defend_R","Defend_R","Bash","Ghostly Armor","Seeing Red+1","Dual Wield+1","Metallicize+1","Immolate","Rupture","Pommel Strike","Entrench","Shrug It Off"],"relics":["Burning Blood","CeramicFish","Meat on the Bone","Odd Mushroom","CultistMask"],"acts_visited":["Exordium"],"potions_floor_usage":[6,6],"damage_taken":[{"damage":6,"enemies":"2 Louse","floor":1,"turns":3},{"damage":4,"enemies":"Jaw Worm","floor":2,"turns":6},{"damage":26,"enemies":"Lagavulin","floor":6,"turns":8},{"damage":2,"enemies":"Cultist","floor":8,"turns":5},{"damage":2,"enemies":"Looter","floor":10,"turns":3},{"damage":29,"enemies":"The Mushroom Lair","floor":13,"turns":5},{"damage":67,"enemies":"Hexaghost","floor":16,"turns":11}],"seed_played":"2071765777560513377","potions_obtained":[{"floor":1,"key":"LiquidMemories"},{"floor":2,"key":"Fruit Juice"}],"is_trial":false,"path_per_floor":["M","M","?","?","$","E","?","M","T","M","R","?","?","?","R","B"],"character_chosen":"IRONCLAD","items_purchased":["Metallicize","Immolate"],"campfire_rested":0,"item_purchase_floors":[5,5],"current_hp_per_floor":[80,80,64,53,53,38,38,42,42,58,58,85,62,62,62,0,0],"gold":365,"neow_bonus":"TRANSFORM_CARD","is_daily":false,"chose_seed":false,"campfire_upgraded":2,"win_rate":0.0,"timestamp":1609912378,"path_taken":["M","M","?","?","$","E","?","?","T","M","R","?","?","?","R","BOSS"],"items_purchased_type":["Card","Card"],"build_version":"2020-12-22","purchased_purges":0,"victory":false,"max_hp_per_floor":[80,80,80,80,80,85,85,85,85,85,85,85,85,85,85,85,85],"card_choices":[{"not_picked":["Iron Wave","Perfected Strike"],"picked":"Seeing Red","floor":1},{"not_picked":["Intimidate","Armaments"],"picked":"Dual Wield","floor":2},{"not_picked":["Perfected Strike","Iron Wave"],"picked":"Rupture","floor":6},{"not_picked":["Dual Wield","Seeing Red"],"picked":"Pommel Strike","floor":8},{"not_picked":["Intimidate","Havoc"],"picked":"Entrench","floor":10},{"not_picked":["Twin Strike","Warcry"],"picked":"Shrug It Off","floor":13}],"player_experience":135342,"relics_obtained":[{"floor":6,"key":"CeramicFish"},{"floor":9,"key":"Meat on the Bone"},{"floor":13,"key":"Odd Mushroom"}],"event_choices":[{"damage_healed":0,"gold_gain":0,"player_choice":"Entered Light","damage_taken":16,"max_hp_gain":0,"max_hp_loss":0,"event_name":"Shining Light","floor":3,"gold_loss":0,"cards_upgraded":["Dual Wield","Defend_R"]},{"damage_healed":0,"gold_gain":75,"player_choice":"Gather Gold","damage_taken":11,"max_hp_gain":0,"max_hp_loss":0,"event_name":"World of Goop","floor":4,"gold_loss":0},{"damage_healed":0,"gold_gain":100,"player_choice":"Pray","damage_taken":0,"max_hp_gain":0,"max_hp_loss":0,"event_name":"Golden Shrine","floor":7,"gold_loss":0},{"damage_healed":28,"gold_gain":0,"player_choice":"Banana","damage_taken":0,"max_hp_gain":0,"max_hp_loss":0,"event_name":"Big Fish","floor":12,"gold_loss":0},{"damage_healed":0,"gold_gain":0,"player_choice":"Fought Mushrooms","damage_taken":0,"max_hp_gain":0,"max_hp_loss":0,"event_name":"Mushrooms","floor":13,"gold_loss":0},{"damage_healed":0,"gold_gain":0,"player_choice":"Trade","damage_taken":0,"relics_obtained":["CultistMask"],"max_hp_gain":0,"max_hp_loss":0,"event_name":"FaceTrader","floor":14,"gold_loss":0}],"is_beta":false,"boss_relics":[],"items_purged_floors":[],"is_endless":false,"potions_floor_spawned":[1,2],"killed_by":"Hexaghost","ascension_level":1}}