{"host":"1u4zr9vl8my47i07","time":1609897026,"event":{"mods":["AchievementEnabler","BaseMod","DeckTracker","Highlight Path","Keyboard Shortcuts","Minty Spire (QoL Compilation)","Relic Stats","StSLib","SuperFastMode","The Animator","Uncapped","Waifu the Spire","everything is the same but u backflip on backflip"],"gold_per_floor":[113,113,10,10,10,10,338,438,461,461,461,461,461,461,461,558,558,573,573,474,485,499,499,528,542,542,542,228,248,116,39,39,136,136,153,166,213,233,283,283,283,311,385,396,396,396,346,366,366,366],"floor_reached":51,"playtime":3163,"items_purged":["Strike_G","Strike_G","Night Terror+1","Strike_G","Defend_G"],"score":1269,"play_id":"9ed3c43e-2c08-460e-8359-cfb21d5b58a3","local_time":"20210106103706","is_ascension_mode":true,"campfire_choices":[{"data":"Neutralize","floor":6.0,"key":"SMITH"},{"data":"Acrobatics","floor":10.0,"key":"SMITH"},{"data":"Backflip","floor":13.0,"key":"SMITH"},{"data":"Survivor","floor":15.0,"key":"SMITH"},{"data":"Terror","floor":23.0,"key":"SMITH"},{"floor":27.0,"key":"REST"},{"floor":32.0,"key":"REST"},{"floor":40.0,"key":"REST"},{"floor":46,"key":"REST"},{"floor":49,"key":"REST"}],"circlet_count":0,"master_deck":["AscendersBane","Defend_G","Survivor+1","Neutralize+1","Acrobatics+1","Backflip+1","Flechettes+1","Deflect+1","Reflex+1","Cloak And Dagger+1","Terror+1","Envenom","Acrobatics","Catalyst","Impatience","Well Laid Plans","Accuracy","Envenom","Blade Dance","Calculated Gamble+1","Footwork","Quick Slash+1","Purity+1","Calculated Gamble+1"],"relics":["Ring of the Snake","Smiling Mask","NeowsBlessing","Juzu Bracelet","Old Coin","Lantern","Astrolabe","War Paint","Snake Skull","HoveringKite","Peace Pipe","StoneCalendar","Calipers","Toxic Egg 2"],"acts_visited":["Exordium","TheCity","TheBeyond"],"potions_floor_usage":[44,50],"damage_taken":[{"damage":0.0,"enemies":"Small Slimes","floor":1.0,"turns":1.0},{"damage":0.0,"enemies":"Lagavulin","floor":7.0,"turns":1.0},{"damage":0.0,"enemies":"Slime Boss","floor":16.0,"turns":1.0},{"damage":0.0,"enemies":"Chosen","floor":18.0,"turns":4.0},{"damage":0.0,"enemies":"3 Byrds","floor":21.0,"turns":5.0},{"damage":11.0,"enemies":"Sentry and Sphere","floor":22.0,"turns":4.0},{"damage":41.0,"enemies":"Slavers","floor":24.0,"turns":8.0},{"damage":0.0,"enemies":"Snake Plant","floor":25.0,"turns":3.0},{"damage":34.0,"enemies":"Snecko","floor":29.0,"turns":5.0},{"damage":22.0,"enemies":"Collector","floor":33.0,"turns":6.0},{"damage":40.0,"enemies":"3 Shapes","floor":35.0,"turns":4.0},{"damage":0.0,"enemies":"3 Darklings","floor":36.0,"turns":5.0},{"damage":0.0,"enemies":"2 Orb Walkers","floor":37.0,"turns":1.0},{"damage":0.0,"enemies":"Maw","floor":38.0,"turns":4.0},{"damage":2.0,"enemies":"Mind Bloom Boss Battle","floor":39.0,"turns":4.0},{"damage":0.0,"enemies":"Giant Head","floor":42.0,"turns":5.0},{"damage":34,"enemies":"Jaw Worm Horde","floor":44,"turns":5},{"damage":13,"enemies":"4 Shapes","floor":48,"turns":7},{"damage":41,"enemies":"Donu and Deca","floor":50,"turns":10}],"seed_played":"2663444810208232483","potions_obtained":[{"floor":7.0,"key":"ColorlessPotion"},{"floor":22.0,"key":"Fire Potion"},{"floor":24.0,"key":"Energy Potion"},{"floor":33.0,"key":"Dexterity Potion"},{"floor":35.0,"key":"EssenceOfSteel"},{"floor":37.0,"key":"Explosive Potion"},{"floor":39.0,"key":"Ancient Potion"},{"floor":44,"key":"SpeedPotion"}],"is_trial":false,"path_per_floor":["M","?","$","?","?","R","E","?","T","R","?","?","R","?","R","B",null,"M","?","$","M","M","R","E","M","T","R","$","M","$","$","R","B",null,"M","M","?","M","?","R","?","E","T","M","?","R","$","M","R","B",null],"character_chosen":"THE_SILENT","items_purchased":["Acrobatics","Cloak And Dagger","Snake Skull","Catalyst","Impatience","Well Laid Plans","Accuracy"],"campfire_rested":5,"item_purchase_floors":[3,20,28,28,28,30,31],"current_hp_per_floor":[63,63,63,63,56,56,56,56,56,56,61,54,54,72,72,72,74,74,72,72,72,61,61,20,20,20,41,41,7,7,7,28,6,56,16,16,16,16,14,35,63,63,63,29,29,47,47,34,52,11],"gold":366,"neow_bonus":"THREE_ENEMY_KILL","is_daily":false,"chose_seed":false,"campfire_upgraded":5,"win_rate":0.0,"timestamp":1609897026,"path_taken":["M","?","$","?","?","R","E","?","T","R","?","?","R","?","R","BOSS","M","?","$","M","M","R","E","M","T","R","$","M","?","$","R","BOSS","M","M","?","M","?","R","?","E","T","M","?","R","$","M","R","BOSS"],"items_purchased_type":["Card","Card","Relic","Card","Card","Card","Card"],"build_version":"2020-12-22","purchased_purges":5,"victory":true,"max_hp_per_floor":[70,70,70,70,70,70,70,70,70,70,75,75,75,75,75,75,75,75,72,72,72,72,72,72,72,72,72,72,72,72,72,72,72,72,72,72,72,72,72,72,63,63,63,63,63,63,63,63,63,63],"relic_stats":{"Peace Pipe":0,"counters":[19,83],"Astrolabe":["Flechettes","Deflect","Reflex"],"HoveringKite":[36],"StoneCalendar":[178],"Snake Skull":[241],"Juzu Bracelet":2,"War Paint":["Night Terror","Cloak And Dagger"],"Smiling Mask":375,"obtain_stats":[{"Lantern":9,"Calipers":42,"NeowsBlessing":0,"Astrolabe":17,"HoveringKite":34,"StoneCalendar":39,"Snake Skull":28,"Juzu Bracelet":0,"War Paint":24,"Smiling Mask":0,"Old Coin":7,"Peace Pipe":37,"Toxic Egg 2":43,"Ring of the Snake":0},{"Lantern":2,"Calipers":16,"NeowsBlessing":0,"Astrolabe":3,"HoveringKite":10,"StoneCalendar":15,"Snake Skull":8,"Juzu Bracelet":0,"War Paint":7,"Smiling Mask":0,"Old Coin":2,"Peace Pipe":13,"Toxic Egg 2":16,"Ring of the Snake":0},{"Lantern":2,"Calipers":61,"NeowsBlessing":0,"Astrolabe":3,"HoveringKite":38,"StoneCalendar":56,"Snake Skull":27,"Juzu Bracelet":0,"War Paint":24,"Smiling Mask":0,"Old Coin":2,"Peace Pipe":48,"Toxic Egg 2":61,"Ring of the Snake":0}],"Ring of the Snake":[38]},"card_choices":[{"not_picked":["Slice","Predator","Leg Sweep"],"picked":"SKIP","floor":1.0},{"not_picked":["Underhanded Strike","Noxious Fumes"],"picked":"Backflip","floor":7.0},{"not_picked":["A Thousand Cuts","Envenom"],"picked":"Night Terror","floor":16.0},{"not_picked":["Poisoned Stab","Acrobatics","Dodge and Roll"],"picked":"SKIP","floor":18.0},{"not_picked":["Outmaneuver","Flying Knee+1"],"picked":"Terror","floor":21.0},{"not_picked":["Infinite Blades","Skewer+1","Slice+1"],"picked":"SKIP","floor":22.0},{"not_picked":["Heel Hook","Dodge and Roll"],"picked":"Envenom","floor":24.0},{"not_picked":["Expertise","Outmaneuver"],"picked":"Acrobatics","floor":25.0},{"not_picked":["Catalyst","Riddle With Holes+1","Acrobatics"],"picked":"SKIP","floor":29.0},{"not_picked":["Night Terror","Doppelganger"],"picked":"Envenom","floor":33.0},{"not_picked":["Caltrops+1","Slice","Underhanded Strike"],"picked":"SKIP","floor":35.0},{"not_picked":["Heel Hook+1","Dagger Spray"],"picked":"Blade Dance","floor":36.0},{"not_picked":["Bane","Sucker Punch"],"picked":"Calculated Gamble+1","floor":37.0},{"not_picked":["Distraction","Poisoned Stab"],"picked":"Footwork","floor":38.0},{"not_picked":["Slice","Caltrops+1","All Out Attack"],"picked":"SKIP","floor":42.0},{"not_picked":["Flying Knee","Blade Dance+1"],"picked":"Quick Slash+1","floor":44},{"not_picked":["Bandage Up+1","Enlightenment+1"],"picked":"Purity+1","floor":45},{"not_picked":["Finisher","Outmaneuver+1"],"picked":"Calculated Gamble+1","floor":48}],"player_experience":294594,"relics_obtained":[{"floor":7.0,"key":"Old Coin"},{"floor":9.0,"key":"Lantern"},{"floor":24.0,"key":"War Paint"},{"floor":37.0,"key":"Peace Pipe"},{"floor":39.0,"key":"StoneCalendar"},{"floor":42.0,"key":"Calipers"},{"floor":43.0,"key":"Toxic Egg 2"}],"event_choices":[{"damage_healed":0.0,"max_hp_gain":0.0,"max_hp_loss":0.0,"gold_gain":0.0,"event_name":"Liars Game","player_choice":"Ignored","floor":2.0,"gold_loss":0.0,"damage_taken":0.0},{"cards_removed":["Strike_G"],"damage_healed":0.0,"max_hp_gain":0.0,"max_hp_loss":0.0,"gold_gain":0.0,"event_name":"Living Wall","player_choice":"Forget","floor":4.0,"gold_loss":0.0,"damage_taken":0.0},{"cards_removed":["Strike_G"],"damage_healed":0.0,"max_hp_gain":0.0,"max_hp_loss":0.0,"gold_gain":0.0,"event_name":"Golden Wing","player_choice":"Card Removal","floor":5.0,"gold_loss":0.0,"damage_taken":7.0},{"damage_healed":0.0,"max_hp_gain":0.0,"max_hp_loss":0.0,"gold_gain":100.0,"event_name":"Golden Shrine","player_choice":"Pray","floor":8.0,"gold_loss":0.0,"damage_taken":0.0},{"damage_healed":0.0,"max_hp_gain":5.0,"max_hp_loss":0.0,"gold_gain":0.0,"event_name":"Big Fish","player_choice":"Donut","floor":11.0,"gold_loss":0.0,"damage_taken":0.0},{"damage_healed":0.0,"max_hp_gain":0.0,"max_hp_loss":0.0,"gold_gain":0.0,"event_name":"Wheel of Change","player_choice":"Damaged","floor":12.0,"gold_loss":0.0,"damage_taken":7.0},{"damage_healed":18.0,"max_hp_gain":0.0,"max_hp_loss":0.0,"gold_gain":0.0,"event_name":"Mushrooms","player_choice":"Healed and dodged fight","floor":14.0,"gold_loss":0.0,"damage_taken":0.0,"cards_obtained":["Parasite"]},{"cards_removed":["Parasite"],"damage_healed":0.0,"max_hp_gain":0.0,"max_hp_loss":0.0,"gold_gain":0.0,"event_name":"Fountain of Cleansing","player_choice":"Removed Curses","floor":19.0,"gold_loss":0.0,"damage_taken":0.0},{"damage_healed":0.0,"max_hp_gain":0.0,"max_hp_loss":0.0,"gold_gain":0.0,"event_name":"Mysterious Sphere","player_choice":"Fight","floor":37.0,"gold_loss":0.0,"damage_taken":0.0},{"damage_healed":0.0,"max_hp_gain":0.0,"max_hp_loss":0.0,"gold_gain":0.0,"event_name":"MindBloom","player_choice":"Fight","floor":39.0,"gold_loss":0.0,"damage_taken":0.0},{"damage_healed":63.0,"max_hp_gain":0.0,"max_hp_loss":9.0,"gold_gain":0.0,"event_name":"The Moai Head","player_choice":"Heal","floor":41.0,"gold_loss":0.0,"damage_taken":0.0},{"damage_healed":0,"gold_gain":0,"player_choice":"Memory 1","damage_taken":0,"max_hp_gain":0,"max_hp_loss":0,"event_name":"SensoryStone","floor":45,"gold_loss":0}],"is_beta":false,"boss_relics":[{"not_picked":["Sozu","SacredBark"],"picked":"Astrolabe"},{"not_picked":["Runic Dome","Fusion Hammer"],"picked":"HoveringKite"}],"items_purged_floors":[3,20,28,30,47],"is_endless":false,"potions_floor_spawned":[7,22,24,33,35,37,39,44],"ascension_level":12}}