{"host":"3l94tha3a4jgu0q4","time":1609899429,"event":{"mods":["2.2 Compatiblity","AchievementEnabler","BaseMod","Colored Map","Colored Powertips","Highlight Path","Minty Spire (QoL Compilation)","Permanent Neow","StSLib","SuperFastMode"],"gold_per_floor":[111,111,128,143,35,68,78,78,104,129,129,29,29,56,56,155,155,155,30,30,30,30,30,30],"floor_reached":23,"playtime":399,"items_purged":["Strike_P","Defend_P","Strike_P"],"score":414,"play_id":"d9a9af53-6499-4257-ad06-744d2bd33326","local_time":"20210105181709","is_ascension_mode":true,"campfire_choices":[{"data":"Eruption","floor":8,"key":"SMITH"},{"data":"MentalFortress","floor":11,"key":"SMITH"},{"floor":13,"key":"REST"},{"data":"WheelKick","floor":15,"key":"SMITH"}],"circlet_count":0,"master_deck":["AscendersBane","Strike_P","Strike_P","Defend_P","Defend_P","Defend_P+1","Eruption+1","Vigilance","WheelKick+1","Indignation","MentalFortress+1","Vengeance","EmptyMind+1","Tantrum","Halt","LessonLearned","EmptyFist","WaveOfTheHand+1","TalkToTheHand"],"relics":["Philosopher\u0027s Stone","Nunchaku","PreservedInsect","Boot","Anchor","Ectoplasm","MealTicket"],"acts_visited":["Exordium","TheCity"],"potions_floor_usage":[10,18,23],"damage_taken":[{"damage":6,"enemies":"Small Slimes","floor":1,"turns":3},{"damage":2,"enemies":"Cultist","floor":3,"turns":3},{"damage":5,"enemies":"Jaw Worm","floor":4,"turns":3},{"damage":34,"enemies":"Gremlin Nob","floor":6,"turns":3},{"damage":14,"enemies":"Large Slime","floor":7,"turns":3},{"damage":4,"enemies":"Lagavulin","floor":10,"turns":6},{"damage":6,"enemies":"3 Sentries","floor":14,"turns":7},{"damage":0,"enemies":"Slime Boss","floor":16,"turns":4},{"damage":34,"enemies":"Shell Parasite","floor":18,"turns":3},{"damage":16,"enemies":"Spheric Guardian","floor":21,"turns":4},{"damage":1,"enemies":"Centurion and Healer","floor":22,"turns":6},{"damage":15,"enemies":"Slavers","floor":23,"turns":1}],"seed_played":"4021740015442807939","potions_obtained":[{"floor":1,"key":"Regen Potion"},{"floor":2,"key":"FearPotion"},{"floor":2,"key":"FairyPotion"},{"floor":16,"key":"ColorlessPotion"},{"floor":18,"key":"Strength Potion"},{"floor":22,"key":"EssenceOfSteel"}],"is_trial":false,"path_per_floor":["M","?","M","M","$","E","M","R","T","E","R","$","R","E","R","B",null,"M","$","?","M","M","E"],"character_chosen":"WATCHER","items_purchased":["MentalFortress"],"campfire_rested":1,"item_purchase_floors":[5],"current_hp_per_floor":[59,59,57,52,52,18,4,4,4,15,15,15,36,30,30,30,62,28,28,28,12,11,0,0],"gold":30,"neow_bonus":"BOSS_RELIC","is_daily":false,"chose_seed":false,"campfire_upgraded":3,"win_rate":0.0,"timestamp":1609899429,"path_taken":["M","?","?","M","?","E","M","R","T","E","R","$","R","E","R","BOSS","M","$","?","M","?","E"],"items_purchased_type":["Card"],"build_version":"2020-12-22","purchased_purges":3,"victory":false,"max_hp_per_floor":[72,72,72,72,72,72,72,72,72,72,72,72,72,72,72,72,72,72,72,72,72,72,72,72],"card_choices":[{"not_picked":["LikeWater","WreathOfFlame"],"picked":"WheelKick","floor":1},{"not_picked":["JustLucky","ThirdEye"],"picked":"Indignation","floor":3},{"not_picked":["BowlingBash","Weave","SashWhip"],"picked":"SKIP","floor":4},{"not_picked":["WindmillStrike","SignatureMove"],"picked":"Vengeance","floor":6},{"not_picked":["Study","ClearTheMind"],"picked":"EmptyMind","floor":7},{"not_picked":["CutThroughFate","Omniscience"],"picked":"Tantrum","floor":10},{"not_picked":["FollowUp","SignatureMove"],"picked":"Halt","floor":14},{"not_picked":["DeusExMachina","Brilliance"],"picked":"LessonLearned","floor":16},{"not_picked":["FollowUp","Conclude"],"picked":"EmptyFist","floor":18},{"not_picked":["ThirdEye","WreathOfFlame+1"],"picked":"WaveOfTheHand+1","floor":21},{"not_picked":["Halt","SignatureMove"],"picked":"TalkToTheHand","floor":22}],"player_experience":1894964,"relics_obtained":[{"floor":6,"key":"Nunchaku"},{"floor":9,"key":"PreservedInsect"},{"floor":10,"key":"Boot"},{"floor":14,"key":"Anchor"}],"event_choices":[{"damage_healed":0,"gold_gain":0,"player_choice":"Got Potions","damage_taken":0,"max_hp_gain":0,"max_hp_loss":0,"event_name":"Lab","floor":2,"gold_loss":0},{"damage_healed":0,"gold_gain":0,"player_choice":"Gave Potion","damage_taken":0,"relics_obtained":["MealTicket"],"max_hp_gain":0,"max_hp_loss":0,"event_name":"WeMeetAgain","floor":20,"gold_loss":0}],"is_beta":false,"boss_relics":[{"not_picked":["Runic Dome","Tiny House"],"picked":"Ectoplasm"}],"items_purged_floors":[5,12,19],"is_endless":false,"potions_floor_spawned":[1,3,4,16,18,22],"killed_by":"Slavers","ascension_level":12}}