{"host":"nj1qudaxjqalpce5","time":1609901878,"event":{"mods":["2.2 Compatiblity","Arknights The Spire","Ascension Reborn","BaseMod","CapriCore","Card Forge","Evolution","Grow up Mod","GungeonMod","Hermit","KOR Keyword Fix","Koishi","Lobotomy","Minty Spire (QoL Compilation)","Prisma Mod","Replay The Spire","StSLib","Td1madao Mod","The Bug Knight","The Cursed","The Dragon Tamer","The Gatherer","The Hierophant","The Immortal","The Jungle","The Poker Player","The Runesmith","Uncapped","WarShipGirlsR/??á´Ò³R mod"],"gold_per_floor":[109,109,161,161,180,34,48,60,60,60,75,94,94,113,113,214,214,229,229,239,239,209,235,80,110,110,110,130,145,161,177,177,278,278,295,310,321,321,371,396,415,441,495,0,64,64,92,143,143,143],"floor_reached":51,"playtime":4246,"items_purged":[],"score":869,"play_id":"3d3a8b0b-a922-45c1-999f-304620b34bb6","local_time":"20210106115758","is_ascension_mode":false,"campfire_choices":[{"floor":10.0,"key":"REST"},{"floor":15.0,"key":"REST"},{"floor":32,"key":"REST"},{"floor":46,"key":"REST"},{"floor":49,"key":"REST"}],"circlet_count":1,"master_deck":["Rage+1","Inflame+1","Sword Boomerang+1","Bloodletting+1","Life Link+1","Whirlwind+1","Reaper+1","Demon Form+1","Spot Weakness+1","Double Tap+1","Combust+1","Dual Wield+1","Twin Strike+1","Brutality+1","Seeing Red+1","Limit Break+1","Limit Break+1","J.A.X.+1","Pommel Strike+1"],"relics":["Burning Blood","Hammer of Thor","Seething Fire","Anvil of the Gods","EVO:Axolotl","Orichalcum","Runesmith:Nanobots","ReplayTheSpireMod:Ring of Addiction","ReplayTheSpireMod:Ring of Sloth","Circlet","Toy Ornithopter","Replay:Ancient Bell","Juzu Bracelet","Mirror","DemoMod:VorpalBullet","MutagenicStrength","Potion Belt","Bag of Marbles","Replay:Towering Pillar of Hats","Meat on the Bone","Philosopher\u0027s Stone","Bird Faced Urn","DemoMod:Metronome","MealTicket","Pen Nib","Red Mask","HornCleat","Bottled Tornado","DemoMod:PoisonVial"],"acts_visited":["Exordium","TheCity","TheBeyond"],"potions_floor_usage":[41,50,50,50],"damage_taken":[{"damage":12.0,"enemies":"Jaw Worm","floor":1.0,"turns":2.0},{"damage":7.0,"enemies":"2 Louse","floor":5.0,"turns":2.0},{"damage":9.0,"enemies":"Cultist","floor":7.0,"turns":3.0},{"damage":23.0,"enemies":"Exordium Thugs","floor":8.0,"turns":3.0},{"damage":3.0,"enemies":"Looter","floor":11.0,"turns":1.0},{"damage":9.0,"enemies":"Blue Slaver","floor":12.0,"turns":2.0},{"damage":26.0,"enemies":"Exordium Thugs","floor":14.0,"turns":4.0},{"damage":30.0,"enemies":"The Guardian","floor":16.0,"turns":4.0},{"damage":22.0,"enemies":"2 Thieves","floor":18.0,"turns":3.0},{"damage":26.0,"enemies":"Shell Parasite","floor":20.0,"turns":3.0},{"damage":53.0,"enemies":"Slavers","floor":23.0,"turns":4.0},{"damage":14.0,"enemies":"HollowMod:Nosk","floor":25.0,"turns":4.0},{"damage":9.0,"enemies":"Snecko","floor":28.0,"turns":3.0},{"damage":9.0,"enemies":"Chosen and Byrds","floor":29.0,"turns":2.0},{"damage":4.0,"enemies":"Cultist and Chosen","floor":30.0,"turns":2.0},{"damage":14,"enemies":"3 Cultists","floor":31,"turns":3},{"damage":24,"enemies":"Automaton","floor":33,"turns":4},{"damage":3,"enemies":"Orb Walker","floor":35,"turns":1},{"damage":0,"enemies":"3 Shapes","floor":36,"turns":1},{"damage":4,"enemies":"Sphere and 2 Shapes","floor":37,"turns":2},{"damage":5,"enemies":"Mind Bloom Boss Battle","floor":39,"turns":3},{"damage":8,"enemies":"Reptomancer","floor":40,"turns":3},{"damage":26,"enemies":"Writhing Mass","floor":41,"turns":3},{"damage":140,"enemies":"Nemesis","floor":42,"turns":7},{"damage":7,"enemies":"Giant Head","floor":47,"turns":3},{"damage":56,"enemies":"Awakened One","floor":50,"turns":4}],"seed_played":"8524390006255555986","potions_obtained":[{"floor":1.0,"key":"Fire Potion"},{"floor":11.0,"key":"Toxic Potion"},{"floor":13.0,"key":"Elixir"},{"floor":13.0,"key":"DemoMod:LeadSkinPotion"},{"floor":20.0,"key":"LiquidBronze"},{"floor":22.0,"key":"Doom Potion"},{"floor":22.0,"key":"Strength Potion"},{"floor":23.0,"key":"Explosive Potion"},{"floor":31,"key":"DistilledChaos"},{"floor":40,"key":"Energy Potion"}],"is_trial":false,"path_per_floor":["M","?","?","$","M","$","M","M","T","R","M","M","?","M","R","B",null,"M","?","M","?","?","E","$","E","T","$","M","M","M","M","R","B",null,"M","M","M","?","?","E","M","E","T","?","?","R","E","T","R","B",null],"character_chosen":"IRONCLAD","items_purchased":["Orichalcum","Bag of Marbles"],"campfire_rested":5,"item_purchase_floors":[6,24],"current_hp_per_floor":[94,104,114,124,133,143,150,143,153,190,200,210,220,210,240,249,260,254,264,254,264,274,237,247,261,271,281,288,322,334,336,402,410,420,430,438,448,458,466,476,475,387,397,407,417,534,544,552,562,541],"gold":143,"neow_bonus":"ONE_RANDOM_RARE_CARD","is_daily":false,"chose_seed":false,"campfire_upgraded":0,"win_rate":0.0,"timestamp":1609901878,"path_taken":["M","?","?","?","M","$","M","M","T","R","?","M","?","M","R","BOSS","M","?","M","?","?","E","$","E","T","$","M","M","M","M","R","BOSS","M","M","M","?","?","E","M","E","T","?","?","R","E","?","R","BOSS"],"items_purchased_type":["Relic","Relic"],"build_version":"2020-12-22","purchased_purges":0,"victory":true,"max_hp_per_floor":[100,110,120,130,140,150,160,170,180,190,200,210,220,230,240,250,260,270,280,288,298,308,316,326,336,344,354,364,372,382,392,402,410,420,430,438,448,458,466,476,486,496,506,516,524,534,544,552,562,572],"card_choices":[{"not_picked":["Shrug It Off","Anger","DemoMod:WhiteBlade"],"picked":"SKIP","floor":1.0},{"not_picked":["Pummel","Sword Boomerang","Infernal Blade"],"picked":"SKIP","floor":5.0},{"not_picked":["Battle Trance","Rampage","ReplayTheSpireMod:Stacked"],"picked":"SKIP","floor":7.0},{"not_picked":["Uppercut","Feel No Pain","Perfected Strike"],"picked":"SKIP","floor":8.0},{"not_picked":["Disarm","Heavy Blade","Wild Strike"],"picked":"SKIP","floor":11.0},{"not_picked":["Perfected Strike","Flex","Wild Strike"],"picked":"SKIP","floor":12.0},{"not_picked":["Twin Strike","Power Through","Replay:Many Hands"],"picked":"SKIP","floor":14.0},{"not_picked":["Pain","hermit:ImpendingDoom"],"picked":"Clumsy","floor":17.0},{"not_picked":["ReplayTheSpireMod:IOU","Parasite"],"picked":"Amnesia","floor":17.0},{"not_picked":["Hallucinations","ReplayTheSpireMod:Doomed"],"picked":"CommonCold","floor":17.0},{"not_picked":["Life Link","Battle Trance+1","DemoMod:WhiteBlade"],"picked":"SKIP","floor":18.0},{"not_picked":["Clash+1","Defy Death","Flex"],"picked":"SKIP","floor":20.0},{"not_picked":["ReplayReversal+1","Blood for Blood","Iron Wave"],"picked":"SKIP","floor":23.0},{"not_picked":["Disarm","Body Slam","Impervious"],"picked":"SKIP","floor":25.0},{"not_picked":["Twin Strike","Perfected Strike","Ghostly Armor"],"picked":"SKIP","floor":28.0},{"not_picked":["Intimidate","True Grit","Run Through+1"],"picked":"SKIP","floor":29.0},{"not_picked":["True Grit+1","Sword Boomerang","Clash+1"],"picked":"SKIP","floor":30},{"not_picked":["Dark Embrace","Perfected Strike","Spot Weakness+1"],"picked":"SKIP","floor":31},{"not_picked":["Run Through","Dual Wield","Shrug It Off+1"],"picked":"SKIP","floor":35},{"not_picked":["Barricade","Sever Soul+1","Inflame"],"picked":"SKIP","floor":36},{"not_picked":["Replay:Undeath\u0027s Touch+1","Anger+1","Twin Strike"],"picked":"SKIP","floor":37},{"not_picked":["Entrench+1","Warcry","Iron Wave+1"],"picked":"SKIP","floor":40},{"not_picked":["Replay:Undeath\u0027s Touch","Massacre+1","Abandon+1"],"picked":"SKIP","floor":41},{"not_picked":["Cleave","Fire Breathing+1","Run Through"],"picked":"SKIP","floor":42},{"not_picked":["DemoMod:WhiteBlade+1","Body Slam+1","Spot Weakness"],"picked":"SKIP","floor":47}],"player_experience":18132,"relics_obtained":[{"floor":9.0,"key":"Runesmith:Nanobots"},{"floor":13.0,"key":"ReplayTheSpireMod:Ring of Addiction"},{"floor":13.0,"key":"ReplayTheSpireMod:Ring of Sloth"},{"floor":13.0,"key":"Circlet"},{"floor":13.0,"key":"Toy Ornithopter"},{"floor":23.0,"key":"Potion Belt"},{"floor":25.0,"key":"Replay:Towering Pillar of Hats"},{"floor":26.0,"key":"Meat on the Bone"},{"floor":39,"key":"Bird Faced Urn"},{"floor":40,"key":"DemoMod:Metronome"},{"floor":42,"key":"MealTicket"},{"floor":43,"key":"Pen Nib"},{"floor":45,"key":"HornCleat"},{"floor":47,"key":"Bottled Tornado"},{"floor":48,"key":"DemoMod:PoisonVial"}],"event_choices":[{"damage_healed":0.0,"max_hp_gain":0.0,"max_hp_loss":0.0,"gold_gain":52.0,"event_name":"Golden Wing","player_choice":"Gained Gold","floor":3.0,"gold_loss":0.0,"damage_taken":0.0},{"damage_healed":0.0,"max_hp_gain":0.0,"max_hp_loss":0.0,"gold_gain":0.0,"event_name":"Drug Dealer","player_choice":"Inject Mutagens","floor":19.0,"gold_loss":0.0,"damage_taken":0.0,"relics_obtained":["MutagenicStrength"]},{"damage_healed":0.0,"max_hp_gain":0.0,"max_hp_loss":0.0,"gold_gain":0.0,"event_name":"Back to Basics","player_choice":"Simplicity","floor":21.0,"gold_loss":0.0,"damage_taken":0.0,"cards_upgraded":[]},{"damage_healed":0.0,"max_hp_gain":0.0,"max_hp_loss":0.0,"gold_gain":0.0,"event_name":"The Woman in Blue","player_choice":"Bought 2 Potions","floor":22.0,"gold_loss":0.0,"damage_taken":0.0},{"cards_removed":["Pommel Strike"],"damage_healed":0,"gold_gain":0,"player_choice":"Card Removal","damage_taken":0,"max_hp_gain":0,"max_hp_loss":0,"event_name":"Wheel of Change","floor":38,"gold_loss":0},{"damage_healed":0,"gold_gain":0,"player_choice":"Fight","damage_taken":0,"max_hp_gain":0,"max_hp_loss":0,"event_name":"MindBloom","floor":39,"gold_loss":0},{"damage_healed":0,"gold_gain":0,"player_choice":"Paid","damage_taken":0,"relics_obtained":["Red Mask"],"max_hp_gain":0,"max_hp_loss":0,"event_name":"Tomb of Lord Red Mask","floor":44,"gold_loss":495}],"is_beta":false,"boss_relics":[{"not_picked":["Replay:Drink Me","Astrolabe"],"picked":"Replay:Ancient Bell"},{"not_picked":["DemoMod:ClearGuonStone","Bag of Preparation"],"picked":"Juzu Bracelet"},{"not_picked":["Question Card","Gremlin Horn"],"picked":"Mirror"},{"not_picked":["Incense Burner","DemoMod:Antibody"],"picked":"DemoMod:VorpalBullet"},{"not_picked":["Runic Dome","ChewingGum"],"picked":"Philosopher\u0027s Stone"}],"items_purged_floors":[],"is_endless":false,"potions_floor_spawned":[1,11,14,20,23,31,37,40],"ascension_level":0}}