{"host":"s9dep4x43c14s74h","time":1609970469,"event":{"mods":["BaseMod","Downfall","Gremlin Mod","Hermit","HololiveMod","Jorbs\u0027s Wanderer Trilogy","Lobotomy","Marisa????????","Minty Spire (QoL Compilation)","Replay The Spire","StSLib","The Animator","The Bug Knight","The Construct","The Cursed","The Necromancer","The Runesmith","The Servant 0.9.4"],"gold_per_floor":[199,219,235,254,266,277,326,351,351,351,13,32,32,77,90,90,90,90],"floor_reached":16,"playtime":1371,"items_purged":[],"score":120,"play_id":"d903491c-71d3-4002-811f-c872491ad97e","local_time":"20210107010109","is_ascension_mode":true,"campfire_choices":[{"data":"Guardian:CurlUp","floor":1,"key":"SMITH"},{"data":"Guardian:FierceBash","floor":9,"key":"SMITH"}],"circlet_count":0,"master_deck":["Guardian:Strike_Guardian","Guardian:Strike_Guardian","Guardian:Strike_Guardian","Guardian:Strike_Guardian","Guardian:Defend_Guardian","Guardian:Defend_Guardian","Guardian:Defend_Guardian","Guardian:Defend_Guardian","Guardian:CurlUp+1","Guardian:TwinSlam","Guardian:SpikerProtocol","Guardian:CrystalBeam","Guardian:FierceBash+1","Guardian:WalkerClaw","Guardian:RollAttack","Guardian:Gem_Blue","Apotheosis","expansioncontent:DarkVoid","Guardian:ShieldCharger","Guardian:Gem_Yellow","Guardian:Gem_Lightblue","Guardian:Gem_Purple","Guardian:ShieldCharger"],"relics":["Guardian:ModeShifter","Boot","construct:FoamFinger","Guardian:PickAxe","ReplayTheSpireMod:TigerMarble"],"acts_visited":["Exordium"],"potions_floor_usage":[8,8,12,16],"damage_taken":[{"damage":0,"enemies":"Cultist","floor":2,"turns":4},{"damage":0,"enemies":"2 Louse","floor":3,"turns":3},{"damage":2,"enemies":"Jaw Worm","floor":4,"turns":4},{"damage":4,"enemies":"Large Slime","floor":5,"turns":8},{"damage":13,"enemies":"Blue Slaver","floor":6,"turns":3},{"damage":40,"enemies":"Lagavulin","floor":8,"turns":6},{"damage":4,"enemies":"downfall:FleeingMerchant","floor":11,"turns":4},{"damage":0,"enemies":"Lots of Slimes","floor":12,"turns":2},{"damage":12,"enemies":"Lots of Slimes","floor":13,"turns":4},{"damage":2,"enemies":"Exordium Thugs","floor":15,"turns":2},{"damage":21,"enemies":"downfall:Silent","floor":16,"turns":7}],"seed_played":"2763575645304450737","potions_obtained":[{"floor":5,"key":"LiquidBronze"},{"floor":6,"key":"Explosive Potion"},{"floor":8,"key":"DistilledChaos"},{"floor":15,"key":"Adrenaline Potion"}],"is_trial":false,"path_per_floor":["R","M","M","M","M","M","T","E","R","?","$","M","?","T","M","B"],"character_chosen":"GUARDIAN","items_purchased":["Guardian:Gem_Blue","Apotheosis","expansioncontent:DarkVoid"],"campfire_rested":0,"item_purchase_floors":[11,11,11],"current_hp_per_floor":[80,80,80,78,74,61,61,21,21,26,22,22,10,10,8,0,0,0],"gold":90,"neow_bonus":"HUNDRED_GOLD","is_daily":false,"chose_seed":false,"campfire_upgraded":2,"win_rate":0.0,"timestamp":1609970469,"path_taken":["R","M","M","M","M","M","T","E","R","?","$","M","?","?","M","BOSS"],"items_purchased_type":["Card","Card","Card"],"build_version":"2020-12-22","purchased_purges":0,"victory":false,"max_hp_per_floor":[80,80,80,80,80,80,80,80,80,85,85,85,85,85,85,85,85,85],"card_choices":[{"not_picked":["Guardian:Incinerate","Guardian:Recover"],"picked":"Guardian:Gem_Red","floor":2},{"not_picked":["Guardian:ShieldCharger","Guardian:TemporalShield"],"picked":"Guardian:SpikerProtocol","floor":3},{"not_picked":["Guardian:PiercingHide","Guardian:WalkerClaw"],"picked":"Guardian:CrystalBeam","floor":4},{"not_picked":["Guardian:TemporalShield","Guardian:PiercingHide"],"picked":"Guardian:Gem_Crimson","floor":5},{"not_picked":["Guardian:VentSteam","Guardian:TimeBomb"],"picked":"Guardian:FierceBash","floor":6},{"not_picked":["Guardian:PolyBeam","Guardian:Incinerate"],"picked":"Guardian:WalkerClaw","floor":8},{"not_picked":["Guardian:WalkerClaw","Guardian:ShieldCharger"],"picked":"Guardian:RollAttack","floor":11},{"not_picked":["Guardian:WalkerClaw","Guardian:Planning"],"picked":"Guardian:ShieldCharger","floor":12},{"not_picked":["Guardian:PrimingBeam","Guardian:BronzeOrb"],"picked":"Guardian:ShieldCharger","floor":15}],"player_experience":829926,"relics_obtained":[{"floor":7,"key":"Boot"},{"floor":8,"key":"construct:FoamFinger"},{"floor":14,"key":"ReplayTheSpireMod:TigerMarble"}],"event_choices":[{"damage_healed":0,"gold_gain":0,"player_choice":"Donut","damage_taken":0,"max_hp_gain":5,"max_hp_loss":0,"event_name":"Big Fish","floor":10,"gold_loss":0}],"is_beta":false,"boss_relics":[],"items_purged_floors":[],"is_endless":false,"potions_floor_spawned":[5,6,8,13,15],"killed_by":"downfall:Silent","ascension_level":3}}