{"host":"waq1ashgqt0tulkv","time":1609911631,"event":{"mods":["Aspiration","BaseMod","BetterRewards","Colored Powertips","Conspire","Downfall","Duelist Mod","Hermit","Hubris","Infinite Spire","Minty Spire (QoL Compilation)","Quick Restart","Rare Cards Sparkle","Replay The Spire","StSLib","SuperFastMode","The Animator","The Bug Knight","The Construct","The Cursed","The Disciple","The Hierophant","The Necromancer","The Runesmith","The Servant 0.9.4","egg"],"gold_per_floor":[119,135,135,85,95,121,132,182,208,223,51,65,81,111,111,207,207,217,234,234,234,234],"floor_reached":21,"playtime":844,"items_purged":["Strike_G"],"score":193,"play_id":"ccd304e9-b0ad-4c68-8305-1acb36417beb","local_time":"20210105224031","is_ascension_mode":false,"campfire_choices":[{"floor":15,"key":"REST"}],"circlet_count":0,"master_deck":["Strike_G","Strike_G","Strike_G+1","Strike_G+1","Defend_G","Defend_G","Defend_G","Defend_G","Survivor","Neutralize","Deadly Poison+1","ReplayTheSpireMod:Speed Training","Footwork","Crippling Poison","Backflip","Slice","expansioncontent:LastStand","Poisoned Stab","PiercingWail","Blur","Wraith Form v2","Bane","Backflip"],"relics":["Ring of the Snake","aspiration:Nostalgia","theDuelist:CardPoolAddRelic","Simple Rune","Happy Flower","hubris:OldNail","hubris:Potato","conspire:RoyalGoblet","MutagenicStrength"],"acts_visited":["Exordium","TheCity"],"potions_floor_usage":[6,12,14],"damage_taken":[{"damage":16,"enemies":"infinitespire:Voidling","floor":1,"turns":5},{"damage":0,"enemies":"Small Slimes","floor":2,"turns":4},{"damage":3,"enemies":"Jaw Worm","floor":5,"turns":3},{"damage":11,"enemies":"Replay:BlueRogue","floor":6,"turns":6},{"damage":0,"enemies":"Blue Slaver","floor":7,"turns":4},{"damage":0,"enemies":"Exordium Thugs","floor":10,"turns":4},{"damage":25,"enemies":"Gremlin Gang","floor":12,"turns":5},{"damage":13,"enemies":"2 Fungi Beasts","floor":13,"turns":3},{"damage":9,"enemies":"Lagavulin","floor":14,"turns":5},{"damage":24,"enemies":"The Guardian","floor":16,"turns":12},{"damage":4,"enemies":"Shell Parasite","floor":18,"turns":8},{"damage":54,"enemies":"3 Byrds","floor":19,"turns":8},{"damage":15,"enemies":"Centurion and Healer","floor":21,"turns":8}],"seed_played":"7807325727636387729","potions_obtained":[{"floor":1,"key":"SteroidPotion"},{"floor":2,"key":"ColorlessPotion"},{"floor":6,"key":"BlessingOfTheForge"},{"floor":19,"key":"champ:CounterPotion"}],"is_trial":false,"path_per_floor":["M","M","?","?","M","E","M","T","T","M","$","M","M","E","R","B",null,"M","M","?","M"],"character_chosen":"THE_SILENT","items_purchased":["expansioncontent:LastStand"],"campfire_rested":1,"item_purchase_floors":[11],"current_hp_per_floor":[67,67,67,67,64,53,53,53,53,53,53,38,25,16,37,13,70,66,12,12,0,0],"gold":234,"neow_bonus":"NOSTALGIA","is_daily":false,"chose_seed":false,"campfire_upgraded":0,"win_rate":0.0,"timestamp":1609911631,"path_taken":["M","?","?","?","M","E","M","?","T","M","$","?","M","E","R","BOSS","M","?","?","M"],"items_purchased_type":["Card"],"build_version":"2020-12-13","purchased_purges":1,"victory":false,"max_hp_per_floor":[70,70,70,70,70,70,70,70,70,70,70,70,70,70,70,70,70,70,70,70,70,70],"card_choices":[{"not_picked":["Acrobatics","hubris:SlightOfHand"],"picked":"Deadly Poison","floor":1},{"not_picked":["Eviscerate","Draining Mist"],"picked":"ReplayTheSpireMod:Speed Training","floor":2},{"not_picked":["Quick Slash","Slice"],"picked":"Footwork","floor":5},{"not_picked":["Corpse Explosion","Atom Bomb"],"picked":"Crippling Poison","floor":6},{"not_picked":["Hidden Blade","Underhanded Strike"],"picked":"Backflip","floor":7},{"not_picked":["hubris:SlightOfHand","Quick Slash"],"picked":"Slice","floor":10},{"not_picked":["Prepared","Footwork"],"picked":"Poisoned Stab","floor":12},{"not_picked":["Quick Slash","Expertise"],"picked":"PiercingWail","floor":13},{"not_picked":["Heel Hook","Skewer"],"picked":"Blur","floor":14},{"not_picked":["Venomology","Glass Knife"],"picked":"Wraith Form v2","floor":16},{"not_picked":["Dagger Spray","Underhanded Strike+1"],"picked":"Bane","floor":18},{"not_picked":["Prepared","Expertise"],"picked":"Backflip","floor":19}],"player_experience":41318,"relics_obtained":[{"floor":6,"key":"Simple Rune"},{"floor":8,"key":"Happy Flower"},{"floor":9,"key":"hubris:OldNail"},{"floor":14,"key":"hubris:Potato"}],"event_choices":[{"cards_removed":["Defend_G"],"damage_healed":0,"gold_gain":0,"player_choice":"Card Removal","damage_taken":0,"max_hp_gain":0,"max_hp_loss":0,"event_name":"The Cleric","floor":4,"gold_loss":50},{"damage_healed":0,"gold_gain":0,"player_choice":"Inject Mutagens","damage_taken":0,"relics_obtained":["MutagenicStrength"],"max_hp_gain":0,"max_hp_loss":0,"event_name":"Drug Dealer","floor":20,"gold_loss":0}],"is_beta":false,"boss_relics":[{"not_picked":["ChewingGum","aspiration:MobileForge"],"picked":"conspire:RoyalGoblet"}],"items_purged_floors":[11],"is_endless":false,"potions_floor_spawned":[1,2,6,19],"killed_by":"Centurion and Healer","ascension_level":0}}