{"host":"1cd1aqaox6jesai3","time":1609918908,"event":{"mods":["Act Like it!","Arknights The Spire","Astrologer","Bartender","BaseMod","Colored Powertips","Googly Eyes","Hallownest","Infinite Spire","Mimic Mod","Minty Spire (QoL Compilation)","Replay The Spire","StSLib","The Bug Knight","The Construct","The Factory","The Hierophant"],"gold_per_floor":[117,117,133,149,159,159,187,33,33,43,54,54,70,81,81,183,183,194,206,216,248,259,285,298,298,322,322,322],"floor_reached":27,"playtime":1576,"items_purged":[],"score":291,"play_id":"8542a50a-41c0-4b15-b7e6-f0fe900222c6","local_time":"20210106024148","is_ascension_mode":false,"campfire_choices":[{"data":"ats:Rapid Magazine","floor":6,"key":"SMITH"},{"data":"ats:Revitalization","floor":12,"key":"SMITH"},{"data":"ats:Demon Strength","floor":15,"key":"SMITH"}],"circlet_count":0,"master_deck":["ats:Strike S","ats:Strike V","ats:Armor Crushing Shot","ats:Defend","ats:Defend","ats:Defend","ats:Defend","ats:Emotion Absorption","ats:Poison Spread","ats:Chain Hook","ats:Rapid Magazine+1","ats:Powerful Strike","ats:Poison Spread","ats:Revitalization+1","ats:Demon Strength+1","ats:Ambush","ats:Neurotoxin","ats:Poison Spread","ats:Revitalization","ats:Powerful Strike","ats:Revitalization","ats:Demon Strength","ats:Explosion Area Strengthen","ats:Chain Hook","ats:Composite Medical Shells"],"relics":["ats:Sanity Plus","NeowsBlessing","Meat on the Bone","ats:Originium","Iron Hammer","DollysMirror","Shuriken","Red Mask","infinitespire:Eraser","Omamori"],"acts_visited":["Exordium","TheCity"],"potions_floor_usage":[7,16,16,21,21,23],"damage_taken":[{"damage":0,"enemies":"Small Slimes","floor":1,"turns":2},{"damage":0,"enemies":"Cultist","floor":3,"turns":1},{"damage":0,"enemies":"2 Louse","floor":4,"turns":1},{"damage":11,"enemies":"Large Slime","floor":5,"turns":4},{"damage":44,"enemies":"Lagavulin","floor":7,"turns":6},{"damage":17,"enemies":"3 Louse","floor":10,"turns":2},{"damage":7,"enemies":"Blue Slaver","floor":11,"turns":3},{"damage":3,"enemies":"2 Fungi Beasts","floor":13,"turns":3},{"damage":16,"enemies":"Large Slime","floor":14,"turns":5},{"damage":0,"enemies":"Slime Boss","floor":16,"turns":6},{"damage":22,"enemies":"3 Byrds","floor":18,"turns":5},{"damage":10,"enemies":"Spheric Guardian","floor":19,"turns":4},{"damage":20,"enemies":"Centurion and Healer","floor":20,"turns":5},{"damage":22,"enemies":"Masked Bandits","floor":21,"turns":5},{"damage":27,"enemies":"3 Cultists","floor":22,"turns":5},{"damage":31,"enemies":"Nightmare","floor":23,"turns":8},{"damage":24,"enemies":"Shelled Parasite and Fungi","floor":24,"turns":6},{"damage":40,"enemies":"Sentry and Sphere","floor":27,"turns":5}],"seed_played":"7364749892670155296","potions_obtained":[{"floor":4,"key":"Strength Potion"},{"floor":7,"key":"GamblersBrew"},{"floor":10,"key":"Strength Potion"},{"floor":14,"key":"Toxic Potion"},{"floor":16,"key":"BlessingOfTheForge"},{"floor":19,"key":"Languid Potion"},{"floor":22,"key":"Elixir"},{"floor":23,"key":"SpeedPotion"}],"is_trial":false,"path_per_floor":["M","?","M","M","M","R","E","$","T","M","M","R","M","M","R","B",null,"M","M","M","?","M","NM","M","?","T","M"],"character_chosen":"DOCTOR_CLASS","items_purchased":["DollysMirror"],"campfire_rested":0,"item_purchase_floors":[8],"current_hp_per_floor":[72,72,72,72,61,61,29,29,29,24,29,29,41,43,43,49,72,56,46,38,34,30,37,30,30,30,0,0],"gold":322,"neow_bonus":"THREE_ENEMY_KILL","is_daily":false,"chose_seed":false,"campfire_upgraded":3,"win_rate":0.0,"timestamp":1609918908,"path_taken":["M","?","?","M","M","R","E","?","T","M","M","R","M","M","R","BOSS","M","M","M","?","M","NM","M","?","T","M"],"items_purchased_type":["Relic"],"build_version":"2020-12-22","purchased_purges":0,"victory":false,"max_hp_per_floor":[72,72,72,72,72,72,72,72,72,72,72,72,72,72,72,72,72,72,72,72,72,72,72,72,72,72,72,72],"card_choices":[{"not_picked":["ats:Hammer On","ats:Flexible Camouflage"],"picked":"ats:Curse Doll","floor":1},{"not_picked":["ats:Defend Order","ats:Flexible Camouflage"],"picked":"ats:Poison Spread","floor":3},{"not_picked":["ats:Cat Scratch","ats:Powerful Strike"],"picked":"ats:Chain Hook","floor":4},{"not_picked":["ats:Soul Absorption","ats:Apocalypse"],"picked":"ats:Rapid Magazine","floor":5},{"not_picked":["ats:Thermite Blade","ats:Mental Burst"],"picked":"ats:Powerful Strike","floor":7},{"not_picked":["ats:Childhood Dance","ats:Leaping Hammer","ats:Nebulous Foxfire"],"picked":"SKIP","floor":10},{"not_picked":["ats:Ignite","ats:Apocalypse"],"picked":"ats:Revitalization","floor":11},{"not_picked":["ats:Soul Absorption","ats:Composite Medical Shells","ats:Leaping Hammer"],"picked":"SKIP","floor":13},{"not_picked":["ats:Flexible Camouflage","ats:Explosion Area Strengthen"],"picked":"ats:Demon Strength","floor":14},{"not_picked":["ats:Echo Reverb","ats:Disruption Kick"],"picked":"ats:Ambush","floor":16},{"not_picked":["ats:Ignite","ats:Hammer On"],"picked":"ats:Neurotoxin","floor":18},{"not_picked":["ats:Apocalypse+1","ats:Rat Pack"],"picked":"ats:Poison Spread","floor":19},{"not_picked":["ats:Ignite","ats:Leaping Hammer"],"picked":"ats:Revitalization","floor":20},{"not_picked":["ats:Composite Medical Shells","ats:Closed Bolt Burst Fire"],"picked":"ats:Powerful Strike","floor":21},{"not_picked":["ats:Sword Rain","ats:Apocalypse+1"],"picked":"ats:Revitalization","floor":22},{"not_picked":["ats:Childhood Dance","ats:Directed Diagnosis+1"],"picked":"ats:Demon Strength","floor":23},{"not_picked":["ats:Guardian Obelisk","ats:Hammer On"],"picked":"ats:Explosion Area Strengthen","floor":24}],"player_experience":156155,"relics_obtained":[{"floor":7,"key":"ats:Originium"},{"floor":7,"key":"Iron Hammer"},{"floor":9,"key":"Shuriken"},{"floor":21,"key":"Red Mask"},{"floor":23,"key":"ats:Originium"},{"floor":23,"key":"infinitespire:Eraser"},{"floor":26,"key":"Omamori"}],"event_choices":[{"cards_removed":["ats:Curse Doll"],"damage_healed":0,"gold_gain":0,"player_choice":"Gave Card","damage_taken":0,"relics_obtained":["Meat on the Bone"],"max_hp_gain":0,"max_hp_loss":0,"event_name":"WeMeetAgain","floor":2,"gold_loss":0},{"damage_healed":0,"gold_gain":0,"player_choice":"Fought Bandits","damage_taken":0,"max_hp_gain":0,"max_hp_loss":0,"event_name":"Masked Bandits","floor":21,"gold_loss":0},{"damage_healed":0,"gold_gain":0,"cards_transformed":["ats:Strike G","ats:Strike C"],"player_choice":"Became Test Subject","damage_taken":0,"max_hp_gain":0,"max_hp_loss":0,"event_name":"Drug Dealer","floor":25,"gold_loss":0,"cards_obtained":["ats:Chain Hook","ats:Composite Medical Shells"]}],"is_beta":false,"boss_relics":[{"not_picked":["Fusion Hammer","Coffee Dripper"],"picked":"ats:Sanity Plus"}],"items_purged_floors":[],"is_endless":true,"potions_floor_spawned":[4,7,10,14,16,19,22,23],"killed_by":"Sentry and Sphere","ascension_level":0}}