{"host":"hcrpk3ks1jn59x6u","time":1609903033,"event":{"mods":["BaseMod","Better Altar","Better Note","Better Sensory Stone","Better Skull","Better Third Choice","BetterRewards","Colored Map","Conspire","Downfall","GifTheSpireLib","Googly Eyes","Halation","Hermit","Highlight Path","Minty Spire (QoL Compilation)","StSLib","Stuff the Spire","The Bug Knight","The Construct","The Hierophant","everything is the same but u backflip on backflip"],"gold_per_floor":[113,129,129,147,40,40,55,71,96,112,112,112,124,143,143,243,243,226,71,71,71,85,85,99,99,167,167,167,167],"floor_reached":28,"playtime":1865,"items_purged":[],"score":233,"play_id":"e0d07827-5df1-42df-8289-bdedea8661ec","local_time":"20210106111713","is_ascension_mode":true,"campfire_choices":[{"data":"conspire:PoisonWeapons","floor":6,"key":"SMITH"},{"floor":12,"key":"REST"},{"floor":15,"key":"REST"},{"data":"Glass Knife","floor":23,"key":"SMITH"},{"floor":25,"key":"REST"},{"floor":27,"key":"REST"}],"circlet_count":0,"master_deck":["Strike_G+1","Strike_G","Strike_G","Strike_G","Defend_G","Defend_G","Defend_G","Defend_G","Defend_G","Survivor","Neutralize","Glass Knife+1","StuffTheSpire:BrimstoneBlast","Heel Hook","Choke+1","Noxious Fumes","conspire:PoisonWeapons+1","Noxious Fumes","Deadly Poison","Bane","StuffTheSpire:MirrorStance","Sucker Punch","Burst","Infinite Blades+1","Judgement","conspire:DoublingDagger+1"],"relics":["Ring of the Snake","Whetstone","SlaversCollar","halation:Komachan","construct:FoamFinger"],"acts_visited":["Exordium","TheCity"],"potions_floor_usage":[10,18],"damage_taken":[{"damage":2,"enemies":"Small Slimes","floor":1,"turns":4},{"damage":0,"enemies":"2 Louse","floor":2,"turns":2},{"damage":2,"enemies":"Jaw Worm","floor":4,"turns":3},{"damage":13,"enemies":"Large Slime","floor":7,"turns":4},{"damage":46,"enemies":"Gremlin Gang","floor":8,"turns":4},{"damage":9,"enemies":"Blue Slaver","floor":10,"turns":2},{"damage":4,"enemies":"Exordium Wildlife","floor":13,"turns":2},{"damage":18,"enemies":"Exordium Thugs","floor":14,"turns":4},{"damage":21,"enemies":"Hexaghost","floor":16,"turns":5},{"damage":23,"enemies":"2 Thieves","floor":18,"turns":4},{"damage":0,"enemies":"Spheric Guardian","floor":22,"turns":1},{"damage":46,"enemies":"Centurion and Healer","floor":24,"turns":6},{"damage":46,"enemies":"Gremlin Leader","floor":28,"turns":4}],"seed_played":"-7435273195522274920","potions_obtained":[{"floor":1,"key":"FairyPotion"},{"floor":2,"key":"Dexterity Potion"},{"floor":7,"key":"SpeedPotion"},{"floor":8,"key":"champ:CounterPotion"},{"floor":18,"key":"FearPotion"}],"is_trial":false,"path_per_floor":["M","M","?","M","$","R","M","M","T","M","?","R","M","M","R","B",null,"M","$","?","?","M","R","M","R","T","R","E"],"character_chosen":"THE_SILENT","items_purchased":["Noxious Fumes","conspire:PoisonWeapons","halation:Komachan"],"campfire_rested":4,"item_purchase_floors":[5,5,19],"current_hp_per_floor":[68,68,68,66,66,66,53,7,7,21,21,42,38,20,41,20,70,47,47,47,47,47,47,1,22,22,43,0,0],"gold":167,"neow_bonus":"ONE_RANDOM_RARE_CARD","is_daily":false,"chose_seed":false,"campfire_upgraded":2,"win_rate":0.0,"timestamp":1609903033,"path_taken":["M","M","?","M","$","R","M","M","T","M","?","R","M","M","R","BOSS","M","$","?","?","M","R","?","R","T","R","E"],"items_purchased_type":["Card","Card","Relic"],"build_version":"2020-12-22","purchased_purges":0,"victory":false,"max_hp_per_floor":[70,70,70,70,70,70,70,70,70,70,70,70,70,70,70,70,70,70,70,70,70,70,70,70,70,70,70,70,70],"card_choices":[{"not_picked":["All Out Attack","StuffTheSpire:ClusterCrunch"],"picked":"StuffTheSpire:BrimstoneBlast","floor":1},{"not_picked":["Eviscerate","Sucker Punch"],"picked":"Heel Hook","floor":2},{"not_picked":["StuffTheSpire:Python","StuffTheSpire:Repulse"],"picked":"Choke","floor":4},{"not_picked":["StuffTheSpire:Sprint","Underhanded Strike"],"picked":"Noxious Fumes","floor":7},{"not_picked":["Dagger Throw","StuffTheSpire:BumpUp"],"picked":"Deadly Poison","floor":8},{"not_picked":["Unload","Sucker Punch"],"picked":"Bane","floor":10},{"not_picked":["StuffTheSpire:BumpUp","Prepared"],"picked":"StuffTheSpire:MirrorStance","floor":13},{"not_picked":["Dagger Throw","Reflex"],"picked":"Sucker Punch","floor":14},{"not_picked":["Doppelganger","StuffTheSpire:FinalStruggle"],"picked":"Burst","floor":16},{"not_picked":["Dagger Throw+1","Quick Slash"],"picked":"Infinite Blades+1","floor":18},{"not_picked":["Dagger Spray+1","StuffTheSpire:Sprint+1"],"picked":"conspire:DoublingDagger+1","floor":22},{"not_picked":["Underhanded Strike+1","Dagger Spray","Blur"],"picked":"SKIP","floor":24}],"player_experience":240296,"relics_obtained":[{"floor":9,"key":"Whetstone"},{"floor":26,"key":"construct:FoamFinger"}],"event_choices":[{"damage_healed":0,"gold_gain":0,"player_choice":"Leave","damage_taken":0,"max_hp_gain":0,"max_hp_loss":0,"event_name":"The Cleric","floor":3,"gold_loss":0},{"damage_healed":0,"gold_gain":0,"player_choice":"LEAVE","damage_taken":0,"max_hp_gain":0,"max_hp_loss":0,"event_name":"betterThird:BetterScrap","floor":11,"gold_loss":0,"cards_obtained":["Vengeance"]},{"damage_healed":0,"gold_gain":2,"player_choice":"4","damage_taken":0,"max_hp_gain":0,"max_hp_loss":0,"event_name":"betterStone:BetterStone","floor":20,"gold_loss":0,"cards_obtained":["Judgement"]},{"cards_removed":["Strike_G"],"damage_healed":0,"gold_gain":0,"player_choice":"Purged","damage_taken":0,"max_hp_gain":0,"max_hp_loss":0,"event_name":"Purifier","floor":21,"gold_loss":0}],"is_beta":false,"boss_relics":[{"not_picked":["conspire:RoyalGoblet","Pandora\u0027s Box"],"picked":"SlaversCollar"}],"items_purged_floors":[],"is_endless":false,"potions_floor_spawned":[1,2,7,8,18],"killed_by":"Gremlin Leader","ascension_level":2}}