{"host":"9w1j3v3kvq5208ps","time":1609935056,"event":{"mods":["2.2 Compatiblity","BaseMod","CapriCore","Colored Map","DeckTracker","Highlight Path","Keyboard Shortcuts","Minty Spire (QoL Compilation)","Permanent Neow","Quick Restart","StSLib","SuperFastMode","The Immortal","everything is the same but u backflip on backflip"],"gold_per_floor":[115,132,150,160,22,22,22,22,72,83,98,108,128,162,162,265,265,285,225,243,11,29,55,55,75,100,100,0,0,0,0,0,100,100,120,120,20,30,41,41,41],"floor_reached":40,"playtime":1756,"items_purged":["Strike_R","Strike_R"],"score":472,"play_id":"44e3a231-4cd7-4586-8460-02c04cb5880f","local_time":"20210106211056","is_ascension_mode":true,"campfire_choices":[{"data":"Dark Embrace","floor":6,"key":"SMITH"},{"data":"Power Through","floor":8,"key":"SMITH"},{"data":"Immolate","floor":15,"key":"SMITH"},{"floor":24,"key":"REST"},{"data":"Fire Breathing","floor":27,"key":"SMITH"},{"data":"Evolve","floor":32,"key":"SMITH"}],"circlet_count":0,"master_deck":["Strike_R","Defend_R","Bash","Thunderclap","Dark Embrace+1","Headbutt","Shrug It Off","Power Through+1","Evolve+1","Reaper","Fire Breathing+1","Whirlwind","Shrug It Off","Immolate+1","Exhume","Inflame+1","Wild Strike+1","Sever Soul+1","Disarm","Barricade","Pummel+1","Berserk+1","Battle Trance+1","Sword Boomerang+1","Havoc","Reckless Charge","Reckless Charge+1","Feel No Pain+1"],"relics":["Burning Blood","Anchor","Regal Pillow","Philosopher\u0027s Stone","Bag of Marbles","Bird Faced Urn","Potion Belt","Boot","Astrolabe"],"acts_visited":["Exordium","TheCity","TheBeyond"],"potions_floor_usage":[16,20,25,33],"damage_taken":[{"damage":6,"enemies":"Cultist","floor":1,"turns":5},{"damage":5,"enemies":"Small Slimes","floor":2,"turns":4},{"damage":7,"enemies":"Jaw Worm","floor":3,"turns":3},{"damage":0,"enemies":"Large Slime","floor":4,"turns":4},{"damage":0,"enemies":"2 Fungi Beasts","floor":10,"turns":3},{"damage":6,"enemies":"Lots of Slimes","floor":11,"turns":3},{"damage":3,"enemies":"Blue Slaver","floor":12,"turns":4},{"damage":9,"enemies":"Exordium Thugs","floor":13,"turns":5},{"damage":21,"enemies":"Lagavulin","floor":14,"turns":9},{"damage":29,"enemies":"Slime Boss","floor":16,"turns":7},{"damage":0,"enemies":"3 Byrds","floor":18,"turns":2},{"damage":3,"enemies":"Chosen","floor":20,"turns":4},{"damage":51,"enemies":"Centurion and Healer","floor":22,"turns":5},{"damage":42,"enemies":"Book of Stabbing","floor":23,"turns":6},{"damage":0,"enemies":"Chosen and Byrds","floor":25,"turns":4},{"damage":65,"enemies":"Automaton","floor":33,"turns":8},{"damage":29,"enemies":"3 Darklings","floor":35,"turns":3},{"damage":0,"enemies":"Orb Walker","floor":38,"turns":3},{"damage":0,"enemies":"Transient","floor":39,"turns":5},{"damage":83,"enemies":"Reptomancer","floor":40,"turns":2}],"seed_played":"-8676070034533511608","potions_obtained":[{"floor":1,"key":"SteroidPotion"},{"floor":2,"key":"CultistPotion"},{"floor":3,"key":"Ancient Potion"},{"floor":13,"key":"HeartOfIron"},{"floor":18,"key":"AttackPotion"},{"floor":23,"key":"Block Potion"},{"floor":33,"key":"FearPotion"},{"floor":35,"key":"SneckoOil"}],"is_trial":false,"path_per_floor":["M","M","M","M","$","R","?","R","T","M","M","M","M","E","R","B",null,"M","?","M","$","M","E","R","M","T","R","$","?","?","$","R","B",null,"M","?","$","M","M","E"],"character_chosen":"IRONCLAD","items_purchased":["Power Through","Evolve","Bag of Marbles","Havoc","Reckless Charge"],"campfire_rested":1,"item_purchase_floors":[5,5,21,37,37],"current_hp_per_floor":[80,80,79,80,80,80,80,80,80,80,80,80,77,62,62,47,80,80,80,80,80,42,13,52,64,64,64,64,64,64,64,64,13,80,59,59,59,69,80,0,0],"gold":41,"neow_bonus":"REMOVE_CARD","is_daily":false,"chose_seed":false,"campfire_upgraded":5,"win_rate":0.0,"timestamp":1609935056,"path_taken":["M","M","M","?","$","R","?","R","T","M","?","M","M","E","R","BOSS","M","?","?","$","M","E","R","M","T","R","?","?","?","$","R","BOSS","M","?","$","M","M","E"],"items_purchased_type":["Card","Card","Relic","Card","Card"],"build_version":"2020-12-22","purchased_purges":2,"victory":false,"max_hp_per_floor":[80,80,80,80,80,80,80,80,80,80,80,80,80,80,80,80,80,80,80,80,80,80,80,80,80,80,80,80,80,80,80,80,80,80,80,80,80,80,80,80,80],"card_choices":[{"not_picked":["Ghostly Armor","Rupture"],"picked":"Thunderclap","floor":1},{"not_picked":["Ghostly Armor","Body Slam"],"picked":"Dark Embrace","floor":2},{"not_picked":["Uppercut","Havoc"],"picked":"Headbutt","floor":3},{"not_picked":["Body Slam","Inflame"],"picked":"Shrug It Off","floor":4},{"not_picked":["Wild Strike","Twin Strike"],"picked":"Fire Breathing","floor":10},{"not_picked":["Sword Boomerang","Twin Strike"],"picked":"Whirlwind","floor":11},{"not_picked":["Dark Embrace","Cleave"],"picked":"Shrug It Off","floor":12},{"not_picked":["Dark Embrace","Sword Boomerang"],"picked":"Immolate","floor":13},{"not_picked":["Headbutt","Warcry","Flex"],"picked":"SKIP","floor":14},{"not_picked":["Demon Form","Berserk"],"picked":"Exhume","floor":16},{"not_picked":["Anger","Pommel Strike"],"picked":"Inflame+1","floor":18},{"not_picked":["Sword Boomerang","Pummel","Fire Breathing"],"picked":"SKIP","floor":20},{"not_picked":["Pommel Strike","Shockwave"],"picked":"Wild Strike+1","floor":22},{"not_picked":["Body Slam","Thunderclap+1","Flex"],"picked":"SKIP","floor":23},{"not_picked":["Warcry","Clothesline"],"picked":"Sever Soul+1","floor":25},{"not_picked":["Reaper","Double Tap"],"picked":"Barricade","floor":33},{"not_picked":["Thunderclap+1","True Grit"],"picked":"Sword Boomerang+1","floor":35},{"not_picked":["Thunderclap+1","Cleave+1"],"picked":"Reckless Charge+1","floor":38},{"not_picked":["Ghostly Armor","Dropkick"],"picked":"Feel No Pain+1","floor":39}],"player_experience":220260,"relics_obtained":[{"floor":9,"key":"Anchor"},{"floor":14,"key":"Regal Pillow"},{"floor":23,"key":"Bird Faced Urn"},{"floor":26,"key":"Potion Belt"}],"event_choices":[{"damage_healed":0,"gold_gain":0,"player_choice":"1 cards matched","damage_taken":0,"max_hp_gain":0,"max_hp_loss":0,"event_name":"Match and Keep!","floor":7,"gold_loss":0,"cards_obtained":["Reaper"]},{"cards_removed":["Strike_R"],"damage_healed":0,"gold_gain":0,"player_choice":"Single Remove","damage_taken":0,"max_hp_gain":0,"max_hp_loss":0,"event_name":"Designer","floor":19,"gold_loss":60},{"damage_healed":0,"gold_gain":0,"player_choice":"Read","damage_taken":0,"max_hp_gain":0,"max_hp_loss":0,"event_name":"The Library","floor":29,"gold_loss":0,"cards_obtained":["Disarm"]},{"damage_healed":0,"gold_gain":0,"player_choice":"Stole Relic","damage_taken":0,"relics_obtained":["Boot"],"max_hp_gain":0,"max_hp_loss":0,"event_name":"Addict","floor":30,"gold_loss":0,"cards_obtained":["Shame"]},{"cards_removed":["Shame"],"damage_healed":0,"gold_gain":0,"player_choice":"Removed Curses","damage_taken":0,"max_hp_gain":0,"max_hp_loss":0,"event_name":"Fountain of Cleansing","floor":36,"gold_loss":0}],"is_beta":false,"boss_relics":[{"not_picked":["Fusion Hammer","Runic Dome"],"picked":"Philosopher\u0027s Stone"},{"not_picked":["Snecko Eye","Empty Cage"],"picked":"Astrolabe"}],"items_purged_floors":[21,28],"is_endless":false,"potions_floor_spawned":[1,2,3,13,14,18,23,33,35],"killed_by":"Reptomancer","ascension_level":3}}