{"host":"Qube","time":1609918700,"event":{"mods":["AchievementEnabler","BaseMod","Colored Map","Colored Powertips","Minty Spire (QoL Compilation)","Quick Restart","Random Character Button","StSLib"],"gold_per_floor":[111,122,137,150,170,203,203,236,236,311,311,330,362,362,362,433,433,448,459,13,31,48,48,48,48,74,74,74,74,93,124,124,124,124],"floor_reached":33,"playtime":1208,"items_purged":[],"score":467,"play_id":"f9c36a6b-f3d3-43b0-a63a-4ccad9d43180","local_time":"20210105233820","is_ascension_mode":true,"campfire_choices":[{"floor":7.0,"key":"REST"},{"floor":11.0,"key":"REST"},{"floor":15.0,"key":"REST"},{"floor":23.0,"key":"REST"},{"floor":25.0,"key":"REST"},{"data":"Apotheosis","floor":27.0,"key":"SMITH"},{"floor":29.0,"key":"REST"},{"data":"Armaments","floor":32.0,"key":"SMITH"}],"circlet_count":0,"master_deck":["AscendersBane","Strike_R","Strike_R","Strike_R+1","Strike_R","Strike_R","Defend_R","Defend_R","Defend_R","Defend_R+1","Bash","Wild Strike","Offering","Fire Breathing","Spot Weakness","Uppercut","Armaments+1","Pummel","Fiend Fire","Flame Barrier","Apotheosis+1","RitualDagger","Uppercut+1"],"relics":["Mark of Pain","Mango","Bottled Tornado","Bag of Marbles","Pen Nib","Philosopher\u0027s Stone","Pantograph","Centennial Puzzle","Red Mask"],"acts_visited":["Exordium","TheCity"],"potions_floor_usage":[33,33],"damage_taken":[{"damage":7.0,"enemies":"Jaw Worm","floor":1.0,"turns":4.0},{"damage":8.0,"enemies":"2 Louse","floor":2.0,"turns":3.0},{"damage":6.0,"enemies":"Small Slimes","floor":3.0,"turns":3.0},{"damage":7.0,"enemies":"Looter","floor":4.0,"turns":3.0},{"damage":1.0,"enemies":"2 Fungi Beasts","floor":5.0,"turns":3.0},{"damage":26.0,"enemies":"Lagavulin","floor":6.0,"turns":6.0},{"damage":11.0,"enemies":"3 Sentries","floor":8.0,"turns":3.0},{"damage":0.0,"enemies":"Large Slime","floor":12.0,"turns":4.0},{"damage":27.0,"enemies":"Gremlin Nob","floor":13.0,"turns":4.0},{"damage":8.0,"enemies":"Hexaghost","floor":16.0,"turns":7.0},{"damage":10.0,"enemies":"Chosen","floor":18.0,"turns":3.0},{"damage":6.0,"enemies":"2 Thieves","floor":19.0,"turns":3.0},{"damage":31.0,"enemies":"Chosen and Byrds","floor":21.0,"turns":4.0},{"damage":12.0,"enemies":"Snake Plant","floor":22.0,"turns":4.0},{"damage":6.0,"enemies":"Centurion and Healer","floor":30.0,"turns":4.0},{"damage":6.0,"enemies":"Masked Bandits","floor":31.0,"turns":2.0},{"damage":90,"enemies":"Collector","floor":33,"turns":5}],"seed_played":"2823667789445275412","potions_obtained":[{"floor":2.0,"key":"Block Potion"},{"floor":6.0,"key":"Explosive Potion"},{"floor":8.0,"key":"SmokeBomb"},{"floor":12.0,"key":"Dexterity Potion"},{"floor":13.0,"key":"ElixirPotion"},{"floor":21.0,"key":"Swift Potion"},{"floor":30.0,"key":"Dexterity Potion"}],"is_trial":false,"path_per_floor":["M","M","M","M","M","E","R","E","T","?","R","M","E","?","R","B",null,"M","M","$","M","M","R","?","R","T","R","?","R","M","?","R","B"],"character_chosen":"IRONCLAD","items_purchased":["Apotheosis","Pantograph"],"campfire_rested":6,"item_purchase_floors":[20,20],"current_hp_per_floor":[61,53,47,40,39,27,53,42,42,31,57,57,30,3,29,21,72,62,56,56,25,13,39,39,65,65,65,59,85,79,73,73,0,0],"gold":124,"neow_bonus":"BOSS_RELIC","is_daily":false,"chose_seed":false,"campfire_upgraded":2,"win_rate":0.0,"timestamp":1609918700,"path_taken":["M","M","M","M","M","E","R","E","T","?","R","M","E","?","R","BOSS","M","M","$","M","M","R","?","R","T","R","?","R","M","?","R","BOSS"],"items_purchased_type":["Card","Relic"],"build_version":"2020-12-18","purchased_purges":0,"victory":false,"max_hp_per_floor":[75,75,75,75,75,89,89,89,89,89,89,89,89,89,89,89,89,89,89,89,89,89,89,89,89,89,89,89,89,89,89,89,89,89],"card_choices":[{"not_picked":["Thunderclap","Iron Wave"],"picked":"Wild Strike","floor":1.0},{"not_picked":["Uppercut","Sword Boomerang"],"picked":"Offering","floor":2.0},{"not_picked":["Sword Boomerang","Entrench"],"picked":"Fire Breathing","floor":3.0},{"not_picked":["Burning Pact","Pommel Strike"],"picked":"Spot Weakness","floor":4.0},{"not_picked":["Cleave","Metallicize"],"picked":"Uppercut","floor":5.0},{"not_picked":["Twin Strike","Heavy Blade"],"picked":"Armaments","floor":6.0},{"not_picked":["Clothesline","Cleave","Havoc"],"picked":"SKIP","floor":8.0},{"not_picked":["Flex","Twin Strike","Sword Boomerang"],"picked":"SKIP","floor":12.0},{"not_picked":["Spot Weakness","Body Slam"],"picked":"Pummel","floor":13.0},{"not_picked":["Brutality","Exhume"],"picked":"Fiend Fire","floor":16.0},{"not_picked":["Anger","True Grit","Cleave"],"picked":"SKIP","floor":18.0},{"not_picked":["Heavy Blade","Sever Soul"],"picked":"Flame Barrier","floor":19.0},{"not_picked":["Bloodletting","Hemokinesis","Cleave"],"picked":"SKIP","floor":21.0},{"not_picked":["Rampage","Twin Strike+1","Clash"],"picked":"SKIP","floor":22.0},{"not_picked":["Pummel","Clash","Bludgeon"],"picked":"SKIP","floor":30.0},{"not_picked":["Sever Soul","Cleave"],"picked":"Uppercut+1","floor":31.0}],"player_experience":815704,"relics_obtained":[{"floor":6.0,"key":"Mango"},{"floor":8.0,"key":"Bottled Tornado"},{"floor":9.0,"key":"Bag of Marbles"},{"floor":13.0,"key":"Pen Nib"},{"floor":26.0,"key":"Centennial Puzzle"},{"floor":31.0,"key":"Red Mask"}],"event_choices":[{"damage_healed":0.0,"max_hp_gain":0.0,"max_hp_loss":0.0,"gold_gain":75.0,"event_name":"World of Goop","player_choice":"Gather Gold","floor":10.0,"gold_loss":0.0,"damage_taken":11.0},{"damage_healed":0.0,"max_hp_gain":0.0,"max_hp_loss":0.0,"gold_gain":0.0,"event_name":"Shining Light","player_choice":"Entered Light","floor":14.0,"gold_loss":0.0,"damage_taken":27.0,"cards_upgraded":["Strike_R","Defend_R"]},{"damage_healed":0.0,"max_hp_gain":0.0,"max_hp_loss":0.0,"gold_gain":0.0,"event_name":"Vampires","player_choice":"Ignored","floor":24.0,"gold_loss":0.0,"damage_taken":0.0},{"damage_healed":0.0,"max_hp_gain":0.0,"max_hp_loss":0.0,"gold_gain":0.0,"event_name":"Nest","player_choice":"Joined the Cult","floor":28.0,"gold_loss":0.0,"damage_taken":6.0,"cards_obtained":["RitualDagger"]},{"damage_healed":0.0,"max_hp_gain":0.0,"max_hp_loss":0.0,"gold_gain":0.0,"event_name":"Masked Bandits","player_choice":"Fought Bandits","floor":31.0,"gold_loss":0.0,"damage_taken":0.0}],"is_beta":true,"boss_relics":[{"not_picked":["Runic Cube","Runic Dome"],"picked":"Philosopher\u0027s Stone"}],"items_purged_floors":[],"is_endless":false,"potions_floor_spawned":[2,6,8,12,13,21,30],"killed_by":"Collector","ascension_level":15}}