{"host":"rmsq46plbpwfbxcc","time":1609934321,"event":{"mods":["AchievementEnabler","BaseMod","Colored Map","Colored Powertips","DeckTracker","KOR Keyword Fix","Minty Spire (QoL Compilation)","Permanent Neow","Quick Restart","SuperFastMode"],"gold_per_floor":[112,112,127,141,158,185,185,216,241,241,241,1,1,1,1,1,1],"floor_reached":16,"playtime":404,"items_purged":[],"score":178,"play_id":"56ef7553-8229-4f98-943a-3ef84b6da8cf","local_time":"20210106205841","is_ascension_mode":true,"campfire_choices":[{"data":"Blade Dance","floor":7,"key":"SMITH"},{"data":"Accuracy","floor":11,"key":"SMITH"},{"data":"Neutralize","floor":15,"key":"SMITH"}],"circlet_count":0,"master_deck":["AscendersBane","Strike_G","Strike_G","Strike_G","Strike_G","Strike_G","Defend_G","Defend_G","Defend_G","Defend_G","Survivor","Neutralize+1","CurseOfTheBell","Tactician","Blur","Dash","Blade Dance+1","Accuracy+1","Backflip","Pain"],"relics":["Calling Bell","Toy Ornithopter","Gremlin Horn","Bird Faced Urn","Prayer Wheel","Orichalcum","Juzu Bracelet","Singing Bowl","Mummified Hand","WarpedTongs"],"acts_visited":["Exordium"],"potions_floor_usage":[5,6],"damage_taken":[{"damage":2.0,"enemies":"Jaw Worm","floor":1.0,"turns":5.0},{"damage":8,"enemies":"Cultist","floor":3,"turns":7},{"damage":0,"enemies":"2 Louse","floor":4,"turns":3},{"damage":0,"enemies":"Gremlin Gang","floor":5,"turns":3},{"damage":18,"enemies":"Gremlin Nob","floor":6,"turns":5},{"damage":15,"enemies":"3 Sentries","floor":8,"turns":8},{"damage":36,"enemies":"Hexaghost","floor":16,"turns":16}],"seed_played":"1385414709182198551","potions_obtained":[{"floor":1.0,"key":"Explosive Potion"},{"floor":4,"key":"SteroidPotion"}],"is_trial":false,"path_per_floor":["M","?","M","M","M","E","R","E","T","T","R","$","?","$","R","B"],"character_chosen":"THE_SILENT","items_purchased":["Mummified Hand"],"campfire_rested":0,"item_purchase_floors":[12],"current_hp_per_floor":[61,61,53,53,58,47,47,34,34,34,34,34,34,34,34,0,0],"gold":1,"neow_bonus":"BOSS_RELIC","is_daily":false,"chose_seed":false,"campfire_upgraded":3,"win_rate":0.0,"timestamp":1609934321,"path_taken":["M","?","?","M","M","E","R","E","T","?","R","?","?","$","R","BOSS"],"items_purchased_type":["Relic"],"build_version":"2020-12-22","purchased_purges":0,"victory":false,"max_hp_per_floor":[70,70,70,70,70,70,70,70,70,70,70,70,70,70,70,70,70],"card_choices":[{"not_picked":["Sucker Punch","Poisoned Stab"],"picked":"Tactician","floor":1.0},{"not_picked":["Outmaneuver","Heel Hook"],"picked":"Dash","floor":3},{"not_picked":["Choke","Sucker Punch"],"picked":"Blade Dance","floor":4},{"not_picked":["Predator","Backflip"],"picked":"Accuracy","floor":5},{"not_picked":["Sucker Punch","Acrobatics"],"picked":"Backflip","floor":6},{"not_picked":["Bane","Crippling Poison","Slice"],"picked":"SKIP","floor":8}],"player_experience":664698,"relics_obtained":[{"floor":0.0,"key":"Toy Ornithopter"},{"floor":0.0,"key":"Gremlin Horn"},{"floor":0.0,"key":"Bird Faced Urn"},{"floor":6,"key":"Prayer Wheel"},{"floor":8,"key":"Orichalcum"},{"floor":9,"key":"Juzu Bracelet"},{"floor":10,"key":"Singing Bowl"}],"event_choices":[{"damage_healed":0,"gold_gain":0,"cards_transformed":["Defend_G"],"player_choice":"Transformed","damage_taken":0,"max_hp_gain":0,"max_hp_loss":0,"event_name":"Transmorgrifier","floor":2,"gold_loss":0,"cards_obtained":["Blur"]},{"damage_healed":0,"gold_gain":0,"player_choice":"Rummage","damage_taken":0,"relics_obtained":["WarpedTongs"],"max_hp_gain":0,"max_hp_loss":0,"event_name":"Accursed Blacksmith","floor":13,"gold_loss":0,"cards_obtained":["Pain"]}],"is_beta":false,"boss_relics":[],"items_purged_floors":[],"is_endless":false,"potions_floor_spawned":[1,4],"killed_by":"Hexaghost","ascension_level":13}}