{"host":"raaimkojny05jekw","time":1609952767,"event":{"mods":["AchievementEnabler","BaseMod","Colored Map","Colored Powertips","DeckTracker","Minty Spire (QoL Compilation)","Quick Restart","Rare Cards Sparkle","everything is the same but u backflip on backflip"],"gold_per_floor":[113,123,137,151,167,167,177,177,177,177,5,5,5],"floor_reached":12,"playtime":513,"items_purged":[],"score":144,"play_id":"142794ed-35e8-41aa-9d3b-67b89a866a94","local_time":"20210107020607","is_ascension_mode":true,"campfire_choices":[{"data":"Dash","floor":6,"key":"SMITH"},{"data":"Acrobatics","floor":8,"key":"SMITH"},{"data":"Underhanded Strike","floor":10,"key":"SMITH"}],"circlet_count":0,"master_deck":["AscendersBane","Strike_G","Strike_G","Strike_G","Strike_G","Strike_G","Defend_G","Defend_G","Defend_G","Defend_G","Defend_G","Survivor","Neutralize+1","Dash+1","Escape Plan","Acrobatics+1","Underhanded Strike+1","Tactician","Escape Plan"],"relics":["Ring of the Snake","Centennial Puzzle","Snake Skull"],"acts_visited":["Exordium"],"potions_floor_usage":[12],"damage_taken":[{"damage":3,"enemies":"Cultist","floor":1,"turns":5},{"damage":0,"enemies":"2 Louse","floor":2,"turns":4},{"damage":2,"enemies":"Small Slimes","floor":3,"turns":4},{"damage":11,"enemies":"2 Fungi Beasts","floor":4,"turns":4},{"damage":1,"enemies":"Blue Slaver","floor":5,"turns":5},{"damage":3,"enemies":"Exordium Wildlife","floor":7,"turns":4},{"damage":39,"enemies":"3 Sentries","floor":12,"turns":11}],"seed_played":"3652098837916173196","potions_obtained":[{"floor":5,"key":"DuplicationPotion"}],"is_trial":false,"path_per_floor":["M","M","M","M","M","R","M","R","T","R","$","E"],"character_chosen":"THE_SILENT","items_purchased":["Snake Skull"],"campfire_rested":0,"item_purchase_floors":[11],"current_hp_per_floor":[56,56,54,43,42,42,39,39,39,39,39,0,0],"gold":5,"neow_bonus":"UPGRADE_CARD","is_daily":false,"chose_seed":false,"campfire_upgraded":3,"win_rate":0.0,"timestamp":1609952767,"path_taken":["M","M","M","M","M","R","M","R","T","R","$","E"],"items_purchased_type":["Relic"],"build_version":"2020-12-22","purchased_purges":0,"victory":false,"max_hp_per_floor":[66,66,66,66,66,66,66,66,66,66,66,66,66],"card_choices":[{"not_picked":["Blade Dance","Prepared"],"picked":"Dash","floor":1},{"not_picked":["Deflect","Acrobatics"],"picked":"Escape Plan","floor":2},{"not_picked":["Eviscerate","Choke"],"picked":"Acrobatics","floor":3},{"not_picked":["Reflex","Deflect"],"picked":"Underhanded Strike","floor":4},{"not_picked":["Finisher","Poisoned Stab"],"picked":"Tactician","floor":5},{"not_picked":["Predator","Deflect"],"picked":"Escape Plan","floor":7}],"player_experience":726054,"relics_obtained":[{"floor":9,"key":"Centennial Puzzle"}],"event_choices":[],"is_beta":false,"boss_relics":[],"items_purged_floors":[],"is_endless":false,"potions_floor_spawned":[5],"killed_by":"3 Sentries","ascension_level":20}}