{"host":"08sn1703g14rasc1","time":1609926713,"event":{"mods":["AchievementEnabler","BaseMod","Colored Map","Colored Powertips","Hermit","Minty Spire (QoL Compilation)","StSLib"],"gold_per_floor":[117,133,98,111,123,123,153,168,168,168,168],"floor_reached":10,"playtime":433,"items_purged":[],"score":95,"play_id":"54800787-e07c-41f6-a92d-3587007e902c","local_time":"20210106015153","is_ascension_mode":true,"campfire_choices":[{"data":"Panacea","floor":6,"key":"SMITH"}],"circlet_count":0,"master_deck":["hermit:Strike_Hermit","hermit:Strike_Hermit","hermit:Strike_Hermit","hermit:Strike_Hermit","hermit:Defend_Hermit","hermit:Defend_Hermit","hermit:Defend_Hermit","hermit:Defend_Hermit","hermit:Snapshot","hermit:Covet","Panacea+1","hermit:HighCaliber","hermit:Quickdraw","hermit:FinalCanter","hermit:HighCaliber","hermit:Virtue","hermit:ItchyTrigger"],"relics":["hermit:Momento","Eternal Feather","InkBottle"],"acts_visited":["Exordium"],"potions_floor_usage":[7,8,8],"damage_taken":[{"damage":6,"enemies":"Cultist","floor":1,"turns":4},{"damage":7,"enemies":"Small Slimes","floor":2,"turns":3},{"damage":0,"enemies":"2 Louse","floor":4,"turns":3},{"damage":0,"enemies":"Red Slaver","floor":5,"turns":3},{"damage":55,"enemies":"Lagavulin","floor":7,"turns":7},{"damage":0,"enemies":"Large Slime","floor":8,"turns":4},{"damage":16,"enemies":"Gremlin Nob","floor":10,"turns":3}],"seed_played":"-6469202065552474408","potions_obtained":[{"floor":1,"key":"SteroidPotion"},{"floor":5,"key":"LiquidBronze"},{"floor":7,"key":"Block Potion"}],"is_trial":false,"path_per_floor":["M","M","?","M","M","R","E","M","T","E"],"character_chosen":"HERMIT","items_purchased":[],"campfire_rested":0,"item_purchase_floors":[],"current_hp_per_floor":[62,55,73,73,73,73,18,18,18,2,2],"gold":168,"neow_bonus":"RANDOM_COLORLESS","is_daily":false,"chose_seed":false,"campfire_upgraded":1,"win_rate":0.0,"timestamp":1609926713,"path_taken":["M","?","?","M","M","R","E","M","T","E"],"items_purchased_type":[],"build_version":"2020-12-22","purchased_purges":0,"victory":false,"max_hp_per_floor":[75,75,75,75,75,75,75,75,75,75,75],"card_choices":[{"not_picked":["Deep Breath","Discovery"],"picked":"Panacea","floor":0},{"not_picked":["hermit:Desperado","hermit:HoleUp"],"picked":"hermit:HighCaliber","floor":1},{"not_picked":["hermit:CalledShot","hermit:Manifest"],"picked":"hermit:Quickdraw","floor":2},{"not_picked":["hermit:Desperado","hermit:LuckOfTheDraw"],"picked":"hermit:FinalCanter","floor":4},{"not_picked":["hermit:TakeAim","hermit:Showdown"],"picked":"hermit:HighCaliber","floor":5},{"not_picked":["hermit:Snipe","hermit:HoleUp"],"picked":"hermit:Virtue","floor":7},{"not_picked":["hermit:LowProfile","hermit:CalledShot"],"picked":"hermit:ItchyTrigger","floor":8}],"player_experience":461701,"relics_obtained":[{"floor":7,"key":"Eternal Feather"},{"floor":9,"key":"InkBottle"}],"event_choices":[{"damage_healed":18,"gold_gain":0,"player_choice":"Healed","damage_taken":0,"max_hp_gain":0,"max_hp_loss":0,"event_name":"The Cleric","floor":3,"gold_loss":35}],"is_beta":false,"boss_relics":[],"items_purged_floors":[],"is_endless":false,"potions_floor_spawned":[1,5,7],"killed_by":"Gremlin Nob","ascension_level":7}}