{"host":"b7j598ve05halrwk","time":1609974201,"event":{"mods":["2.2 Compatiblity","BaseMod","Block Reminder","DeckTracker","Minty Spire (QoL Compilation)","Relic Stats","Slay the Relics Exporter","StSLib","ojb\u0027s Better Paths Mod","ojb\u0027s Info Mod"],"gold_per_floor":[110,35,35,52,71,101,101,115,115,132,159,159,175,200,200,276,276,288,288,80,80,94,127,182,213,238,238,267,281,292,311,311,389,389,406,406,406,419,429,458,458,472,472,472,486,521,116,116,116,116,116,116,116,36,62,62,62],"floor_reached":56,"playtime":5162,"items_purged":["Decay","Strike_B"],"score":2109,"play_id":"ae521fe3-2acc-4410-8f57-a66a5495d4c8","local_time":"20210106180321","is_ascension_mode":true,"campfire_choices":[{"data":"Sunder","floor":7.0,"key":"SMITH"},{"floor":12.0,"key":"REST"},{"data":"Beam Cell","floor":15.0,"key":"SMITH"},{"floor":27.0,"key":"REST"},{"floor":32.0,"key":"REST"},{"floor":41,"key":"REST"},{"floor":44,"key":"REST"},{"floor":49,"key":"RECALL"},{"floor":53,"key":"REST"}],"circlet_count":0,"master_deck":["AscendersBane","Strike_B","Strike_B+1","Strike_B","Defend_B","Defend_B","Defend_B","Defend_B","Zap","Dualcast","Go for the Eyes+1","Sweeping Beam","Sunder+1","Beam Cell+1","FTL","Defragment","BootSequence","All For One","Rip and Tear+1","Cold Snap","Conserve Battery","Compile Driver","Conserve Battery","Hyperbeam","Undo","Chill","Reinforced Body","Conserve Battery","Seek","Cold Snap+1","Genetic Algorithm+1","Reprogram+1","Stack","Hologram","Scrape","Buffer","Stack"],"relics":["Cracked Core","Thread and Needle","Kunai","Mummified Hand","Shuriken","Ancient Tea Set","Odd Mushroom","Fusion Hammer","Bottled Tornado","Blood Vial","Bronze Scales","Anchor","Bag of Marbles","Snecko Eye","Whetstone","PreservedInsect","StrikeDummy","Letter Opener"],"acts_visited":["Exordium","TheCity","TheBeyond","TheEnding"],"potions_floor_usage":[40,40,42,50,56],"damage_taken":[{"damage":5.0,"enemies":"Jaw Worm","floor":1.0,"turns":3.0},{"damage":1.0,"enemies":"2 Louse","floor":4.0,"turns":3.0},{"damage":0.0,"enemies":"Cultist","floor":5.0,"turns":3.0},{"damage":35.0,"enemies":"3 Sentries","floor":6.0,"turns":9.0},{"damage":21.0,"enemies":"Exordium Thugs","floor":8.0,"turns":3.0},{"damage":0.0,"enemies":"Looter","floor":10.0,"turns":2.0},{"damage":0.0,"enemies":"Blue Slaver","floor":13.0,"turns":2.0},{"damage":0.0,"enemies":"The Mushroom Lair","floor":14.0,"turns":3.0},{"damage":3.0,"enemies":"Hexaghost","floor":16.0,"turns":8.0},{"damage":12.0,"enemies":"2 Thieves","floor":18.0,"turns":4.0},{"damage":16.0,"enemies":"3 Byrds","floor":22.0,"turns":4.0},{"damage":2.0,"enemies":"Gremlin Leader","floor":23.0,"turns":4.0},{"damage":43.0,"enemies":"Slavers","floor":25.0,"turns":4.0},{"damage":0.0,"enemies":"Book of Stabbing","floor":28.0,"turns":3.0},{"damage":0.0,"enemies":"3 Cultists","floor":29.0,"turns":5.0},{"damage":4.0,"enemies":"Centurion and Healer","floor":30.0,"turns":5.0},{"damage":0.0,"enemies":"Cultist and Chosen","floor":31.0,"turns":4.0},{"damage":0.0,"enemies":"Automaton","floor":33.0,"turns":12.0},{"damage":0.0,"enemies":"Orb Walker","floor":35.0,"turns":1.0},{"damage":24.0,"enemies":"3 Darklings","floor":38.0,"turns":6.0},{"damage":0.0,"enemies":"4 Shapes","floor":39.0,"turns":6.0},{"damage":19,"enemies":"Reptomancer","floor":40,"turns":6},{"damage":2,"enemies":"Spire Growth","floor":42,"turns":3},{"damage":2,"enemies":"Jaw Worm Horde","floor":45,"turns":5},{"damage":6,"enemies":"Nemesis","floor":46,"turns":7},{"damage":7,"enemies":"Donu and Deca","floor":50,"turns":8},{"damage":36,"enemies":"Time Eater","floor":51,"turns":16},{"damage":0,"enemies":"Shield and Spear","floor":55,"turns":2},{"damage":84,"enemies":"The Heart","floor":56,"turns":8}],"seed_played":"9037407603290580192","potions_obtained":[{"floor":4.0,"key":"DistilledChaos"},{"floor":6.0,"key":"SkillPotion"},{"floor":8.0,"key":"LiquidMemories"},{"floor":14.0,"key":"SpeedPotion"},{"floor":18.0,"key":"Dexterity Potion"},{"floor":22.0,"key":"AttackPotion"},{"floor":25.0,"key":"LiquidMemories"},{"floor":29.0,"key":"Energy Potion"},{"floor":31.0,"key":"Weak Potion"},{"floor":38.0,"key":"Weak Potion"},{"floor":39.0,"key":"Fire Potion"},{"floor":40,"key":"LiquidMemories"}],"is_trial":false,"path_per_floor":["M","?","?","M","M","E","R","M","T","M","T","R","M","?","R","B",null,"M","?","$","?","M","E","T","E","T","R","E","M","M","M","R","B",null,"M","?","?","M","M","E","R","M","T","R","M","E","$","T","R","B","B",null,"R","$","E","B"],"character_chosen":"DEFECT","items_purchased":["Cold Snap","Conserve Battery","Compile Driver","Scrape","Buffer","Swift Potion","LiquidMemories"],"campfire_rested":6,"item_purchase_floors":[20,20,20,47,47,47,54],"current_hp_per_floor":[59,59,59,58,58,23,23,2,2,2,2,23,23,23,23,20,58,46,46,46,71,55,53,53,12,12,33,35,37,35,37,58,60,68,70,70,60,38,40,23,44,44,44,65,65,61,61,61,61,56,22,59,71,71,71,0,0],"gold":62,"neow_bonus":"ONE_RARE_RELIC","is_daily":false,"chose_seed":false,"campfire_upgraded":2,"win_rate":0.0,"timestamp":1609974201,"path_taken":["M","?","?","?","M","E","R","M","T","M","?","R","M","?","R","BOSS","M","?","$","?","?","E","?","E","T","R","E","M","M","M","R","BOSS","M","?","?","M","M","E","R","M","T","R","M","E","$","?","R","BOSS","BOSS","R","$","E","BOSS"],"items_purchased_type":["Card","Card","Card","Card","Card","Potion","Potion"],"build_version":"2020-12-22","purchased_purges":2,"victory":false,"max_hp_per_floor":[71,71,71,71,71,71,71,71,71,71,71,71,71,71,71,71,71,71,71,71,71,71,71,71,71,71,71,71,71,71,71,71,71,71,71,71,71,71,71,71,71,71,71,71,71,71,71,71,71,71,71,71,71,71,71,71,71],"relic_stats":{"Blood Vial":30,"counters":[29,149],"Mummified Hand":[38],"Shuriken":[68],"Bronze Scales":[351],"Snecko Eye":[125,122,109,122],"PreservedInsect":77,"Kunai":[70],"Whetstone":["Go for the Eyes","Strike_B"],"Letter Opener":[5],"obtain_stats":[{"Thread and Needle":0,"PreservedInsect":46,"Whetstone":40,"Letter Opener":55,"Odd Mushroom":14,"Bottled Tornado":23,"Ancient Tea Set":11,"Blood Vial":24,"Anchor":26,"Mummified Hand":6,"Shuriken":9,"Bronze Scales":25,"Snecko Eye":34,"Fusion Hammer":17,"Bag of Marbles":28,"Kunai":3,"Cracked Core":0,"StrikeDummy":48},{"Thread and Needle":0,"PreservedInsect":25,"Whetstone":22,"Letter Opener":28,"Odd Mushroom":8,"Bottled Tornado":12,"Ancient Tea Set":6,"Blood Vial":12,"Anchor":13,"Mummified Hand":4,"Shuriken":5,"Bronze Scales":13,"Snecko Eye":18,"Fusion Hammer":9,"Bag of Marbles":14,"Kunai":1,"Cracked Core":0,"StrikeDummy":25},{"Thread and Needle":0,"PreservedInsect":115,"Whetstone":100,"Letter Opener":141,"Odd Mushroom":28,"Bottled Tornado":48,"Ancient Tea Set":23,"Blood Vial":48,"Anchor":52,"Mummified Hand":18,"Shuriken":21,"Bronze Scales":52,"Snecko Eye":81,"Fusion Hammer":36,"Bag of Marbles":55,"Kunai":3,"Cracked Core":0,"StrikeDummy":115}]},"card_choices":[{"not_picked":["Chaos","Hologram"],"picked":"Go for the Eyes","floor":1.0},{"not_picked":["Turbo","Beam Cell"],"picked":"Sweeping Beam","floor":4.0},{"not_picked":["Gash","Go for the Eyes"],"picked":"Defragment","floor":5.0},{"not_picked":["Thunder Strike","Ball Lightning"],"picked":"Sunder","floor":6.0},{"not_picked":["Redo","Chaos"],"picked":"Beam Cell","floor":8.0},{"not_picked":["Conserve Battery","Ball Lightning"],"picked":"FTL","floor":10.0},{"not_picked":["Fusion","Beam Cell"],"picked":"Defragment","floor":13.0},{"not_picked":["Sweeping Beam","Rebound"],"picked":"BootSequence","floor":14.0},{"not_picked":["Thunder Strike","Reboot"],"picked":"All For One","floor":16.0},{"not_picked":["Barrage+1","White Noise"],"picked":"Rip and Tear+1","floor":18.0},{"not_picked":["Barrage","Recycle"],"picked":"Conserve Battery","floor":22.0},{"not_picked":["Streamline","Go for the Eyes"],"picked":"Hyperbeam","floor":23.0},{"not_picked":["Turbo","Leap"],"picked":"Undo","floor":25.0},{"not_picked":["Barrage","Defragment"],"picked":"Chill","floor":28.0},{"not_picked":["Streamline","Beam Cell","Rebound"],"picked":"SKIP","floor":29.0},{"not_picked":["Redo","Amplify"],"picked":"Reinforced Body","floor":30.0},{"not_picked":["Streamline","Sunder"],"picked":"Conserve Battery","floor":31.0},{"not_picked":["Thunder Strike","Biased Cognition"],"picked":"Seek","floor":33.0},{"not_picked":["Steam+1","Go for the Eyes"],"picked":"Cold Snap+1","floor":35.0},{"not_picked":["Defragment","Doom and Gloom"],"picked":"Genetic Algorithm+1","floor":38.0},{"not_picked":["Barrage","Ball Lightning","Melter"],"picked":"SKIP","floor":39.0},{"not_picked":["Defragment","Conserve Battery","Compile Driver"],"picked":"SKIP","floor":40},{"not_picked":["Gash","Conserve Battery"],"picked":"Reprogram+1","floor":42},{"not_picked":["Cold Snap","Loop"],"picked":"Stack","floor":45},{"not_picked":["Coolheaded","Chaos"],"picked":"Hologram","floor":46},{"not_picked":["Amplify","Turbo"],"picked":"Stack","floor":55}],"player_experience":835218,"relics_obtained":[{"floor":3.0,"key":"Kunai"},{"floor":6.0,"key":"Mummified Hand"},{"floor":9.0,"key":"Shuriken"},{"floor":11.0,"key":"Ancient Tea Set"},{"floor":14.0,"key":"Odd Mushroom"},{"floor":23.0,"key":"Bottled Tornado"},{"floor":24.0,"key":"Blood Vial"},{"floor":25.0,"key":"Bronze Scales"},{"floor":26.0,"key":"Anchor"},{"floor":28.0,"key":"Bag of Marbles"},{"floor":40,"key":"Whetstone"},{"floor":46,"key":"PreservedInsect"},{"floor":48,"key":"StrikeDummy"},{"floor":55,"key":"Letter Opener"}],"event_choices":[{"cards_removed":["Decay"],"damage_healed":0.0,"max_hp_gain":0.0,"max_hp_loss":0.0,"gold_gain":0.0,"event_name":"The Cleric","player_choice":"Card Removal","floor":2.0,"gold_loss":75.0,"damage_taken":0.0},{"damage_healed":0.0,"max_hp_gain":0.0,"max_hp_loss":0.0,"gold_gain":0.0,"event_name":"Wheel of Change","player_choice":"Relic","floor":3.0,"gold_loss":0.0,"damage_taken":0.0},{"damage_healed":0.0,"max_hp_gain":0.0,"max_hp_loss":0.0,"gold_gain":0.0,"event_name":"Mushrooms","player_choice":"Fought Mushrooms","floor":14.0,"gold_loss":0.0,"damage_taken":0.0},{"damage_healed":0.0,"max_hp_gain":0.0,"max_hp_loss":0.0,"gold_gain":0.0,"event_name":"Forgotten Altar","player_choice":"Smashed Altar","floor":19.0,"gold_loss":0.0,"damage_taken":0.0,"cards_obtained":["Decay"]},{"cards_removed":["Defragment"],"damage_healed":25.0,"max_hp_gain":0.0,"max_hp_loss":0.0,"gold_gain":0.0,"event_name":"Bonfire Elementals","player_choice":"Offered Uncommon","floor":21.0,"gold_loss":0.0,"damage_taken":0.0},{"damage_healed":0.0,"max_hp_gain":0.0,"max_hp_loss":0.0,"gold_gain":0.0,"event_name":"Tomb of Lord Red Mask","player_choice":"Ignored","floor":36.0,"gold_loss":0.0,"damage_taken":0.0},{"damage_healed":0.0,"max_hp_gain":0.0,"max_hp_loss":0.0,"gold_gain":0.0,"event_name":"SensoryStone","player_choice":"Memory 3","floor":37.0,"gold_loss":0.0,"damage_taken":10.0}],"is_beta":false,"boss_relics":[{"not_picked":["Ectoplasm","Black Star"],"picked":"Fusion Hammer"},{"not_picked":["Runic Pyramid","SacredBark"],"picked":"Snecko Eye"}],"items_purged_floors":[20,47],"is_endless":false,"potions_floor_spawned":[4,6,8,14,18,22,25,29,31,38,39,40],"killed_by":"The Heart","ascension_level":20}}