{"host":"u7y9frlpoazak2mn","time":1609912694,"event":{"mods":["2.2 Compatiblity","AchievementEnabler","Aspiration","BaseMod","Better Match","Better Note","Better Sensory Stone","Better Skull","Colored Powertips","Conspire","Downfall","Energized Spire","GifTheSpireLib","Hermit","Highlight Path","Hubris","Marisa????????","Marked Mod","Mimic Mod","Minty Spire (QoL Compilation)","Permanent Neow","Rare Cards Sparkle","Relic Sorter","Remilia??????","Replay The Spire","Shade Mod","Somnambulant","Spikes Relics","StSLib","Stuff the Spire","The Administrix","The Alterego","The Blue Laboratory","The Construct","The Cursed","The Forsaken","The Hayseed","The Hierophant","The Judge","The Marked","The Runesmith","The Senshi","The Servant 0.9.4","TheBandit","TheVacant","Transform Curses","Unceasing Turn Reminder","Waifu the Spire","everything is the same but u backflip on backflip","slay the spire mod where everything is the same but ironclad has a cowboy hat"],"gold_per_floor":[119,135,135,135,150,166,118,118,118,118,135,147,165,10,10,107,107,125,109,63,74,74,74],"floor_reached":22,"playtime":1158,"items_purged":["Go for the Eyes"],"score":180,"play_id":"6cf8f468-bdda-4f66-9a8f-72a15eeaa771","local_time":"20210106005814","is_ascension_mode":false,"campfire_choices":[{"floor":8,"key":"REST"},{"floor":15,"key":"REST"}],"circlet_count":0,"master_deck":["Strike_B","Strike_B","Strike_B","Strike_B","Defend_B","Defend_B","Defend_B","Defend_B","Zap","Dualcast","Gash","ReplayTheSpireMod:GoodbyeWorld","Panic Button","StuffTheSpire:LoadUp","StuffTheSpire:Plugnplay","Defragment","BasicCrystalCard","ReplayGash","BasicCrystalCard","DiskWipe","hubris:DoWhile","Consume+1","StuffTheSpire:Plugnplay"],"relics":["Cracked Core","aspiration:DSix","theSenshi:SailorFukuRelic","CaptainsWheel","Sandwich"],"acts_visited":["Exordium","TheCity"],"potions_floor_usage":[6,13,21],"damage_taken":[{"damage":1,"enemies":"Jaw Worm","floor":1,"turns":3},{"damage":0,"enemies":"2 Louse","floor":2,"turns":2},{"damage":0,"enemies":"Cultist","floor":5,"turns":2},{"damage":31,"enemies":"Exordium Wildlife","floor":6,"turns":5},{"damage":8,"enemies":"Red Slaver","floor":11,"turns":3},{"damage":14,"enemies":"2 Fungi Beasts","floor":12,"turns":4},{"damage":7,"enemies":"Large Slime","floor":13,"turns":5},{"damage":28,"enemies":"Slime Boss","floor":16,"turns":9},{"damage":10,"enemies":"Chosen","floor":18,"turns":3},{"damage":36,"enemies":"2 Thieves","floor":19,"turns":4},{"damage":26,"enemies":"Cultist and Chosen","floor":21,"turns":5},{"damage":8,"enemies":"3 Cultists","floor":22,"turns":2}],"seed_played":"-6030866521339760301","potions_obtained":[{"floor":5,"key":"blueLaboratory:SystemWipe"},{"floor":6,"key":"Milkshake"},{"floor":11,"key":"Weak Potion"},{"floor":12,"key":"SpeedPotion"},{"floor":18,"key":"blueLaboratory:HorrorPotion"},{"floor":19,"key":"blueLaboratory:RelayPotion"},{"floor":21,"key":"Milkshake"}],"is_trial":false,"path_per_floor":["M","M","?","?","M","M","$","R","T","?","M","M","M","$","R","B",null,"M","M","$","M","M"],"character_chosen":"DEFECT","items_purchased":["BasicCrystalCard","DiskWipe","StuffTheSpire:Plugnplay"],"campfire_rested":2,"item_purchase_floors":[7,14,20],"current_hp_per_floor":[74,74,74,74,74,43,43,65,65,65,57,43,36,36,58,30,75,65,29,29,3,0,0],"gold":74,"neow_bonus":"DSIX","is_daily":false,"chose_seed":false,"campfire_upgraded":0,"win_rate":0.0,"timestamp":1609912694,"path_taken":["M","M","?","?","M","?","$","R","T","?","M","M","?","$","R","BOSS","M","M","$","M","M"],"items_purchased_type":["Card","Card","Card"],"build_version":"2020-12-22","purchased_purges":1,"victory":false,"max_hp_per_floor":[75,75,75,75,75,75,75,75,75,75,75,75,75,75,75,75,75,75,75,75,75,75,75],"card_choices":[{"not_picked":["Streamline","Beam Cell"],"picked":"Gash","floor":1},{"not_picked":["Redo","Go for the Eyes"],"picked":"ReplayTheSpireMod:GoodbyeWorld","floor":2},{"not_picked":["ReplayTheSpireMod:Dual Polarity","Time Bomb"],"picked":"Defragment","floor":5},{"not_picked":["Cold Snap","Redo","Double Energy"],"picked":"SKIP","floor":6},{"not_picked":["Barrage","Redo"],"picked":"ReplayGash","floor":11},{"not_picked":["Chaos","Sunder","Turbo"],"picked":"SKIP","floor":12},{"not_picked":["White Noise","Stack"],"picked":"BasicCrystalCard","floor":13},{"not_picked":["Core Surge","ReplayTheSpireMod:Omega Cannon"],"picked":"hubris:DoWhile","floor":16},{"not_picked":["Leap","Rebound+1"],"picked":"Consume+1","floor":18},{"not_picked":["Beam Cell","Rebound","Streamline"],"picked":"SKIP","floor":19},{"not_picked":["Leap","Redo","Beam Cell+1"],"picked":"SKIP","floor":21}],"player_experience":323537,"relics_obtained":[{"floor":10,"key":"CaptainsWheel"}],"event_choices":[{"cards_removed":["Doom and Gloom"],"damage_healed":0,"gold_gain":0,"player_choice":"Gave Card","damage_taken":0,"relics_obtained":["theSenshi:SailorFukuRelic"],"max_hp_gain":0,"max_hp_loss":0,"event_name":"WeMeetAgain","floor":4,"gold_loss":0},{"damage_healed":0,"gold_gain":0,"player_choice":"Relic","damage_taken":0,"max_hp_gain":0,"max_hp_loss":0,"event_name":"Wheel of Change","floor":10,"gold_loss":0}],"is_beta":false,"boss_relics":[{"not_picked":["hubris:ScarierMask","conspire:RoyalGoblet"],"picked":"Sandwich"}],"items_purged_floors":[14],"is_endless":false,"potions_floor_spawned":[5,6,11,12,18,19,21],"killed_by":"3 Cultists","ascension_level":0}}