{"host":"36mulxq349byzoa2","time":1609893101,"event":{"mods":["AchievementEnabler","BaseMod","Better Match","Block Reminder","Colored Map","Colored Powertips","Minty Spire (QoL Compilation)","Rare Cards Sparkle","StSLib","SuperFastMode"],"gold_per_floor":[114,39,39,10,10,44,44,79,79,98,115,145,162,180,180,180,180],"floor_reached":16,"playtime":355,"items_purged":[],"score":332,"play_id":"592cf372-9216-43be-aa45-6c7e217dd9e5","local_time":"20210105193141","is_ascension_mode":true,"campfire_choices":[{"floor":15,"key":"REST"}],"circlet_count":0,"master_deck":["AscendersBane","Strike_G","Strike_G","Strike_G+1","Strike_G","Strike_G+1","Defend_G","Defend_G","Defend_G","Defend_G","Survivor","Neutralize","Dagger Throw","Dagger Throw","Reflex","All Out Attack","After Image","Acrobatics","Terror"],"relics":["Ring of the Snake","NeowsBlessing","Blood Vial","Ginger","Singing Bowl","Smiling Mask"],"acts_visited":["Exordium"],"potions_floor_usage":[12,14,14],"damage_taken":[{"damage":0,"enemies":"Cultist","floor":1,"turns":1},{"damage":0,"enemies":"Gremlin Nob","floor":6,"turns":1},{"damage":0,"enemies":"3 Sentries","floor":8,"turns":1},{"damage":0,"enemies":"Small Slimes","floor":10,"turns":2},{"damage":0,"enemies":"Jaw Worm","floor":11,"turns":4},{"damage":24,"enemies":"Gremlin Nob","floor":12,"turns":4},{"damage":19,"enemies":"Large Slime","floor":13,"turns":7},{"damage":5,"enemies":"Exordium Wildlife","floor":14,"turns":6},{"damage":28,"enemies":"Slime Boss","floor":16,"turns":7}],"seed_played":"-3644090146679834173","potions_obtained":[{"floor":1,"key":"Weak Potion"},{"floor":12,"key":"EssenceOfSteel"},{"floor":13,"key":"DistilledChaos"}],"is_trial":false,"path_per_floor":["M","?","?","$","?","E","?","E","T","M","M","E","M","M","R","B"],"character_chosen":"THE_SILENT","items_purchased":["Dagger Throw"],"campfire_rested":1,"item_purchase_floors":[4],"current_hp_per_floor":[59,59,39,39,61,61,35,37,37,41,45,23,6,3,24,0,0],"gold":180,"neow_bonus":"THREE_ENEMY_KILL","is_daily":false,"chose_seed":false,"campfire_upgraded":0,"win_rate":0.0,"timestamp":1609893101,"path_taken":["M","?","?","?","?","E","?","E","T","M","M","E","M","M","R","BOSS"],"items_purchased_type":["Card"],"build_version":"2020-12-22","purchased_purges":0,"victory":false,"max_hp_per_floor":[66,66,66,66,66,66,66,66,66,68,70,70,70,70,70,70,70],"card_choices":[{"not_picked":["Endless Agony","Acrobatics"],"picked":"Dagger Throw","floor":1},{"not_picked":["Underhanded Strike","Outmaneuver"],"picked":"Reflex","floor":6},{"not_picked":["Crippling Poison","Dagger Spray"],"picked":"All Out Attack","floor":8},{"not_picked":["Setup","Blade Dance","Flying Knee"],"picked":"Singing Bowl","floor":10},{"not_picked":["Deflect","Deadly Poison","Dagger Throw"],"picked":"Singing Bowl","floor":11},{"not_picked":["Outmaneuver","Adrenaline"],"picked":"After Image","floor":12},{"not_picked":["Poisoned Stab","Cloak And Dagger"],"picked":"Acrobatics","floor":13},{"not_picked":["Cloak And Dagger","Riddle With Holes"],"picked":"Terror","floor":14}],"player_experience":1005093,"relics_obtained":[{"floor":6,"key":"Blood Vial"},{"floor":8,"key":"Ginger"},{"floor":9,"key":"Singing Bowl"},{"floor":12,"key":"Smiling Mask"}],"event_choices":[{"cards_removed":["Defend_G"],"damage_healed":0,"gold_gain":0,"player_choice":"Card Removal","damage_taken":0,"max_hp_gain":0,"max_hp_loss":0,"event_name":"The Cleric","floor":2,"gold_loss":75},{"damage_healed":0,"gold_gain":0,"player_choice":"Entered Light","damage_taken":20,"max_hp_gain":0,"max_hp_loss":0,"event_name":"Shining Light","floor":3,"gold_loss":0,"cards_upgraded":["Strike_G","Strike_G"]},{"damage_healed":22,"gold_gain":0,"player_choice":"Banana","damage_taken":0,"max_hp_gain":0,"max_hp_loss":0,"event_name":"Big Fish","floor":5,"gold_loss":0},{"damage_healed":0,"gold_gain":0,"player_choice":"Fled","damage_taken":26,"max_hp_gain":0,"max_hp_loss":0,"event_name":"Scrap Ooze","floor":7,"gold_loss":0}],"is_beta":false,"boss_relics":[],"items_purged_floors":[],"is_endless":false,"potions_floor_spawned":[1,12,13],"killed_by":"Slime Boss","ascension_level":19}}