{"host":"zcz0awyw9el3eccp","time":1609959061,"event":{"mods":["AchievementEnabler","BaseMod","Colored Powertips","Googly Eyes","Minty Spire (QoL Compilation)","Quick Restart","StSLib"],"gold_per_floor":[117,117,192,206,206,206,131,146,222,246,269,269,269],"floor_reached":12,"playtime":495,"items_purged":["Strike_R"],"score":70,"play_id":"beab2980-7143-44ac-b8b7-ecfba1043377","local_time":"20210106195101","is_ascension_mode":false,"campfire_choices":[{"floor":6,"key":"RECALL"}],"circlet_count":0,"master_deck":["Strike_R","Strike_R","Strike_R","Strike_R","Defend_R+1","Defend_R+1","Defend_R","Defend_R","Bash","Headbutt","Body Slam","Evolve","Dual Wield","Pommel Strike"],"relics":["Burning Blood","Golden Idol","Matryoshka"],"acts_visited":["Exordium"],"potions_floor_usage":[10,12],"damage_taken":[{"damage":9,"enemies":"Small Slimes","floor":1,"turns":4},{"damage":0,"enemies":"Jaw Worm","floor":4,"turns":5},{"damage":0,"enemies":"2 Louse","floor":8,"turns":3},{"damage":19,"enemies":"Large Slime","floor":10,"turns":8},{"damage":11,"enemies":"2 Fungi Beasts","floor":11,"turns":4},{"damage":12,"enemies":"Lagavulin","floor":12,"turns":6}],"seed_played":"2698239487647682109","potions_obtained":[{"floor":4,"key":"Weak Potion"},{"floor":8,"key":"Explosive Potion"}],"is_trial":false,"path_per_floor":["M","?","?","M","?","R","$","M","T","M","M","E"],"character_chosen":"IRONCLAD","items_purchased":[],"campfire_rested":0,"item_purchase_floors":[],"current_hp_per_floor":[85,67,56,62,40,40,40,46,46,33,28,16,16],"gold":269,"neow_bonus":"TEN_PERCENT_HP_BONUS","is_daily":false,"chose_seed":false,"campfire_upgraded":0,"win_rate":0.0,"timestamp":1609959061,"path_taken":["M","?","?","M","?","R","?","M","T","M","?","E"],"items_purchased_type":[],"build_version":"2020-12-22","purchased_purges":1,"victory":false,"max_hp_per_floor":[88,88,88,88,88,88,88,88,88,88,88,88,88],"card_choices":[{"not_picked":["Clash","Infernal Blade"],"picked":"Headbutt","floor":1},{"not_picked":["Perfected Strike","Entrench"],"picked":"Body Slam","floor":4},{"not_picked":["Intimidate","Anger"],"picked":"Evolve","floor":8},{"not_picked":["Dark Embrace","Searing Blow"],"picked":"Dual Wield","floor":10},{"not_picked":["Body Slam","Dual Wield"],"picked":"Pommel Strike","floor":11}],"player_experience":89596,"relics_obtained":[{"floor":9,"key":"Matryoshka"}],"event_choices":[{"damage_healed":0,"gold_gain":0,"player_choice":"Entered Light","damage_taken":18,"max_hp_gain":0,"max_hp_loss":0,"event_name":"Shining Light","floor":2,"gold_loss":0,"cards_upgraded":["Defend_R","Defend_R"]},{"damage_healed":0,"gold_gain":75,"player_choice":"Gather Gold","damage_taken":11,"max_hp_gain":0,"max_hp_loss":0,"event_name":"World of Goop","floor":3,"gold_loss":0},{"damage_healed":0,"gold_gain":0,"player_choice":"Take Damage","damage_taken":22,"relics_obtained":["Golden Idol"],"max_hp_gain":0,"max_hp_loss":0,"event_name":"Golden Idol","floor":5,"gold_loss":0}],"is_beta":false,"boss_relics":[],"items_purged_floors":[7],"is_endless":false,"potions_floor_spawned":[4,8],"killed_by":"Lagavulin","ascension_level":0}}