{"host":"ecaj4hn004xnnrw9","time":1609953020,"event":{"mods":["AchievementEnabler","BaseMod","Hermit","Minty Spire (QoL Compilation)","Quick Restart","Replay The Spire","Shop Mod","StSLib","The Jungle"],"gold_per_floor":[110,130,140,140,152,182,182,213,213,213,213],"floor_reached":10,"playtime":335,"items_purged":[],"score":117,"play_id":"f8b3b14f-fdbb-449b-8cd9-42688ea7611f","local_time":"20210106171020","is_ascension_mode":true,"campfire_choices":[{"floor":7,"key":"REST"}],"circlet_count":0,"master_deck":["AscendersBane","Strike_R","Strike_R","Strike_R","Strike_R","Strike_R","Defend_R","Defend_R+1","Defend_R","Defend_R","Bash","ReplayTheSpireMod:Strike From Hell+1","Wild Strike","Uppercut","Havoc","Immolate"],"relics":["Velvet Choker","Kunai","Paper Frog","Blue Candle"],"acts_visited":["Exordium"],"potions_floor_usage":[8,10],"damage_taken":[{"damage":5,"enemies":"2 Louse","floor":1,"turns":4},{"damage":7,"enemies":"Jaw Worm","floor":2,"turns":3},{"damage":0,"enemies":"Cultist","floor":3,"turns":2},{"damage":8,"enemies":"2 Fungi Beasts","floor":5,"turns":3},{"damage":28,"enemies":"Replay:BlueRogue","floor":6,"turns":5},{"damage":16,"enemies":"Gremlin Nob","floor":8,"turns":3},{"damage":17,"enemies":"Replay:BlueRogue","floor":10,"turns":3}],"seed_played":"-1391374926778425781","potions_obtained":[{"floor":2,"key":"Venom Potion"},{"floor":6,"key":"SneckoOil"}],"is_trial":false,"path_per_floor":["M","M","M","?","M","E","R","E","T","E"],"character_chosen":"IRONCLAD","items_purchased":[],"campfire_rested":1,"item_purchase_floors":[],"current_hp_per_floor":[67,60,60,44,36,8,32,16,16,0,0],"gold":213,"neow_bonus":"BOSS_RELIC","is_daily":false,"chose_seed":false,"campfire_upgraded":0,"win_rate":0.0,"timestamp":1609953020,"path_taken":["M","M","M","?","M","E","R","E","T","E"],"items_purchased_type":[],"build_version":"2020-12-22","purchased_purges":0,"victory":false,"max_hp_per_floor":[80,80,80,80,80,80,80,80,80,80,80],"card_choices":[{"not_picked":["True Grit","Wild Strike"],"picked":"ReplayTheSpireMod:Strike From Hell","floor":1},{"not_picked":["Thunderclap","True Grit"],"picked":"Wild Strike","floor":2},{"not_picked":["Twin Strike","ReplayTheSpireMod:Corrosion Curse"],"picked":"Uppercut","floor":3},{"not_picked":["Reckless Charge","Sword Boomerang"],"picked":"Havoc","floor":5},{"not_picked":["Bloodletting","Second Wind","Massacre"],"picked":"SKIP","floor":6},{"not_picked":["Juggernaut","Wild Strike"],"picked":"Immolate","floor":8}],"player_experience":238145,"relics_obtained":[{"floor":6,"key":"Kunai"},{"floor":8,"key":"Paper Frog"},{"floor":9,"key":"Blue Candle"}],"event_choices":[{"damage_healed":0,"gold_gain":0,"player_choice":"Entered Light","damage_taken":16,"max_hp_gain":0,"max_hp_loss":0,"event_name":"Shining Light","floor":4,"gold_loss":0,"cards_upgraded":["ReplayTheSpireMod:Strike From Hell","Defend_R"]}],"is_beta":false,"boss_relics":[],"items_purged_floors":[],"is_endless":false,"potions_floor_spawned":[2,6],"killed_by":"Replay:BlueRogue","ascension_level":10}}