{"host":"y36bp6mnm73x3iob","time":1609935782,"event":{"mods":["2.2 Compatiblity","Aspiration","BaseMod","Downfall","GifTheSpireLib","Hermit","Hubris","Marisa????????","Minty Spire (QoL Compilation)","Replay The Spire","Retaliation","StSLib","Stuff the Spire","The Disciple","The Servant 0.9.4"],"gold_per_floor":[109,109,34,47,64,64,76,76,103,120,120,140,47,66,66,161,161,135,135,38,49,49,49,64,64,93,93,93,93,93,112,112,143,143,240,240,255,103,103,103,103,132,132],"floor_reached":42,"playtime":3624,"items_purged":["Regret"],"score":579,"play_id":"220510d5-2690-4335-a5e4-28e4082e1f13","local_time":"20210106142302","is_ascension_mode":false,"campfire_choices":[{"data":"Potential","floor":6.0,"key":"SMITH"},{"data":"StuffTheSpire:Innocence","floor":15,"key":"SMITH"},{"data":"ReturningBlade+1","floor":25,"key":"SMITH"},{"data":"StarChef","floor":27,"key":"SMITH"},{"floor":29,"key":"REST"},{"floor":34,"key":"DIG"}],"circlet_count":0,"master_deck":["Strike_S","Strike_S","Defend_S","Defend_S","Defend_S","Defend_S","KidneyShot","Exchange","SpecialFormula","Potential+1","Ricochet","SurpressingFire","Rewind","StuffTheSpire:Innocence+1","StarChef+1","Starlight","Replay:Parry+1","Alleviate","FlawlessForm","Barrier","Contraction","Replay:SS_forest_2","Contraction","ReturningBlade+2","GearUp+1","Spin","Foresight","KillingDoll","Ricochet+1","BestPractice","SpecialFormula","BottledTime"],"relics":["Uniform","Thread and Needle","aspiration:TrustyKnives","Honey Jar","StuffTheSpire:NeowsTribute","Replay:Kaleidoscope","Sundial","aspiration:HiddenCompartment","Happy Flower","Ring of Chaos","StuffTheSpire:GreaterSneckoEye","StrikeDummy"],"acts_visited":["Exordium","TheCity","TheBeyond"],"potions_floor_usage":[10,16,26,42,42,42],"damage_taken":[{"damage":2.0,"enemies":"Jaw Worm","floor":1.0,"turns":5.0},{"damage":0.0,"enemies":"Cultist","floor":4.0,"turns":4.0},{"damage":0.0,"enemies":"2 Louse","floor":5.0,"turns":2.0},{"damage":0.0,"enemies":"Gremlin Gang","floor":7.0,"turns":7.0},{"damage":0,"enemies":"Looter","floor":10,"turns":4},{"damage":1,"enemies":"2 Fungi Beasts","floor":12,"turns":5},{"damage":0,"enemies":"Exordium Thugs","floor":14,"turns":4},{"damage":0,"enemies":"Hexaghost","floor":16,"turns":15},{"damage":1,"enemies":"2 Thieves","floor":18,"turns":5},{"damage":26,"enemies":"3 Byrds","floor":21,"turns":10},{"damage":1,"enemies":"Sentry and Sphere","floor":24,"turns":10},{"damage":20,"enemies":"Book of Stabbing","floor":26,"turns":13},{"damage":0,"enemies":"Snake Plant","floor":31,"turns":8},{"damage":0,"enemies":"Replay:Snechameleon","floor":33,"turns":9},{"damage":0,"enemies":"Champ","floor":35,"turns":21},{"damage":0,"enemies":"Orb Walker","floor":37,"turns":5},{"damage":42,"enemies":"Reptomancer","floor":42,"turns":9}],"seed_played":"-1837180932893702097","potions_obtained":[{"floor":4.0,"key":"Elixir"},{"floor":5.0,"key":"Venom Potion"},{"floor":14,"key":"ColorlessPotion"},{"floor":18,"key":"Ancient Potion"},{"floor":24,"key":"Flashbang"},{"floor":35,"key":"Toxic Potion"},{"floor":42,"key":"Elixir"}],"is_trial":false,"path_per_floor":["M","?","$","M","M","R","M","?","T","M","?","M","$","M","R","B",null,"M","?","$","M","PTL","PTL","M","R","E","R","T","R","?","M","T","E","R","B",null,"M","$","?","$","?","E"],"character_chosen":"THE_SERVANT","items_purchased":["Replay:Parry","Replay:SS_forest_2","BestPractice","SpecialFormula"],"campfire_rested":1,"item_purchase_floors":[13,20,38,38],"current_hp_per_floor":[63,63,63,65,65,65,65,58,58,58,58,62,62,65,65,65,65,65,65,65,44,44,44,48,48,33,33,33,52,52,57,57,62,62,65,65,65,65,45,45,45,13,13],"gold":132,"neow_bonus":"ONE_RARE_RELIC","is_daily":false,"chose_seed":false,"campfire_upgraded":4,"win_rate":0.0,"timestamp":1609935782,"path_taken":["M","?","$","?","M","R","M","?","T","M","?","?","$","M","R","BOSS","M","?","?","M","PTL","PTL","M","R","E","R","T","R","?","?","?","E","R","BOSS","M","$","?","$","?","E"],"items_purchased_type":["Card","Card","Card","Card"],"build_version":"2020-12-22","purchased_purges":1,"victory":false,"max_hp_per_floor":[65,65,65,65,65,65,65,65,65,65,65,65,65,65,65,65,65,65,65,65,65,65,65,65,65,65,65,65,65,65,65,65,65,65,65,65,65,65,65,65,65,65,65],"card_choices":[{"not_picked":["Potential","WasteNot"],"picked":"SpecialFormula","floor":1.0},{"not_picked":["FastForward","WasteNot"],"picked":"Ricochet","floor":4.0},{"not_picked":["Spin","Deny"],"picked":"SurpressingFire","floor":5.0},{"not_picked":["Defy","ShatteredReality"],"picked":"Rewind","floor":7.0},{"not_picked":["BottledTime","DoubleEdge"],"picked":"StarChef","floor":10},{"not_picked":["Unruled","FastForward"],"picked":"Starlight","floor":12},{"not_picked":["Shuttle","SpecialFormula"],"picked":"Alleviate","floor":14},{"not_picked":["Dilation","LightFlow"],"picked":"FlawlessForm","floor":16},{"not_picked":["DoubleEdge","Revamp","FastForward"],"picked":"Barrier","floor":18},{"not_picked":["Starlight","Gouge","Reset+1"],"picked":"Contraction","floor":21},{"not_picked":["DoubleEdge","Potential","StarChef"],"picked":"ReturningBlade+1","floor":24},{"not_picked":["Replace","Sabotage","FastForward+1"],"picked":"GearUp+1","floor":26},{"not_picked":["InstantArmor","Ricochet","FastForward"],"picked":"Spin","floor":31},{"not_picked":["Defy+1","Alleviate","Replace"],"picked":"Foresight","floor":33},{"not_picked":["ForgedInTime","FlawlessForm","Solidify"],"picked":"KillingDoll","floor":35},{"not_picked":["RealityMarble+1","Defy+1","Unruled"],"picked":"Ricochet+1","floor":37},{"not_picked":["ReturningBlade","Ricochet","InstantArmor+1"],"picked":"BottledTime","floor":42}],"player_experience":394352,"relics_obtained":[{"floor":9.0,"key":"aspiration:TrustyKnives"},{"floor":26,"key":"StuffTheSpire:NeowsTribute"},{"floor":28,"key":"Replay:Kaleidoscope"},{"floor":32,"key":"Sundial"},{"floor":33,"key":"aspiration:HiddenCompartment"},{"floor":34,"key":"Happy Flower"},{"floor":39,"key":"StuffTheSpire:GreaterSneckoEye"},{"floor":42,"key":"StrikeDummy"}],"event_choices":[{"damage_healed":0.0,"max_hp_gain":0.0,"max_hp_loss":0.0,"gold_gain":0.0,"cards_transformed":["Strike_S"],"event_name":"Transmorgrifier","player_choice":"Transformed","floor":2.0,"gold_loss":0.0,"damage_taken":0.0,"cards_obtained":["Potential"]},{"cards_removed":["Strike_S"],"damage_healed":0,"gold_gain":0,"player_choice":"Purged","damage_taken":0,"max_hp_gain":0,"max_hp_loss":0,"event_name":"Purifier","floor":11,"gold_loss":0},{"damage_healed":0,"gold_gain":0,"player_choice":"Read","damage_taken":0,"max_hp_gain":0,"max_hp_loss":0,"event_name":"The Library","floor":19,"gold_loss":0,"cards_obtained":["Contraction"]},{"damage_healed":0,"gold_gain":0,"player_choice":"Upgraded","damage_taken":0,"max_hp_gain":0,"max_hp_loss":0,"event_name":"Upgrade Shrine","floor":30,"gold_loss":0,"cards_upgraded":["Replay:Parry"]},{"damage_healed":0,"gold_gain":0,"player_choice":"Ignored","damage_taken":0,"max_hp_gain":0,"max_hp_loss":0,"event_name":"Purifier","floor":41,"gold_loss":0}],"is_beta":false,"boss_relics":[{"not_picked":["Pandora\u0027s Box","aspiration:RitualDagger"],"picked":"Honey Jar"},{"not_picked":["ChewingGum","Coffee Dripper"],"picked":"Ring of Chaos"}],"items_purged_floors":[3],"is_endless":false,"potions_floor_spawned":[4,5,14,18,24,35,42],"killed_by":"Reptomancer","ascension_level":0}}