{"host":"vumwfieg2b2mnrfl","time":1609891994,"event":{"mods":["AchievementEnabler","BaseMod","Minty Spire (QoL Compilation)","Rare Cards Sparkle","Relic Stats"],"gold_per_floor":[109,109,284,303,320,320,339,371,396,425,425,437,469,569,569,667,667,687,637,649,437,453,453,466,466,466,466,498,498,525,450,450,450,450],"floor_reached":33,"playtime":1362,"items_purged":["Doubt"],"score":364,"play_id":"31c9d587-0688-46f9-98b2-eb24a6d4e86c","local_time":"20210105181314","is_ascension_mode":true,"campfire_choices":[{"data":"TalkToTheHand","floor":6,"key":"SMITH"},{"floor":15,"key":"REST"},{"data":"MentalFortress","floor":23,"key":"SMITH"},{"floor":27,"key":"REST"},{"floor":32,"key":"REST"}],"circlet_count":0,"master_deck":["Strike_P+1","Strike_P","Strike_P","Defend_P","Defend_P","Defend_P","Eruption","Vigilance","Omniscience+1","ReachHeaven","TalkToTheHand+1","Meditate+1","FearNoEvil+1","Tantrum","Vengeance+1","Consecrate+1","Protect","LessonLearned","LessonLearned+1","TalkToTheHand","TalkToTheHand","FearNoEvil","MentalFortress+1","MentalFortress"],"relics":["HolyWater","Happy Flower","Strawberry","Smiling Mask","Yang","Lantern","Orrery","Bottled Flame","Pantograph","Sundial","Prayer Wheel"],"acts_visited":["Exordium","TheCity"],"potions_floor_usage":[7,12,30,30,33,33],"damage_taken":[{"damage":6,"enemies":"2 Louse","floor":1,"turns":2},{"damage":2,"enemies":"Jaw Worm","floor":4,"turns":3},{"damage":6,"enemies":"Cultist","floor":5,"turns":4},{"damage":0,"enemies":"3 Louse","floor":7,"turns":3},{"damage":2,"enemies":"Gremlin Nob","floor":8,"turns":3},{"damage":22,"enemies":"3 Sentries","floor":10,"turns":4},{"damage":3,"enemies":"Looter","floor":12,"turns":2},{"damage":10,"enemies":"Lagavulin","floor":13,"turns":6},{"damage":17,"enemies":"The Guardian","floor":16,"turns":13},{"damage":24,"enemies":"3 Byrds","floor":18,"turns":5},{"damage":0,"enemies":"Chosen","floor":20,"turns":4},{"damage":15,"enemies":"Shelled Parasite and Fungi","floor":22,"turns":5},{"damage":7,"enemies":"Cultist and Chosen","floor":24,"turns":5},{"damage":13,"enemies":"Book of Stabbing","floor":28,"turns":5},{"damage":25,"enemies":"Gremlin Leader","floor":30,"turns":7},{"damage":106,"enemies":"Automaton","floor":33,"turns":6}],"seed_played":"-1217058354641540474","potions_obtained":[{"floor":1,"key":"Fire Potion"},{"floor":4,"key":"Fire Potion"},{"floor":7,"key":"SkillPotion"},{"floor":8,"key":"PowerPotion"},{"floor":18,"key":"Strength Potion"},{"floor":30,"key":"Fruit Juice"}],"is_trial":false,"path_per_floor":["M","$","?","M","M","R","M","E","T","E","?","M","E","?","R","B",null,"M","$","M","$","M","R","M","?","T","R","E","?","E","?","R","B"],"character_chosen":"WATCHER","items_purchased":["TalkToTheHand","Orrery"],"campfire_rested":3,"item_purchase_floors":[21,21],"current_hp_per_floor":[66,66,66,64,58,58,58,56,63,41,38,35,25,25,48,31,79,55,55,55,55,40,40,33,33,33,56,43,43,23,23,47,0,0],"gold":450,"neow_bonus":"TRANSFORM_TWO_CARDS","is_daily":false,"chose_seed":false,"campfire_upgraded":2,"win_rate":0.0,"timestamp":1609891994,"path_taken":["M","$","?","M","M","R","M","E","T","E","?","M","E","?","R","BOSS","M","$","M","$","M","R","M","?","T","R","E","?","E","?","R","BOSS"],"items_purchased_type":["Card","Relic"],"build_version":"2020-12-22","purchased_purges":1,"victory":false,"max_hp_per_floor":[72,72,72,72,72,72,72,72,79,79,79,79,79,79,79,79,79,79,79,79,79,79,79,79,79,79,79,79,79,84,81,81,81,81],"relic_stats":{"Happy Flower":[20],"counters":[16,77],"Sundial":[0],"Pantograph":25,"Yang":[130],"Prayer Wheel":0,"Smiling Mask":25,"obtain_stats":[{"Lantern":13,"Bottled Flame":26,"Happy Flower":8,"Sundial":29,"Strawberry":9,"Pantograph":28,"HolyWater":17,"Orrery":21,"Yang":11,"Prayer Wheel":30,"PureWater":0,"Smiling Mask":10},{"Lantern":8,"Bottled Flame":13,"Happy Flower":5,"Sundial":14,"Strawberry":5,"Pantograph":14,"HolyWater":9,"Orrery":11,"Yang":6,"Prayer Wheel":15,"PureWater":0,"Smiling Mask":6},{"Lantern":27,"Bottled Flame":59,"Happy Flower":15,"Sundial":64,"Strawberry":15,"Pantograph":64,"HolyWater":40,"Orrery":49,"Yang":19,"Prayer Wheel":71,"PureWater":0,"Smiling Mask":19}]},"card_choices":[{"not_picked":["FlyingSleeves","SandsOfTime"],"picked":"TalkToTheHand","floor":1},{"not_picked":["Nirvana","Crescendo"],"picked":"Meditate","floor":4},{"not_picked":["JustLucky","SignatureMove"],"picked":"FearNoEvil","floor":5},{"not_picked":["Halt","JustLucky"],"picked":"Tantrum","floor":7},{"not_picked":["SandsOfTime","Scrawl"],"picked":"Vengeance","floor":8},{"not_picked":["Halt","BowlingBash"],"picked":"Consecrate","floor":10},{"not_picked":["SignatureMove","JustLucky"],"picked":"Protect","floor":12},{"not_picked":["Consecrate","JustLucky"],"picked":"LessonLearned","floor":13},{"not_picked":["Establishment","Vault"],"picked":"LessonLearned","floor":16},{"not_picked":["ClearTheMind","JustLucky","FlyingSleeves"],"picked":"SKIP","floor":18},{"not_picked":["Nirvana","Protect+1","Halt"],"picked":"SKIP","floor":20},{"not_picked":["JustLucky+1","BowlingBash+1"],"picked":"TalkToTheHand","floor":21},{"not_picked":["SpiritShield","EmptyMind"],"picked":"FearNoEvil","floor":21},{"not_picked":["SashWhip","EmptyBody"],"picked":"MentalFortress","floor":22},{"not_picked":["DeceiveReality","Evaluate","EmptyFist+1"],"picked":"SKIP","floor":24},{"not_picked":["PathToVictory+1","SashWhip","EmptyFist+1"],"picked":"SKIP","floor":28},{"not_picked":["PathToVictory+1","SashWhip","EmptyFist+1"],"picked":"SKIP","floor":28},{"not_picked":["Consecrate+1","Alpha","Perseverance"],"picked":"SKIP","floor":30}],"player_experience":374832,"relics_obtained":[{"floor":8,"key":"Happy Flower"},{"floor":9,"key":"Strawberry"},{"floor":10,"key":"Smiling Mask"},{"floor":13,"key":"Lantern"},{"floor":26,"key":"Bottled Flame"},{"floor":28,"key":"Pantograph"},{"floor":30,"key":"Prayer Wheel"}],"event_choices":[{"damage_healed":0,"gold_gain":175,"player_choice":"AGREE","damage_taken":0,"max_hp_gain":0,"max_hp_loss":0,"event_name":"Liars Game","floor":3,"gold_loss":0,"cards_obtained":["Doubt"]},{"damage_healed":0,"gold_gain":0,"player_choice":"Success","damage_taken":3,"relics_obtained":["Yang"],"max_hp_gain":0,"max_hp_loss":0,"event_name":"Scrap Ooze","floor":11,"gold_loss":0},{"damage_healed":0,"gold_gain":100,"player_choice":"Pray","damage_taken":0,"max_hp_gain":0,"max_hp_loss":0,"event_name":"Golden Shrine","floor":14,"gold_loss":0},{"damage_healed":0,"gold_gain":0,"player_choice":"Read","damage_taken":0,"max_hp_gain":0,"max_hp_loss":0,"event_name":"The Library","floor":25,"gold_loss":0,"cards_obtained":["MentalFortress"]},{"damage_healed":0,"gold_gain":0,"player_choice":"Opened","damage_taken":0,"relics_obtained":["Sundial"],"max_hp_gain":0,"max_hp_loss":0,"event_name":"The Mausoleum","floor":29,"gold_loss":0},{"cards_removed":["Parasite"],"damage_healed":0,"gold_gain":0,"player_choice":"Gave Gold","damage_taken":0,"max_hp_gain":0,"max_hp_loss":0,"event_name":"Beggar","floor":31,"gold_loss":75}],"is_beta":false,"boss_relics":[{"not_picked":["Busted Crown","Runic Dome"],"picked":"HolyWater"}],"items_purged_floors":[19],"is_endless":false,"potions_floor_spawned":[1,4,7,8,18,22,30],"killed_by":"Automaton","ascension_level":4}}