{"host":"rmsq46plbpwfbxcc","time":1609933894,"event":{"mods":["AchievementEnabler","BaseMod","Colored Map","Colored Powertips","DeckTracker","KOR Keyword Fix","Minty Spire (QoL Compilation)","Permanent Neow","Quick Restart","SuperFastMode"],"gold_per_floor":[119,119,119,143,161,194,214,214,214,255,255,13,13,37,37,158,158,172,272,296,314,314,348,348,391,403,436,462,509,521,233,233,361,361,384,112,445,445,458,483,501,501,501,501,501,535,535,230,230,230,230,230,7,39,39,39],"floor_reached":55,"playtime":1610,"items_purged":["Strike_G","Defend_G","Strike_G","Strike_G","Parasite"],"score":1275,"play_id":"178290de-c086-4ac3-a137-2837cc49991a","local_time":"20210106205134","is_ascension_mode":true,"campfire_choices":[{"data":"Cloak And Dagger","floor":8.0,"key":"SMITH"},{"data":"Blade Dance","floor":11.0,"key":"SMITH"},{"data":"Noxious Fumes","floor":13.0,"key":"SMITH"},{"data":"Neutralize","floor":15.0,"key":"SMITH"},{"data":"Phantasmal Killer","floor":24.0,"key":"SMITH"},{"data":"Footwork","floor":30.0,"key":"SMITH"},{"floor":32.0,"key":"REST"},{"data":"Accuracy","floor":42.0,"key":"SMITH"},{"floor":45.0,"key":"REST"},{"data":"Envenom","floor":47.0,"key":"SMITH"},{"floor":49.0,"key":"RECALL"},{"data":"Adrenaline","floor":52.0,"key":"SMITH"}],"circlet_count":0,"master_deck":["AscendersBane","Strike_G","Strike_G","Defend_G","Defend_G","Defend_G","Defend_G","Survivor","Neutralize+1","Backstab","Cloak And Dagger+1","PiercingWail","Noxious Fumes+1","Blade Dance+1","Adrenaline+1","Flash of Steel","Phantasmal Killer+1","Footwork+1","Blur","Escape Plan","Accuracy+1","Choke+1","Envenom+1","Blade Dance+1"],"relics":["WristBlade","Spirit Poop","Singing Bowl","CaptainsWheel","Incense Burner","Black Star","Molten Egg 2","Orichalcum","Shuriken","MawBank","Gremlin Horn","Snake Skull","Blue Candle","Dream Catcher","Akabeko","Cursed Key","Happy Flower","Centennial Puzzle","Meat on the Bone","Lantern","StoneCalendar","Vajra","InkBottle","Ornamental Fan"],"acts_visited":["Exordium","TheCity","TheBeyond","TheEnding"],"potions_floor_usage":[],"damage_taken":[{"damage":6.0,"enemies":"Small Slimes","floor":1.0,"turns":5.0},{"damage":0.0,"enemies":"Cultist","floor":4.0,"turns":3.0},{"damage":0.0,"enemies":"2 Louse","floor":5.0,"turns":2.0},{"damage":24.0,"enemies":"3 Sentries","floor":6.0,"turns":11.0},{"damage":1.0,"enemies":"Exordium Thugs","floor":7.0,"turns":4.0},{"damage":17.0,"enemies":"Lagavulin","floor":10.0,"turns":9.0},{"damage":0.0,"enemies":"Large Slime","floor":14.0,"turns":3.0},{"damage":10.0,"enemies":"Hexaghost","floor":16.0,"turns":8.0},{"damage":0.0,"enemies":"Shell Parasite","floor":18.0,"turns":4.0},{"damage":0.0,"enemies":"Chosen","floor":20.0,"turns":3.0},{"damage":9.0,"enemies":"Shelled Parasite and Fungi","floor":21.0,"turns":5.0},{"damage":25.0,"enemies":"Gremlin Leader","floor":23.0,"turns":6.0},{"damage":9.0,"enemies":"Slavers","floor":25.0,"turns":6.0},{"damage":3.0,"enemies":"Snake Plant","floor":27.0,"turns":3.0},{"damage":0.0,"enemies":"Sentry and Sphere","floor":28.0,"turns":4.0},{"damage":0.0,"enemies":"Gremlin Leader","floor":29.0,"turns":4.0},{"damage":39.0,"enemies":"Automaton","floor":33.0,"turns":9.0},{"damage":4.0,"enemies":"3 Shapes","floor":35.0,"turns":3.0},{"damage":6.0,"enemies":"Orb Walker","floor":39.0,"turns":3.0},{"damage":31.0,"enemies":"Nemesis","floor":40.0,"turns":6.0},{"damage":17.0,"enemies":"Maw","floor":41.0,"turns":4.0},{"damage":2.0,"enemies":"Giant Head","floor":46.0,"turns":6.0},{"damage":12.0,"enemies":"Time Eater","floor":50.0,"turns":8.0},{"damage":11,"enemies":"Shield and Spear","floor":54,"turns":5},{"damage":75,"enemies":"The Heart","floor":55,"turns":3}],"seed_played":"-1760330325704772535","potions_obtained":[{"floor":5.0,"key":"SpeedPotion"},{"floor":10.0,"key":"AttackPotion"},{"floor":16.0,"key":"Explosive Potion"},{"floor":25.0,"key":"Swift Potion"},{"floor":28.0,"key":"SpeedPotion"},{"floor":33.0,"key":"Energy Potion"},{"floor":39.0,"key":"DistilledChaos"},{"floor":41.0,"key":"DistilledChaos"}],"is_trial":false,"path_per_floor":["M","?","?","M","M","E","M","R","T","E","R","$","R","M","R","B",null,"M","?","M","M","?","E","R","E","T","M","M","E","R","$","R","B",null,"M","$","?","?","M","E","M","R","T","?","R","E","R","$","R","B",null,"R","$","E","B"],"character_chosen":"THE_SILENT","items_purchased":["Adrenaline","Flash of Steel","Akabeko","PowerPotion","Happy Flower","Vajra","Fire Potion"],"campfire_rested":2,"item_purchase_floors":[12,12,31,31,36,48,53],"current_hp_per_floor":[57,57,57,57,57,33,34,34,34,17,17,17,17,19,19,9,58,58,58,60,53,53,30,30,21,21,20,22,22,22,22,49,12,69,65,65,65,65,59,30,27,27,27,27,53,53,53,53,53,53,81,81,81,70,0,0],"gold":39,"neow_bonus":"BOSS_RELIC","is_daily":false,"chose_seed":false,"campfire_upgraded":9,"win_rate":0.0,"timestamp":1609933894,"path_taken":["M","?","?","?","M","E","M","R","T","E","R","$","R","M","R","BOSS","M","?","?","M","?","E","R","E","T","?","M","E","R","$","R","BOSS","M","$","?","?","M","E","M","R","T","?","R","E","R","?","R","BOSS","R","$","E","BOSS"],"items_purchased_type":["Card","Card","Relic","Potion","Relic","Relic","Potion"],"build_version":"2020-12-22","purchased_purges":5,"victory":false,"max_hp_per_floor":[70,70,70,70,70,70,72,72,72,72,72,72,72,74,74,74,74,74,74,76,78,78,80,80,80,80,82,84,84,84,84,86,88,88,88,88,88,84,84,86,88,88,88,88,88,90,90,90,90,90,90,90,87,87,87,87],"card_choices":[{"not_picked":["Deadly Poison","Outmaneuver"],"picked":"Backstab","floor":1.0},{"not_picked":["Deflect","Prepared"],"picked":"Cloak And Dagger","floor":4.0},{"not_picked":["Cloak And Dagger","Well Laid Plans"],"picked":"PiercingWail","floor":5.0},{"not_picked":["Deadly Poison","Acrobatics"],"picked":"Noxious Fumes","floor":6.0},{"not_picked":["Heel Hook","Acrobatics","Leg Sweep"],"picked":"Singing Bowl","floor":7.0},{"not_picked":["Backflip","Blur"],"picked":"Blade Dance","floor":10.0},{"not_picked":["Quick Slash","PiercingWail","Outmaneuver"],"picked":"Singing Bowl","floor":14.0},{"not_picked":["Bullet Time","Tools of the Trade"],"picked":"Phantasmal Killer","floor":16.0},{"not_picked":["Heel Hook","Dagger Spray"],"picked":"Footwork","floor":18.0},{"not_picked":["Heel Hook","Well Laid Plans","Deadly Poison"],"picked":"Singing Bowl","floor":20.0},{"not_picked":["Poisoned Stab","Concentrate","Flechettes+1"],"picked":"Singing Bowl","floor":21.0},{"not_picked":["Deadly Poison","Wraith Form v2","Flying Knee+1"],"picked":"Singing Bowl","floor":23.0},{"not_picked":["Heel Hook+1","Slice+1"],"picked":"Blur","floor":25.0},{"not_picked":["Slice+1","Prepared+1","Expertise"],"picked":"Singing Bowl","floor":27.0},{"not_picked":["PiercingWail","Underhanded Strike+1","Outmaneuver"],"picked":"Singing Bowl","floor":28.0},{"not_picked":["Acrobatics","Slice+1"],"picked":"Escape Plan","floor":29.0},{"not_picked":["Catalyst","Dagger Spray+1","Cloak And Dagger"],"picked":"Singing Bowl","floor":32.0},{"not_picked":["Grand Finale+1","Doppelganger","Unload+1"],"picked":"Singing Bowl","floor":33.0},{"not_picked":["Underhanded Strike+1","Heel Hook+1"],"picked":"Accuracy","floor":35.0},{"not_picked":["Dagger Throw+1","Backflip"],"picked":"Choke+1","floor":39.0},{"not_picked":["Blade Dance","Distraction","Riddle With Holes+1"],"picked":"Singing Bowl","floor":40.0},{"not_picked":["Quick Slash+1","Bane+1","Blade Dance"],"picked":"Singing Bowl","floor":41.0},{"not_picked":["Crippling Poison","Cloak And Dagger"],"picked":"Envenom","floor":45.0},{"not_picked":["Predator+1","Quick Slash+1","Dodge and Roll"],"picked":"Singing Bowl","floor":46.0},{"not_picked":["All Out Attack+1","Crippling Poison"],"picked":"Blade Dance+1","floor":54}],"player_experience":663085,"relics_obtained":[{"floor":6.0,"key":"Singing Bowl"},{"floor":9.0,"key":"CaptainsWheel"},{"floor":10.0,"key":"Incense Burner"},{"floor":23.0,"key":"Orichalcum"},{"floor":23.0,"key":"Shuriken"},{"floor":25.0,"key":"MawBank"},{"floor":25.0,"key":"Gremlin Horn"},{"floor":26.0,"key":"Snake Skull"},{"floor":29.0,"key":"Blue Candle"},{"floor":29.0,"key":"Dream Catcher"},{"floor":40.0,"key":"Centennial Puzzle"},{"floor":40.0,"key":"Meat on the Bone"},{"floor":46.0,"key":"Lantern"},{"floor":46.0,"key":"StoneCalendar"},{"floor":54,"key":"InkBottle"},{"floor":54,"key":"Ornamental Fan"}],"event_choices":[{"damage_healed":0.0,"max_hp_gain":0.0,"max_hp_loss":0.0,"gold_gain":0.0,"event_name":"Golden Idol","player_choice":"Take Wound","floor":2.0,"gold_loss":0.0,"damage_taken":0.0,"relics_obtained":["Golden Idol"],"cards_obtained":["Injury"]},{"cards_removed":["Injury"],"damage_healed":0.0,"max_hp_gain":0.0,"max_hp_loss":0.0,"gold_gain":0.0,"event_name":"Bonfire Elementals","player_choice":"Offered Curse","floor":3.0,"gold_loss":0.0,"damage_taken":0.0,"relics_obtained":["Spirit Poop"]},{"damage_healed":0.0,"max_hp_gain":0.0,"max_hp_loss":0.0,"gold_gain":100.0,"event_name":"Golden Shrine","player_choice":"Pray","floor":19.0,"gold_loss":0.0,"damage_taken":0.0},{"damage_healed":0.0,"max_hp_gain":0.0,"max_hp_loss":0.0,"gold_gain":0.0,"event_name":"WeMeetAgain","player_choice":"Gave Potion","floor":22.0,"gold_loss":0.0,"damage_taken":0.0,"relics_obtained":["Molten Egg 2"]},{"damage_healed":0.0,"max_hp_gain":0.0,"max_hp_loss":0.0,"gold_gain":333.0,"event_name":"The Moai Head","player_choice":"Gave Idol","floor":37.0,"relics_lost":["Golden Idol"],"gold_loss":0.0,"damage_taken":0.0},{"damage_healed":0.0,"max_hp_gain":0.0,"max_hp_loss":4.0,"gold_gain":0.0,"event_name":"Winding Halls","player_choice":"Max HP","floor":38.0,"gold_loss":0.0,"damage_taken":0.0},{"damage_healed":0.0,"max_hp_gain":0.0,"max_hp_loss":0.0,"gold_gain":0.0,"event_name":"Tomb of Lord Red Mask","player_choice":"Ignored","floor":44.0,"gold_loss":0.0,"damage_taken":0.0}],"is_beta":false,"boss_relics":[{"not_picked":["Calling Bell","Pandora\u0027s Box"],"picked":"Black Star"},{"not_picked":["Philosopher\u0027s Stone","Velvet Choker"],"picked":"Cursed Key"}],"items_purged_floors":[12,31,36,48,53],"is_endless":false,"potions_floor_spawned":[5,10,16,20,25,28,33,39,41],"killed_by":"The Heart","ascension_level":12}}