{"host":"05vhm55ztg7fyvhd","time":1609955660,"event":{"mods":["BaseMod","Downfall","Googly Eyes","Hubris","Minty Spire (QoL Compilation)","Replay The Spire","Shop Mod","StSLib"],"gold_per_floor":[362,362,378,74,90,90,116,116,116,143,143,143,171,171,171,276,276,289,315,315,330,330,330,330,330],"floor_reached":24,"playtime":1341,"items_purged":[],"score":282,"play_id":"8bf559de-ebde-4ee1-add9-3aa31426898d","local_time":"20210106185420","is_ascension_mode":true,"campfire_choices":[{"data":"Echo Form","floor":6,"key":"SMITH"},{"floor":11,"key":"REST"},{"floor":15,"key":"REST"},{"data":"ReplayTheSpireMod:Omega Cannon","floor":23,"key":"SMITH"}],"circlet_count":0,"master_deck":["Strike_B","Strike_B+1","Strike_B","Strike_B","Defend_B+1","Defend_B","Defend_B","Defend_B","Zap","Dualcast","Buffer","Go for the Eyes","Echo Form+1","Rebound","Time Bomb","ReplayTheSpireMod:Omega Cannon","hubris:DoWhile","ReplayTheSpireMod:GoodbyeWorld+1","ReplayTheSpireMod:Omega Cannon+1","Necronomicurse"],"relics":["Cracked Core","Simple Rune","Prayer Wheel","Incense Burner","ReplayTheSpireMod:Ring of Exchange","Ring of Hypnosis","Pocketwatch","Centennial Puzzle","Regal Pillow","Replay:Frozen Program","Red Mask","Nloth\u0027s Gift","Necronomicon"],"acts_visited":["Exordium","TheCity"],"potions_floor_usage":[7,7,16,16,24],"damage_taken":[{"damage":11,"enemies":"Small Slimes","floor":1,"turns":3},{"damage":8,"enemies":"2 Louse","floor":3,"turns":2},{"damage":0,"enemies":"Cultist","floor":5,"turns":4},{"damage":0,"enemies":"Lagavulin","floor":7,"turns":7},{"damage":19,"enemies":"3 Sentries","floor":10,"turns":7},{"damage":7,"enemies":"Gremlin Nob","floor":13,"turns":4},{"damage":9,"enemies":"Fading Forest","floor":16,"turns":11},{"damage":12,"enemies":"Spheric Guardian","floor":18,"turns":4},{"damage":0,"enemies":"Masked Bandits","floor":19,"turns":2},{"damage":27,"enemies":"Shell Parasite","floor":21,"turns":4},{"damage":22,"enemies":"Gremlin Leader","floor":24,"turns":2}],"seed_played":"-8864557029028500982","potions_obtained":[{"floor":3,"key":"SpeedPotion"},{"floor":5,"key":"SpeedPotion"},{"floor":10,"key":"Weak Potion"},{"floor":13,"key":"AttackPotion"},{"floor":18,"key":"FocusPotion"}],"is_trial":false,"path_per_floor":["M","?","M","$","M","R","E","?","T","E","R","?","E","?","R","B",null,"M","?","?","M","?","R","E"],"character_chosen":"DEFECT","items_purchased":["Simple Rune","ReplayTheSpireMod:Fabricate Wheel"],"campfire_rested":2,"item_purchase_floors":[4,4],"current_hp_per_floor":[43,43,35,35,35,35,35,35,35,16,38,38,31,31,68,67,75,63,63,63,36,20,20,0,0],"gold":330,"neow_bonus":"TWO_FIFTY_GOLD","is_daily":false,"chose_seed":false,"campfire_upgraded":2,"win_rate":0.0,"timestamp":1609955660,"path_taken":["M","?","M","$","M","R","E","?","T","E","R","?","E","?","R","BOSS","M","?","?","?","?","R","E"],"items_purchased_type":["Relic","Card"],"build_version":"2020-12-22","purchased_purges":0,"victory":false,"max_hp_per_floor":[75,75,75,75,75,75,75,75,75,75,75,75,75,75,75,75,75,75,75,75,75,75,75,75,75],"card_choices":[{"not_picked":["Redo","Coolheaded","Cold Snap"],"picked":"SKIP","floor":1},{"not_picked":["Chaos","Cold Snap"],"picked":"Go for the Eyes","floor":3},{"not_picked":["Steam Power","Ball Lightning"],"picked":"Echo Form","floor":5},{"not_picked":["ReplaySort","Coolheaded"],"picked":"Rebound","floor":5},{"not_picked":["Static Discharge","Storm"],"picked":"Time Bomb","floor":7},{"not_picked":["ReplaySolidLightProjector","Redo"],"picked":"ReplayTheSpireMod:Omega Cannon","floor":10},{"not_picked":["Cold Snap","Rebound"],"picked":"Machine Learning","floor":13},{"not_picked":["Mirror Shield","Rainbow"],"picked":"hubris:DoWhile","floor":16},{"not_picked":["Barrage","Consume"],"picked":"ReplayTheSpireMod:GoodbyeWorld+1","floor":18},{"not_picked":["Sweeping Beam","Coolheaded+1","Rebound"],"picked":"SKIP","floor":18},{"not_picked":["Panic Button","Coolheaded"],"picked":"ReplayTheSpireMod:Omega Cannon","floor":21},{"not_picked":["Multi-Cast","Undo","Cold Snap"],"picked":"SKIP","floor":21}],"player_experience":445994,"relics_obtained":[{"floor":7,"key":"Incense Burner"},{"floor":8,"key":"ReplayTheSpireMod:Ring of Exchange"},{"floor":8,"key":"Ring of Hypnosis"},{"floor":9,"key":"Pocketwatch"},{"floor":10,"key":"ReplayTheSpireMod:Lightbulb"},{"floor":13,"key":"Centennial Puzzle"},{"floor":19,"key":"Red Mask"},{"floor":22,"key":"Necronomicon"}],"event_choices":[{"cards_removed":["Amnesia"],"damage_healed":0,"gold_gain":0,"player_choice":"Forget","damage_taken":0,"max_hp_gain":0,"max_hp_loss":0,"event_name":"Living Wall","floor":12,"gold_loss":0},{"cards_removed":["Machine Learning"],"damage_healed":0,"gold_gain":0,"player_choice":"Gave Card","damage_taken":0,"relics_obtained":["Regal Pillow"],"max_hp_gain":0,"max_hp_loss":0,"event_name":"WeMeetAgain","floor":14,"gold_loss":0},{"damage_healed":0,"gold_gain":0,"player_choice":"Fought Bandits","damage_taken":0,"max_hp_gain":0,"max_hp_loss":0,"event_name":"Masked Bandits","floor":19,"gold_loss":0},{"damage_healed":0,"gold_gain":0,"player_choice":"Traded Relic","damage_taken":0,"relics_obtained":["Nloth\u0027s Gift"],"max_hp_gain":0,"max_hp_loss":0,"event_name":"N\u0027loth","floor":20,"relics_lost":["ReplayTheSpireMod:Lightbulb"],"gold_loss":0},{"damage_healed":0,"gold_gain":0,"player_choice":"Obtained Book","damage_taken":16,"max_hp_gain":0,"max_hp_loss":0,"event_name":"Cursed Tome","floor":22,"gold_loss":0}],"is_beta":false,"boss_relics":[{"not_picked":["Cauldron","Cursed Key"],"picked":"Replay:Frozen Program"}],"items_purged_floors":[],"is_endless":false,"potions_floor_spawned":[3,5,10,13,18],"killed_by":"Gremlin Leader","ascension_level":4}}