{"host":"7pe9xwx78c6nlay8","time":1609927994,"event":{"mods":["BaseMod","Minty Spire (QoL Compilation)"],"gold_per_floor":[110,110,185,67,67,67,101,117,144,144,144],"floor_reached":10,"playtime":143,"items_purged":["Defend_P"],"score":160,"play_id":"3435c472-f02c-4105-8c15-77ff284f7f2f","local_time":"20210106181314","is_ascension_mode":true,"campfire_choices":[{"data":"Vigilance","floor":6,"key":"SMITH"}],"circlet_count":0,"master_deck":["AscendersBane","Strike_P","Strike_P","Strike_P","Strike_P","Defend_P","Defend_P","Defend_P","Eruption+1","Vigilance+1","Evaluate","Weave","PathToVictory"],"relics":["PureWater","NeowsBlessing","Omamori","Akabeko","Dream Catcher"],"acts_visited":["Exordium"],"potions_floor_usage":[],"damage_taken":[{"damage":0,"enemies":"Small Slimes","floor":1,"turns":1},{"damage":0,"enemies":"3 Sentries","floor":7,"turns":1},{"damage":0,"enemies":"2 Louse","floor":8,"turns":1},{"damage":47,"enemies":"Lagavulin","floor":10,"turns":6}],"seed_played":"5273053542115914762","potions_obtained":[],"is_trial":false,"path_per_floor":["M","?","?","$","?","R","E","M","T","E"],"character_chosen":"WATCHER","items_purchased":["Weave"],"campfire_rested":0,"item_purchase_floors":[4],"current_hp_per_floor":[61,61,50,50,32,32,32,32,32,0,0],"gold":144,"neow_bonus":"THREE_ENEMY_KILL","is_daily":false,"chose_seed":false,"campfire_upgraded":1,"win_rate":0.0,"timestamp":1609927994,"path_taken":["M","?","?","$","?","R","E","M","T","E"],"items_purchased_type":["Card"],"build_version":"2020-12-22","purchased_purges":1,"victory":false,"max_hp_per_floor":[68,68,68,68,68,68,68,68,68,68,68],"card_choices":[{"not_picked":["ClearTheMind","MentalFortress"],"picked":"Evaluate","floor":1},{"not_picked":["ClearTheMind","Tantrum"],"picked":"PathToVictory","floor":7},{"not_picked":["BowlingBash","SashWhip","Scrawl"],"picked":"SKIP","floor":8}],"player_experience":1609020,"relics_obtained":[{"floor":7,"key":"Akabeko"},{"floor":9,"key":"Dream Catcher"}],"event_choices":[{"damage_healed":0,"gold_gain":0,"player_choice":"Grow","damage_taken":0,"max_hp_gain":0,"max_hp_loss":0,"event_name":"Living Wall","floor":2,"gold_loss":0,"cards_upgraded":["Eruption"]},{"damage_healed":0,"gold_gain":75,"player_choice":"Gather Gold","damage_taken":11,"max_hp_gain":0,"max_hp_loss":0,"event_name":"World of Goop","floor":3,"gold_loss":0},{"damage_healed":0,"gold_gain":0,"player_choice":"Success","damage_taken":18,"relics_obtained":["Omamori"],"max_hp_gain":0,"max_hp_loss":0,"event_name":"Scrap Ooze","floor":5,"gold_loss":0}],"is_beta":false,"boss_relics":[],"items_purged_floors":[4],"is_endless":false,"potions_floor_spawned":[],"killed_by":"Lagavulin","ascension_level":16}}