{"host":"sav7uxregyirlf69","time":1609925799,"event":{"mods":["AchievementEnabler","BaseMod","Colored Map","DeckTracker","Keyboard Shortcuts","Minty Spire (QoL Compilation)","READ ME - Guardian Mod","StSLib","SuperFastMode"],"gold_per_floor":[13,13,13,26,45,45,65,65,114,114,144,144,171,182,182,254,254,254,254],"floor_reached":18,"playtime":355,"items_purged":[],"score":320,"play_id":"ae23ccf3-6df3-4e96-ab5a-104fa6f918d6","local_time":"20210106183639","is_ascension_mode":true,"campfire_choices":[{"data":"Acrobatics","floor":6,"key":"SMITH"},{"data":"Flechettes","floor":8,"key":"SMITH"},{"data":"Neutralize","floor":10,"key":"SMITH"},{"data":"Underhanded Strike","floor":12,"key":"SMITH"},{"data":"Envenom","floor":15,"key":"SMITH"}],"circlet_count":0,"master_deck":["AscendersBane","Survivor","Neutralize+1","Underhanded Strike+1","Finisher","Acrobatics+1","Night Terror","Flechettes+1","Dagger Throw","Envenom+1","Riddle With Holes","Phantasmal Killer","Burst","Infinite Blades","Backflip","Cloak And Dagger","Underhanded Strike"],"relics":["Ring of the Snake","Happy Flower","Odd Mushroom","Bag of Marbles","Pandora\u0027s Box"],"acts_visited":["Exordium","TheCity"],"potions_floor_usage":[13,16],"damage_taken":[{"damage":0,"enemies":"Jaw Worm","floor":1,"turns":5},{"damage":0,"enemies":"2 Louse","floor":4,"turns":3},{"damage":4,"enemies":"Small Slimes","floor":5,"turns":3},{"damage":0,"enemies":"3 Louse","floor":7,"turns":2},{"damage":1,"enemies":"The Mushroom Lair","floor":11,"turns":4},{"damage":17,"enemies":"Gremlin Nob","floor":13,"turns":4},{"damage":0,"enemies":"Blue Slaver","floor":14,"turns":1},{"damage":37,"enemies":"The Guardian","floor":16,"turns":10},{"damage":49,"enemies":"Shell Parasite","floor":18,"turns":5}],"seed_played":"2507312512777253085","potions_obtained":[{"floor":1,"key":"Weak Potion"},{"floor":5,"key":"EssenceOfSteel"},{"floor":13,"key":"EssenceOfSteel"},{"floor":16,"key":"Poison Potion"}],"is_trial":false,"path_per_floor":["M","?","?","M","M","R","M","R","T","R","?","R","E","M","R","B",null,"M"],"character_chosen":"THE_SILENT","items_purchased":[],"campfire_rested":0,"item_purchase_floors":[],"current_hp_per_floor":[59,59,64,64,60,60,60,60,60,60,59,59,42,42,42,5,55,6,6],"gold":254,"neow_bonus":"TRANSFORM_TWO_CARDS","is_daily":false,"chose_seed":false,"campfire_upgraded":5,"win_rate":0.0,"timestamp":1609925799,"path_taken":["M","?","?","?","M","R","M","R","T","R","?","R","E","M","R","BOSS","M"],"items_purchased_type":[],"build_version":"2020-12-22","purchased_purges":0,"victory":false,"max_hp_per_floor":[66,66,71,71,71,71,71,71,71,71,71,71,71,71,71,71,71,71,71],"card_choices":[{"not_picked":["Concentrate","Deadly Poison"],"picked":"Acrobatics","floor":1},{"not_picked":["Cloak And Dagger","Catalyst","Backstab"],"picked":"SKIP","floor":4},{"not_picked":["Caltrops","Slice"],"picked":"Flechettes","floor":5},{"not_picked":["Blade Dance","Underhanded Strike"],"picked":"Dagger Throw","floor":7},{"not_picked":["Dodge and Roll","Slice","Dagger Spray"],"picked":"SKIP","floor":13},{"not_picked":["Crippling Poison","Backflip"],"picked":"Envenom","floor":14}],"player_experience":1157559,"relics_obtained":[{"floor":9,"key":"Happy Flower"},{"floor":11,"key":"Odd Mushroom"},{"floor":13,"key":"Bag of Marbles"}],"event_choices":[{"damage_healed":0,"gold_gain":0,"cards_transformed":["Strike_G"],"player_choice":"Change","damage_taken":0,"max_hp_gain":0,"max_hp_loss":0,"event_name":"Living Wall","floor":2,"gold_loss":0,"cards_obtained":["Night Terror"]},{"damage_healed":0,"gold_gain":0,"player_choice":"Donut","damage_taken":0,"max_hp_gain":5,"max_hp_loss":0,"event_name":"Big Fish","floor":3,"gold_loss":0},{"damage_healed":0,"gold_gain":0,"player_choice":"Fought Mushrooms","damage_taken":0,"max_hp_gain":0,"max_hp_loss":0,"event_name":"Mushrooms","floor":11,"gold_loss":0}],"is_beta":false,"boss_relics":[{"not_picked":["WristBlade","SlaversCollar"],"picked":"Pandora\u0027s Box"}],"items_purged_floors":[],"is_endless":false,"potions_floor_spawned":[1,5,13,16],"killed_by":"Shell Parasite","ascension_level":20}}