{"host":"s41rn2jhghpwfrvz","time":1609895899,"event":{"mods":["BaseMod","Minty Spire (QoL Compilation)","Quick Restart","Relic Stats","SuperFastMode"],"gold_per_floor":[118,133,133,149,149,149,176,205,205,239,254,284,301,226,226,303,303,320,320,338,338,356,389,389,120,147,180,195,214,233,263,263,340,340,357,232,232,243,263,290,302,341,341,366,366,384,423,449,449,449,449,449,449,176,209,209],"floor_reached":57,"playtime":2124,"items_purged":["Ball Lightning","BootSequence","Protect"],"score":3824,"play_id":"8998f125-25c5-4e48-8744-70d09c3fc05b","local_time":"20210106031819","daily_mods":["SealedDeck","Diverse","DeadlyEvents"],"is_ascension_mode":true,"campfire_choices":[{"data":"Expertise","floor":6.0,"key":"SMITH"},{"data":"Rage","floor":15.0,"key":"SMITH"},{"floor":24.0,"key":"RECALL"},{"data":"Noxious Fumes","floor":32.0,"key":"SMITH"},{"data":"Juggernaut","floor":45,"key":"SMITH"},{"data":"Noxious Fumes+1","floor":49,"key":"PURGE"},{"data":"Evolve","floor":53,"key":"SMITH"}],"circlet_count":0,"master_deck":["AscendersBane","Rage+1","Well Laid Plans","Sweeping Beam","Expertise+1","Beam Cell+1","Gash+1","Evolve+1","Prostrate+1","Blur+1","Juggernaut+1","Offering+1"],"relics":["Burning Blood","Omamori","InkBottle","Whetstone","Potion Belt","Toxic Egg 2","Coffee Dripper","MutagenicStrength","Incense Burner","PreservedInsect","Gambling Chip","Centennial Puzzle","Black Star","Ginger","Oddly Smooth Stone","CeramicFish","Happy Flower","Self Forming Clay","Peace Pipe","Art of War","Orichalcum","Meat on the Bone","Sundial","Shuriken","Toy Ornithopter","Red Skull"],"acts_visited":["Exordium","TheCity","TheBeyond","TheEnding"],"potions_floor_usage":[40,56,56],"damage_taken":[{"damage":6.0,"enemies":"2 Louse","floor":1.0,"turns":3.0},{"damage":2.0,"enemies":"Jaw Worm","floor":2.0,"turns":3.0},{"damage":0.0,"enemies":"Cultist","floor":4.0,"turns":3.0},{"damage":0.0,"enemies":"3 Sentries","floor":7.0,"turns":4.0},{"damage":17.0,"enemies":"Gremlin Nob","floor":8.0,"turns":4.0},{"damage":11.0,"enemies":"3 Sentries","floor":10.0,"turns":4.0},{"damage":0.0,"enemies":"Exordium Thugs","floor":11.0,"turns":3.0},{"damage":8.0,"enemies":"Gremlin Nob","floor":12.0,"turns":3.0},{"damage":1.0,"enemies":"Looter","floor":13.0,"turns":2.0},{"damage":0.0,"enemies":"The Guardian","floor":16.0,"turns":5.0},{"damage":0.0,"enemies":"3 Byrds","floor":18.0,"turns":3.0},{"damage":0.0,"enemies":"Spheric Guardian","floor":20.0,"turns":3.0},{"damage":8.0,"enemies":"Snecko","floor":22.0,"turns":3.0},{"damage":0.0,"enemies":"Gremlin Leader","floor":23.0,"turns":2.0},{"damage":0.0,"enemies":"Book of Stabbing","floor":27.0,"turns":2.0},{"damage":0.0,"enemies":"Snake Plant","floor":28.0,"turns":2.0},{"damage":0.0,"enemies":"Centurion and Healer","floor":29.0,"turns":3.0},{"damage":0.0,"enemies":"Sentry and Sphere","floor":30.0,"turns":3.0},{"damage":15.0,"enemies":"Slavers","floor":31.0,"turns":3.0},{"damage":0.0,"enemies":"Collector","floor":33.0,"turns":2.0},{"damage":0.0,"enemies":"Orb Walker","floor":35.0,"turns":3.0},{"damage":0.0,"enemies":"3 Shapes","floor":38.0,"turns":3.0},{"damage":11.0,"enemies":"Spire Growth","floor":39.0,"turns":3.0},{"damage":5,"enemies":"Nemesis","floor":40,"turns":5},{"damage":0,"enemies":"3 Darklings","floor":41,"turns":2},{"damage":4,"enemies":"Reptomancer","floor":42,"turns":4},{"damage":0,"enemies":"Mind Bloom Boss Battle","floor":44,"turns":3},{"damage":0,"enemies":"Sphere and 2 Shapes","floor":46,"turns":4},{"damage":0,"enemies":"Giant Head","floor":47,"turns":4},{"damage":6,"enemies":"Nemesis","floor":48,"turns":3},{"damage":6,"enemies":"Awakened One","floor":50,"turns":3},{"damage":6,"enemies":"Donu and Deca","floor":51,"turns":3},{"damage":6,"enemies":"Shield and Spear","floor":55,"turns":1},{"damage":6,"enemies":"The Heart","floor":56,"turns":5}],"seed_played":"-6510939856899426391","potions_obtained":[{"floor":2.0,"key":"Weak Potion"},{"floor":7.0,"key":"Energy Potion"},{"floor":10.0,"key":"FairyPotion"},{"floor":12.0,"key":"Energy Potion"},{"floor":16.0,"key":"PowerPotion"},{"floor":40,"key":"FairyPotion"}],"is_trial":true,"path_per_floor":["M","M","?","M","?","R","E","E","T","E","M","E","M","$","R","B",null,"M","?","M","?","M","E","R","$","T","E","M","M","M","E","R","B",null,"M","$","?","M","M","E","M","E","T","?","R","M","E","E","R","B","B",null,"R","$","E","B",null],"character_chosen":"IRONCLAD","items_purchased":["PreservedInsect","Shuriken"],"campfire_rested":0,"item_purchase_floors":[25,54],"current_hp_per_floor":[68,72,77,80,80,80,80,69,69,64,70,68,73,73,73,79,80,80,80,80,80,78,80,80,80,80,80,80,80,80,71,71,77,79,80,80,80,80,75,76,80,80,80,80,80,80,80,80,80,80,80,80,80,80,80,80],"gold":209,"neow_bonus":"","is_daily":false,"chose_seed":false,"campfire_upgraded":5,"win_rate":0.0,"timestamp":1609895899,"path_taken":["M","M","?","M","?","R","E","?","T","E","M","E","?","?","R","BOSS","M","?","?","?","M","E","R","$","T","E","M","M","M","E","R","BOSS","M","$","?","M","M","E","M","E","T","?","R","?","E","?","R","BOSS","BOSS","R","$","E","BOSS"],"items_purchased_type":["Relic","Relic"],"build_version":"2020-12-22","purchased_purges":3,"victory":true,"max_hp_per_floor":[75,75,80,80,80,80,80,80,80,80,80,80,80,80,80,80,80,80,80,80,80,80,80,80,80,80,80,80,80,80,80,80,80,80,80,80,80,80,80,80,80,80,80,80,80,80,80,80,80,80,80,80,80,80,80,80],"relic_stats":{"Happy Flower":[8],"counters":[34,106],"Self Forming Clay":[12],"CeramicFish":18,"PreservedInsect":450,"Whetstone":["Gash","Beam Cell"],"Ginger":[4],"Orichalcum":[0],"Burning Blood":122,"Peace Pipe":3,"Centennial Puzzle":[24],"Sundial":[26],"Shuriken":[11],"Gambling Chip":[39],"Black Star":5,"Art of War":[0],"obtain_stats":[{"CeramicFish":42,"Incense Burner":23,"Whetstone":9,"Ginger":40,"Burning Blood":0,"Centennial Puzzle":31,"Sundial":48,"Gambling Chip":27,"Toxic Egg 2":12,"InkBottle":8,"Red Skull":55,"Potion Belt":10,"Happy Flower":42,"Self Forming Clay":43,"Oddly Smooth Stone":40,"PreservedInsect":25,"Omamori":7,"Orichalcum":47,"Peace Pipe":44,"Shuriken":54,"MutagenicStrength":19,"Coffee Dripper":17,"Black Star":34,"Art of War":47,"Toy Ornithopter":55,"Meat on the Bone":48},{"CeramicFish":26,"Incense Burner":14,"Whetstone":5,"Ginger":24,"Burning Blood":0,"Centennial Puzzle":19,"Sundial":30,"Gambling Chip":15,"Toxic Egg 2":8,"InkBottle":5,"Red Skull":33,"Potion Belt":6,"Happy Flower":26,"Self Forming Clay":26,"Oddly Smooth Stone":24,"PreservedInsect":14,"Omamori":4,"Orichalcum":29,"Peace Pipe":27,"Shuriken":32,"MutagenicStrength":11,"Coffee Dripper":10,"Black Star":20,"Art of War":29,"Toy Ornithopter":33,"Meat on the Bone":30},{"CeramicFish":80,"Incense Burner":45,"Whetstone":17,"Ginger":74,"Burning Blood":0,"Centennial Puzzle":58,"Sundial":94,"Gambling Chip":47,"Toxic Egg 2":27,"InkBottle":17,"Red Skull":101,"Potion Belt":21,"Happy Flower":80,"Self Forming Clay":80,"Oddly Smooth Stone":74,"PreservedInsect":45,"Omamori":13,"Orichalcum":91,"Peace Pipe":83,"Shuriken":100,"MutagenicStrength":37,"Coffee Dripper":34,"Black Star":60,"Art of War":91,"Toy Ornithopter":101,"Meat on the Bone":94}],"InkBottle":[76],"Toy Ornithopter":0,"Meat on the Bone":0},"card_choices":[{"not_picked":["ForeignInfluence","Endless Agony","Steam"],"picked":"SKIP","floor":1.0},{"not_picked":["Self Repair","True Grit","PiercingWail"],"picked":"SKIP","floor":2.0},{"not_picked":["Stack","Slice"],"picked":"Evolve","floor":4.0},{"not_picked":["Infernal Blade","Power Through","Consecrate"],"picked":"SKIP","floor":7.0},{"not_picked":["Blade Dance","Concentrate","Reflex"],"picked":"SKIP","floor":8.0},{"not_picked":["Protect","Reckless Charge","Rupture"],"picked":"SKIP","floor":10.0},{"not_picked":["Thunder Strike","Sucker Punch","Deflect"],"picked":"SKIP","floor":11.0},{"not_picked":["Tactician+1","Flame Barrier+1","Conserve Battery+1"],"picked":"SKIP","floor":12.0},{"not_picked":["Distraction+1","FollowUp","SashWhip"],"picked":"SKIP","floor":13.0},{"not_picked":["Warcry+1","Reinforced Body+1","PathToVictory+1"],"picked":"SKIP","floor":18.0},{"not_picked":["Hello World","Power Through+1","WheelKick"],"picked":"SKIP","floor":20.0},{"not_picked":["Flying Knee","Inflame"],"picked":"Prostrate+1","floor":22.0},{"not_picked":["Ball Lightning","Iron Wave","Expertise+1"],"picked":"SKIP","floor":23.0},{"not_picked":["Wraith Form v2","Evaluate+1","Consecrate"],"picked":"SKIP","floor":27.0},{"not_picked":["Consecrate","Poisoned Stab","Havoc+1"],"picked":"SKIP","floor":28.0},{"not_picked":["ThirdEye+1","True Grit+1","Double Energy+1"],"picked":"SKIP","floor":29.0},{"not_picked":["SignatureMove+1","Escape Plan+1","CrushJoints"],"picked":"SKIP","floor":30.0},{"not_picked":["Prostrate+1","Swivel+1","Doppelganger+1"],"picked":"SKIP","floor":31.0},{"not_picked":["Rebound","Flechettes+1"],"picked":"Blur+1","floor":35.0},{"not_picked":["SandsOfTime","CrushJoints","Coolheaded+1"],"picked":"SKIP","floor":38.0},{"not_picked":["EmptyFist","Blur+1","Chill+1"],"picked":"SKIP","floor":39.0},{"not_picked":["InnerPeace+1","Study","Flying Knee"],"picked":"SKIP","floor":40},{"not_picked":["Leap+1","Anger","Pray+1"],"picked":"SKIP","floor":41},{"not_picked":["Slice+1","Compile Driver"],"picked":"Juggernaut","floor":42},{"not_picked":["FollowUp","Scrape+1","Feed"],"picked":"SKIP","floor":46},{"not_picked":["Compile Driver+1","Headbutt"],"picked":"Offering+1","floor":47},{"not_picked":["Ball Lightning+1","Cleave+1","SandsOfTime"],"picked":"SKIP","floor":48},{"not_picked":["Clothesline+1","Consume+1","Leg Sweep+1"],"picked":"SKIP","floor":55}],"player_experience":1654380,"relics_obtained":[{"floor":7.0,"key":"Omamori"},{"floor":8.0,"key":"InkBottle"},{"floor":9.0,"key":"Whetstone"},{"floor":10.0,"key":"Potion Belt"},{"floor":12.0,"key":"Toxic Egg 2"},{"floor":23.0,"key":"Incense Burner"},{"floor":27.0,"key":"Gambling Chip"},{"floor":31.0,"key":"Centennial Puzzle"},{"floor":40,"key":"Ginger"},{"floor":40,"key":"Oddly Smooth Stone"},{"floor":42,"key":"CeramicFish"},{"floor":42,"key":"Happy Flower"},{"floor":43,"key":"Self Forming Clay"},{"floor":44,"key":"Peace Pipe"},{"floor":47,"key":"Art of War"},{"floor":47,"key":"Orichalcum"},{"floor":48,"key":"Meat on the Bone"},{"floor":48,"key":"Sundial"},{"floor":55,"key":"Toy Ornithopter"},{"floor":55,"key":"Red Skull"}],"event_choices":[{"damage_healed":0.0,"max_hp_gain":5.0,"max_hp_loss":0.0,"gold_gain":0.0,"event_name":"Big Fish","player_choice":"Donut","floor":3.0,"gold_loss":0.0,"damage_taken":0.0},{"damage_healed":0.0,"max_hp_gain":0.0,"max_hp_loss":0.0,"gold_gain":0.0,"cards_transformed":["Adaptation"],"event_name":"Transmorgrifier","player_choice":"Transformed","floor":5.0,"gold_loss":0.0,"damage_taken":0.0,"cards_obtained":["Ball Lightning"]},{"damage_healed":0.0,"max_hp_gain":0.0,"max_hp_loss":0.0,"gold_gain":0.0,"event_name":"Drug Dealer","player_choice":"Inject Mutagens","floor":19.0,"gold_loss":0.0,"damage_taken":0.0,"relics_obtained":["MutagenicStrength"]},{"damage_healed":0.0,"max_hp_gain":0.0,"max_hp_loss":0.0,"gold_gain":0.0,"event_name":"Ghosts","player_choice":"Ignored","floor":21.0,"gold_loss":0.0,"damage_taken":0.0},{"damage_healed":0.0,"max_hp_gain":0.0,"max_hp_loss":0.0,"gold_gain":0.0,"event_name":"Tomb of Lord Red Mask","player_choice":"Ignored","floor":37.0,"gold_loss":0.0,"damage_taken":0.0},{"damage_healed":0,"gold_gain":0,"player_choice":"Fight","damage_taken":0,"max_hp_gain":0,"max_hp_loss":0,"event_name":"MindBloom","floor":44,"gold_loss":0}],"is_beta":false,"boss_relics":[{"not_picked":["Mark of Pain","Ectoplasm"],"picked":"Coffee Dripper"},{"not_picked":["Calling Bell","Cursed Key"],"picked":"Black Star"}],"items_purged_floors":[14,25,36],"is_endless":false,"potions_floor_spawned":[2,7,10,12,16,23,30,31,33,39,40,42,44,47,55],"ascension_level":20}}