{"host":"sxnl403xm2xmiyj1","time":1609948331,"event":{"mods":["BaseMod","Colored Map","Keyboard Shortcuts","Lobotomy","Minty Spire (QoL Compilation)","Quick Restart","StSLib","SuperFastMode"],"gold_per_floor":[361,252,252,53,16,49,49,49,49,49,66,66,66,66],"floor_reached":13,"playtime":212,"items_purged":["SpecialBullet","SpecialBullet"],"score":95,"play_id":"2e6577f6-0b36-4e3b-9d9c-2c371ba8beb8","local_time":"20210107005211","is_ascension_mode":true,"campfire_choices":[],"circlet_count":0,"master_deck":["SpecialBullet","SpecialBullet","SpecialBullet","SpecialBullet","InformationCode","SecurityCode","RecordCode","OSAHOGD","FourthMatchFlame","Ecstasy","Soda+1","RedEyes","Bloodbath","Soda","DisciplinaryCode","SpiderBud","BlueScar"],"relics":["CogitoBucket","Membership Card","Ancient Tea Set","Molten Egg 2"],"acts_visited":["Exordium"],"potions_floor_usage":[13],"damage_taken":[{"damage":16.0,"enemies":"2 Louse","floor":1.0,"turns":2.0},{"damage":40.0,"enemies":"Lagavulin","floor":6.0,"turns":7.0},{"damage":6.0,"enemies":"Cultist","floor":11.0,"turns":3.0},{"damage":48,"enemies":"Gremlin Nob","floor":13,"turns":4}],"seed_played":"-7430729832953805851","potions_obtained":[{"floor":1.0,"key":"CultistPotion"},{"floor":11.0,"key":"AttackPotion"}],"is_trial":false,"path_per_floor":["M","$","?","$","$","E","R","?","T","?","M","R","E"],"character_chosen":"Angela","items_purchased":["Ecstasy","Membership Card","Soda","RedEyes"],"campfire_rested":0,"item_purchase_floors":[2,4,5,5],"current_hp_per_floor":[41,41,41,41,41,15,15,15,15,15,23,23,0,0],"gold":66,"neow_bonus":"TWO_FIFTY_GOLD","is_daily":false,"chose_seed":false,"campfire_upgraded":0,"win_rate":0.0,"timestamp":1609948331,"path_taken":["M","$","?","?","$","E","R","?","T","?","?","R","E"],"items_purchased_type":["Card","Relic","Card","Card"],"build_version":"2020-12-22","purchased_purges":2,"victory":false,"max_hp_per_floor":[70,70,70,70,70,70,70,70,70,70,70,70,70,70],"card_choices":[{"not_picked":["PunishingBird","BeautyBeast"],"picked":"OSAHOGD","floor":1.0},{"not_picked":["BlueScar"],"picked":"FourthMatchFlame","floor":1.0},{"not_picked":["Porccubus","QueenOfHatred"],"picked":"Bloodbath","floor":6.0},{"not_picked":["RapturousDream"],"picked":"Soda","floor":6.0},{"not_picked":["PunishingBird","ShyLook"],"picked":"SpiderBud","floor":11.0},{"not_picked":["BlueScar","Lantern+1"],"picked":"SKIP","floor":11.0},{"not_picked":["Lantern+1"],"picked":"BlueScar","floor":11.0}],"player_experience":203763,"relics_obtained":[{"floor":6.0,"key":"Ancient Tea Set"},{"floor":9.0,"key":"Molten Egg 2"}],"event_choices":[{"cards_removed":["SpecialBullet"],"damage_healed":0.0,"max_hp_gain":0.0,"max_hp_loss":0.0,"gold_gain":0.0,"event_name":"Purifier","player_choice":"Purged","floor":3.0,"gold_loss":0.0,"damage_taken":0.0},{"damage_healed":0.0,"max_hp_gain":0.0,"max_hp_loss":0.0,"gold_gain":0.0,"event_name":"Living Wall","player_choice":"Grow","floor":8.0,"gold_loss":0.0,"damage_taken":0.0,"cards_upgraded":["Soda"]},{"cards_removed":["SpecialBullet"],"damage_healed":0.0,"max_hp_gain":0.0,"max_hp_loss":0.0,"gold_gain":0.0,"event_name":"Bonfire Elementals","player_choice":"Offered Basic","floor":10.0,"gold_loss":0.0,"damage_taken":0.0}],"is_beta":false,"boss_relics":[],"items_purged_floors":[2,4],"is_endless":false,"potions_floor_spawned":[1,11],"killed_by":"Gremlin Nob","ascension_level":4}}