{"host":"jx3f6ezc0g3s9edc","time":1609897310,"event":{"mods":["AchievementEnabler","BaseMod","Bestiary","Colored Map","Highlight Path","Minty Spire (QoL Compilation)","StSLib"],"gold_per_floor":[116,130,80,80,103,103,136,136,136,136,12,12,12,37,37,37,37],"floor_reached":16,"playtime":627,"items_purged":["Injury"],"score":127,"play_id":"587440f1-6fe1-4d36-bb8b-ce83a5b6341b","local_time":"20210105204150","is_ascension_mode":true,"campfire_choices":[{"data":"Redo","floor":6,"key":"SMITH"},{"floor":12,"key":"REST"},{"floor":15,"key":"REST"}],"circlet_count":0,"master_deck":["Strike_B","Strike_B","Strike_B","Defend_B","Defend_B","Defend_B","Defend_B","Zap","Dualcast","Capacitor","Gash","Redo+1","Consume+1","Beam Cell","Conserve Battery"],"relics":["Sozu","Golden Idol","Bird Faced Urn","Frozen Egg 2"],"acts_visited":["Exordium"],"potions_floor_usage":[],"damage_taken":[{"damage":2,"enemies":"Jaw Worm","floor":1,"turns":3},{"damage":2,"enemies":"Small Slimes","floor":2,"turns":4},{"damage":9,"enemies":"2 Louse","floor":5,"turns":3},{"damage":45,"enemies":"3 Sentries","floor":7,"turns":9},{"damage":21,"enemies":"Large Slime","floor":14,"turns":6},{"damage":38,"enemies":"The Guardian","floor":16,"turns":9}],"seed_played":"-7847882708240470591","potions_obtained":[],"is_trial":false,"path_per_floor":["M","M","?","?","M","R","E","?","T","?","$","R","?","M","R","B"],"character_chosen":"DEFECT","items_purchased":["Beam Cell"],"campfire_rested":2,"item_purchase_floors":[11],"current_hp_per_floor":[66,64,64,64,55,55,10,10,10,10,10,32,32,13,35,0,0],"gold":37,"neow_bonus":"BOSS_RELIC","is_daily":false,"chose_seed":false,"campfire_upgraded":1,"win_rate":0.0,"timestamp":1609897310,"path_taken":["M","M","?","?","M","R","E","?","T","?","$","R","?","M","R","BOSS"],"items_purchased_type":["Card"],"build_version":"2020-12-22","purchased_purges":1,"victory":false,"max_hp_per_floor":[75,75,75,75,75,75,75,75,75,75,75,75,75,75,75,75,75],"card_choices":[{"not_picked":["Compile Driver","Steam"],"picked":"Capacitor","floor":1},{"not_picked":["Scrape","Force Field"],"picked":"Gash","floor":2},{"not_picked":["BootSequence","Rebound"],"picked":"Redo","floor":5},{"not_picked":["Compile Driver","Rainbow"],"picked":"Consume","floor":7},{"not_picked":["Go for the Eyes","Redo"],"picked":"Conserve Battery","floor":14}],"player_experience":725353,"relics_obtained":[{"floor":7,"key":"Bird Faced Urn"},{"floor":9,"key":"Frozen Egg 2"}],"event_choices":[{"cards_removed":["Strike_B"],"damage_healed":0,"gold_gain":0,"player_choice":"Card Removal","damage_taken":0,"max_hp_gain":0,"max_hp_loss":0,"event_name":"The Cleric","floor":3,"gold_loss":50},{"damage_healed":0,"gold_gain":0,"player_choice":"Take Wound","damage_taken":0,"relics_obtained":["Golden Idol"],"max_hp_gain":0,"max_hp_loss":0,"event_name":"Golden Idol","floor":4,"gold_loss":0,"cards_obtained":["Injury"]},{"damage_healed":0,"gold_gain":0,"player_choice":"Fled","damage_taken":0,"max_hp_gain":0,"max_hp_loss":0,"event_name":"Scrap Ooze","floor":8,"gold_loss":0},{"damage_healed":0,"gold_gain":0,"player_choice":"Ignored","damage_taken":0,"max_hp_gain":0,"max_hp_loss":0,"event_name":"Shining Light","floor":10,"gold_loss":0},{"damage_healed":0,"gold_gain":0,"player_choice":"Grow","damage_taken":0,"max_hp_gain":0,"max_hp_loss":0,"event_name":"Living Wall","floor":13,"gold_loss":0,"cards_upgraded":["Consume"]}],"is_beta":false,"boss_relics":[],"items_purged_floors":[11],"is_endless":false,"potions_floor_spawned":[2,14],"killed_by":"The Guardian","ascension_level":6}}