{"host":"j4g6ia6asvpyu2b0","time":1609970621,"event":{"mods":["BaseMod","Colored Map","Minty Spire (QoL Compilation)","Permanent Neow","Quick Restart","Relic Stats","StSLib","Unceasing Turn Reminder"],"gold_per_floor":[114,128,146,146,159,159,159],"floor_reached":6,"playtime":173,"items_purged":[],"score":46,"play_id":"43f87932-6bb6-4a4c-950d-da2a05655941","local_time":"20210106150341","is_ascension_mode":true,"campfire_choices":[],"circlet_count":0,"master_deck":["Strike_P","Strike_P","Strike_P","Strike_P","Defend_P","Defend_P","Defend_P","Defend_P","Eruption","Vigilance","WreathOfFlame","PathToVictory","DeceiveReality","ClearTheMind"],"relics":["SlaversCollar","White Beast Statue"],"acts_visited":["Exordium"],"potions_floor_usage":[5],"damage_taken":[{"damage":0,"enemies":"Cultist","floor":1,"turns":2},{"damage":1,"enemies":"2 Louse","floor":2,"turns":3},{"damage":2,"enemies":"Small Slimes","floor":3,"turns":3},{"damage":1,"enemies":"Red Slaver","floor":5,"turns":3},{"damage":81,"enemies":"Gremlin Nob","floor":6,"turns":4}],"seed_played":"3254841641194893223","potions_obtained":[{"floor":1,"key":"FearPotion"},{"floor":5,"key":"EssenceOfSteel"}],"is_trial":false,"path_per_floor":["M","M","M","?","M","E"],"character_chosen":"WATCHER","items_purchased":[],"campfire_rested":0,"item_purchase_floors":[],"current_hp_per_floor":[72,71,69,66,65,0,0],"gold":159,"neow_bonus":"BOSS_RELIC","is_daily":false,"chose_seed":false,"campfire_upgraded":0,"win_rate":0.0,"timestamp":1609970621,"path_taken":["M","?","M","?","M","E"],"items_purchased_type":[],"build_version":"2020-12-22","purchased_purges":0,"victory":false,"max_hp_per_floor":[72,72,72,72,72,72,72],"relic_stats":{"counters":[5,15],"obtain_stats":[{"SlaversCollar":0,"PureWater":0,"White Beast Statue":4},{"SlaversCollar":0,"PureWater":0,"White Beast Statue":3},{"SlaversCollar":0,"PureWater":0,"White Beast Statue":8}]},"card_choices":[{"not_picked":["Protect","WindmillStrike"],"picked":"WreathOfFlame","floor":1},{"not_picked":["SashWhip","JustLucky"],"picked":"PathToVictory","floor":2},{"not_picked":["ThirdEye","ForeignInfluence"],"picked":"DeceiveReality","floor":3},{"not_picked":["Collect","Pray"],"picked":"ClearTheMind","floor":5}],"player_experience":738371,"relics_obtained":[],"event_choices":[{"damage_healed":0,"gold_gain":0,"player_choice":"Success","damage_taken":3,"relics_obtained":["White Beast Statue"],"max_hp_gain":0,"max_hp_loss":0,"event_name":"Scrap Ooze","floor":4,"gold_loss":0}],"is_beta":false,"boss_relics":[],"items_purged_floors":[],"is_endless":false,"potions_floor_spawned":[1,5],"killed_by":"Gremlin Nob","ascension_level":4}}