{"host":"178rghtqlvp3zue2","time":1609942791,"event":{"mods":["2.2 Compatiblity","AchievementEnabler","BaseMod","DeckTracker","Minty Spire (QoL Compilation)","Quick Restart","SuperFastMode"],"gold_per_floor":[119,119,119,199,199,199,227,240,266,191,191,214,232,132,132,251,251,266,266,285,160,160,160,204,204,227,227,247,260,260,360,360,360,360],"floor_reached":33,"playtime":1254,"items_purged":["Defend_P","Strike_P","Strike_P"],"score":358,"play_id":"02458ed4-e791-4775-8e09-b102e3fa01d0","local_time":"20210106231951","is_ascension_mode":true,"campfire_choices":[{"data":"Eruption","floor":6,"key":"SMITH"},{"data":"Vigilance","floor":15,"key":"SMITH"},{"data":"Tantrum","floor":23,"key":"SMITH"},{"floor":25,"key":"REST"},{"floor":27,"key":"REST"},{"floor":30,"key":"REST"},{"floor":32,"key":"REST"}],"circlet_count":0,"master_deck":["Strike_P","Defend_P","Defend_P","Eruption+1","Vigilance+1","Tantrum+1"],"relics":["PureWater","NeowsBlessing","Blue Candle","Strawberry","Akabeko","Golden Idol","SacredBark","MutagenicStrength","Tiny Chest","Boot"],"acts_visited":["Exordium","TheCity"],"potions_floor_usage":[16,24,24,33,33],"damage_taken":[{"damage":0,"enemies":"Small Slimes","floor":1,"turns":1},{"damage":0,"enemies":"Lagavulin","floor":7,"turns":1},{"damage":0,"enemies":"Jaw Worm","floor":8,"turns":1},{"damage":0,"enemies":"2 Louse","floor":12,"turns":1},{"damage":0,"enemies":"Large Slime","floor":13,"turns":3},{"damage":17,"enemies":"The Guardian","floor":16,"turns":16},{"damage":22,"enemies":"Shell Parasite","floor":18,"turns":16},{"damage":51,"enemies":"3 Byrds","floor":20,"turns":10},{"damage":0,"enemies":"Book of Stabbing","floor":24,"turns":1},{"damage":13,"enemies":"Centurion and Healer","floor":28,"turns":5},{"damage":38,"enemies":"Cultist and Chosen","floor":29,"turns":10},{"damage":87,"enemies":"Champ","floor":33,"turns":6}],"seed_played":"-3824740537315744409","potions_obtained":[{"floor":8,"key":"Block Potion"},{"floor":12,"key":"FearPotion"},{"floor":18,"key":"DistilledChaos"},{"floor":24,"key":"SteroidPotion"},{"floor":28,"key":"BlessingOfTheForge"}],"is_trial":false,"path_per_floor":["M","?","?","T","?","R","E","M","T","$","?","M","M","$","R","B",null,"M","?","M","$","?","R","E","R","T","R","M","M","R","?","R","B"],"character_chosen":"WATCHER","items_purchased":[],"campfire_rested":4,"item_purchase_floors":[],"current_hp_per_floor":[72,77,77,77,70,70,77,77,77,77,56,56,56,56,56,39,84,62,62,11,11,11,11,11,36,36,61,48,10,35,35,60,0,0],"gold":360,"neow_bonus":"THREE_ENEMY_KILL","is_daily":false,"chose_seed":false,"campfire_upgraded":3,"win_rate":0.0,"timestamp":1609942791,"path_taken":["M","?","?","?","?","R","E","M","T","?","?","M","M","$","R","BOSS","M","?","M","$","?","R","E","R","T","R","M","M","R","?","R","BOSS"],"items_purchased_type":[],"build_version":"2020-12-22","purchased_purges":3,"victory":false,"max_hp_per_floor":[72,77,77,77,77,77,84,84,84,84,84,84,84,84,84,84,84,84,84,84,84,84,84,84,84,84,84,84,84,84,84,84,84,84],"card_choices":[{"not_picked":["Protect","ReachHeaven","CrushJoints"],"picked":"SKIP","floor":1},{"not_picked":["CarveReality","CrushJoints","Collect"],"picked":"SKIP","floor":7},{"not_picked":["EmptyFist","WheelKick","Evaluate"],"picked":"SKIP","floor":8},{"not_picked":["Collect","SashWhip","Nirvana"],"picked":"SKIP","floor":12},{"not_picked":["Crescendo","Perseverance","CutThroughFate"],"picked":"SKIP","floor":13},{"not_picked":["Crescendo","ClearTheMind","EmptyBody"],"picked":"SKIP","floor":18},{"not_picked":["CutThroughFate+1","Protect","EmptyBody"],"picked":"SKIP","floor":20},{"not_picked":["FlyingSleeves","EmptyFist+1","SashWhip"],"picked":"SKIP","floor":24},{"not_picked":["Halt","ThirdEye","BowlingBash"],"picked":"SKIP","floor":28},{"not_picked":["MasterReality","ThirdEye","Perseverance"],"picked":"SKIP","floor":29}],"player_experience":256310,"relics_obtained":[{"floor":4,"key":"Blue Candle"},{"floor":7,"key":"Strawberry"},{"floor":9,"key":"Akabeko"},{"floor":24,"key":"Tiny Chest"},{"floor":26,"key":"Boot"}],"event_choices":[{"damage_healed":0,"gold_gain":0,"player_choice":"Donut","damage_taken":0,"max_hp_gain":5,"max_hp_loss":0,"event_name":"Big Fish","floor":2,"gold_loss":0},{"cards_removed":["Strike_P"],"damage_healed":0,"gold_gain":0,"player_choice":"Forget","damage_taken":0,"max_hp_gain":0,"max_hp_loss":0,"event_name":"Living Wall","floor":3,"gold_loss":0},{"cards_removed":["Defend_P"],"damage_healed":0,"gold_gain":0,"player_choice":"Card Removal","damage_taken":7,"max_hp_gain":0,"max_hp_loss":0,"event_name":"Golden Wing","floor":5,"gold_loss":0},{"damage_healed":0,"gold_gain":0,"player_choice":"Take Damage","damage_taken":21,"relics_obtained":["Golden Idol"],"max_hp_gain":0,"max_hp_loss":0,"event_name":"Golden Idol","floor":11,"gold_loss":0},{"damage_healed":0,"gold_gain":0,"player_choice":"Inject Mutagens","damage_taken":0,"relics_obtained":["MutagenicStrength"],"max_hp_gain":0,"max_hp_loss":0,"event_name":"Drug Dealer","floor":19,"gold_loss":0},{"damage_healed":0,"gold_gain":0,"player_choice":"Read","damage_taken":0,"max_hp_gain":0,"max_hp_loss":0,"event_name":"The Library","floor":22,"gold_loss":0,"cards_obtained":["Tantrum"]},{"damage_healed":0,"gold_gain":100,"player_choice":"Pray","damage_taken":0,"max_hp_gain":0,"max_hp_loss":0,"event_name":"Golden Shrine","floor":31,"gold_loss":0}],"is_beta":false,"boss_relics":[{"not_picked":["Sozu","Velvet Choker"],"picked":"SacredBark"}],"items_purged_floors":[10,14,21],"is_endless":false,"potions_floor_spawned":[8,12,18,24,28],"killed_by":"Champ","ascension_level":3}}