{"host":"5dk97cf2ubw2v967","time":1609922731,"event":{"mods":["AlwaysNeverKeys","BaseMod","Better Altar","Better Vampires","Block Reminder","Colored Powertips","Downfall","Googly Eyes","Highlight Path","Minty Spire (QoL Compilation)","Permanent Neow","Potion Indicator Mod","Quick Restart","Relic Filter","Relic Stats","Say the Spire","Spicy Shops","StSLib","Waifu the Spire","everything is the same but u backflip on backflip"],"gold_per_floor":[99,109,127,127,141,160,160,179,104,123,123,123,123],"floor_reached":11,"playtime":444,"items_purged":[],"score":134,"play_id":"fa6b1700-578e-4b7f-b477-32202ad8a8af","local_time":"20210106084531","is_ascension_mode":true,"campfire_choices":[{"floor":1,"key":"RECALL"},{"floor":9,"key":"REST"}],"circlet_count":0,"master_deck":["AscendersBane","Guardian:Strike_Guardian","Guardian:Strike_Guardian","Guardian:Strike_Guardian","Guardian:Strike_Guardian","Guardian:Defend_Guardian","Guardian:Defend_Guardian","Guardian:Defend_Guardian","Guardian:CurlUp","Guardian:TwinSlam","Guardian:TimeCapacitor","Guardian:Recover","Guardian:Gem_Purple","Guardian:RefractedBeam","Guardian:Gem_Blue"],"relics":["Guardian:ModeShifter","Torii","CeramicFish","downfall:HeartBlessingRed"],"acts_visited":["Exordium"],"potions_floor_usage":[10],"damage_taken":[{"damage":7,"enemies":"Cultist","floor":2,"turns":4},{"damage":0,"enemies":"2 Louse","floor":3,"turns":3},{"damage":7,"enemies":"Jaw Worm","floor":5,"turns":4},{"damage":8,"enemies":"Blue Slaver","floor":6,"turns":5},{"damage":37,"enemies":"Large Slime","floor":8,"turns":8},{"damage":3,"enemies":"Exordium Thugs","floor":10,"turns":4},{"damage":8,"enemies":"Gremlin Nob","floor":11,"turns":3}],"seed_played":"-4405961348402734550","potions_obtained":[{"floor":5,"key":"Energy Potion"},{"floor":8,"key":"Ancient Potion"}],"is_trial":false,"path_per_floor":["R","M","M","?","M","M","T","M","R","M","E"],"character_chosen":"GUARDIAN","items_purchased":[],"campfire_rested":1,"item_purchase_floors":[],"current_hp_per_floor":[65,58,58,58,51,43,43,6,25,22,14,14,14],"gold":123,"neow_bonus":"ONE_RARE_RELIC","is_daily":false,"chose_seed":false,"campfire_upgraded":0,"win_rate":0.0,"timestamp":1609922731,"path_taken":["R","M","?","?","M","M","T","M","R","M","E"],"items_purchased_type":[],"build_version":"2020-12-22","purchased_purges":0,"victory":false,"max_hp_per_floor":[65,65,65,65,65,65,65,65,65,65,65,65,65],"relic_stats":{"Torii":10,"counters":[7,31],"CeramicFish":18,"obtain_stats":[{"Torii":0,"downfall:HeartBlessingRed":9,"CeramicFish":7,"Guardian:ModeShifter":0},{"Torii":0,"downfall:HeartBlessingRed":5,"CeramicFish":4,"Guardian:ModeShifter":0},{"Torii":0,"downfall:HeartBlessingRed":24,"CeramicFish":16,"Guardian:ModeShifter":0}]},"card_choices":[{"not_picked":["Guardian:WalkerClaw","Guardian:TemporalStrike"],"picked":"Guardian:TimeCapacitor","floor":2},{"not_picked":["Guardian:PiercingHide","Guardian:Gem_Green"],"picked":"Guardian:Recover","floor":3},{"not_picked":["Guardian:Gem_Lightblue","Guardian:Gem_Red"],"picked":"Guardian:Gem_Purple","floor":5},{"not_picked":["Guardian:ChargeUp","Guardian:Gem_White"],"picked":"Guardian:RefractedBeam","floor":6},{"not_picked":["Guardian:GemFire","Guardian:Planning"],"picked":"Guardian:Gem_Purple","floor":8},{"not_picked":["Guardian:ChargeCore","Guardian:Planning"],"picked":"Guardian:Gem_Blue","floor":10}],"player_experience":1314347,"relics_obtained":[{"floor":7,"key":"CeramicFish"}],"event_choices":[],"is_beta":false,"boss_relics":[],"items_purged_floors":[],"is_endless":false,"potions_floor_spawned":[5,8],"killed_by":"Gremlin Nob","ascension_level":20}}