{"host":"ln38befi3ugo1bsw","time":1609917306,"event":{"mods":["BaseMod","BetterRewards","Colored Map","Colored Powertips","Downfall","Hermit","Jorbs\u0027s Wanderer Trilogy","Lobotomy","Minty Spire (QoL Compilation)","READ ME - Guardian Mod","READ ME - Snecko Mod","StSLib","SuperFastMode","The Cursed","The Disciple","The Hierophant","The Servant 0.9.4"],"gold_per_floor":[118,118,129,140,70,99,119,119,119,40,68,80,97,126,126,224,224,240,272,290,47,66,66,66,83,83,102,136,136,156,170,170,271,271,285,335,345,86,97,97,97],"floor_reached":40,"playtime":6068,"items_purged":[],"score":457,"play_id":"dbc88837-3bd9-44eb-843a-96dc48fb6c9d","local_time":"20210106021506","is_ascension_mode":false,"campfire_choices":[{"floor":8,"key":"REST"},{"data":"Adrenaline","floor":15,"key":"SMITH"},{"floor":23,"key":"REST"},{"floor":29,"key":"REST"},{"floor":32,"key":"REST"}],"circlet_count":0,"master_deck":["Strike_G","Strike_G+1","Strike_G","Strike_G+1","Strike_G","Defend_G","Defend_G","Defend_G","Defend_G","Survivor","Neutralize","Backstab","Flying Knee","Escape Plan","Noxious Fumes","Noxious Fumes","Adrenaline+1","Footwork","Dagger Spray","Distraction+1","Well Laid Plans","Quick Slash","Adrenaline","Dagger Throw","Noxious Fumes","Endless Agony","Poisoned Stab","Deadly Poison","Escape Plan","Catalyst","Footwork+1","Prepared+1","Slice","Corpse Explosion+1","Backflip+1","Quick Slash+1","Poisoned Stab","Outmaneuver+1"],"relics":["Ring of the Snake","Whetstone","Darkstone Periapt","CaptainsWheel","Bag of Preparation","Fusion Hammer","Red Mask","Lee\u0027s Waffle","Toxic Egg 2","Bottled Lightning","Philosopher\u0027s Stone","WingedGreaves","Molten Egg 2"],"acts_visited":["Exordium","TheCity","TheBeyond"],"potions_floor_usage":[27,40,40,40,40,40,40],"damage_taken":[{"damage":0,"enemies":"Cultist","floor":1,"turns":3},{"damage":2,"enemies":"Jaw Worm","floor":3,"turns":3},{"damage":0,"enemies":"2 Louse","floor":4,"turns":2},{"damage":10,"enemies":"Lagavulin","floor":6,"turns":6},{"damage":11,"enemies":"Exordium Thugs","floor":7,"turns":5},{"damage":2,"enemies":"3 Sentries","floor":11,"turns":6},{"damage":0,"enemies":"Blue Slaver","floor":12,"turns":4},{"damage":0,"enemies":"2 Fungi Beasts","floor":13,"turns":2},{"damage":14,"enemies":"Lagavulin","floor":14,"turns":6},{"damage":37,"enemies":"Hexaghost","floor":16,"turns":10},{"damage":0,"enemies":"3 Byrds","floor":18,"turns":4},{"damage":3,"enemies":"Masked Bandits","floor":19,"turns":4},{"damage":2,"enemies":"2 Thieves","floor":20,"turns":4},{"damage":7,"enemies":"Sentry and Sphere","floor":22,"turns":4},{"damage":5,"enemies":"Shelled Parasite and Fungi","floor":25,"turns":4},{"damage":6,"enemies":"Snecko","floor":27,"turns":4},{"damage":16,"enemies":"Book of Stabbing","floor":28,"turns":7},{"damage":17,"enemies":"Centurion and Healer","floor":30,"turns":6},{"damage":10,"enemies":"Snake Plant","floor":31,"turns":4},{"damage":53,"enemies":"Automaton","floor":33,"turns":8},{"damage":12,"enemies":"3 Darklings","floor":35,"turns":3},{"damage":15,"enemies":"Mind Bloom Boss Battle","floor":36,"turns":6},{"damage":1,"enemies":"3 Shapes","floor":37,"turns":4},{"damage":6,"enemies":"Maw","floor":39,"turns":6},{"damage":52,"enemies":"Giant Head","floor":40,"turns":7}],"seed_played":"-8936648633909957821","potions_obtained":[{"floor":3,"key":"Block Potion"},{"floor":4,"key":"Fire Potion"},{"floor":7,"key":"DistilledChaos"},{"floor":30,"key":"EntropicBrew"}],"is_trial":false,"path_per_floor":["M","?","M","M","$","E","M","R","T","$","E","M","M","E","R","B",null,"M","?","M","$","M","R","?","M","T","M","E","R","M","M","R","B",null,"M","?","M","$","M","E"],"character_chosen":"THE_SILENT","items_purchased":["Noxious Fumes","Footwork","Lee\u0027s Waffle","Poisoned Stab","Deadly Poison","Molten Egg 2"],"campfire_rested":4,"item_purchase_floors":[5,10,21,21,21,38],"current_hp_per_floor":[70,70,68,68,68,58,47,68,68,68,66,66,66,52,52,15,70,70,67,65,77,70,77,77,72,72,66,50,73,56,46,69,16,77,65,50,49,49,43,0,0],"gold":97,"neow_bonus":"THREE_CARDS","is_daily":false,"chose_seed":false,"campfire_upgraded":1,"win_rate":0.0,"timestamp":1609917306,"path_taken":["M","?","M","M","$","E","?","R","T","$","E","M","M","E","R","BOSS","M","?","M","$","M","R","?","M","T","M","E","R","M","M","R","BOSS","M","?","M","$","M","E"],"items_purchased_type":["Card","Card","Relic","Card","Card","Relic"],"build_version":"2020-12-22","purchased_purges":0,"victory":false,"max_hp_per_floor":[70,70,70,70,70,70,70,70,70,70,70,70,70,70,70,70,70,70,70,70,77,77,77,77,77,77,77,77,77,77,77,77,77,77,77,77,77,77,77,77,77],"card_choices":[{"not_picked":["Dagger Throw","Predator"],"picked":"Backstab","floor":0},{"not_picked":["Blade Dance","Predator"],"picked":"Flying Knee","floor":1},{"not_picked":["Terror","Eviscerate"],"picked":"Escape Plan","floor":3},{"not_picked":["Flying Knee","Dodge and Roll"],"picked":"Noxious Fumes","floor":4},{"not_picked":["PiercingWail","Cloak And Dagger","Tactician"],"picked":"SKIP","floor":6},{"not_picked":["Outmaneuver","Deadly Poison"],"picked":"Adrenaline","floor":7},{"not_picked":["Bane","Flechettes"],"picked":"Dagger Spray","floor":11},{"not_picked":["Underhanded Strike","Calculated Gamble"],"picked":"Distraction","floor":12},{"not_picked":["Underhanded Strike","Sucker Punch"],"picked":"Well Laid Plans","floor":13},{"not_picked":["Dodge and Roll","Backflip"],"picked":"Quick Slash","floor":14},{"not_picked":["Envenom","Burst"],"picked":"Adrenaline","floor":16},{"not_picked":["Finisher+1","Sucker Punch"],"picked":"Dagger Throw","floor":18},{"not_picked":["Underhanded Strike","Flying Knee"],"picked":"Noxious Fumes","floor":19},{"not_picked":["Underhanded Strike+1","PiercingWail+1"],"picked":"Endless Agony","floor":20},{"not_picked":["Accuracy","Expertise"],"picked":"Escape Plan","floor":22},{"not_picked":["PiercingWail","Tactician+1"],"picked":"Catalyst","floor":25},{"not_picked":["Accuracy","Well Laid Plans"],"picked":"Footwork+1","floor":27},{"not_picked":["Footwork","Infinite Blades","Outmaneuver+1"],"picked":"SKIP","floor":28},{"not_picked":["Bouncing Flask+1","Slice"],"picked":"Prepared+1","floor":30},{"not_picked":["Wraith Form v2","PiercingWail+1"],"picked":"Slice","floor":31},{"not_picked":["Glass Knife","Wraith Form v2"],"picked":"Corpse Explosion+1","floor":33},{"not_picked":["Predator","Terror+1"],"picked":"Backflip+1","floor":35},{"not_picked":["Well Laid Plans+1","Choke"],"picked":"Quick Slash+1","floor":36},{"not_picked":["Blade Dance+1","Riddle With Holes+1"],"picked":"Poisoned Stab","floor":37},{"not_picked":["Dagger Throw+1","Masterful Stab+1"],"picked":"Outmaneuver+1","floor":39}],"player_experience":71296,"relics_obtained":[{"floor":6,"key":"Whetstone"},{"floor":9,"key":"Darkstone Periapt"},{"floor":11,"key":"CaptainsWheel"},{"floor":14,"key":"Bag of Preparation"},{"floor":19,"key":"Red Mask"},{"floor":26,"key":"Toxic Egg 2"},{"floor":28,"key":"Bottled Lightning"},{"floor":36,"key":"WingedGreaves"}],"event_choices":[{"cards_removed":["Defend_G"],"damage_healed":0,"gold_gain":0,"player_choice":"Offered Basic","damage_taken":0,"max_hp_gain":0,"max_hp_loss":0,"event_name":"Bonfire Elementals","floor":2,"gold_loss":0},{"damage_healed":0,"gold_gain":0,"player_choice":"Fought Bandits","damage_taken":0,"max_hp_gain":0,"max_hp_loss":0,"event_name":"Masked Bandits","floor":19,"gold_loss":0},{"damage_healed":0,"gold_gain":0,"player_choice":"Upgraded","damage_taken":0,"max_hp_gain":0,"max_hp_loss":0,"event_name":"Upgrade Shrine","floor":24,"gold_loss":0,"cards_upgraded":["Distraction"]},{"damage_healed":0,"gold_gain":0,"player_choice":"Fight","damage_taken":0,"max_hp_gain":0,"max_hp_loss":0,"event_name":"MindBloom","floor":36,"gold_loss":0}],"is_beta":false,"boss_relics":[{"not_picked":["Tiny House","Pandora\u0027s Box"],"picked":"Fusion Hammer"},{"not_picked":["Astrolabe","Black Star"],"picked":"Philosopher\u0027s Stone"}],"items_purged_floors":[],"is_endless":false,"potions_floor_spawned":[3,4,7,11,13,14,16,18,28,30,31,33,37],"killed_by":"Giant Head","ascension_level":0}}