{"host":"5s7sm4h73jkd9266","time":1609842766,"event":{"mods":["AchievementEnabler","Bartender","BaseMod","Better Match","Better Vampires","BetterRewards","Colored Map","Colored Powertips","Conspire","Downfall","Energized Spire","GifTheSpireLib","Hermit","Hubris","Magitek Elite","Marisa????????","Melee Mod","Minty Spire (QoL Compilation)","Potion Indicator Mod","Rare Cards Sparkle","Relic Stats","Replay The Spire","Robot Space Explorer","Shop Mod","StSLib","Stuff the Spire","The Bladedancer","The Blue Laboratory","The Cursed","The Disciple","The Dragon Tamer","The Forsaken","The Necromancer","The Wild Card","The Witch","Virulent Crown","everything is the same but u backflip on backflip","slay the spire mod where everything is the same but ironclad has a cowboy hat","vexMod"],"gold_per_floor":[119,119,269,57,71,71,103,22,22,34,34,34,69,82,82,156,156,176,187,187,206,36,36,7,7,7,18,18,18,18,18,18,92,92,107,107,107,127,44,44,69,69,120,135,135,25,25,25,41,61,61,61,61],"floor_reached":52,"playtime":3031,"items_purged":["Shame"],"score":1302,"play_id":"90ea6f7c-bb40-48b2-9720-867dcef2b960","local_time":"20210105053246","is_ascension_mode":true,"campfire_choices":[{"floor":6.0,"key":"REST"},{"data":"ReplayTheSpireMod:Dual Polarity","floor":12.0,"key":"SMITH"},{"floor":15.0,"key":"REST"},{"floor":23.0,"key":"REST"},{"floor":25.0,"key":"REST"},{"data":"StuffTheSpire:Synthwave","floor":28.0,"key":"SMITH"},{"floor":32.0,"key":"REST"},{"floor":40.0,"key":"REST"},{"floor":42.0,"key":"REST"},{"floor":51,"key":"REST"}],"circlet_count":0,"master_deck":["AscendersBane","Strike_B","Strike_B","Strike_B","Strike_B","Defend_B","Defend_B","Defend_B","Defend_B","Zap","Dualcast","expansioncontent:QuickStudy","Chill+1","Ball Lightning","Doubt","expansioncontent:Sear","Compile Driver","Hyperbeam","ReplayTheSpireMod:Dual Polarity+1","conspire:SharedLibrary","Tempest","Steam","StuffTheSpire:Synthwave+1","Thunder Strike","Looming Evil","CommonCold","ReplayTheSpireMod:Doomed","Storm","Cold Snap+1","Leap","Thunder Strike+1","FIFO Queue","Beam Cell+1","Barrage+1","StuffTheSpire:CopiaOfFamine","Electrodynamics","Leap","Writhe","BasicCrystalCard","Lockon+1","Tempest","Parasite","Stack+1","StuffTheSpire:BrainWave","StuffTheSpire:Coldhearted","Steam+1"],"relics":["Cracked Core","Mango","Raider\u0027s Mask","White Beast Statue","ReplayTheSpireMod:CursedCoin","Replay:Rubber Ducky","vexMod:Dragonfruit","hubris:Reverence","Replay:Ancient Bell","Bronze Scales","Molten Egg 2","Torii","hubris:64BitClover","Inserter","Art of War","StuffTheSpire:GrapeVine","Kunai"],"acts_visited":["Exordium","TheCity","TheBeyond"],"potions_floor_usage":[50,50],"damage_taken":[{"damage":7.0,"enemies":"Jaw Worm","floor":1.0,"turns":4.0},{"damage":0.0,"enemies":"2 Louse","floor":5.0,"turns":2.0},{"damage":24.0,"enemies":"Gremlin Nob","floor":7.0,"turns":4.0},{"damage":0.0,"enemies":"Small Slimes","floor":10.0,"turns":2.0},{"damage":10.0,"enemies":"Lagavulin","floor":13.0,"turns":4.0},{"damage":3.0,"enemies":"2 Fungi Beasts","floor":14.0,"turns":2.0},{"damage":33.0,"enemies":"Slime Boss","floor":16.0,"turns":6.0},{"damage":12.0,"enemies":"Spheric Guardian","floor":18.0,"turns":6.0},{"damage":3.0,"enemies":"conspire:FuzzyDice","floor":19.0,"turns":5.0},{"damage":23.0,"enemies":"conspire:HollyBat","floor":21.0,"turns":10.0},{"damage":9.0,"enemies":"Centurion and Healer","floor":27.0,"turns":6.0},{"damage":16.0,"enemies":"hubris:MusketHawk","floor":33.0,"turns":9.0},{"damage":31.0,"enemies":"3 Darklings","floor":35.0,"turns":4.0},{"damage":2.0,"enemies":"Orb Walker","floor":38.0,"turns":4.0},{"damage":36.0,"enemies":"Reptomancer","floor":41.0,"turns":4.0},{"damage":33.0,"enemies":"Writhing Mass","floor":44.0,"turns":7.0},{"damage":8.0,"enemies":"Maw","floor":49.0,"turns":8.0},{"damage":12,"enemies":"3 Darklings","floor":50,"turns":4},{"damage":43,"enemies":"hubris:GrandSnecko","floor":52,"turns":6}],"seed_played":"-5003981524706780769","potions_obtained":[{"floor":1.0,"key":"Adrenaline Potion"},{"floor":5.0,"key":"champ:CounterPotion"},{"floor":7.0,"key":"champ:CounterPotion"},{"floor":13.0,"key":"Explosive Potion"},{"floor":14.0,"key":"Dexterity Potion"},{"floor":16.0,"key":"Elixir"},{"floor":18.0,"key":"blueLaboratory:RelayPotion"},{"floor":19.0,"key":"blueLaboratory:BottleOfVodka"},{"floor":21.0,"key":"blueLaboratory:HorrorPotion"},{"floor":27.0,"key":"hexamod:EctoCoolerPotion"},{"floor":33.0,"key":"blueLaboratory:HorrorPotion"},{"floor":35.0,"key":"SpeedPotion"},{"floor":38.0,"key":"Adrenaline Potion"},{"floor":41.0,"key":"DuplicationPotion"},{"floor":44.0,"key":"champ:CounterPotion"},{"floor":49.0,"key":"LiquidMemories"},{"floor":50,"key":"Death Potion"}],"is_trial":false,"path_per_floor":["M","?","?","$","M","R","E","$","T","M","?","R","E","M","R","B",null,"M","M","?","M","$","R","$","R","T","M","R","?","$","?","R","B",null,"M","?","?","M","$","R","E","R","T","M","?","$","PTL","PTL","M","M","R","B"],"character_chosen":"DEFECT","items_purchased":["Mango","Raider\u0027s Mask","Loop+1","White Beast Statue","blueLaboratory:ForbiddenFruitJuice","ReplayTheSpireMod:CursedCoin","expansioncontent:QuickStudy","Chill","expansioncontent:Sear","Compile Driver","conspire:SharedLibrary","Thunder Strike+1","FIFO Queue","Beam Cell+1","Lockon+1","CultistPotion"],"campfire_rested":8,"item_purchase_floors":[0,0,0,0,0,0,0,0,4,4,8,22,22,24,39,46],"current_hp_per_floor":[32,32,32,32,32,57,33,33,38,38,80,80,70,67,80,47,72,60,57,57,34,34,58,58,80,80,71,71,46,46,46,70,54,74,43,43,59,57,57,80,44,68,68,35,35,35,35,35,27,15,39,0,0],"gold":61,"neow_bonus":"","is_daily":false,"chose_seed":false,"campfire_upgraded":2,"win_rate":0.0,"timestamp":1609842766,"path_taken":["M","?","?","?","M","R","E","$","T","M","?","R","E","M","R","BOSS","M","M","?","M","$","R","$","R","T","M","R","?","?","?","R","BOSS","M","?","?","M","$","R","E","R","T","M","?","$","PTL","PTL","M","M","R","BOSS"],"items_purchased_type":["Relic","Relic","Card","Relic","Potion","Relic","Card","Card","Card","Card","Card","Card","Card","Card","Card","Potion"],"build_version":"2020-12-22","purchased_purges":1,"victory":false,"max_hp_per_floor":[85,85,85,85,85,85,85,85,90,90,80,80,80,80,80,80,80,80,80,80,80,80,80,80,80,80,80,80,80,80,80,80,80,80,80,80,80,80,80,80,80,80,80,80,80,80,80,80,80,80,80,80,80],"relic_stats":{"Inserter":[18],"Torii":32,"counters":[53,285],"Bronze Scales":[177],"Art of War":[2],"Kunai":[0],"obtain_stats":[{"vexMod:PlasmaPancake":19,"Regal Pillow":14,"Torii":17,"Vajra":11,"Mango":0,"Juzu Bracelet":19,"StuffTheSpire:GrapeVine":43,"Raider\u0027s Mask":0,"Replay:Rubber Ducky":7,"vexMod:InvisibilityCloak":15,"HornCleat":19,"test447":0,"hubris:Icosahedron":4,"Prayer Wheel":1,"WingedGreaves":26,"hubris:CuriousFeather":34,"Kunai":50,"Cracked Core":0,"StuffTheSpire:NeowsTribute":23,"Pear":25,"Inserter":34,"hubris:SoftwareUpdate":28,"ReplayTheSpireMod:CursedCoin":0,"hubris:64BitClover":26,"Choco_Feather":19,"Blue Candle":34,"StuffTheSpire:Expresso":43,"hubris:FruitBowl":31,"vexMod:BerryBomb":7,"Replay:Ancient Bell":19,"hubris:Towel":5,"White Beast Statue":0,"WarpedTongs":39,"vexMod:Dragonfruit":9,"DataDisk":34,"StuffTheSpire:Mouthbags":0,"Bronze Scales":17,"Molten Egg 2":17,"Bag of Marbles":13,"Art of War":41,"StrikeDummy":9,"vexMod:BigBerry":17,"hubris:Reverence":11},{"vexMod:PlasmaPancake":6,"Regal Pillow":18,"Torii":41,"Vajra":3,"Mango":34,"Juzu Bracelet":6,"StuffTheSpire:GrapeVine":49,"Raider\u0027s Mask":34,"Replay:Rubber Ducky":37,"vexMod:InvisibilityCloak":5,"HornCleat":6,"test447":11,"hubris:Icosahedron":13,"Prayer Wheel":1,"WingedGreaves":23,"hubris:CuriousFeather":28,"Kunai":52,"Cracked Core":0,"StuffTheSpire:NeowsTribute":22,"Pear":9,"Inserter":46,"hubris:SoftwareUpdate":9,"ReplayTheSpireMod:CursedCoin":34,"hubris:64BitClover":44,"Choco_Feather":20,"Blue Candle":28,"StuffTheSpire:Expresso":33,"hubris:FruitBowl":9,"vexMod:BerryBomb":14,"Replay:Ancient Bell":6,"hubris:Towel":13,"White Beast Statue":34,"WarpedTongs":31,"vexMod:Dragonfruit":37,"DataDisk":28,"StuffTheSpire:Mouthbags":11,"Bronze Scales":41,"Molten Egg 2":41,"Bag of Marbles":39,"Art of War":49,"StrikeDummy":15,"vexMod:BigBerry":19,"hubris:Reverence":38},{"vexMod:PlasmaPancake":30,"Regal Pillow":98,"Torii":212,"Vajra":10,"Mango":188,"Juzu Bracelet":30,"StuffTheSpire:GrapeVine":260,"Raider\u0027s Mask":188,"Replay:Rubber Ducky":198,"vexMod:InvisibilityCloak":20,"HornCleat":30,"test447":77,"hubris:Icosahedron":82,"Prayer Wheel":2,"WingedGreaves":122,"hubris:CuriousFeather":160,"Kunai":279,"Cracked Core":0,"StuffTheSpire:NeowsTribute":118,"Pear":55,"Inserter":248,"hubris:SoftwareUpdate":55,"ReplayTheSpireMod:CursedCoin":188,"hubris:64BitClover":233,"Choco_Feather":113,"Blue Candle":160,"StuffTheSpire:Expresso":182,"hubris:FruitBowl":55,"vexMod:BerryBomb":87,"Replay:Ancient Bell":30,"hubris:Towel":82,"White Beast Statue":188,"WarpedTongs":171,"vexMod:Dragonfruit":198,"DataDisk":160,"StuffTheSpire:Mouthbags":77,"Bronze Scales":212,"Molten Egg 2":212,"Bag of Marbles":204,"Art of War":260,"StrikeDummy":89,"vexMod:BigBerry":109,"hubris:Reverence":200}]},"card_choices":[{"not_picked":["Lockon","Turbo"],"picked":"Ball Lightning","floor":1.0},{"not_picked":["Go for the Eyes","BasicCrystalCard"],"picked":"Hyperbeam","floor":5.0},{"not_picked":["Sweeping Beam","ReplayGash"],"picked":"ReplayTheSpireMod:Dual Polarity","floor":7.0},{"not_picked":["Barrage","Coolheaded"],"picked":"Tempest","floor":10.0},{"not_picked":["Consume","ReplaySort"],"picked":"Steam","floor":13.0},{"not_picked":["Hologram","Ball Lightning"],"picked":"StuffTheSpire:Synthwave","floor":14.0},{"not_picked":["Machine Learning","Creative AI"],"picked":"Thunder Strike","floor":16.0},{"not_picked":["StuffTheSpire:GnomedCurse","Harmlessness"],"picked":"Looming Evil","floor":17.0},{"not_picked":["hubris:Gluttony","ReplayTheSpireMod:Doomed"],"picked":"CommonCold","floor":17.0},{"not_picked":["Replay:Hysterical Blindness","hubris:Sloth"],"picked":"ReplayTheSpireMod:Doomed","floor":17.0},{"not_picked":["ReplayTheSpireMod:GoodbyeWorld","Rip and Tear+1"],"picked":"Storm","floor":18.0},{"not_picked":["conspire:Rain","BootSequence+1"],"picked":"Cold Snap+1","floor":19.0},{"not_picked":["ReplayTheSpireMod:System Scan","Reprogram"],"picked":"Leap","floor":21.0},{"not_picked":["Force Field","Sweeping Beam+1"],"picked":"Barrage+1","floor":27.0},{"not_picked":["hubris:SpecializedCircuitry","Seek"],"picked":"Electrodynamics","floor":33.0},{"not_picked":["Ball Lightning+1","Turbo+1"],"picked":"Leap","floor":35.0},{"not_picked":["Redo","Turbo"],"picked":"BasicCrystalCard","floor":38.0},{"not_picked":["BasicCrystalCard","conspire:SharedLibrary"],"picked":"Tempest","floor":41.0},{"not_picked":["ReplayTheSpireMod:GoodbyeWorld+1","Aggregate+1"],"picked":"Stack+1","floor":44.0},{"not_picked":["StuffTheSpire:Vigor","StuffTheSpire:Perfection"],"picked":"StuffTheSpire:BrainWave","floor":45.0},{"not_picked":["Reprogram","Recycle"],"picked":"StuffTheSpire:Coldhearted","floor":49.0},{"not_picked":["StuffTheSpire:SnapShoot","FTL+1"],"picked":"Steam+1","floor":50}],"player_experience":5401681,"relics_obtained":[{"floor":7.0,"key":"Replay:Rubber Ducky"},{"floor":9.0,"key":"vexMod:Dragonfruit"},{"floor":13.0,"key":"Bag of Marbles"},{"floor":26.0,"key":"hubris:64BitClover"},{"floor":41.0,"key":"Art of War"},{"floor":43.0,"key":"StuffTheSpire:GrapeVine"},{"floor":50,"key":"Kunai"}],"event_choices":[{"damage_healed":0.0,"max_hp_gain":0.0,"max_hp_loss":0.0,"gold_gain":150.0,"event_name":"Liars Game","player_choice":"AGREE","floor":3.0,"gold_loss":0.0,"damage_taken":0.0,"cards_obtained":["Doubt"]},{"damage_healed":0.0,"max_hp_gain":0.0,"max_hp_loss":0.0,"gold_gain":0.0,"event_name":"Scrap Ooze","player_choice":"Success","floor":11.0,"gold_loss":0.0,"damage_taken":11.0,"relics_obtained":["hubris:Reverence"]},{"damage_healed":0.0,"max_hp_gain":0.0,"max_hp_loss":0.0,"gold_gain":0.0,"event_name":"FaceTrader","player_choice":"Leave","floor":31.0,"gold_loss":0.0,"damage_taken":0.0},{"damage_healed":0.0,"max_hp_gain":0.0,"max_hp_loss":0.0,"gold_gain":0.0,"event_name":"Tomb of Lord Red Mask","player_choice":"Ignored","floor":36.0,"gold_loss":0.0,"damage_taken":0.0},{"damage_healed":16.0,"max_hp_gain":0.0,"max_hp_loss":0.0,"gold_gain":0.0,"event_name":"Winding Halls","player_choice":"Writhe","floor":37.0,"gold_loss":0.0,"damage_taken":0.0,"cards_obtained":["Writhe"]}],"is_beta":false,"boss_relics":[{"not_picked":["Velvet Choker","theForsaken:PaleLantern"],"picked":"Replay:Ancient Bell"},{"not_picked":["Juzu Bracelet","vexMod:MemoryStick"],"picked":"Bronze Scales"},{"not_picked":["Matryoshka","ReplayTheSpireMod:Ninjato"],"picked":"Molten Egg 2"},{"not_picked":["Incense Burner","hubris:Teleporter"],"picked":"Torii"},{"not_picked":["conspire:SlowCooker","Black Star"],"picked":"Inserter"}],"items_purged_floors":[4],"is_endless":false,"potions_floor_spawned":[1,5,7,10,13,14,16,18,19,21,27,33,35,38,41,44,49,50],"killed_by":"hubris:GrandSnecko","ascension_level":17}}