{"host":"bucz1ta8m37ss0gy","time":1609972824,"event":{"mods":["Abigail Mod","BaseMod","CapriCore","Hermit","Koishi","Marisa£¨Ùöéë¡¡Øª×âÞÞ£©","Minty Spire (QoL Compilation)","Railgun Mod","StSLib","The Dragon Tamer","The Immortal"],"gold_per_floor":[116,135,155,155,175,175,175,175,175,175,196,236,255,280,280,280,280],"floor_reached":16,"playtime":532,"items_purged":[],"score":104,"play_id":"c27aec5c-f6c7-43d6-9e30-ff23b5a16873","local_time":"20210107074024","is_ascension_mode":false,"campfire_choices":[{"data":"hermit:TakeAim","floor":6,"key":"SMITH"},{"data":"hermit:Snapshot","floor":10,"key":"SMITH"},{"floor":15,"key":"REST"}],"circlet_count":0,"master_deck":["hermit:Strike_Hermit","hermit:Strike_Hermit","hermit:Strike_Hermit","hermit:Strike_Hermit","hermit:Defend_Hermit","hermit:Defend_Hermit","hermit:Defend_Hermit","hermit:Defend_Hermit","hermit:Snapshot+1","hermit:Covet","hermit:Spite","hermit:Coalescence","hermit:Desperado+1","hermit:TakeAim+1","hermit:Misfire","hermit:NoHoldsBarred","hermit:ItchyTrigger","hermit:SprayPray"],"relics":["hermit:Momento","Golden Idol","Calipers","TungstenRod"],"acts_visited":["Exordium"],"potions_floor_usage":[5],"damage_taken":[{"damage":0,"enemies":"2 Louse","floor":1,"turns":2},{"damage":2,"enemies":"Small Slimes","floor":2,"turns":4},{"damage":10,"enemies":"Cultist","floor":3,"turns":4},{"damage":8,"enemies":"Red Slaver","floor":5,"turns":4},{"damage":17,"enemies":"Large Slime","floor":11,"turns":5},{"damage":28,"enemies":"Gremlin Nob","floor":12,"turns":4},{"damage":10,"enemies":"Lots of Slimes","floor":13,"turns":3},{"damage":0,"enemies":"3 Louse","floor":14,"turns":1},{"damage":32,"enemies":"The Guardian","floor":16,"turns":4}],"seed_played":"4001412155407580179","potions_obtained":[{"floor":2,"key":"Swift Potion"},{"floor":12,"key":"LiquidMemories"},{"floor":14,"key":"Ancient Potion"}],"is_trial":false,"path_per_floor":["M","M","M","?","M","R","?","?","T","R","M","E","M","M","R","B"],"character_chosen":"HERMIT","items_purchased":[],"campfire_rested":1,"item_purchase_floors":[],"current_hp_per_floor":[82,80,70,70,62,62,62,62,62,62,45,17,7,7,31,0,0],"gold":280,"neow_bonus":"TEN_PERCENT_HP_BONUS","is_daily":false,"chose_seed":false,"campfire_upgraded":2,"win_rate":0.0,"timestamp":1609972824,"path_taken":["M","M","M","?","M","R","?","?","T","R","M","E","M","M","R","BOSS"],"items_purchased_type":[],"build_version":"2020-12-22","purchased_purges":0,"victory":false,"max_hp_per_floor":[82,82,82,82,82,82,82,82,82,82,82,82,82,82,82,82,82],"card_choices":[{"not_picked":["hermit:Snipe","hermit:HoleUp"],"picked":"hermit:Spite","floor":1},{"not_picked":["hermit:HoleUp","hermit:HighCaliber"],"picked":"hermit:Coalescence","floor":2},{"not_picked":["hermit:Feint","hermit:FlashPowder"],"picked":"hermit:Desperado","floor":3},{"not_picked":["hermit:DeadMansHand","hermit:Showdown"],"picked":"hermit:TakeAim","floor":5},{"not_picked":["hermit:Feint","hermit:Roulette"],"picked":"hermit:Misfire","floor":11},{"not_picked":["hermit:Showdown","hermit:CalledShot"],"picked":"hermit:NoHoldsBarred","floor":12},{"not_picked":["hermit:Midnight","hermit:Malice"],"picked":"hermit:ItchyTrigger","floor":13},{"not_picked":["hermit:Misfire","hermit:Spite"],"picked":"hermit:SprayPray","floor":14}],"player_experience":304315,"relics_obtained":[{"floor":9,"key":"Calipers"},{"floor":12,"key":"TungstenRod"}],"event_choices":[{"damage_healed":0,"gold_gain":0,"player_choice":"Take Wound","damage_taken":0,"relics_obtained":["Golden Idol"],"max_hp_gain":0,"max_hp_loss":0,"event_name":"Golden Idol","floor":4,"gold_loss":0,"cards_obtained":["Injury"]},{"damage_healed":0,"gold_gain":0,"player_choice":"Grow","damage_taken":0,"max_hp_gain":0,"max_hp_loss":0,"event_name":"Living Wall","floor":7,"gold_loss":0,"cards_upgraded":["hermit:Desperado"]},{"cards_removed":["Injury"],"damage_healed":0,"gold_gain":0,"player_choice":"Removed Curses","damage_taken":0,"max_hp_gain":0,"max_hp_loss":0,"event_name":"Fountain of Cleansing","floor":8,"gold_loss":0}],"is_beta":false,"boss_relics":[],"items_purged_floors":[],"is_endless":false,"potions_floor_spawned":[2,12,14],"killed_by":"The Guardian","ascension_level":0}}