{"host":"a0paspe0zwqgzttz","time":1609976286,"event":{"mods":["AchievementEnabler","Act Like it!","BaseMod","BetterRewards","Colored Powertips","Conspire","Downfall","GifTheSpireLib","Hermit","Highlight Path","Lobotomy","Mad Scientist","Marisa????????","Minty Spire (QoL Compilation)","Quick Restart","Replay The Spire","Robot Space Explorer","Shop Mod","StSLib","SuperFastMode","The Bug Knight","The Construct","The Cursed","The Hierophant","The Jungle","The Mystic","The Necromancer","The Runesmith","The Senshi","The Servant 0.9.4"],"gold_per_floor":[99,113,131,144,144,56,127,138,138,156,167,207,226,208,224,224,224],"floor_reached":16,"playtime":606,"items_purged":[],"score":98,"play_id":"90c062eb-968c-41d3-93c1-ecb1f0612e16","local_time":"20210106183806","is_ascension_mode":false,"campfire_choices":[{"data":"sneckomod:Unknown","floor":1,"key":"SMITH"}],"circlet_count":0,"master_deck":["sneckomod:Strike","sneckomod:Strike","sneckomod:Strike","sneckomod:Defend","sneckomod:Defend","sneckomod:Defend","sneckomod:TailWhip","sneckomod:SnekBite","sneckomod:Unknown+1","sneckomod:Unknown","sneckomod:UnknownClassLobotomy","sneckomod:UnknownClassLobotomy","sneckomod:IronFang","sneckomod:IronFang","sneckomod:CheapStock+1","sneckomod:UnknownUncommonPower","sneckomod:UnknownRareAttack","sneckomod:WideSting","sneckomod:RainOfDice","sneckomod:Unknown3Cost","sneckomod:UnknownClassBUGKNIGHT_GRAY_COLOR","sneckomod:UnknownWeak"],"relics":["sneckomod:SneckoSoul","Regal Pillow","Eternal Feather","StrikeDummy","conspire:GlowingRock"],"acts_visited":["Exordium"],"potions_floor_usage":[4,11,11,14,14],"damage_taken":[{"damage":9,"enemies":"Cultist","floor":2,"turns":5},{"damage":2,"enemies":"Small Slimes","floor":3,"turns":4},{"damage":1,"enemies":"2 Louse","floor":4,"turns":2},{"damage":0,"enemies":"downfall:FleeingMerchant","floor":6,"turns":4},{"damage":12,"enemies":"Blue Slaver","floor":8,"turns":4},{"damage":18,"enemies":"Exordium Thugs","floor":10,"turns":4},{"damage":14,"enemies":"Lots of Slimes","floor":11,"turns":3},{"damage":43,"enemies":"conspire:MimicChest","floor":12,"turns":7},{"damage":0,"enemies":"3 Louse","floor":13,"turns":2},{"damage":4,"enemies":"Gremlin Gang","floor":14,"turns":4},{"damage":7,"enemies":"Blue Slaver","floor":15,"turns":3},{"damage":5,"enemies":"downfall:Defect","floor":16,"turns":2}],"seed_played":"-4369510482684055256","potions_obtained":[{"floor":2,"key":"ColorlessPotion"},{"floor":3,"key":"SteroidPotion"},{"floor":4,"key":"Fire Potion"},{"floor":8,"key":"sneckomod:MuddlingPotion"},{"floor":12,"key":"Fire Potion"}],"is_trial":false,"path_per_floor":["R","M","M","M","T","$","T","M","?","M","M","?","M","M","M","B"],"character_chosen":"THE_SNECKO","items_purchased":["sneckomod:CheapStock"],"campfire_rested":0,"item_purchase_floors":[6],"current_hp_per_floor":[90,82,81,80,80,80,80,69,69,52,56,13,14,11,5,0,0],"gold":224,"neow_bonus":"RANDOM_COMMON_RELIC","is_daily":false,"chose_seed":false,"campfire_upgraded":1,"win_rate":0.0,"timestamp":1609976286,"path_taken":["R","M","M","M","?","?","T","?","?","M","M","?","M","M","M","BOSS"],"items_purchased_type":["Card"],"build_version":"2020-12-22","purchased_purges":0,"victory":false,"max_hp_per_floor":[90,91,92,92,92,92,92,93,93,94,94,94,95,96,97,97,97],"card_choices":[{"not_picked":["sneckomod:Nope","sneckomod:UnknownUncommonAttack"],"picked":"sneckomod:UnknownClassLobotomy","floor":2},{"not_picked":["sneckomod:UnknownVulnerable","sneckomod:UnknownWeak"],"picked":"sneckomod:UnknownClassLobotomy","floor":3},{"not_picked":["sneckomod:UnknownVulnerable","sneckomod:SoulDraw"],"picked":"sneckomod:IronFang","floor":4},{"not_picked":["sneckomod:UnknownClassBLUE","sneckomod:UnknownStrike"],"picked":"sneckomod:IronFang","floor":6},{"not_picked":["sneckomod:UnknownExhaust","sneckomod:UnknownClassMYSTIC_PURPLE"],"picked":"sneckomod:UnknownUncommonPower","floor":8},{"not_picked":["sneckomod:DiceBlock","sneckomod:UnknownCommonAttack"],"picked":"sneckomod:UnknownRareAttack","floor":10},{"not_picked":["sneckomod:SoulDraw","sneckomod:UnknownCommonAttack"],"picked":"sneckomod:WideSting","floor":11},{"not_picked":["sneckomod:QuickBite","sneckomod:UnknownCommonAttack"],"picked":"sneckomod:RainOfDice","floor":12},{"not_picked":["sneckomod:WideSting","sneckomod:IronFang"],"picked":"sneckomod:Unknown3Cost","floor":13},{"not_picked":["sneckomod:UnknownClassAngela","sneckomod:UnknownClassBLUE"],"picked":"sneckomod:UnknownClassBUGKNIGHT_GRAY_COLOR","floor":14},{"not_picked":["sneckomod:Unknown1Cost","sneckomod:UnknownClassSLIMEBOUND"],"picked":"sneckomod:UnknownWeak","floor":15}],"player_experience":435089,"relics_obtained":[{"floor":5,"key":"Eternal Feather"},{"floor":7,"key":"StrikeDummy"},{"floor":12,"key":"conspire:GlowingRock"}],"event_choices":[{"damage_healed":0,"gold_gain":0,"player_choice":"Grow","damage_taken":0,"max_hp_gain":0,"max_hp_loss":0,"event_name":"Living Wall","floor":9,"gold_loss":0,"cards_upgraded":["sneckomod:CheapStock"]}],"is_beta":false,"boss_relics":[],"items_purged_floors":[],"is_endless":false,"potions_floor_spawned":[2,3,4,8,12],"killed_by":"downfall:Defect","ascension_level":0}}