{"host":"baymyijz6sxaqj5s","time":1609950514,"event":{"mods":["AchievementEnabler","BaseMod","Colored Map","Colored Powertips","DeckTracker","Highlight Path","KOR Keyword Fix","Keyboard Shortcuts","Minty Spire (QoL Compilation)","Quick Restart","StSLib","SuperFastMode"],"gold_per_floor":[113,128,128,143,158,158,176,192,192,203,203,203,203,155,155,255,255,255,255],"floor_reached":18,"playtime":454,"items_purged":[],"score":177,"play_id":"a9bdeb8a-b4c3-4766-a8b3-9c2d2e7d8514","local_time":"20210107012834","is_ascension_mode":true,"campfire_choices":[{"data":"Shrug It Off","floor":6,"key":"SMITH"},{"data":"Seeing Red","floor":11,"key":"SMITH"},{"data":"Shrug It Off","floor":15,"key":"SMITH"}],"circlet_count":0,"master_deck":["Strike_R","Strike_R","Strike_R","Strike_R","Strike_R","Defend_R+1","Defend_R+1","Defend_R","Defend_R","Bash","Thunderclap","Shrug It Off+1","Impervious","Seeing Red+1","Shrug It Off+1","Feed"],"relics":["Black Blood","Pantograph","Eternal Feather"],"acts_visited":["Exordium","TheCity"],"potions_floor_usage":[10,16,16],"damage_taken":[{"damage":1,"enemies":"Cultist","floor":1,"turns":4},{"damage":5,"enemies":"Jaw Worm","floor":2,"turns":5},{"damage":0,"enemies":"Small Slimes","floor":4,"turns":4},{"damage":11,"enemies":"Blue Slaver","floor":5,"turns":4},{"damage":1,"enemies":"2 Fungi Beasts","floor":7,"turns":3},{"damage":7,"enemies":"Large Slime","floor":8,"turns":7},{"damage":9,"enemies":"Exordium Wildlife","floor":10,"turns":5},{"damage":90,"enemies":"The Guardian","floor":16,"turns":25},{"damage":35,"enemies":"Shell Parasite","floor":18,"turns":7}],"seed_played":"-1360781668933464418","potions_obtained":[{"floor":4,"key":"Explosive Potion"},{"floor":5,"key":"ElixirPotion"},{"floor":8,"key":"SteroidPotion"},{"floor":10,"key":"Energy Potion"}],"is_trial":false,"path_per_floor":["M","M","?","M","M","R","M","M","T","M","R","?","?","$","R","B",null,"M"],"character_chosen":"IRONCLAD","items_purchased":["Shrug It Off"],"campfire_rested":0,"item_purchase_floors":[14],"current_hp_per_floor":[88,88,70,76,71,71,76,75,75,72,72,69,74,74,83,9,93,58,58],"gold":255,"neow_bonus":"TEN_PERCENT_HP_BONUS","is_daily":false,"chose_seed":false,"campfire_upgraded":3,"win_rate":0.0,"timestamp":1609950514,"path_taken":["M","?","?","M","M","R","M","M","T","M","R","?","?","?","R","BOSS","M"],"items_purchased_type":["Card"],"build_version":"2020-12-22","purchased_purges":0,"victory":false,"max_hp_per_floor":[88,88,88,88,88,88,88,88,88,88,88,88,93,93,93,93,93,93,93],"card_choices":[{"not_picked":["Iron Wave","Blood for Blood","Warcry"],"picked":"SKIP","floor":1},{"not_picked":["Flex","Burning Pact"],"picked":"Thunderclap","floor":2},{"not_picked":["Sentinel","Bloodletting","Warcry"],"picked":"SKIP","floor":4},{"not_picked":["Havoc","Clothesline"],"picked":"Shrug It Off","floor":5},{"not_picked":["Combust","Pommel Strike"],"picked":"Impervious","floor":7},{"not_picked":["True Grit","Headbutt","Pommel Strike"],"picked":"SKIP","floor":8},{"not_picked":["Battle Trance","Iron Wave"],"picked":"Seeing Red","floor":10},{"not_picked":["Juggernaut","Immolate"],"picked":"Feed","floor":16}],"player_experience":325011,"relics_obtained":[{"floor":9,"key":"Pantograph"}],"event_choices":[{"damage_healed":0,"gold_gain":0,"player_choice":"Entered Light","damage_taken":18,"max_hp_gain":0,"max_hp_loss":0,"event_name":"Shining Light","floor":3,"gold_loss":0,"cards_upgraded":["Defend_R","Defend_R"]},{"damage_healed":0,"gold_gain":0,"player_choice":"Success","damage_taken":3,"relics_obtained":["Eternal Feather"],"max_hp_gain":0,"max_hp_loss":0,"event_name":"Scrap Ooze","floor":12,"gold_loss":0},{"damage_healed":0,"gold_gain":0,"player_choice":"Donut","damage_taken":0,"max_hp_gain":5,"max_hp_loss":0,"event_name":"Big Fish","floor":13,"gold_loss":0}],"is_beta":false,"boss_relics":[{"not_picked":["Mark of Pain","Fusion Hammer"],"picked":"Black Blood"}],"items_purged_floors":[],"is_endless":false,"potions_floor_spawned":[4,5,8,10],"killed_by":"Shell Parasite","ascension_level":3}}