{"host":"b0hh64pqctf46s8m","time":1609892626,"event":{"mods":["100% Spire Juice","Act Like it!","Aspiration","BaseMod","Bestiary","Better Third Choice","CCEM","CapriCore","ChefMod","Conspire","Curses Come First","Displayed Cursed Tome","Dota2Spire","Downfall","Ekko","Elementarium","Evolution","Fireblade Mod","Halation","Hallownest","Hermit","Hubris","Infinite Spire","Jess\u0027s Bottle","JesterMod","Jorbs\u0027s Wanderer Trilogy","Koishi","Kratos Character Expansion","Lobotomy","Luminous","Mari Mod (Legacy)","Mari\u0027s V1 Patch","Menagerie","Mimic Mod","Minty Spire (QoL Compilation)","Pale of the Ancients","Permanent Neow","Pikachu Mod","QueenMod","Random Character Button","Relic Sorter","Relic Stats","Replay The Spire","Robot Space Explorer","Shade Mod","StSLib","The Blue Laboratory","The Bug Knight","The Dragon Tamer","The Hayseed","The Immortal","The Marked","TheLocksmith","TheSwordswoman","TheVacant","TheWitcher","Treasure Hunter","UnlockEverythingMod","Wandering Minibosses","vexMod","??????REMEMod"],"gold_per_floor":[99,111,123,140,140,154,187,206,206,206],"floor_reached":9,"playtime":585,"items_purged":[],"score":55,"play_id":"ce5cc29c-b0ff-419d-b8ff-0d0ddc614aad","local_time":"20210105162346","is_ascension_mode":false,"campfire_choices":[],"circlet_count":0,"master_deck":["OSAHOGD","TheSimpletonMod:Strike_TheSimpleton","TheSimpletonMod:Strike_TheSimpleton","TheSimpletonMod:Strike_TheSimpleton","TheSimpletonMod:Strike_TheSimpleton","TheSimpletonMod:Defend_TheSimpleton","TheSimpletonMod:Defend_TheSimpleton+1","TheSimpletonMod:Defend_TheSimpleton","TheSimpletonMod:Defend_TheSimpleton","TheSimpletonMod:Haymaker+1","TheSimpletonMod:ReapAndSow","Feed","TheSimpletonMod:PestManagement+1","TheSimpletonMod:BumperCrop","TheSimpletonMod:Polyculture","TheSimpletonMod:Artichokes","TheSimpletonMod:ToughenUp"],"relics":["TheSimpletonMod:SpudOfTheInnocent","REME_ComplimentaryCards","EVO:Axolotl","TheSimpletonMod:NightSoil","TheSimpletonMod:TheHarvester","Menagerie:MalignantTentacle","vexMod:BarristanHead"],"acts_visited":["Menagerie:Menagerie"],"potions_floor_usage":[7,8],"damage_taken":[{"damage":12,"enemies":"Menagerie:MonstrousExperiment","floor":2,"turns":7},{"damage":6,"enemies":"Menagerie:WhisperingWraith","floor":3,"turns":5},{"damage":0,"enemies":"Menagerie:2_RABBITS","floor":4,"turns":6},{"damage":22,"enemies":"Menagerie:MeltingSalamander","floor":6,"turns":8},{"damage":38,"enemies":"Menagerie:STYGIAN_BOAR_AND_WHISPERING_WRAITH","floor":7,"turns":10},{"damage":13,"enemies":"Menagerie:STYGIAN_BOAR_AND_WHISPERING_WRAITH","floor":8,"turns":7},{"damage":33,"enemies":"Menagerie:Hydra","floor":9,"turns":4}],"seed_played":"3103156644568874771","potions_obtained":[{"floor":1,"key":"Explosive Potion"},{"floor":1,"key":"blueLaboratory:EnragingPotion"},{"floor":2,"key":"DuplicationPotion"},{"floor":8,"key":"PowerPotion"}],"is_trial":false,"path_per_floor":["R","M","M","M","?","M","MIM","M","E"],"character_chosen":"THE_SIMPLETON","items_purchased":[],"campfire_rested":0,"item_purchase_floors":[],"current_hp_per_floor":[75,63,66,75,75,59,30,26,0,0],"gold":206,"neow_bonus":"UPGRADE_CARD","is_daily":false,"chose_seed":false,"campfire_upgraded":0,"win_rate":0.0,"timestamp":1609892626,"path_taken":["R","M","M","M","?","M","MIM","M","E"],"items_purchased_type":[],"build_version":"2020-12-22","purchased_purges":0,"victory":false,"max_hp_per_floor":[75,75,78,81,81,81,84,87,87,87],"relic_stats":{"counters":[7,47],"obtain_stats":[{"TheSimpletonMod:TheHarvester":0,"vexMod:BarristanHead":7,"Menagerie:MalignantTentacle":5,"TheSimpletonMod:SpudOfTheInnocent":0,"EVO:Axolotl":0,"TheSimpletonMod:NightSoil":0,"REME_ComplimentaryCards":0},{"TheSimpletonMod:TheHarvester":0,"vexMod:BarristanHead":5,"Menagerie:MalignantTentacle":3,"TheSimpletonMod:SpudOfTheInnocent":0,"EVO:Axolotl":0,"TheSimpletonMod:NightSoil":0,"REME_ComplimentaryCards":0},{"TheSimpletonMod:TheHarvester":0,"vexMod:BarristanHead":36,"Menagerie:MalignantTentacle":18,"TheSimpletonMod:SpudOfTheInnocent":0,"EVO:Axolotl":0,"TheSimpletonMod:NightSoil":0,"REME_ComplimentaryCards":0}]},"card_choices":[{"not_picked":["TheSimpletonMod:Pruning","TheSimpletonMod:Rototilling"],"picked":"TheSimpletonMod:PestManagement","floor":2},{"not_picked":["TheSimpletonMod:Pruning","TheSimpletonMod:SpiceUp"],"picked":"TheSimpletonMod:BumperCrop","floor":3},{"not_picked":["TheSimpletonMod:CropRotation","TheSimpletonMod:SpiceUp"],"picked":"TheSimpletonMod:Polyculture","floor":4},{"not_picked":["TheSimpletonMod:Rototilling","TheSimpletonMod:DigIn","TheSimpletonMod:SoilSample"],"picked":"SKIP","floor":6},{"not_picked":["TheSimpletonMod:Squash","TheSimpletonMod:StockTheCellar"],"picked":"TheSimpletonMod:Artichokes","floor":7},{"not_picked":["TheSimpletonMod:DigIn","TheSimpletonMod:PestManagement"],"picked":"TheSimpletonMod:ToughenUp","floor":8}],"player_experience":1503218,"relics_obtained":[{"floor":7,"key":"vexMod:BarristanHead"}],"event_choices":[{"damage_healed":0,"gold_gain":0,"player_choice":"Enter","damage_taken":0,"relics_obtained":["Menagerie:MalignantTentacle"],"max_hp_gain":0,"max_hp_loss":0,"event_name":"Menagerie:CorruptingLight","floor":5,"gold_loss":0,"cards_upgraded":["TheSimpletonMod:Defend_TheSimpleton","TheSimpletonMod:PestManagement"]}],"is_beta":false,"boss_relics":[],"items_purged_floors":[],"is_endless":false,"potions_floor_spawned":[2,4,8],"killed_by":"Menagerie:Hydra","ascension_level":0}}