{"host":"dt8tt9y5uobrbn6j","time":1609917915,"event":{"mods":["Act Like it!","Aspiration","BaseMod","Better Third Choice","BetterRewards","Card Forge","Colored Powertips","Conspire","Hubris","Infinite Spire","Minty Spire (QoL Compilation)","Quick Restart","Relic Stats","Replay The Spire","Retaliation","Shop Mod","StSLib","vexMod","óô»ðÖ¸ÄÏ"],"gold_per_floor":[118,133,148,163,174,174,174,206,206,206,206],"floor_reached":10,"playtime":470,"items_purged":["Strike_G","hubris:Disease"],"score":140,"play_id":"e345a3cf-fa72-46d1-bd30-41b100c2f62b","local_time":"20210106152515","is_ascension_mode":true,"campfire_choices":[{"floor":7,"key":"REST"}],"circlet_count":0,"master_deck":["AscendersBane","Strike_G","Strike_G","Strike_G","Strike_G","Defend_G","Defend_G","Defend_G","Defend_G","Defend_G","Survivor","Neutralize+1","Footwork","Deadly Poison","Bane","Crippling Poison","Deflect","Leg Sweep"],"relics":["Ring of the Snake","Hammer of Thor","Seething Fire","Anvil of the Gods","hubris:EmptyBottle","ReplayTheSpireMod:CursedCoin","hubris:MedicalManual","Shovel","aspiration:TomeofQuesting","aspiration:FetidBarrel"],"acts_visited":["Exordium"],"potions_floor_usage":[4,4,4,5,8,10],"damage_taken":[{"damage":0.0,"enemies":"Cultist","floor":1.0,"turns":7.0},{"damage":5.0,"enemies":"Small Slimes","floor":2.0,"turns":4.0},{"damage":0.0,"enemies":"Jaw Worm","floor":3.0,"turns":5.0},{"damage":8,"enemies":"Large Slime","floor":4,"turns":5},{"damage":0,"enemies":"2 Fungi Beasts","floor":5,"turns":3},{"damage":27,"enemies":"Gremlin Nob","floor":8,"turns":4},{"damage":13,"enemies":"3 Sentries","floor":10,"turns":5}],"seed_played":"-4590908811413776174","potions_obtained":[{"floor":1.0,"key":"AttackPotion"},{"floor":3.0,"key":"Poison Potion"},{"floor":5,"key":"AttackPotion"}],"is_trial":false,"path_per_floor":["M","M","M","M","M","?","R","E","T","E"],"character_chosen":"THE_SILENT","items_purchased":["hubris:EmptyBottle","Footwork","ReplayTheSpireMod:CursedCoin","hubris:MedicalManual","Shovel"],"campfire_rested":1,"item_purchase_floors":[0,0,0,0,0],"current_hp_per_floor":[28,23,23,15,15,15,34,7,7,0,0],"gold":206,"neow_bonus":"","is_daily":false,"chose_seed":false,"campfire_upgraded":0,"win_rate":0.0,"timestamp":1609917915,"path_taken":["M","M","M","M","M","?","R","E","T","E"],"items_purchased_type":["Relic","Card","Relic","Relic","Relic"],"build_version":"2020-12-22","purchased_purges":2,"victory":false,"max_hp_per_floor":[66,66,66,66,66,66,66,66,66,66,66],"relic_stats":{"Shovel":0,"counters":[7,33],"obtain_stats":[{"Shovel":0,"Anvil of the Gods":0,"ReplayTheSpireMod:CursedCoin":0,"aspiration:FetidBarrel":9,"aspiration:TomeofQuesting":8,"Hammer of Thor":0,"hubris:MedicalManual":0,"Seething Fire":0,"hubris:EmptyBottle":0,"Ring of the Snake":0},{"Shovel":0,"Anvil of the Gods":0,"ReplayTheSpireMod:CursedCoin":0,"aspiration:FetidBarrel":6,"aspiration:TomeofQuesting":6,"Hammer of Thor":0,"hubris:MedicalManual":0,"Seething Fire":0,"hubris:EmptyBottle":0,"Ring of the Snake":0},{"Shovel":0,"Anvil of the Gods":0,"ReplayTheSpireMod:CursedCoin":0,"aspiration:FetidBarrel":28,"aspiration:TomeofQuesting":28,"Hammer of Thor":0,"hubris:MedicalManual":0,"Seething Fire":0,"hubris:EmptyBottle":0,"Ring of the Snake":0}],"Ring of the Snake":[14]},"card_choices":[{"not_picked":["Cloak And Dagger","Poisoned Stab"],"picked":"Deadly Poison","floor":1.0},{"not_picked":["Deflect","Cloak And Dagger"],"picked":"Bane","floor":2.0},{"not_picked":["Flechettes","Blade Dance"],"picked":"Crippling Poison","floor":3.0},{"not_picked":["Dagger Throw","Accuracy"],"picked":"Deflect","floor":4},{"not_picked":["Hidden Blade","Flying Knee","conspire:DoublingDagger"],"picked":"SKIP","floor":5},{"not_picked":["hubris:Sniper","Dagger Throw"],"picked":"Leg Sweep","floor":8}],"player_experience":806637,"relics_obtained":[{"floor":8,"key":"aspiration:TomeofQuesting"},{"floor":9,"key":"aspiration:FetidBarrel"}],"event_choices":[],"is_beta":false,"boss_relics":[],"items_purged_floors":[0,0],"is_endless":false,"potions_floor_spawned":[1,3,5],"killed_by":"3 Sentries","ascension_level":20}}