{"host":"l2dnabsh5e0fsksb","time":1609901024,"event":{"mods":["2.2 Compatiblity","BaseMod","Downfall","Minty Spire (QoL Compilation)","Quick Restart","StSLib"],"gold_per_floor":[99,99,99,99,64,64,64,79,114,99,24,79,179,190,207,207,207,207],"floor_reached":16,"playtime":580,"items_purged":[],"score":120,"play_id":"5374e714-f4f6-4600-af88-fb2807a91941","local_time":"20210106131344","is_ascension_mode":true,"campfire_choices":[{"floor":1,"key":"RECALL"},{"data":"champ:TornadoPunch","floor":6,"key":"SMITH"},{"data":"champ:GladiatorStyle","floor":11,"key":"SMITH"}],"circlet_count":0,"master_deck":["champ:Strike","champ:Strike","champ:Strike","champ:Defend","champ:Defend","champ:Defend","champ:Defend","champ:Execute","champ:Taunt","champ:Riposte","champ:TornadoPunch+1","champ:DancingMaster","champ:GladiatorStyle+1","champ:RageSigil","champ:PreciseThrust","champ:RisingSlash","champ:AdrenalArmor","champ:FlashCut","champ:BringItOn"],"relics":["champ:ChampionCrown","downfall:HeartsMalice","Gremlin Horn","downfall:HeartBlessingRed","Frozen Egg 2"],"acts_visited":["Exordium"],"potions_floor_usage":[9,9,9,12],"damage_taken":[{"damage":0,"enemies":"Small Slimes","floor":2,"turns":1},{"damage":0,"enemies":"Cultist","floor":3,"turns":1},{"damage":0,"enemies":"downfall:FleeingMerchant","floor":5,"turns":1},{"damage":4,"enemies":"Jaw Worm","floor":8,"turns":4},{"damage":22,"enemies":"3 Sentries","floor":9,"turns":5},{"damage":13,"enemies":"downfall:FleeingMerchant","floor":10,"turns":4},{"damage":24,"enemies":"Gremlin Nob","floor":12,"turns":3},{"damage":29,"enemies":"3 Louse","floor":14,"turns":3},{"damage":6,"enemies":"Blue Slaver","floor":15,"turns":5},{"damage":30,"enemies":"downfall:Watcher","floor":16,"turns":9}],"seed_played":"-694318563035788742","potions_obtained":[{"floor":8,"key":"EntropicBrew"},{"floor":12,"key":"LiquidBronze"},{"floor":14,"key":"Dexterity Potion"}],"is_trial":false,"path_per_floor":["R","M","M","?","$","R","T","M","E","$","R","?","?","M","M","B"],"character_chosen":"THE_CHAMP","items_purchased":["champ:GladiatorStyle"],"campfire_rested":0,"item_purchase_floors":[5],"current_hp_per_floor":[90,90,90,90,90,90,90,86,79,76,76,52,52,32,28,0,0,0],"gold":207,"neow_bonus":"THREE_ENEMY_KILL","is_daily":false,"chose_seed":false,"campfire_upgraded":2,"win_rate":0.0,"timestamp":1609901024,"path_taken":["R","M","M","?","?","R","T","M","E","?","R","?","?","?","M","BOSS"],"items_purchased_type":["Card"],"build_version":"2020-12-22","purchased_purges":0,"victory":false,"max_hp_per_floor":[90,90,90,90,90,90,90,90,90,90,90,90,90,90,90,90,90,90],"card_choices":[{"not_picked":["champ:FocusedDefense","champ:StanceDance"],"picked":"champ:Riposte","floor":2},{"not_picked":["champ:DefensiveShout","champ:StanceDance"],"picked":"champ:TornadoPunch","floor":3},{"not_picked":["champ:BladeFlurry","champ:GutPunch"],"picked":"champ:DancingMaster","floor":5},{"not_picked":["champ:HeartStrike","champ:TornadoPunch"],"picked":"champ:RageSigil","floor":8},{"not_picked":["champ:ShieldSigil","champ:RecklessLeap"],"picked":"champ:PreciseThrust","floor":9},{"not_picked":["champ:Lariat","champ:ShieldSigil"],"picked":"champ:RisingSlash","floor":10},{"not_picked":["champ:RisingSlash","champ:EnragedBash"],"picked":"champ:AdrenalArmor","floor":12},{"not_picked":["champ:FocusedBerserking","champ:DefensiveShout"],"picked":"champ:FlashCut","floor":14},{"not_picked":["champ:RageSigil","champ:SteelEdge"],"picked":"champ:BringItOn","floor":15}],"player_experience":1744336,"relics_obtained":[{"floor":9,"key":"Gremlin Horn"},{"floor":12,"key":"Frozen Egg 2"}],"event_choices":[{"cards_removed":["champ:Strike"],"damage_healed":0,"gold_gain":0,"player_choice":"Offered Basic","damage_taken":0,"max_hp_gain":0,"max_hp_loss":0,"event_name":"Bonfire Elementals","floor":4,"gold_loss":0}],"is_beta":false,"boss_relics":[],"items_purged_floors":[],"is_endless":false,"potions_floor_spawned":[8,12,14],"killed_by":"downfall:Watcher","ascension_level":5}}