{"host":"u21q392b5xaj11fl","time":1609965564,"event":{"mods":["2.2 Compatiblity","Bard","BaseMod","Better Note","Colored Map","Colored Powertips","Conspire","Custom Start","Downfall","Faster Ascension Climbing","Friendly Minions","GifTheSpireLib","Glutton Mod","Gremlin Skip","Highlight Path","Hubris","Infinite Spire","Mad Scientist","Marisa????????","Mimic Mod","Minty Spire (QoL Compilation)","Permanent Neow","Potionbrewer","Quick Restart","READ ME - Guardian Mod","Relic Sorter","Replay The Spire","Shop Mod","Somnambulant","StSLib","Stuff the Spire","SuperFastMode","The Blue Laboratory","The Construct","The Disciple","The Mystic","The Servant 0.9.4","vexMod"],"gold_per_floor":[109,125,125,125,142,170,170,196,196,5,5,105,105,117,117,194,194,205,504,504,504,504,504,523,523,523,534,566,566,598,617,617,617,617],"floor_reached":33,"playtime":1730,"items_purged":["Pot Of Greed"],"score":571,"play_id":"0672ceb1-c496-4832-afd9-e68edd9d68f3","local_time":"20210106143924","is_ascension_mode":true,"campfire_choices":[{"data":"construct:Boost","floor":7,"key":"SMITH"},{"data":"construct:Boost+1","floor":11,"key":"SMITH"},{"data":"construct:SweepLaser","floor":13,"key":"SMITH"},{"floor":15,"key":"REST"},{"data":"construct:ClockworkEgg","floor":23,"key":"SMITH"},{"data":"construct:ClockworkEgg+1","floor":25,"key":"SMITH"},{"data":"construct:ClockworkEgg+2","floor":32,"key":"SMITH"}],"circlet_count":0,"master_deck":["AscendersBane","construct:Strike_Gold","construct:Strike_Gold","construct:Strike_Gold","construct:Strike_Gold","construct:Strike_Gold","construct:Defend_Gold","construct:Defend_Gold","construct:Defend_Gold","construct:Defend_Gold","construct:Defend_Gold","construct:AttackMode","construct:DefenseMode","Pot Of Greed","construct:SyphonStrike","construct:SweepLaser+1","construct:Boost+2","construct:HyperBeam","construct:Accumulate","sneckomod:Bewildered"],"relics":["construct:ClockworkPhoenix","infinitespire:ShieldingShard","Ornamental Fan","MerchantsRug","vexMod:Spyglass","Cursed Key","StuffTheSpire:Kangaroo","StuffTheSpire:OldFever","vexMod:PlasmaPancake","Molten Egg 2","Toxic Egg 2","Frozen Egg 2"],"acts_visited":["Exordium","TheCity"],"potions_floor_usage":[6,8,16,24],"damage_taken":[{"damage":15,"enemies":"Cultist","floor":1,"turns":5},{"damage":7,"enemies":"2 Louse","floor":2,"turns":3},{"damage":0,"enemies":"Small Slimes","floor":5,"turns":3},{"damage":21,"enemies":"Gremlin Nob","floor":6,"turns":4},{"damage":20,"enemies":"3 Sentries","floor":8,"turns":5},{"damage":2,"enemies":"Gremlin Gang","floor":14,"turns":5},{"damage":35,"enemies":"Slime Boss","floor":16,"turns":11},{"damage":11,"enemies":"Spheric Guardian","floor":18,"turns":4},{"damage":4,"enemies":"2 Thieves","floor":24,"turns":4},{"damage":11,"enemies":"Centurion and Healer","floor":27,"turns":6},{"damage":0,"enemies":"Slavers","floor":28,"turns":1},{"damage":27,"enemies":"Gremlin Leader","floor":30,"turns":6},{"damage":12,"enemies":"Sentry and Sphere","floor":31,"turns":5},{"damage":41,"enemies":"Champ","floor":33,"turns":5}],"seed_played":"-1645085628451709065","potions_obtained":[{"floor":1,"key":"blueLaboratory:NullPotion"},{"floor":5,"key":"Cursed Concoction"},{"floor":8,"key":"AttackPotion"},{"floor":14,"key":"blueLaboratory:BubblePotion"},{"floor":18,"key":"blueLaboratory:FrostheartPotion"}],"is_trial":false,"path_per_floor":["M","M","?","?","M","E","R","E","T","$","R","?","R","M","R","B",null,"M","$","?","?","AVR","R","M","R","T","M","E","T","E","M","R","B"],"character_chosen":"THE_CONSTRUCT_MOD","items_purchased":["MerchantsRug","vexMod:Spyglass"],"campfire_rested":1,"item_purchase_floors":[10,10],"current_hp_per_floor":[62,55,55,55,55,34,34,14,14,14,14,14,14,12,37,2,94,83,83,83,83,83,83,79,79,79,68,68,68,47,35,35,0,0],"gold":617,"neow_bonus":"RANDOM_COMMON_RELIC","is_daily":false,"chose_seed":false,"campfire_upgraded":6,"win_rate":0.0,"timestamp":1609965564,"path_taken":["M","M","?","?","M","E","R","E","T","$","R","?","R","M","R","BOSS","M","$","?","?","AVR","R","M","R","T","M","E","?","E","?","R","BOSS"],"items_purchased_type":["Relic","Relic"],"build_version":"2020-12-22","purchased_purges":1,"victory":false,"max_hp_per_floor":[85,85,85,85,85,85,85,85,85,85,85,85,85,85,85,85,115,115,115,115,115,115,115,115,115,115,115,115,115,121,121,121,121,121],"card_choices":[{"not_picked":["construct:Reinforce","construct:Impenetrable"],"picked":"construct:SyphonStrike","floor":1},{"not_picked":["construct:SaveState","construct:Forcefield","construct:ClusterMines"],"picked":"SKIP","floor":2},{"not_picked":["construct:FierceBash","construct:Versatility"],"picked":"construct:SweepLaser","floor":5},{"not_picked":["construct:ScrapCannon","construct:Tumble"],"picked":"construct:Boost","floor":6},{"not_picked":["construct:ReactiveShield","construct:FlakBarrage","construct:SuppressiveFire"],"picked":"SKIP","floor":8},{"not_picked":["construct:Forcefield","construct:Impenetrable","construct:Analyze"],"picked":"SKIP","floor":14},{"not_picked":["construct:GatlingGun","construct:BatteryCore"],"picked":"construct:HyperBeam","floor":16},{"not_picked":["construct:FocusedBeam","construct:SuppressiveFire+1","construct:ReactiveShield"],"picked":"SKIP","floor":18},{"not_picked":["construct:ShiftStrike","construct:LaserCore"],"picked":"construct:Accumulate","floor":24},{"not_picked":["construct:Disrupt","construct:VentSteam","construct:HammerDown"],"picked":"SKIP","floor":27},{"not_picked":["construct:Forcefield","construct:ShiftStrike+1","construct:VentSteam"],"picked":"SKIP","floor":28},{"not_picked":["construct:Impenetrable","construct:SpinDrive","construct:Chainstrike"],"picked":"SKIP","floor":30},{"not_picked":["construct:Impenetrable+1","construct:Construct_Overclock","construct:FlameCore"],"picked":"SKIP","floor":31}],"player_experience":147853,"relics_obtained":[{"floor":6,"key":"hubris:CrystalStatue"},{"floor":8,"key":"infinitespire:ShieldingShard"},{"floor":9,"key":"Ornamental Fan"},{"floor":28,"key":"StuffTheSpire:OldFever"},{"floor":30,"key":"vexMod:PlasmaPancake"}],"event_choices":[{"damage_healed":0,"gold_gain":0,"player_choice":"Disagree","damage_taken":0,"max_hp_gain":0,"max_hp_loss":0,"event_name":"conspire:LoneGhost","floor":3,"gold_loss":0},{"damage_healed":0,"gold_gain":0,"player_choice":"Bought 0 Potions","damage_taken":0,"max_hp_gain":0,"max_hp_loss":0,"event_name":"The Woman in Blue","floor":4,"gold_loss":0},{"damage_healed":0,"gold_gain":100,"player_choice":"Gold","damage_taken":0,"max_hp_gain":0,"max_hp_loss":0,"event_name":"Wheel of Change","floor":12,"gold_loss":0},{"cards_removed":["construct:HyperBeam"],"damage_healed":0,"gold_gain":0,"player_choice":"Take \u0026 Give","damage_taken":0,"max_hp_gain":0,"max_hp_loss":0,"event_name":"betterNote:BetterNote","floor":20,"gold_loss":0,"cards_obtained":["construct:ClockworkEgg"]}],"is_beta":false,"boss_relics":[{"not_picked":["Snecko Eye","ChewingGum"],"picked":"Replay:Grab Bag"},{"not_picked":["Busted Crown","StuffTheSpire:RunicConfusion"],"picked":"conspire:SlowCooker"},{"not_picked":["infinitespire:Cupcake","Velvet Choker"],"picked":"Cursed Key"},{"not_picked":["ReplayTheSpireMod:SealedPack","Astrolabe"],"picked":"vexMod:BigBerry"}],"items_purged_floors":[19],"is_endless":false,"potions_floor_spawned":[1,5,8,14,18],"killed_by":"Champ","ascension_level":13}}