{"host":"gsmj583br51y3r1c","time":1609943233,"event":{"mods":["AchievementEnabler","BaseMod","Better Note","Colored Map","Downfall","Hermit","Highlight Path","Hubris","Infinite Spire","Marisa????????","Minty Spire (QoL Compilation)","Permanent Neow","Quick Restart","StSLib","The Bug Knight","The Cursed","The Disciple","The Marked","The Mystic","The Runesmith","The Servant 0.9.4","everything is the same but u backflip on backflip"],"gold_per_floor":[119,137,154,429,447,201,221,221,248,248,260,260,260,260,260,363,363,388,414,447,321,321,321,321],"floor_reached":23,"playtime":3427,"items_purged":["Regret"],"score":183,"play_id":"bd467e5c-ccc9-4748-9c52-1d4ffb90feae","local_time":"20210106162713","is_ascension_mode":false,"campfire_choices":[{"data":"Mayhem","floor":8.0,"key":"SMITH"},{"data":"hermit:TakeCover","floor":10.0,"key":"SMITH"},{"data":"hermit:Manifest","floor":12,"key":"SMITH"},{"floor":15,"key":"REST"}],"circlet_count":0,"master_deck":["hermit:Strike_Hermit","hermit:Strike_Hermit","hermit:Strike_Hermit","hermit:Defend_Hermit","hermit:Defend_Hermit","hermit:Defend_Hermit","hermit:Defend_Hermit","hermit:Snapshot","hermit:Covet","Mayhem+1","hermit:TakeCover+1","hermit:Manifest+1","hermit:HeroicBravado","hermit:Misfire","hermit:PistolWhip","hermit:Deadeye","hermit:Deadeye","hermit:DeadOrAlive","hermit:Brawl","hermit:Midnight","hermit:BigShot","hermit:Brawl","hermit:Brawl"],"relics":["hermit:Momento","Anchor","Smiling Mask","Sozu"],"acts_visited":["Exordium","TheCity"],"potions_floor_usage":[16],"damage_taken":[{"damage":6.0,"enemies":"Jaw Worm","floor":1.0,"turns":4.0},{"damage":6.0,"enemies":"Cultist","floor":2.0,"turns":5.0},{"damage":6.0,"enemies":"2 Louse","floor":3.0,"turns":2.0},{"damage":24.0,"enemies":"Looter","floor":5.0,"turns":5.0},{"damage":16.0,"enemies":"Exordium Thugs","floor":7.0,"turns":5.0},{"damage":2,"enemies":"Large Slime","floor":11,"turns":9},{"damage":31,"enemies":"Slime Boss","floor":16,"turns":8},{"damage":6,"enemies":"3 Byrds","floor":18,"turns":6},{"damage":13,"enemies":"Shell Parasite","floor":19,"turns":5},{"damage":24,"enemies":"Cultist and Chosen","floor":20,"turns":6},{"damage":33,"enemies":"Slavers","floor":23,"turns":2}],"seed_played":"5032729548739890977","potions_obtained":[{"floor":3.0,"key":"ColorlessPotion"},{"floor":5.0,"key":"Explosive Potion"},{"floor":11,"key":"Fire Potion"}],"is_trial":false,"path_per_floor":["M","M","M","?","M","$","M","R","T","R","M","R","?","?","R","B",null,"M","M","M","$","?","E"],"character_chosen":"HERMIT","items_purchased":["hermit:Misfire","hermit:PistolWhip","Anchor","hermit:Brawl"],"campfire_rested":1,"item_purchase_floors":[6,6,6,21],"current_hp_per_floor":[69,63,57,57,33,33,17,17,17,17,15,15,15,15,37,6,75,69,56,32,32,32,0,0],"gold":321,"neow_bonus":"RANDOM_COLORLESS_2","is_daily":false,"chose_seed":false,"campfire_upgraded":3,"win_rate":0.0,"timestamp":1609943233,"path_taken":["M","M","M","?","M","$","?","R","T","R","M","R","?","?","R","BOSS","M","M","M","$","?","E"],"items_purchased_type":["Card","Card","Relic","Card"],"build_version":"2020-12-22","purchased_purges":1,"victory":false,"max_hp_per_floor":[75,75,75,75,75,75,75,75,75,75,75,75,75,75,75,75,75,75,75,75,75,75,75,75],"card_choices":[{"not_picked":["Master of Strategy","Sadistic Nature"],"picked":"Mayhem","floor":0.0},{"not_picked":["hermit:HoleUp","hermit:HighCaliber","hermit:ItchyTrigger"],"picked":"SKIP","floor":1.0},{"not_picked":["hermit:Headshot","hermit:Dive"],"picked":"hermit:TakeCover","floor":2.0},{"not_picked":["hermit:ItchyTrigger","hermit:LowProfile"],"picked":"hermit:Manifest","floor":3.0},{"not_picked":["hermit:WideOpen","hermit:HighCaliber"],"picked":"hermit:HeroicBravado","floor":5.0},{"not_picked":["hermit:DeadMansHand","hermit:LowProfile"],"picked":"hermit:Deadeye","floor":7.0},{"not_picked":["hermit:Snipe","hermit:Quickdraw"],"picked":"hermit:Deadeye","floor":11},{"not_picked":["hermit:HeroicBravado","hermit:HighNoon"],"picked":"hermit:DeadOrAlive","floor":16},{"not_picked":["hermit:Snipe","hermit:NoHoldsBarred+1"],"picked":"hermit:Brawl","floor":18},{"not_picked":["hermit:Quickdraw","hermit:Manifest"],"picked":"hermit:Midnight","floor":19},{"not_picked":["hermit:Roulette","hermit:CalledShot"],"picked":"hermit:BigShot","floor":20}],"player_experience":338558,"relics_obtained":[{"floor":9.0,"key":"Smiling Mask"}],"event_choices":[{"damage_healed":0.0,"max_hp_gain":0.0,"max_hp_loss":0.0,"gold_gain":275.0,"event_name":"Golden Shrine","player_choice":"Desecrate","floor":4.0,"gold_loss":0.0,"damage_taken":0.0,"cards_obtained":["Regret"]},{"cards_removed":["hubris:Lust"],"damage_healed":0,"gold_gain":0,"player_choice":"Purged","damage_taken":0,"max_hp_gain":0,"max_hp_loss":0,"event_name":"Purifier","floor":14,"gold_loss":0},{"damage_healed":0,"gold_gain":0,"cards_transformed":["hermit:Strike_Hermit"],"player_choice":"Transformed","damage_taken":0,"max_hp_gain":0,"max_hp_loss":0,"event_name":"Transmorgrifier","floor":22,"gold_loss":0,"cards_obtained":["hermit:Brawl"]}],"is_beta":false,"boss_relics":[{"not_picked":["Velvet Choker","Astrolabe"],"picked":"Sozu"}],"items_purged_floors":[21],"is_endless":false,"potions_floor_spawned":[3,5,11,18,20],"killed_by":"Slavers","ascension_level":0}}