{"host":"9m5fqm7mzo46r5jo","time":1609922600,"event":{"mods":["BaseMod","Conspire","Downfall","Duelist Mod","Friendly Minions","GifTheSpireLib","Minty Spire (QoL Compilation)","Remilia（蕾米莉亚）","RumiaBox-露米娅的神秘盒子","StSLib","【功能Mod】聪明的最终Boss"],"gold_per_floor":[114,62,62,88,88,88,88,88,113,126,126,126,17,42,42,145,145,160,160,176,195,215,215,181,181,181,131,170,269,302,333,333,445,445,459,292,292,292,311,311,340,340,340,340,378,402,451,472,472,495],"floor_reached":51,"playtime":4838,"items_purged":["Regret","hexamod:HauntingEcho"],"score":880,"play_id":"efb8537c-bed8-4804-a616-ef097a1ebd28","local_time":"20210106164320","daily_mods":["Draft","Heirloom","downfall:ChampStances","downfall:Lament","downfall:ExchangeController"],"is_ascension_mode":true,"campfire_choices":[{"data":"hexamod:NightmareGuise","floor":6.0,"key":"SMITH"},{"data":"hexamod:GhostShield","floor":8.0,"key":"SMITH"},{"data":"hexamod:GhostLash","floor":11.0,"key":"SMITH"},{"data":"hexamod:VolcanoVisage","floor":15.0,"key":"SMITH"},{"data":"hexamod:GiftsFromTheDead","floor":23.0,"key":"SMITH"},{"data":"hexamod:EtherealExpedition","floor":32,"key":"SMITH"},{"data":"hexamod:EtherealExpedition","floor":40,"key":"SMITH"},{"data":"hexamod:SpectralAdrenaline","floor":42,"key":"SMITH"},{"data":"hexamod:ExtraCrispy","floor":44,"key":"SMITH"},{"floor":49,"key":"REST"}],"circlet_count":0,"master_deck":["hexamod:ShieldOfDarkness","hexamod:FastForward","hexamod:FastForward","hexamod:Hexaguard","hexamod:ExtraCrispy+1","hexamod:Haunt","hexamod:GhostLash+1","hexamod:RainOfEmbers","hexamod:SpectersWail","hexamod:SpectersWail","hexamod:GhostShield+1","hexamod:NightmareGuise+1","hexamod:ShieldOfDarkness","hexamod:InspiringFlames","hexamod:EtherealExpedition+1","hexamod:FirstSeal","hexamod:VolcanoVisage+1","hexamod:GiftsFromTheDead+1","hexamod:EtherealExpedition+1","hexamod:PowerFromBeyond","conspire:SpireCoStock","hexamod:EmpoweringStance","hexamod:FourthSeal","hexamod:ThirdSeal","hexamod:SecondSeal","hexamod:SpectralAdrenaline+1","hexamod:RecurringNightmare+1","hexamod:Hexaguard+1","hexamod:PowerFromBeyond+1","hexamod:Rewind+1"],"relics":["hexamod:SpiritBrand","champ:ChampStancesModRelic","downfall:NeowBlessing_Player","NeowsBlessing","Incense Burner","Anchor","MagicDraw2","Dead Branch","Vajra","Bag of Marbles","Philosopher\u0027s Stone","ScarletDevilRocket","conspire:TopHat","Dream Catcher","EasyGame_NEW","Bottled Flame","Letter Opener","Akabeko","Blood Vial"],"acts_visited":["TheBeyond"],"potions_floor_usage":[],"damage_taken":[{"damage":5.0,"enemies":"2 Louse","floor":1.0,"turns":2.0},{"damage":0.0,"enemies":"conspire:MimicChest","floor":4.0,"turns":1.0},{"damage":0.0,"enemies":"Cultist","floor":10.0,"turns":1.0},{"damage":0.0,"enemies":"Gremlin Nob","floor":14.0,"turns":3.0},{"damage":64.0,"enemies":"Slime Boss","floor":16.0,"turns":12.0},{"damage":1.0,"enemies":"Shell Parasite","floor":18.0,"turns":4.0},{"damage":0.0,"enemies":"Spheric Guardian","floor":20.0,"turns":2.0},{"damage":5.0,"enemies":"Chosen and Byrds","floor":21.0,"turns":5.0},{"damage":23.0,"enemies":"Snake Plant","floor":22.0,"turns":5.0},{"damage":32.0,"enemies":"Gremlin Leader","floor":28.0,"turns":6.0},{"damage":3.0,"enemies":"Book of Stabbing","floor":30.0,"turns":4.0},{"damage":0,"enemies":"Centurion and Healer","floor":31,"turns":4},{"damage":16,"enemies":"Champ","floor":33,"turns":10},{"damage":6,"enemies":"3 Shapes","floor":35,"turns":4},{"damage":20,"enemies":"3 Darklings","floor":39,"turns":3},{"damage":25,"enemies":"Giant Head","floor":41,"turns":7},{"damage":5,"enemies":"Reptomancer","floor":45,"turns":4},{"damage":42,"enemies":"4 Shapes","floor":46,"turns":5},{"damage":45,"enemies":"Nemesis","floor":47,"turns":7},{"damage":16,"enemies":"Transient","floor":48,"turns":5},{"damage":42,"enemies":"conspire:OrnateMirror","floor":50,"turns":6}],"seed_played":"-6438216378191396000","potions_obtained":[{"floor":4.0,"key":"LiquidBronze"},{"floor":14.0,"key":"Fire Potion"},{"floor":16.0,"key":"LiquidBronze"},{"floor":35,"key":"hexamod:EctoCoolerPotion"}],"is_trial":true,"path_per_floor":["M","?","$","?","?","R","?","R","T","M","R","?","$","E","R","B",null,"M","?","M","M","M","R","$","?","T","?","E","?","E","M","R","B",null,"M","$","?","?","M","R","E","R","T","R","E","M","E","M","R","B",null],"character_chosen":"THE_SPIRIT","items_purchased":["hexamod:FirstSeal","hexamod:PowerFromBeyond","hexamod:FourthSeal"],"campfire_rested":1,"item_purchase_floors":[13,24,36],"current_hp_per_floor":[165,165,165,165,165,165,165,165,165,165,165,165,165,170,170,113,270,270,207,207,202,186,186,186,186,186,186,161,161,158,158,158,149,375,369,369,369,369,349,349,331,331,331,331,326,291,253,239,351,318],"gold":495,"neow_bonus":"","is_daily":false,"chose_seed":false,"campfire_upgraded":9,"win_rate":0.0,"timestamp":1609922600,"path_taken":["M","?","?","?","?","R","?","R","T","?","R","?","?","E","R","BOSS","M","?","M","M","M","R","$","?","T","?","E","?","E","?","R","BOSS","M","$","?","?","?","R","E","R","T","R","E","M","E","M","R","BOSS"],"items_purchased_type":["Card","Card","Card"],"build_version":"2020-12-22","purchased_purges":2,"victory":true,"max_hp_per_floor":[170,170,170,170,170,170,170,170,170,170,170,170,170,170,170,170,270,270,275,275,275,275,275,275,275,275,275,275,275,275,275,275,275,375,375,375,375,375,375,375,375,375,375,375,375,375,375,375,375,375],"card_choices":[{"not_picked":["hexamod:SoulSteal","hexamod:RecurringNightmare"],"picked":"hexamod:ShieldOfDarkness","floor":0.0},{"not_picked":["hexamod:ShieldOfDarkness","hexamod:NightmareGuise"],"picked":"hexamod:FastForward","floor":0.0},{"not_picked":["hexamod:NightmareStrike","hexamod:RadiantFlame"],"picked":"hexamod:FastForward","floor":0.0},{"not_picked":["hexamod:ChargedBarrage","hexamod:BacktrackSmack"],"picked":"hexamod:Hexaguard","floor":0.0},{"not_picked":["hexamod:HeatMetal","hexamod:PhantomCloak"],"picked":"hexamod:ExtraCrispy","floor":0.0},{"not_picked":["hexamod:Incineration","hexamod:FastForward"],"picked":"hexamod:Haunt","floor":0.0},{"not_picked":["hexamod:HauntingEcho","hexamod:SoulSteal"],"picked":"hexamod:GhostLash","floor":0.0},{"not_picked":["hexamod:AdvancingGuard","hexamod:HauntingEcho"],"picked":"hexamod:RainOfEmbers","floor":0.0},{"not_picked":["hexamod:PhantomFireball","hexamod:SoulSteal"],"picked":"hexamod:SpectersWail","floor":0.0},{"not_picked":["hexamod:BacktrackSmack","hexamod:Firestarter"],"picked":"hexamod:SpectersWail","floor":0.0},{"not_picked":["hexamod:GhostOfSpireFuture","hexamod:NightmareStrike"],"picked":"hexamod:GhostLash","floor":0.0},{"not_picked":["hexamod:NightmareGuise","hexamod:SecondSeal"],"picked":"hexamod:GhostShield","floor":0.0},{"not_picked":["hexamod:Haunt","hexamod:SwordOfDarkness"],"picked":"hexamod:NightmareGuise","floor":0.0},{"not_picked":["hexamod:PhantomCloak","hexamod:Firestarter"],"picked":"hexamod:ShieldOfDarkness","floor":0.0},{"not_picked":["hexamod:Hexaguard","hexamod:HeatMetal"],"picked":"hexamod:InspiringFlames","floor":0.0},{"not_picked":["hexamod:SkipABeat","hexamod:Haunt"],"picked":"hexamod:EtherealExpedition","floor":1.0},{"not_picked":["hexamod:SwordOfDarkness","hexamod:Hexaguard"],"picked":"hexamod:HauntingEcho","floor":4.0},{"not_picked":["hexamod:RainOfEmbers","hexamod:ShieldOfDarkness","hexamod:RecurringNightmare"],"picked":"SKIP","floor":10.0},{"not_picked":["hexamod:Again","hexamod:GhostLash"],"picked":"hexamod:VolcanoVisage","floor":14.0},{"not_picked":["hexamod:TimeWarp","hexamod:WildfireWeapon"],"picked":"hexamod:GiftsFromTheDead","floor":16.0},{"not_picked":["hexamod:NightmareStrike","hexamod:InspiringFlames","hexamod:GhostShield"],"picked":"SKIP","floor":18.0},{"not_picked":["hexamod:BacktrackSmack","hexamod:Hexaguard+1"],"picked":"hexamod:EtherealExpedition","floor":20.0},{"not_picked":["hexamod:AdvancingGuard","hexamod:PhantomCloak","hexamod:BacktrackSmack"],"picked":"SKIP","floor":21.0},{"not_picked":["hexamod:EtherealExpedition","hexamod:ExtraCrispy","hexamod:ThermalTransfer"],"picked":"SKIP","floor":22.0},{"not_picked":["hexamod:DynamicBlow","hexamod:SwordOfDarkness+1","hexamod:Hexaguard+1"],"picked":"SKIP","floor":28.0},{"not_picked":["hexamod:SearingWound","hexamod:ShieldOfDarkness","hexamod:GhostShield+1"],"picked":"SKIP","floor":30.0},{"not_picked":["hexamod:GhostShield","hexamod:GhostOfSpireFuture","hexamod:BurningTouch+1"],"picked":"SKIP","floor":31},{"not_picked":["hexamod:GiftsFromTheDead","hexamod:SearingWound"],"picked":"hexamod:EmpoweringStance","floor":33},{"not_picked":["hexamod:ShieldOfDarkness+1","hexamod:GhostOfSpirePresent+1","hexamod:RadiantFlame+1"],"picked":"SKIP","floor":35},{"not_picked":["hexamod:Rewind","hexamod:ThermalTransfer+1"],"picked":"hexamod:SecondSeal","floor":39},{"not_picked":["hexamod:GhostShield+1","hexamod:GhostLash","hexamod:ShieldOfDarkness"],"picked":"SKIP","floor":39},{"not_picked":["hexamod:SecondSeal","hexamod:GhostOfSpirePast"],"picked":"hexamod:SpectralAdrenaline","floor":41},{"not_picked":["hexamod:Again+1","hexamod:Rewind"],"picked":"hexamod:RecurringNightmare+1","floor":41},{"not_picked":["hexamod:HeatMetal+1","hexamod:GhostflameBarrier","hexamod:UnleashSpirits"],"picked":"SKIP","floor":45},{"not_picked":["hexamod:GhostShield+1","hexamod:GhostOfSpireFuture+1","hexamod:ShieldOfDarkness+1"],"picked":"SKIP","floor":46},{"not_picked":["hexamod:RainOfEmbers+1","hexamod:HexaLevel"],"picked":"hexamod:Hexaguard+1","floor":47},{"not_picked":["hexamod:GhostLash","hexamod:RetreatToShadows"],"picked":"hexamod:PowerFromBeyond+1","floor":47},{"not_picked":["hexamod:ThirdSeal","hexamod:EtherealExpedition+1"],"picked":"hexamod:Rewind+1","floor":48},{"not_picked":["hexamod:HauntingEcho+1","hexamod:FirstSeal","hexamod:SpectersWail+1"],"picked":"SKIP","floor":48}],"player_experience":62739,"relics_obtained":[{"floor":4.0,"key":"MagicDraw2"},{"floor":9.0,"key":"Vajra"},{"floor":14.0,"key":"Bag of Marbles"},{"floor":26.0,"key":"ScarletDevilRocket"},{"floor":28.0,"key":"conspire:TopHat"},{"floor":30.0,"key":"Dream Catcher"},{"floor":41,"key":"Bottled Flame"},{"floor":43,"key":"Letter Opener"},{"floor":45,"key":"Akabeko"},{"floor":47,"key":"Blood Vial"}],"event_choices":[{"damage_healed":0.0,"max_hp_gain":0.0,"max_hp_loss":0.0,"gold_gain":0.0,"event_name":"WeMeetAgain","player_choice":"Paid Gold","floor":2.0,"gold_loss":52.0,"damage_taken":0.0,"relics_obtained":["Anchor"]},{"damage_healed":0.0,"max_hp_gain":0.0,"max_hp_loss":0.0,"gold_gain":0.0,"event_name":"Big Fish","player_choice":"Box","floor":5.0,"gold_loss":0.0,"damage_taken":0.0,"relics_obtained":["Dead Branch"],"cards_obtained":["Regret"]},{"damage_healed":0.0,"max_hp_gain":0.0,"max_hp_loss":0.0,"gold_gain":0.0,"event_name":"Wheel of Change","player_choice":"Cursed","floor":7.0,"gold_loss":0.0,"damage_taken":0.0,"cards_obtained":["Decay"]},{"damage_healed":0.0,"max_hp_gain":0.0,"max_hp_loss":0.0,"gold_gain":0.0,"event_name":"The Woman in Blue","player_choice":"Bought 0 Potions","floor":12.0,"gold_loss":0.0,"damage_taken":0.0},{"damage_healed":0.0,"max_hp_gain":5.0,"max_hp_loss":0.0,"gold_gain":0.0,"event_name":"Forgotten Altar","player_choice":"Shed Blood","floor":19.0,"gold_loss":0.0,"damage_taken":68.0},{"cards_removed":["Decay"],"damage_healed":0.0,"max_hp_gain":0.0,"max_hp_loss":0.0,"gold_gain":0.0,"event_name":"Back to Basics","player_choice":"Elegance","floor":25.0,"gold_loss":0.0,"damage_taken":0.0},{"damage_healed":0.0,"max_hp_gain":0.0,"max_hp_loss":0.0,"gold_gain":0.0,"event_name":"conspire:Investor","player_choice":"Invest 1","floor":27.0,"gold_loss":0.0,"damage_taken":0.0},{"damage_healed":0.0,"max_hp_gain":0.0,"max_hp_loss":0.0,"gold_gain":99.0,"event_name":"Nest","player_choice":"Stole From Cult","floor":29.0,"gold_loss":0.0,"damage_taken":0.0},{"damage_healed":0,"gold_gain":0,"player_choice":"0 cards matched","damage_taken":0,"max_hp_gain":0,"max_hp_loss":0,"event_name":"Match and Keep!","floor":38,"gold_loss":0,"cards_obtained":[]}],"is_beta":false,"boss_relics":[{"not_picked":["Cursed Key","hexamod:IceCube"],"picked":"Philosopher\u0027s Stone"},{"not_picked":["Coffee Dripper","Snecko Eye"],"picked":"EasyGame_NEW"}],"items_purged_floors":[13,36],"is_endless":false,"potions_floor_spawned":[4,14,16,22,30,31,33,35,45],"ascension_level":1}}