{"host":"6dypmz777xraikqf","time":1609920922,"event":{"mods":["AchievementEnabler","BaseMod","BetterRewards","Colored Map","Colored Powertips","Downfall","Highlight Path","Hubris","Infinite Spire","Minty Spire (QoL Compilation)","Replay The Spire","StSLib"],"gold_per_floor":[111,111,111,130,145,145,174,174,200,200,12,12,12,32,32,137,137,149,116,116,116,133,133,153,182,182,182,196,196,215,246,246,347,347,364,374,199,199,199,211,224,224,224,237,237,237,247,23,23,23],"floor_reached":51,"playtime":3806,"items_purged":["Strike_G","Strike_G","Strike_G","Writhe"],"score":899,"play_id":"ee387f57-ac3c-46ca-aef8-29da3f21346d","local_time":"20210106081522","is_ascension_mode":true,"campfire_choices":[{"data":"Dash","floor":6.0,"key":"SMITH"},{"floor":8.0,"key":"REST"},{"data":"Deflect","floor":10.0,"key":"SMITH"},{"data":"Calculated Gamble","floor":13.0,"key":"SMITH"},{"data":"Neutralize","floor":15.0,"key":"SMITH"},{"data":"Adrenaline","floor":23.0,"key":"SMITH"},{"floor":32.0,"key":"REST"},{"floor":49,"key":"REST"}],"circlet_count":0,"master_deck":["Strike_G","Strike_G","Defend_G","Defend_G","Defend_G","Defend_G","Defend_G","Neutralize+1","Deflect","Deflect+1","Dash+1","Calculated Gamble+1","Deflect","Fluid Movement","Hidden Blade","Adrenaline+1","Deflect","ReplayTheSpireMod:Scrap Shanks+1","ReplayTheSpireMod:Haul","Leg Sweep","Distraction","Calculated Gamble","Backstab+1","champ:StanceDance","Choke+1","Quick Slash","Replay:Fractal Strike","champ:TornadoPunch","Blade Dance","Prepared+1","Dagger Throw","Replay:Fractal Strike","Tactician"],"relics":["Ring of the Snake","StoneCalendar","Calipers","PreservedInsect","Happy Flower","FaceOfCleric","Sozu","hubris:ToyBattleship","CaptainsWheel","Cursed Key","Incense Burner","hubris:DisguiseKit","hubris:Icosahedron","Replay:Baseball","Nunchaku","Fusion Hammer","Blue Candle","hubris:Towel","DollysMirror"],"acts_visited":["Exordium","TheCity","TheBeyond"],"potions_floor_usage":[],"damage_taken":[{"damage":6.0,"enemies":"Jaw Worm","floor":1.0,"turns":7.0},{"damage":0.0,"enemies":"Small Slimes","floor":4.0,"turns":4.0},{"damage":1.0,"enemies":"Cultist","floor":5.0,"turns":6.0},{"damage":13.0,"enemies":"3 Sentries","floor":7.0,"turns":7.0},{"damage":0.0,"enemies":"Blue Slaver","floor":14.0,"turns":6.0},{"damage":18.0,"enemies":"Slime Boss","floor":16.0,"turns":11.0},{"damage":6.0,"enemies":"Chosen","floor":18.0,"turns":7.0},{"damage":5.0,"enemies":"2 Thieves","floor":19.0,"turns":5.0},{"damage":0.0,"enemies":"Snecko","floor":22.0,"turns":2.0},{"damage":0.0,"enemies":"Centurion and Healer","floor":24.0,"turns":7.0},{"damage":33.0,"enemies":"Slavers","floor":25.0,"turns":7.0},{"damage":0.0,"enemies":"3 Cultists","floor":28.0,"turns":6.0},{"damage":10.0,"enemies":"Snecko","floor":30.0,"turns":7.0},{"damage":0.0,"enemies":"Book of Stabbing","floor":31.0,"turns":5.0},{"damage":9.0,"enemies":"Collector","floor":33.0,"turns":11.0},{"damage":0.0,"enemies":"Orb Walker","floor":35.0,"turns":2.0},{"damage":11.0,"enemies":"3 Shapes","floor":36.0,"turns":6.0},{"damage":19.0,"enemies":"3 Darklings","floor":40.0,"turns":4.0},{"damage":0.0,"enemies":"Writhing Mass","floor":41.0,"turns":7.0},{"damage":1,"enemies":"4 Shapes","floor":44,"turns":7},{"damage":0,"enemies":"3 Darklings","floor":47,"turns":5},{"damage":77,"enemies":"infinitespire:MassOfShapes","floor":50,"turns":19}],"seed_played":"-8640735207135883147","potions_obtained":[{"floor":4.0,"key":"CunningPotion"},{"floor":14.0,"key":"FearPotion"}],"is_trial":false,"path_per_floor":["M","?","?","M","M","R","E","R","T","R","$","?","R","M","R","B",null,"M","M","?","AVR","M","R","M","E","T","?","M","?","M","E","R","B",null,"M","M","$","?","AVR","M","M","?","T","M","?","?","M","$","R","B",null],"character_chosen":"THE_SILENT","items_purchased":["Calipers","Deflect","Fluid Movement","Hidden Blade","Quick Slash","DollysMirror","Tactician"],"campfire_rested":3,"item_purchase_floors":[0,0,11,11,37,48,48],"current_hp_per_floor":[40,40,40,40,39,39,26,47,47,47,47,47,47,48,48,31,72,67,63,63,63,64,64,65,33,33,33,34,34,25,26,50,42,81,82,72,72,72,72,54,55,55,55,55,55,55,56,56,82,6],"gold":23,"neow_bonus":"","is_daily":false,"chose_seed":false,"campfire_upgraded":5,"win_rate":0.0,"timestamp":1609920922,"path_taken":["M","?","?","M","?","R","E","R","T","R","$","?","R","M","R","BOSS","M","?","?","AVR","M","R","M","E","T","?","M","?","M","E","R","BOSS","M","?","$","?","AVR","M","M","?","T","M","?","?","?","?","R","BOSS"],"items_purchased_type":["Relic","Card","Card","Card","Card","Relic","Card"],"build_version":"2020-12-22","purchased_purges":4,"victory":true,"max_hp_per_floor":[70,70,70,70,70,70,70,70,70,70,70,70,70,71,71,72,72,73,74,74,74,75,75,76,77,77,77,78,78,79,80,80,81,81,82,83,83,83,83,84,85,85,85,86,86,86,87,87,87,88],"card_choices":[{"not_picked":["Outmaneuver","Crippling Poison","Masterful Stab"],"picked":"SKIP","floor":1.0},{"not_picked":["Slice","Sucker Punch"],"picked":"Calculated Gamble","floor":4.0},{"not_picked":["Deadly Poison","Bane"],"picked":"Deflect","floor":5.0},{"not_picked":["Dagger Spray","PiercingWail","A Thousand Cuts"],"picked":"SKIP","floor":7.0},{"not_picked":["Outmaneuver","PiercingWail","Quick Slash"],"picked":"SKIP","floor":14.0},{"not_picked":["Replay:Bag of Tricks","Envenom"],"picked":"Adrenaline","floor":16.0},{"not_picked":["All Out Attack","Flying Knee+1"],"picked":"Deflect","floor":18.0},{"not_picked":["Dagger Throw","Sucker Punch"],"picked":"ReplayTheSpireMod:Scrap Shanks+1","floor":19.0},{"not_picked":["Bouncing Flask","Sucker Punch","Flying Knee+1"],"picked":"SKIP","floor":22.0},{"not_picked":["Deflect","Dagger Throw"],"picked":"Leg Sweep","floor":24.0},{"not_picked":["Catalyst","Atom Bomb"],"picked":"Distraction","floor":25.0},{"not_picked":["PiercingWail+1","Terror","champ:GutPunch"],"picked":"Calculated Gamble","floor":28.0},{"not_picked":["Skewer+1","Hidden Blade","Well Laid Plans","champ:Haymaker"],"picked":"SKIP","floor":30.0},{"not_picked":["Poisoned Stab","Dagger Spray","champ:IgnorePain"],"picked":"Backstab+1","floor":31.0},{"not_picked":["Catalyst+1","Sucker Punch+1","ReplayTheSpireMod:Shiv Toss+1"],"picked":"champ:StanceDance","floor":35.0},{"not_picked":["PiercingWail+1","Dagger Spray","champ:BladeFlurry"],"picked":"Choke+1","floor":36.0},{"not_picked":["Underhanded Strike+1","Deadly Poison+1","Riddle With Holes"],"picked":"champ:TornadoPunch","floor":40.0},{"not_picked":["Caltrops+1","Catalyst+1","champ:Circumvent"],"picked":"Blade Dance","floor":41.0},{"not_picked":["Flying Knee+1","Dagger Throw+1","champ:TornadoPunch"],"picked":"Prepared+1","floor":44},{"not_picked":["Cloak And Dagger","Replay:Poison Smokescreen","champ:BringItOn"],"picked":"Dagger Throw","floor":47}],"player_experience":115954,"relics_obtained":[{"floor":7.0,"key":"PreservedInsect"},{"floor":9.0,"key":"Happy Flower"},{"floor":25.0,"key":"Incense Burner"},{"floor":26.0,"key":"hubris:DisguiseKit"},{"floor":29.0,"key":"Replay:Baseball"},{"floor":31.0,"key":"Nunchaku"},{"floor":43.0,"key":"Blue Candle"}],"event_choices":[{"damage_healed":0.0,"max_hp_gain":0.0,"max_hp_loss":0.0,"gold_gain":0.0,"event_name":"The Woman in Blue","player_choice":"Bought 0 Potions","floor":3.0,"gold_loss":0.0,"damage_taken":0.0},{"damage_healed":0.0,"max_hp_gain":0.0,"max_hp_loss":0.0,"gold_gain":0.0,"event_name":"FaceTrader","player_choice":"Trade","floor":12.0,"gold_loss":0.0,"damage_taken":0.0,"relics_obtained":["FaceOfCleric"]},{"damage_healed":0.0,"max_hp_gain":0.0,"max_hp_loss":0.0,"gold_gain":0.0,"event_name":"The Mausoleum","player_choice":"Opened","floor":20.0,"gold_loss":0.0,"damage_taken":0.0,"relics_obtained":["hubris:ToyBattleship"]},{"damage_healed":0.0,"max_hp_gain":0.0,"max_hp_loss":0.0,"gold_gain":0.0,"event_name":"Wheel of Change","player_choice":"Relic","floor":29.0,"gold_loss":0.0,"damage_taken":0.0},{"damage_healed":0.0,"max_hp_gain":0.0,"max_hp_loss":0.0,"gold_gain":0.0,"event_name":"Tomb of Lord Red Mask","player_choice":"Ignored","floor":38.0,"gold_loss":0.0,"damage_taken":0.0},{"cards_removed":["Survivor"],"damage_healed":0.0,"max_hp_gain":0.0,"max_hp_loss":0.0,"gold_gain":0.0,"event_name":"Falling","player_choice":"Removed Skill","floor":42.0,"gold_loss":0.0,"damage_taken":0.0},{"cards_removed":["sneckomod:Bewildered"],"damage_healed":0,"gold_gain":0,"player_choice":"Purged","damage_taken":0,"max_hp_gain":0,"max_hp_loss":0,"event_name":"Purifier","floor":46,"gold_loss":0}],"is_beta":false,"boss_relics":[{"not_picked":["Calling Bell","ReplayTheSpireMod:SealedPack"],"picked":"Sozu"},{"not_picked":["SacredBark","hubris:Backtick"],"picked":"Fusion Hammer"}],"items_purged_floors":[0,11,21,37],"is_endless":false,"potions_floor_spawned":[4,14,22,24,28,36,40],"ascension_level":4}}