{"host":"6qo42zgaknezulyg","time":1609920732,"event":{"mods":["2.2 Compatiblity","BaseMod","Colored Map","Downfall","Keyboard Shortcuts","Minty Spire (QoL Compilation)","Permanent Neow","Quick Restart","StSLib","SuperFastMode"],"gold_per_floor":[99,117,133,152,152,181,181,198,198,210,210,210,210,275,291,291,291],"floor_reached":16,"playtime":684,"items_purged":[],"score":148,"play_id":"1d9bf257-0272-4ed2-8e23-d6b285271123","local_time":"20210106171212","is_ascension_mode":true,"campfire_choices":[{"data":"bronze:SpaghettiCode","floor":1.0,"key":"SMITH"},{"floor":9.0,"key":"REST"}],"circlet_count":0,"master_deck":["bronze:Strike","bronze:Strike+1","bronze:Strike","bronze:Strike","bronze:Defend","bronze:Defend","bronze:Defend","bronze:Defend","bronze:Replicate+1","bronze:Goto","bronze:SpaghettiCode+1","bronze:DelayedGuard","bronze:Repair","bronze:HyperBeam","bronze:Optimize+1","Parasite","Shame","Normality","downfall:Icky","bronze:DelayedSlice","bronze:Repulsor+1"],"relics":["bronze:BronzeCore","Frozen Egg 2","Mercury Hourglass","Cursed Key","downfall:BrokenWingStatue","Whetstone"],"acts_visited":["Exordium"],"potions_floor_usage":[],"damage_taken":[{"damage":7.0,"enemies":"Jaw Worm","floor":2.0,"turns":2.0},{"damage":8.0,"enemies":"Small Slimes","floor":3.0,"turns":4.0},{"damage":6.0,"enemies":"2 Louse","floor":4.0,"turns":2.0},{"damage":27.0,"enemies":"3 Sentries","floor":6.0,"turns":7.0},{"damage":18.0,"enemies":"Large Slime","floor":8.0,"turns":4.0},{"damage":4.0,"enemies":"3 Louse","floor":10.0,"turns":4.0},{"damage":18.0,"enemies":"Lagavulin Event","floor":14.0,"turns":5.0},{"damage":0.0,"enemies":"Gremlin Gang","floor":15.0,"turns":2.0},{"damage":31,"enemies":"downfall:Silent","floor":16,"turns":7}],"seed_played":"-2266873891621224617","potions_obtained":[{"floor":3.0,"key":"DuplicationPotion"},{"floor":6.0,"key":"Energy Potion"}],"is_trial":false,"path_per_floor":["R","M","M","M","?","E","T","M","R","M","?","?","?","?","M","B"],"character_chosen":"THE_AUTOMATON","items_purchased":[],"campfire_rested":1,"item_purchase_floors":[],"current_hp_per_floor":[63,56,48,42,42,22,22,4,25,28,28,28,28,20,20,0,0],"gold":291,"neow_bonus":"ONE_RANDOM_RARE_CARD","is_daily":false,"chose_seed":false,"campfire_upgraded":1,"win_rate":0.0,"timestamp":1609920732,"path_taken":["R","M","M","M","?","E","T","M","R","M","?","?","?","?","M","BOSS"],"items_purchased_type":[],"build_version":"2020-12-22","purchased_purges":0,"victory":false,"max_hp_per_floor":[70,70,70,70,70,70,70,70,70,70,70,70,70,70,70,70,70],"card_choices":[{"not_picked":["bronze:WildBeam","bronze:FineTuning"],"picked":"bronze:DelayedGuard","floor":2.0},{"not_picked":["bronze:Overheat","bronze:Constructor","bronze:Terminator"],"picked":"SKIP","floor":3.0},{"not_picked":["bronze:ForceShield","bronze:Terminator"],"picked":"bronze:Repair","floor":4.0},{"not_picked":["bronze:Turbo","bronze:Refactor"],"picked":"bronze:HyperBeam","floor":6.0},{"not_picked":["bronze:CutThrough","bronze:DelayedGuard","bronze:BitShift"],"picked":"SKIP","floor":8.0},{"not_picked":["bronze:Safeguard","bronze:DarkDash"],"picked":"bronze:Optimize+1","floor":10.0},{"not_picked":["bronze:Turbo","bronze:Terminator"],"picked":"bronze:DelayedSlice","floor":14.0},{"not_picked":["bronze:Overload","bronze:BugBarrage"],"picked":"bronze:Repulsor+1","floor":15.0}],"player_experience":1113802,"relics_obtained":[{"floor":6.0,"key":"Frozen Egg 2"},{"floor":7.0,"key":"Mercury Hourglass"},{"floor":14.0,"key":"Whetstone"}],"event_choices":[{"damage_healed":0.0,"max_hp_gain":0.0,"max_hp_loss":0.0,"gold_gain":0.0,"event_name":"Scrap Ooze","player_choice":"Fled","floor":5.0,"gold_loss":0.0,"damage_taken":0.0}],"is_beta":false,"boss_relics":[],"items_purged_floors":[],"is_endless":false,"potions_floor_spawned":[3,6],"killed_by":"downfall:Silent","ascension_level":9}}