{"host":"pwvccrb83t5l255a","time":1609965267,"event":{"mods":["2.2 Compatiblity","AchievementEnabler","BaseMod","Bestiary","BetterRewards","Block Reminder","Colored Map","Colored Powertips","Curses Come First","Googly Eyes","Minty Spire (QoL Compilation)","Quick Restart","Rare Cards Sparkle","Relic Sorter","Relic Stats","StSLib","The IronCluck"],"gold_per_floor":[118,118,118,118,118,118,149,149,149,165,340,46,75,75,75,75,75],"floor_reached":16,"playtime":515,"items_purged":[],"score":160,"play_id":"89d93f91-8487-4208-a202-45a3b39790a5","local_time":"20210106153427","is_ascension_mode":true,"campfire_choices":[{"floor":6,"key":"RECALL"},{"floor":15,"key":"REST"}],"circlet_count":0,"master_deck":["Strike_R","Strike_R","Strike_R","Strike_R","Strike_R","Defend_R","Defend_R","Defend_R","Defend_R","Bash","Perfected Strike","Armaments","Thunderclap","Shockwave","Havoc"],"relics":["Burning Blood","NeowsBlessing","Juzu Bracelet","Paper Frog","Pear","Blood Vial"],"acts_visited":["Exordium"],"potions_floor_usage":[16],"damage_taken":[{"damage":0,"enemies":"Small Slimes","floor":1,"turns":1},{"damage":0,"enemies":"Gremlin Nob","floor":7,"turns":1},{"damage":0,"enemies":"2 Louse","floor":10,"turns":1},{"damage":40,"enemies":"Lagavulin","floor":13,"turns":6},{"damage":81,"enemies":"The Guardian","floor":16,"turns":10}],"seed_played":"-7072635936442306566","potions_obtained":[{"floor":1,"key":"Swift Potion"}],"is_trial":false,"path_per_floor":["M","?","?","?","$","R","E","?","T","M","?","$","E","?","R","B"],"character_chosen":"IRONCLAD","items_purchased":["Pear","Shockwave"],"campfire_rested":1,"item_purchase_floors":[12,12],"current_hp_per_floor":[80,85,85,85,85,85,85,67,67,73,73,83,49,49,77,0,0],"gold":75,"neow_bonus":"THREE_ENEMY_KILL","is_daily":false,"chose_seed":false,"campfire_upgraded":0,"win_rate":0.0,"timestamp":1609965267,"path_taken":["M","?","?","?","?","R","E","?","T","M","?","$","E","?","R","BOSS"],"items_purchased_type":["Relic","Card"],"build_version":"2020-12-22","purchased_purges":0,"victory":false,"max_hp_per_floor":[80,85,85,85,85,85,85,85,85,85,85,95,95,95,95,95,95],"relic_stats":{"Blood Vial":2,"counters":[5,19],"Juzu Bracelet":1,"obtain_stats":[{"Blood Vial":13,"Pear":12,"NeowsBlessing":0,"Juzu Bracelet":7,"Burning Blood":0,"Paper Frog":8},{"Blood Vial":4,"Pear":3,"NeowsBlessing":0,"Juzu Bracelet":2,"Burning Blood":0,"Paper Frog":2},{"Blood Vial":9,"Pear":3,"NeowsBlessing":0,"Juzu Bracelet":2,"Burning Blood":0,"Paper Frog":2}],"Burning Blood":12},"card_choices":[{"not_picked":["Bloodletting","Sentinel"],"picked":"Perfected Strike","floor":1},{"not_picked":["Sentinel","Clash"],"picked":"Armaments","floor":7},{"not_picked":["Shrug It Off","Armaments"],"picked":"Thunderclap","floor":10},{"not_picked":["Brutality","Clothesline"],"picked":"Havoc","floor":13}],"player_experience":227355,"relics_obtained":[{"floor":7,"key":"Juzu Bracelet"},{"floor":13,"key":"Blood Vial"}],"event_choices":[{"damage_healed":0,"gold_gain":0,"player_choice":"Donut","damage_taken":0,"max_hp_gain":5,"max_hp_loss":0,"event_name":"Big Fish","floor":2,"gold_loss":0},{"damage_healed":0,"gold_gain":0,"player_choice":"Leave","damage_taken":0,"max_hp_gain":0,"max_hp_loss":0,"event_name":"The Cleric","floor":3,"gold_loss":0},{"damage_healed":0,"gold_gain":0,"player_choice":"Ignored","damage_taken":0,"max_hp_gain":0,"max_hp_loss":0,"event_name":"Golden Wing","floor":4,"gold_loss":0},{"damage_healed":0,"gold_gain":0,"player_choice":"Success","damage_taken":18,"relics_obtained":["Paper Frog"],"max_hp_gain":0,"max_hp_loss":0,"event_name":"Scrap Ooze","floor":8,"gold_loss":0},{"damage_healed":0,"gold_gain":175,"player_choice":"AGREE","damage_taken":0,"max_hp_gain":0,"max_hp_loss":0,"event_name":"Liars Game","floor":11,"gold_loss":0,"cards_obtained":["Doubt"]},{"cards_removed":["Doubt"],"damage_healed":0,"gold_gain":0,"player_choice":"Forget","damage_taken":0,"max_hp_gain":0,"max_hp_loss":0,"event_name":"Living Wall","floor":14,"gold_loss":0}],"is_beta":false,"boss_relics":[],"items_purged_floors":[],"is_endless":false,"potions_floor_spawned":[1],"killed_by":"The Guardian","ascension_level":1}}