{"host":"2lqi9xx9scmc3cqh","time":1609940307,"event":{"mods":["AchievementEnabler","BaseMod","Colored Map","Minty Spire (QoL Compilation)","Remove Card Discount Mod","StSLib"],"gold_per_floor":[5117,4000,4020,4035,4054,3278,3289,3289,3289,3318,3282,3282,3282,3307,3307,3385,3385,3402,3402,3402,2481,2498,2532,2532,1682,1682,1709,757,422,440,457,457,534,534,547,4601,4618,4618,4636,4636,4650,4684,4684,4684,4704,4704,4729,4784,4784,4784],"floor_reached":51,"playtime":2659,"items_purged":["Strike_G","Strike_G","Defend_G","Defend_G","Reflex","Strike_G","Defend_G"],"score":1639,"play_id":"cbe12a80-e8b0-4604-86f1-e45792cd1088","local_time":"20210106223827","is_ascension_mode":true,"campfire_choices":[{"floor":8.0,"key":"REST"},{"floor":13.0,"key":"REST"},{"data":"Bouncing Flask","floor":15.0,"key":"SMITH"},{"data":"Catalyst","floor":32,"key":"SMITH"},{"data":"Sadistic Nature","floor":40,"key":"SMITH"},{"data":"Enlightenment","floor":44,"key":"SMITH"},{"data":"Bouncing Flask","floor":46,"key":"SMITH"},{"data":"Burst","floor":49,"key":"SMITH"}],"circlet_count":0,"master_deck":["AscendersBane","Strike_G+1","Strike_G+1","Defend_G","Defend_G","Survivor+1","Neutralize","Footwork","Bouncing Flask+1","Bouncing Flask+1","Acrobatics","Backflip","Deadly Poison","Deadly Poison","Burst+1","Prepared","Backflip","Distraction+1","RitualDagger+1","Catalyst+1","Sadistic Nature+1","Acrobatics+1","Caltrops","Enlightenment+1","Venomology","Poisoned Stab+1","Parasite"],"relics":["Ring of the Snake","Potion Belt","ClockworkSouvenir","Singing Bowl","Bird Faced Urn","Lantern","Tingsha","Orrery","Smiling Mask","PreservedInsect","Eternal Feather","SacredBark","Calipers","Ornamental Fan","TheAbacus","Vajra","Matryoshka","Whetstone","Lee\u0027s Waffle","Snake Skull","Gremlin Horn","Bag of Marbles","OrangePellets","Girya","Shuriken","Bronze Scales","Ancient Tea Set","Busted Crown","Ice Cream","Blood Vial","Frozen Eye","Gambling Chip","Happy Flower","Thread and Needle","Toy Ornithopter","Turnip"],"acts_visited":["Exordium","TheCity","TheBeyond"],"potions_floor_usage":[22,23,30,33,33,33,33,39,41,41,42,42,50,50,50,50,50,50],"damage_taken":[{"damage":6.0,"enemies":"2 Louse","floor":1.0,"turns":4.0},{"damage":0.0,"enemies":"Jaw Worm","floor":3.0,"turns":4.0},{"damage":4.0,"enemies":"Cultist","floor":4.0,"turns":3.0},{"damage":26.0,"enemies":"Large Slime","floor":5.0,"turns":7.0},{"damage":25.0,"enemies":"Exordium Thugs","floor":7.0,"turns":5.0},{"damage":2.0,"enemies":"Gremlin Nob","floor":10.0,"turns":3.0},{"damage":13.0,"enemies":"Lagavulin","floor":14.0,"turns":5.0},{"damage":42.0,"enemies":"Slime Boss","floor":16.0,"turns":10.0},{"damage":21.0,"enemies":"3 Byrds","floor":18.0,"turns":5.0},{"damage":4,"enemies":"Spheric Guardian","floor":22,"turns":3},{"damage":32,"enemies":"Slavers","floor":23,"turns":5},{"damage":21,"enemies":"Book of Stabbing","floor":27,"turns":3},{"damage":0,"enemies":"Centurion and Healer","floor":30,"turns":2},{"damage":0,"enemies":"3 Cultists","floor":31,"turns":3},{"damage":14,"enemies":"Champ","floor":33,"turns":5},{"damage":35,"enemies":"3 Darklings","floor":35,"turns":3},{"damage":0,"enemies":"3 Shapes","floor":37,"turns":1},{"damage":36,"enemies":"3 Darklings","floor":39,"turns":3},{"damage":0,"enemies":"Spire Growth","floor":41,"turns":2},{"damage":0,"enemies":"Reptomancer","floor":42,"turns":2},{"damage":0,"enemies":"Writhing Mass","floor":45,"turns":3},{"damage":0,"enemies":"Giant Head","floor":47,"turns":2},{"damage":14,"enemies":"2 Orb Walkers","floor":48,"turns":3},{"damage":1,"enemies":"Time Eater","floor":50,"turns":3}],"seed_played":"-2312932603973038602","potions_obtained":[{"floor":1.0,"key":"Energy Potion"},{"floor":23,"key":"CunningPotion"},{"floor":24,"key":"SkillPotion"},{"floor":24,"key":"CultistPotion"},{"floor":30,"key":"Strength Potion"},{"floor":45,"key":"FearPotion"}],"is_trial":false,"path_per_floor":["M","$","M","M","M","$","M","R","T","E","?","?","R","E","R","B",null,"M","?","?","$","M","E","?","$","T","E","$","$","M","M","R","B",null,"M","$","M","?","M","R","M","E","T","R","M","R","E","?","R","B",null],"character_chosen":"THE_SILENT","items_purchased":["ClockworkSouvenir","Singing Bowl","Bird Faced Urn","Footwork","Bouncing Flask","SkillPotion","Dexterity Potion","Ancient Potion","Lantern","Tingsha","Orrery","Prepared","PowerPotion","Calipers","Ornamental Fan","TheAbacus","Poison Potion","Poison Potion","Swift Potion","Matryoshka","Whetstone","Lee\u0027s Waffle","Poison Potion","Sadistic Nature","OrangePellets","Girya","Shuriken","Caltrops","Enlightenment","Bronze Scales","Ancient Tea Set","Ice Cream","Blood Vial","Ancient Potion","Ancient Potion","EntropicBrew","Frozen Eye"],"campfire_rested":2,"item_purchase_floors":[2,2,2,2,2,2,2,2,6,6,6,6,6,21,21,21,21,21,21,25,25,25,25,25,28,28,28,28,28,29,29,36,36,36,36,36,36],"current_hp_per_floor":[53,53,55,53,29,33,10,31,31,35,35,35,56,47,59,21,62,43,37,37,37,37,7,7,85,85,64,64,64,68,76,88,79,87,56,56,62,62,36,51,59,65,65,80,90,94,96,84,98,98],"gold":4784,"neow_bonus":"RANDOM_COMMON_RELIC","is_daily":false,"chose_seed":false,"campfire_upgraded":6,"win_rate":0.0,"timestamp":1609940307,"path_taken":["M","$","M","M","M","$","M","R","T","E","?","?","R","E","R","BOSS","M","?","?","$","?","E","?","$","T","E","?","$","M","M","R","BOSS","M","$","M","?","M","R","M","E","T","R","M","R","E","?","R","BOSS"],"items_purchased_type":["Relic","Relic","Relic","Card","Card","Potion","Potion","Potion","Relic","Relic","Relic","Card","Potion","Relic","Relic","Relic","Potion","Potion","Potion","Relic","Relic","Relic","Potion","Card","Relic","Relic","Relic","Card","Card","Relic","Relic","Relic","Relic","Potion","Potion","Potion","Relic"],"build_version":"2020-12-22","purchased_purges":7,"victory":true,"max_hp_per_floor":[66,66,66,66,66,70,70,70,70,72,72,72,72,74,74,76,76,76,76,76,76,78,78,78,85,85,85,85,85,87,89,89,89,89,91,91,93,88,90,90,92,92,92,92,94,94,96,98,98,98],"card_choices":[{"not_picked":["Predator","Outmaneuver"],"picked":"Reflex","floor":1.0},{"not_picked":["Outmaneuver","Slice"],"picked":"Bouncing Flask","floor":3.0},{"not_picked":["Underhanded Strike","Bane"],"picked":"Acrobatics","floor":4.0},{"not_picked":["Slice","Bane"],"picked":"Backflip","floor":5.0},{"not_picked":["Quick Slash","Dagger Throw"],"picked":"Deadly Poison","floor":6.0},{"not_picked":["Dagger Spray","Slice"],"picked":"Deadly Poison","floor":6.0},{"not_picked":["PiercingWail","Cloak And Dagger"],"picked":"Burst","floor":6.0},{"not_picked":["Flying Knee","Bane","Slice"],"picked":"Singing Bowl","floor":6.0},{"not_picked":["Distraction","Terror","Choke"],"picked":"Singing Bowl","floor":6.0},{"not_picked":["Bane","Blade Dance"],"picked":"Backflip","floor":7.0},{"not_picked":["Poisoned Stab","Dagger Throw","Backstab"],"picked":"Singing Bowl","floor":10.0},{"not_picked":["Quick Slash","Setup","Glass Knife"],"picked":"Singing Bowl","floor":14.0},{"not_picked":["Burst","Unload","Wraith Form v2"],"picked":"Singing Bowl","floor":16.0},{"not_picked":["Deadly Poison","Predator"],"picked":"Distraction+1","floor":18.0},{"not_picked":["Quick Slash","Slice","Outmaneuver+1"],"picked":"Singing Bowl","floor":22},{"not_picked":["Tools of the Trade","Deadly Poison"],"picked":"Catalyst","floor":23},{"not_picked":["PiercingWail+1","Deflect+1"],"picked":"Acrobatics+1","floor":27},{"not_picked":["Prepared","Deflect","Bouncing Flask"],"picked":"Singing Bowl","floor":30},{"not_picked":["Finisher","Outmaneuver+1","Tactician"],"picked":"Singing Bowl","floor":31},{"not_picked":["Malaise","Unload"],"picked":"Venomology","floor":33},{"not_picked":["Quick Slash+1"],"picked":"Singing Bowl","floor":35},{"not_picked":["Prepared"],"picked":"Singing Bowl","floor":37},{"not_picked":["Quick Slash"],"picked":"Singing Bowl","floor":39},{"not_picked":["Outmaneuver"],"picked":"Singing Bowl","floor":41},{"not_picked":[],"picked":"Poisoned Stab+1","floor":42},{"not_picked":["Slice"],"picked":"Singing Bowl","floor":45},{"not_picked":["Accuracy"],"picked":"Singing Bowl","floor":47},{"not_picked":["Infinite Blades"],"picked":"Singing Bowl","floor":48}],"player_experience":386792,"relics_obtained":[{"floor":9.0,"key":"Smiling Mask"},{"floor":10.0,"key":"PreservedInsect"},{"floor":14.0,"key":"Eternal Feather"},{"floor":23,"key":"Vajra"},{"floor":26,"key":"Snake Skull"},{"floor":26,"key":"Gremlin Horn"},{"floor":27,"key":"Bag of Marbles"},{"floor":42,"key":"Gambling Chip"},{"floor":43,"key":"Happy Flower"},{"floor":43,"key":"Thread and Needle"},{"floor":47,"key":"Toy Ornithopter"},{"floor":48,"key":"Turnip"}],"event_choices":[{"damage_healed":0.0,"max_hp_gain":0.0,"max_hp_loss":0.0,"gold_gain":0.0,"event_name":"World of Goop","player_choice":"Left Gold","floor":11.0,"gold_loss":36.0,"damage_taken":0.0},{"damage_healed":0.0,"max_hp_gain":0.0,"max_hp_loss":0.0,"gold_gain":0.0,"event_name":"Living Wall","player_choice":"Grow","floor":12.0,"gold_loss":0.0,"damage_taken":0.0,"cards_upgraded":["Survivor"]},{"damage_healed":0.0,"max_hp_gain":0.0,"max_hp_loss":0.0,"gold_gain":0.0,"event_name":"Nest","player_choice":"Joined the Cult","floor":19.0,"gold_loss":0.0,"damage_taken":6.0,"cards_obtained":["RitualDagger"]},{"damage_healed":0.0,"max_hp_gain":0.0,"max_hp_loss":0.0,"gold_gain":0.0,"event_name":"Accursed Blacksmith","player_choice":"Forge","floor":20.0,"gold_loss":0.0,"damage_taken":0.0,"cards_upgraded":["RitualDagger"]},{"damage_healed":0,"gold_gain":0,"player_choice":"Got Potions","damage_taken":0,"max_hp_gain":0,"max_hp_loss":0,"event_name":"Lab","floor":24,"gold_loss":0},{"damage_healed":0,"gold_gain":0,"player_choice":"Max HP","damage_taken":0,"max_hp_gain":0,"max_hp_loss":5,"event_name":"Winding Halls","floor":38,"gold_loss":0},{"damage_healed":0,"gold_gain":0,"player_choice":"Fight","damage_taken":0,"max_hp_gain":0,"max_hp_loss":0,"event_name":"Mysterious Sphere","floor":48,"gold_loss":0}],"is_beta":false,"boss_relics":[{"not_picked":["Runic Pyramid","Ectoplasm"],"picked":"SacredBark"},{"not_picked":["Black Star","Runic Dome"],"picked":"Busted Crown"}],"items_purged_floors":[2,2,2,2,21,21,21],"is_endless":false,"potions_floor_spawned":[1,3,5,7,23,30,39,41,45,47],"ascension_level":17}}