{"host":"98ajcw3do3zsggh8","time":1609901183,"event":{"mods":["BaseMod","Minty Spire (QoL Compilation)","Replay The Spire","StSLib","The Marked"],"gold_per_floor":[118,118,118,137,155,184,184,212,212,227,261,279,299,331,331,426,426,446,446,545,100,100,125,125,157,205,61,79,79,79,91,91,195,195,212,262,262,274,274,305,305,332,332,359,359,415,442,2,2,2],"floor_reached":51,"playtime":2074,"items_purged":["Hallucinations","Strike_R"],"score":926,"play_id":"4a95d1fa-b352-4a28-9b58-7ceda35ad5e9","local_time":"20210106034623","is_ascension_mode":true,"campfire_choices":[{"data":"Clash","floor":7,"key":"SMITH"},{"data":"Immolate","floor":15,"key":"SMITH"},{"data":"Whirlwind","floor":30,"key":"SMITH"},{"floor":32,"key":"DIG"},{"data":"Strike_R","floor":41,"key":"PURGE"},{"data":"Strike_R","floor":45,"key":"PURGE"},{"floor":49,"key":"REST"}],"circlet_count":0,"master_deck":["Strike_R","Strike_R","Defend_R","Defend_R","Defend_R","Defend_R","Bash","Clash","Clash","Clash+1","Reaper","Immolate+1","Whirlwind+1","Panache","ReplayTheSpireMod:Private Reserves","ReplayTheSpireMod:Private Reserves","Clash","Bloodletting+1","Madness","Madness","Clash","Clash"],"relics":["Burning Blood","NeowsBlessing","ReplayTheSpireMod:Lightbulb","Onion Ring","Juzu Bracelet","Akabeko","Blue Doll","Ring of Searing","BargainBundle","Shuriken","InkBottle","Sundial","Strawberry","Brimstone","Question Card","Ooze Armor","Peace Pipe","CeramicFish","PreservedInsect","Replay:WaspNest","Lizard Tail","ReplayFunnel","Unceasing Top"],"acts_visited":["Exordium","TheCity","TheBeyond"],"potions_floor_usage":[6,6,11,23,31,33,33,40,44,44,50],"damage_taken":[{"damage":0,"enemies":"Small Slimes","floor":1,"turns":1},{"damage":0,"enemies":"Jaw Worm","floor":4,"turns":1},{"damage":0,"enemies":"Cultist","floor":5,"turns":1},{"damage":21,"enemies":"3 Sentries","floor":6,"turns":8},{"damage":3,"enemies":"Gremlin Nob","floor":8,"turns":3},{"damage":0,"enemies":"2 Fungi Beasts","floor":10,"turns":2},{"damage":12,"enemies":"3 Sentries","floor":11,"turns":7},{"damage":0,"enemies":"Blue Slaver","floor":12,"turns":1},{"damage":12,"enemies":"Exordium Wildlife","floor":13,"turns":2},{"damage":11,"enemies":"Gremlin Nob","floor":14,"turns":3},{"damage":41,"enemies":"Slime Boss","floor":16,"turns":8},{"damage":6,"enemies":"Spheric Guardian","floor":18,"turns":3},{"damage":21,"enemies":"Slavers","floor":23,"turns":2},{"damage":18,"enemies":"Gremlin Leader","floor":25,"turns":4},{"damage":9,"enemies":"Chosen","floor":28,"turns":3},{"damage":7,"enemies":"Snake Plant","floor":31,"turns":2},{"damage":1,"enemies":"Automaton","floor":33,"turns":4},{"damage":5,"enemies":"3 Darklings","floor":35,"turns":2},{"damage":41,"enemies":"Mind Bloom Boss Battle","floor":36,"turns":3},{"damage":15,"enemies":"Orb Walker","floor":38,"turns":2},{"damage":18,"enemies":"R_Hoarder","floor":40,"turns":3},{"damage":55,"enemies":"Writhing Mass","floor":42,"turns":4},{"damage":0,"enemies":"Nemesis","floor":44,"turns":1},{"damage":47,"enemies":"2 Orb Walkers","floor":46,"turns":3},{"damage":32,"enemies":"R_Hoarder","floor":47,"turns":5},{"damage":99,"enemies":"Time Eater","floor":50,"turns":6}],"seed_played":"6431628836310510067","potions_obtained":[{"floor":1,"key":"Swift Potion"},{"floor":4,"key":"Elixir"},{"floor":8,"key":"PowerPotion"},{"floor":12,"key":"Dexterity Potion"},{"floor":13,"key":"Fire Potion"},{"floor":28,"key":"SteroidPotion"},{"floor":31,"key":"LifebloodPotion"},{"floor":33,"key":"Strength Potion"},{"floor":35,"key":"SteroidPotion"},{"floor":36,"key":"PowerPotion"},{"floor":44,"key":"FairyPotion"}],"is_trial":false,"path_per_floor":["M","?","?","M","M","E","R","E","T","M","E","M","M","E","R","B",null,"M","?","?","$","?","E","?","E","T","$","M","?","R","M","R","B",null,"M","?","?","M","?","E","R","M","T","E","R","?","E","$","R","B",null],"character_chosen":"IRONCLAD","items_purchased":["BargainBundle","Panache","ReplayTheSpireMod:Private Reserves","Shuriken","ColorlessPotion","Brimstone","Unceasing Top","SteroidPotion"],"campfire_rested":1,"item_purchase_floors":[21,21,21,21,21,27,48,48],"current_hp_per_floor":[80,80,80,80,80,65,65,68,68,74,68,74,68,63,63,32,80,80,80,80,80,64,65,50,53,60,60,62,62,62,61,61,66,92,92,75,75,75,63,68,68,36,36,42,42,23,11,11,38,22],"gold":2,"neow_bonus":"THREE_ENEMY_KILL","is_daily":false,"chose_seed":false,"campfire_upgraded":3,"win_rate":0.0,"timestamp":1609901183,"path_taken":["M","?","?","?","M","E","R","E","T","M","E","M","M","E","R","BOSS","M","?","?","$","?","E","?","E","T","$","M","?","R","M","R","BOSS","M","?","?","M","?","E","R","M","T","E","R","?","E","$","R","BOSS"],"items_purchased_type":["Relic","Card","Card","Relic","Potion","Relic","Relic","Potion"],"build_version":"2020-12-22","purchased_purges":2,"victory":true,"max_hp_per_floor":[80,80,80,80,80,80,80,80,80,80,80,80,80,80,80,80,80,80,80,80,80,80,80,85,85,92,92,92,92,92,92,92,92,92,92,92,92,92,92,92,92,92,92,92,92,92,92,92,92,92],"card_choices":[{"not_picked":["Havoc","ReplayReversal"],"picked":"Clash","floor":1},{"not_picked":["Massacre","Armaments","Second Wind"],"picked":"SKIP","floor":4},{"not_picked":["True Grit","Inflame"],"picked":"Clash","floor":5},{"not_picked":["Replay:Undeath\u0027s Touch","Body Slam"],"picked":"Clash","floor":6},{"not_picked":["Armaments","Dual Wield","Wild Strike"],"picked":"SKIP","floor":8},{"not_picked":["Rupture","Combust","True Grit"],"picked":"SKIP","floor":10},{"not_picked":["Defy Death","Spot Weakness"],"picked":"Reaper","floor":11},{"not_picked":["Warcry","ReplayTheSpireMod:Strike From Hell","True Grit"],"picked":"SKIP","floor":12},{"not_picked":["Pommel Strike","Armaments","Sword Boomerang"],"picked":"SKIP","floor":13},{"not_picked":["Shrug It Off","Iron Wave"],"picked":"Immolate","floor":14},{"not_picked":["Twin Strike","Shrug It Off"],"picked":"Whirlwind","floor":18},{"not_picked":["Twin Strike","ReplayTheSpireMod:Corrosion Curse","Massacre"],"picked":"SKIP","floor":23},{"not_picked":["Replay:Undeath\u0027s Touch","Iron Wave","Perfected Strike"],"picked":"SKIP","floor":25},{"not_picked":["Havoc","Dropkick","Sentinel"],"picked":"SKIP","floor":28},{"not_picked":["Whirlwind","Iron Wave"],"picked":"Clash","floor":31},{"not_picked":["Havoc+1","Body Slam","Armaments"],"picked":"Heavy Blade+1","floor":35},{"not_picked":["Feel No Pain+1","Thunderclap","Life Link+1"],"picked":"Bloodletting+1","floor":38},{"not_picked":["Run Through","Brutality","Pummel","Anger+1"],"picked":"SKIP","floor":40},{"not_picked":["Body Slam+1","Run Through","Thunderclap"],"picked":"Clash","floor":42},{"not_picked":["Demonic Infusion","Dropkick+1","Fire Breathing+1","Sword Boomerang+1"],"picked":"SKIP","floor":44},{"not_picked":["Sentinel+1","Wild Strike+1","Iron Wave+1"],"picked":"Clash","floor":46},{"not_picked":["Hemokinesis","Heavy Blade","Dropkick+1","Blood for Blood"],"picked":"SKIP","floor":47}],"player_experience":310201,"relics_obtained":[{"floor":8,"key":"Onion Ring"},{"floor":9,"key":"Juzu Bracelet"},{"floor":11,"key":"Akabeko"},{"floor":14,"key":"Blue Doll"},{"floor":19,"key":"Ring of Searing"},{"floor":23,"key":"InkBottle"},{"floor":25,"key":"Sundial"},{"floor":26,"key":"Strawberry"},{"floor":32,"key":"Question Card"},{"floor":36,"key":"Peace Pipe"},{"floor":40,"key":"CeramicFish"},{"floor":43,"key":"PreservedInsect"},{"floor":44,"key":"Replay:WaspNest"},{"floor":46,"key":"Lizard Tail"},{"floor":47,"key":"ReplayFunnel"}],"event_choices":[{"damage_healed":0,"gold_gain":0,"player_choice":"Box","damage_taken":0,"relics_obtained":["ReplayTheSpireMod:Lightbulb"],"max_hp_gain":0,"max_hp_loss":0,"event_name":"Big Fish","floor":2,"gold_loss":0,"cards_obtained":["Regret"]},{"cards_removed":["Regret"],"damage_healed":0,"gold_gain":0,"player_choice":"Purged","damage_taken":0,"max_hp_gain":0,"max_hp_loss":0,"event_name":"Purifier","floor":3,"gold_loss":0},{"damage_healed":0,"gold_gain":99,"player_choice":"Stole From Cult","damage_taken":0,"max_hp_gain":0,"max_hp_loss":0,"event_name":"Nest","floor":20,"gold_loss":0},{"damage_healed":0,"gold_gain":0,"player_choice":"Obtained Book","damage_taken":16,"max_hp_gain":0,"max_hp_loss":0,"event_name":"Cursed Tome","floor":22,"gold_loss":0},{"damage_healed":0,"gold_gain":0,"player_choice":"Shed Blood","damage_taken":20,"max_hp_gain":5,"max_hp_loss":0,"event_name":"Forgotten Altar","floor":24,"gold_loss":0},{"damage_healed":0,"gold_gain":0,"player_choice":"Ignored","damage_taken":0,"max_hp_gain":0,"max_hp_loss":0,"event_name":"Ghosts","floor":29,"gold_loss":0},{"damage_healed":0,"gold_gain":0,"player_choice":"Fight","damage_taken":0,"max_hp_gain":0,"max_hp_loss":0,"event_name":"MindBloom","floor":36,"gold_loss":0},{"cards_removed":["Heavy Blade"],"damage_healed":0,"gold_gain":0,"player_choice":"Removed Attack","damage_taken":0,"max_hp_gain":0,"max_hp_loss":0,"event_name":"Falling","floor":37,"gold_loss":0},{"damage_healed":0,"gold_gain":0,"player_choice":"Embrace Madness","damage_taken":12,"max_hp_gain":0,"max_hp_loss":0,"event_name":"Winding Halls","floor":39,"gold_loss":0,"cards_obtained":["Madness","Madness"]},{"damage_healed":0,"gold_gain":0,"player_choice":"Fight","damage_taken":0,"max_hp_gain":0,"max_hp_loss":0,"event_name":"Mysterious Sphere","floor":46,"gold_loss":0}],"is_beta":false,"boss_relics":[{"not_picked":["Abe\u0027s Treasure","Pandora\u0027s Box","Runic Dome"]},{"not_picked":["ReplayTheSpireMod:Onyx Gauntlets","Replay:Grab Bag"],"picked":"Ooze Armor"}],"items_purged_floors":[21,48],"is_endless":false,"potions_floor_spawned":[1,4,8,12,13,28,31,33,35,36,44],"ascension_level":2}}