{"host":"68ypu360vyldwzrz","time":1609945465,"event":{"mods":["Act Like it!","BaseMod","Better Third Choice","Better Vampires","BetterRewards","CapriCore","Downfall","Friendly Minions","GifTheSpireLib","Hermit","Hubris","Jorbs\u0027s Wanderer Trilogy","Luminous","Marisa????????","Minty Spire (QoL Compilation)","Quick Restart","Relic Stats","Remilia??????","Shade Mod","Shop Mod","StSLib","Td1madao Mod","The Administrix","The Alterego","The Cursed","The Hierophant","The Immortal","The Necromancer","The Senshi","The Servant 0.9.4","TheVacant","Wandering Minibosses"],"gold_per_floor":[111,111,111,111,286,286,286],"floor_reached":6,"playtime":438,"items_purged":[],"score":32,"play_id":"33a71324-38f3-4e48-9c46-ee6da1112581","local_time":"20210106090425","is_ascension_mode":false,"campfire_choices":[],"circlet_count":0,"master_deck":["Strike_W","Strike_W","Strike_W","Defend_W","Defend_W","Defend_W","Defend_W","Negative_Energy_Arrows+1","Bone_Wall","Negative_Energy_Mist","Death_Coil","Doubt"],"relics":["Vampire_Amulet","hubris:Towel","Golden Idol"],"acts_visited":["Exordium"],"potions_floor_usage":[],"damage_taken":[{"damage":0,"enemies":"Small Slimes","floor":1,"turns":3},{"damage":44,"enemies":"3 Sentries","floor":6,"turns":8}],"seed_played":"7738719231201157434","potions_obtained":[],"is_trial":false,"path_per_floor":["M","?","?","?","?","E"],"character_chosen":"NECROMANCER","items_purchased":[],"campfire_rested":0,"item_purchase_floors":[],"current_hp_per_floor":[75,75,75,57,57,13,13],"gold":286,"neow_bonus":"UPGRADE_CARD","is_daily":false,"chose_seed":false,"campfire_upgraded":0,"win_rate":0.0,"timestamp":1609945465,"path_taken":["M","?","?","?","?","E"],"items_purchased_type":[],"build_version":"2020-12-22","purchased_purges":0,"victory":false,"max_hp_per_floor":[75,75,75,75,75,75,75],"relic_stats":{"counters":[2,11],"Golden Idol":0,"obtain_stats":[{"Golden Idol":4,"Vampire_Amulet":0,"hubris:Towel":3},{"Golden Idol":1,"Vampire_Amulet":0,"hubris:Towel":1},{"Golden Idol":3,"Vampire_Amulet":0,"hubris:Towel":3}]},"card_choices":[{"not_picked":["Consume_Illness","Blood_Curse"],"picked":"Negative_Energy_Mist","floor":1}],"player_experience":356288,"relics_obtained":[],"event_choices":[{"damage_healed":0,"gold_gain":0,"cards_transformed":["Strike_W"],"player_choice":"Change","damage_taken":0,"max_hp_gain":0,"max_hp_loss":0,"event_name":"Living Wall","floor":2,"gold_loss":0,"cards_obtained":["Death_Coil"]},{"damage_healed":0,"gold_gain":0,"player_choice":"Take Damage","damage_taken":18,"relics_obtained":["Golden Idol"],"max_hp_gain":0,"max_hp_loss":0,"event_name":"Golden Idol","floor":4,"gold_loss":0},{"damage_healed":0,"gold_gain":175,"player_choice":"AGREE","damage_taken":111,"max_hp_gain":0,"max_hp_loss":0,"event_name":"betterThird:BetterSerpent","floor":5,"gold_loss":0}],"is_beta":false,"boss_relics":[],"items_purged_floors":[],"is_endless":false,"potions_floor_spawned":[],"killed_by":"3 Sentries","ascension_level":0}}