{"host":"1gclwan70y6w6ivq","time":1609922499,"event":{"mods":["AchievementEnabler","BaseMod","Colored Map","Downfall","Hubris","Infinite Spire","Minty Spire (QoL Compilation)","Relic Sorter","Shade Mod","StSLib"],"gold_per_floor":[99,99,99,99,99,199,199,109,124,140,140,157,7,23,36,140,140,140,155,63,82,82,94,94,94,94,94,123,149,149,182,197,293,293],"floor_reached":33,"playtime":2967,"items_purged":["Shade:Defend_Shade","Shade:Strike_Shade","Shade:Defend_Shade"],"score":448,"play_id":"b68d7808-7701-48e4-bfe5-961b553aac09","local_time":"20210106034139","is_ascension_mode":false,"campfire_choices":[{"floor":1,"key":"RECALL"},{"data":"Shade:Bite_Shade","floor":13,"key":"SMITH"},{"data":"Shade:AnimateDead","floor":18,"key":"SMITH"},{"data":"Shade:Coordination","floor":25,"key":"SMITH"}],"circlet_count":0,"master_deck":["Shade:Defend_Shade","Shade:Defend_Shade","Shade:AnimateDead+1","Shade:CarefulCut","Shade:GraveStillness","Shade:FleshToFlesh","Shade:Bite_Shade+1","Shade:Coordination+1","Shade:SkeletonArmy+1","Shade:Carnophage","Shade:AblativeArmor+1","Shade:FleshToFlesh","Shade:OpenGraves+1","Shade:GraveStillness","Shade:LastGasp"],"relics":["Shade:YorickSkull","downfall:HeartsMalice","downfall:GremlinWheel","downfall:HeartBlessingBlue","downfall:HeartBlessingRed","infinitespire:Cupcake","Shade:YorickPolishedSkull","infinitespire:EmpoweringShard","MealTicket","Orichalcum","The Courier","hubris:Potato","Shuriken"],"acts_visited":["Exordium","TheCity"],"potions_floor_usage":[31,31],"damage_taken":[{"damage":0,"enemies":"Jaw Worm","floor":2,"turns":1},{"damage":0,"enemies":"2 Louse","floor":4,"turns":1},{"damage":0,"enemies":"Cultist","floor":5,"turns":1},{"damage":36,"enemies":"Cultist","floor":6,"turns":6},{"damage":0,"enemies":"downfall:FleeingMerchant","floor":8,"turns":4},{"damage":0,"enemies":"Blue Slaver","floor":9,"turns":4},{"damage":13,"enemies":"Gremlin Gang","floor":10,"turns":5},{"damage":0,"enemies":"Large Slime","floor":12,"turns":8},{"damage":0,"enemies":"Exordium Wildlife","floor":14,"turns":3},{"damage":0,"enemies":"Red Slaver","floor":15,"turns":3},{"damage":50,"enemies":"downfall:Silent","floor":16,"turns":14},{"damage":9,"enemies":"3 Byrds","floor":19,"turns":5},{"damage":1,"enemies":"downfall:FleeingMerchant","floor":20,"turns":4},{"damage":0,"enemies":"Cultist and Chosen","floor":21,"turns":6},{"damage":0,"enemies":"Centurion and Healer","floor":23,"turns":7},{"damage":4,"enemies":"Slavers","floor":28,"turns":3},{"damage":0,"enemies":"Gremlin Leader","floor":31,"turns":3},{"damage":0,"enemies":"Chosen and Byrds","floor":32,"turns":3},{"damage":0,"enemies":"downfall:Defect","floor":33,"turns":9}],"seed_played":"2525755185366368499","potions_obtained":[{"floor":6,"key":"Ancient Potion"},{"floor":16,"key":"DistilledChaos"},{"floor":19,"key":"hexamod:EctoCoolerPotion"},{"floor":33,"key":"DuplicationPotion"}],"is_trial":false,"path_per_floor":["R","M","?","M","M","?","T","$","M","M","?","M","R","M","M","B",null,"R","M","$","M","AVR","M","T","R","?","?","E","T","$","E","M","B"],"character_chosen":"SHADE","items_purchased":["Shade:Carnophage","The Courier","hubris:Potato"],"campfire_rested":0,"item_purchase_floors":[20,30,30],"current_hp_per_floor":[65,65,65,65,65,29,29,29,29,16,16,16,26,29,38,12,75,75,71,75,75,75,75,75,75,75,59,55,55,7,13,16,25,25],"gold":293,"neow_bonus":"THREE_ENEMY_KILL","is_daily":false,"chose_seed":false,"campfire_upgraded":3,"win_rate":0.0,"timestamp":1609922499,"path_taken":["R","M","?","M","M","?","T","$","M","?","?","M","R","M","M","BOSS","R","M","$","M","AVR","M","T","R","?","?","E","?","?","E","M","BOSS"],"items_purchased_type":["Card","Relic","Relic"],"build_version":"2020-12-22","purchased_purges":3,"victory":false,"max_hp_per_floor":[65,65,65,65,65,65,65,65,65,65,65,65,75,75,75,75,75,75,75,75,75,75,75,75,75,75,75,75,75,75,75,75,75,75],"card_choices":[{"not_picked":["Shade:FingerOfDeath","Shade:Trample"],"picked":"Shade:GraveStillness","floor":2},{"not_picked":["Shade:FreshBones","Shade:FleshLikeOak","Shade:FeralStrike"],"picked":"SKIP","floor":4},{"not_picked":["Shade:SkeletonHug","Shade:LyeBath"],"picked":"Shade:FleshToFlesh","floor":5},{"not_picked":["Shade:PressTheAttack","Shade:CommandSoldier","Shade:CallWraith"],"picked":"SKIP","floor":8},{"not_picked":["Shade:FingerOfDeath","Shade:AncientSpear","Shade:GreyBargain"],"picked":"SKIP","floor":9},{"not_picked":["Shade:Frenzy","Shade:LyeBath","Shade:LoseControl"],"picked":"SKIP","floor":10},{"not_picked":["Shade:AncientSpear","Shade:CoffinDance"],"picked":"Shade:Bite_Shade","floor":12},{"not_picked":["Shade:SensePrey","Shade:Trample","Shade:Brains"],"picked":"SKIP","floor":14},{"not_picked":["Shade:CallWraith","Shade:WallOfFlesh","Shade:ExtraLimbs"],"picked":"SKIP","floor":15},{"not_picked":["Shade:SoulPierce","Shade:Tombstone"],"picked":"Shade:Coordination","floor":16},{"not_picked":["Shade:WallOfFlesh","Shade:Frenzy+1"],"picked":"Shade:SkeletonArmy+1","floor":19},{"not_picked":["Shade:SensePrey","Shade:Premonition+1","Shade:GreyBargain"],"picked":"SKIP","floor":20},{"not_picked":["Shade:CloudOfShrapnel+1","Shade:CallWraith"],"picked":"Shade:AblativeArmor+1","floor":21},{"not_picked":["Shade:ScuttlingHand","Shade:CoffinDance"],"picked":"Shade:FleshToFlesh","floor":23},{"not_picked":["Shade:Premonition","Shade:FuneraryArmor"],"picked":"Shade:OpenGraves+1","floor":28},{"not_picked":["Shade:GreyBargain","Shade:ExtraLimbs","Shade:FuneraryArmor"],"picked":"SKIP","floor":31},{"not_picked":["Shade:FuneraryArmor","Shade:FreshBones+1"],"picked":"Shade:GraveStillness","floor":32},{"not_picked":["Shade:MadHubris","Shade:OneIsEnough"],"picked":"Shade:LastGasp","floor":33}],"player_experience":850266,"relics_obtained":[{"floor":6,"key":"downfall:GremlinWheel"},{"floor":24,"key":"infinitespire:EmpoweringShard"},{"floor":28,"key":"MealTicket"},{"floor":29,"key":"Orichalcum"},{"floor":31,"key":"Shuriken"}],"event_choices":[{"cards_removed":["Shade:Strike_Shade"],"damage_healed":0,"gold_gain":0,"player_choice":"Card Removal","damage_taken":0,"max_hp_gain":0,"max_hp_loss":0,"event_name":"The Cleric","floor":11,"gold_loss":0},{"cards_removed":["Shade:Strike_Shade"],"damage_healed":0,"gold_gain":0,"player_choice":"Card Removal","damage_taken":0,"max_hp_gain":0,"max_hp_loss":0,"event_name":"Wheel of Change","floor":13,"gold_loss":0},{"damage_healed":0,"gold_gain":0,"player_choice":"Ignored","damage_taken":0,"max_hp_gain":0,"max_hp_loss":0,"event_name":"Ghosts","floor":26,"gold_loss":0}],"is_beta":false,"boss_relics":[{"not_picked":["Philosopher\u0027s Stone","Pandora\u0027s Box"],"picked":"infinitespire:Cupcake"}],"items_purged_floors":[8,30,30],"is_endless":false,"potions_floor_spawned":[6,9,10,12,16,19,21,33],"killed_by":"downfall:Defect","ascension_level":0}}