{"host":"bpkhhmvsfrvlto2l","time":1609943865,"event":{"mods":["2.2 Compatiblity","Act Like it!","AlwaysNeverKeys","BaseMod","Better Silent Start","Challenge The Spire","Colored Map","Colored Powertips","Custom Start","Downfall","Energized Spire","Friendly Minions","GifTheSpireLib","Halation","Hubris","Infinite Spire","Ironclad Rager","Mimic Mod","Minty Spire (QoL Compilation)","Permanent Neow","Quick Restart","Random Character Button","Relic Sorter","Replay The Spire","Spikes Relics","StSLib","Stuff the Spire","Swap Starting Deck Mod","Trackpad"],"gold_per_floor":[213,9,27,42,117,117,117,117,143,143,167,178,178,178,193,212,212,307,307,321,168,182,182,202,202,229,22,22,33,51,51,79,89,89,89,89],"floor_reached":35,"playtime":1233,"items_purged":["Parasite"],"score":342,"play_id":"7ceed5fc-568b-400c-a001-da48b6f57431","local_time":"20210106093745","is_ascension_mode":true,"campfire_choices":[{"data":"Poisoned Stab","floor":8,"key":"SMITH"},{"data":"Footwork","floor":10,"key":"SMITH"},{"data":"Footwork","floor":17,"key":"SMITH"},{"data":"Caltrops","floor":25,"key":"SMITH"},{"data":"Noxious Fumes","floor":31,"key":"SMITH"},{"data":"A Thousand Cuts","floor":34,"key":"SMITH"}],"circlet_count":0,"master_deck":["Strike_G","Strike_G","Strike_G","Strike_G","Defend_G","Defend_G","Defend_G","Defend_G","Survivor","Neutralize","Footwork","Footwork+1","Poisoned Stab+1","Footwork+1","Caltrops+1","Noxious Fumes+1","A Thousand Cuts+1"],"relics":["Ring of the Snake","Blue Doll","StuffTheSpire:Barrel","Juzu Bracelet","Coffee Dripper","Ancient Tea Set","Membership Card","hubris:DisguiseKit","halation:BottledLove"],"acts_visited":["Exordium","TheCity"],"potions_floor_usage":[18,18,18,23,23,29,35],"damage_taken":[{"damage":1,"enemies":"Cultist","floor":1,"turns":5},{"damage":0,"enemies":"Small Slimes","floor":3,"turns":6},{"damage":0,"enemies":"2 Louse","floor":4,"turns":3},{"damage":25,"enemies":"Lagavulin","floor":9,"turns":8},{"damage":0,"enemies":"Exordium Wildlife","floor":12,"turns":6},{"damage":0,"enemies":"Large Slime","floor":15,"turns":6},{"damage":4,"enemies":"3 Louse","floor":16,"turns":6},{"damage":26,"enemies":"Fading Forest","floor":18,"turns":11},{"damage":13,"enemies":"Spheric Guardian","floor":20,"turns":8},{"damage":0,"enemies":"Shell Parasite","floor":22,"turns":8},{"damage":0,"enemies":"Centurion and Healer","floor":23,"turns":1},{"damage":6,"enemies":"Snecko","floor":24,"turns":8},{"damage":0,"enemies":"Book of Stabbing","floor":26,"turns":7},{"damage":19,"enemies":"Sentry and Sphere","floor":29,"turns":7},{"damage":21,"enemies":"3 Cultists","floor":30,"turns":7},{"damage":14,"enemies":"Replay:Snechameleon","floor":32,"turns":7},{"damage":15,"enemies":"Snake Plant","floor":33,"turns":4},{"damage":51,"enemies":"Pondfish","floor":35,"turns":9}],"seed_played":"908835225311712824","potions_obtained":[{"floor":9,"key":"SkillPotion"},{"floor":12,"key":"Adrenaline Potion"},{"floor":15,"key":"GhostInAJar"},{"floor":18,"key":"SpeedPotion"},{"floor":20,"key":"SkillPotion"},{"floor":22,"key":"SmokeBomb"},{"floor":33,"key":"Fire Potion"}],"is_trial":false,"path_per_floor":["M","$","M","M","?","PTL","PTL","R","E","R","T","M","?","?","M","M","R","B",null,"M","$","M","M","M","R","E","$","T","M","M","R","E","M","R","B"],"character_chosen":"THE_SILENT","items_purchased":["Blue Doll","Footwork","Caltrops","Membership Card","Noxious Fumes","PowerPotion"],"campfire_rested":0,"item_purchase_floors":[2,2,21,27,27,27],"current_hp_per_floor":[69,69,69,69,58,58,58,58,33,33,33,33,50,65,65,61,61,35,70,57,57,57,57,51,51,51,51,51,40,27,27,13,48,48,0,0],"gold":89,"neow_bonus":"HUNDRED_GOLD","is_daily":false,"chose_seed":false,"campfire_upgraded":6,"win_rate":0.0,"timestamp":1609943865,"path_taken":["M","$","M","M","?","PTL","PTL","R","E","R","T","M","?","?","M","M","R","BOSS","M","$","M","M","M","R","E","$","T","M","M","R","E","M","R","BOSS"],"items_purchased_type":["Relic","Card","Card","Relic","Card","Potion"],"build_version":"2020-12-22","purchased_purges":1,"victory":false,"max_hp_per_floor":[70,70,70,70,70,70,70,70,70,70,70,70,70,70,70,70,70,70,70,70,67,67,67,67,67,67,67,67,67,67,67,67,67,67,67,67],"card_choices":[{"not_picked":["Dodge and Roll","Accuracy"],"picked":"Poisoned Stab","floor":3},{"not_picked":["InfectiousVector","Slice"],"picked":"Footwork","floor":4},{"not_picked":["hubris:SlightOfHand","Replay:Poison Smokescreen","Defy Death"],"picked":"A Thousand Cuts","floor":32}],"player_experience":30583,"relics_obtained":[{"floor":9,"key":"StuffTheSpire:Barrel"},{"floor":11,"key":"Juzu Bracelet"},{"floor":26,"key":"Ancient Tea Set"},{"floor":28,"key":"hubris:DisguiseKit"},{"floor":32,"key":"halation:BottledLove"}],"event_choices":[{"damage_healed":0,"gold_gain":75,"player_choice":"Gather Gold","damage_taken":11,"max_hp_gain":0,"max_hp_loss":0,"event_name":"World of Goop","floor":5,"gold_loss":0},{"damage_healed":17,"gold_gain":0,"player_choice":"Healed and dodged fight","damage_taken":0,"max_hp_gain":0,"max_hp_loss":0,"event_name":"Mushrooms","floor":13,"gold_loss":0,"cards_obtained":["Parasite"]}],"is_beta":false,"boss_relics":[{"not_picked":["StuffTheSpire:Kangaroo","energizedSpire:CursedPentagram"],"picked":"Coffee Dripper"}],"items_purged_floors":[21],"is_endless":false,"potions_floor_spawned":[9,12,15,18,20,22,23,33],"killed_by":"Pondfish","ascension_level":1}}