{"host":"j4g6ia6asvpyu2b0","time":1609957141,"event":{"mods":["BaseMod","Colored Map","Minty Spire (QoL Compilation)","Permanent Neow","Quick Restart","Relic Stats","StSLib","Unceasing Turn Reminder"],"gold_per_floor":[111,131,141,141,152,177,177,80,80,110,60,73,101,119,119,223,223,238,238,238,256,170,170,204,119,142,142,142],"floor_reached":27,"playtime":804,"items_purged":["Shame"],"score":361,"play_id":"1d3c2365-c664-4556-9f76-6de3df6a35d1","local_time":"20210106111901","is_ascension_mode":true,"campfire_choices":[{"floor":7,"key":"REST"},{"floor":15,"key":"RECALL"},{"data":"Scrawl","floor":23,"key":"SMITH"}],"circlet_count":0,"master_deck":["Eruption","Vigilance","Apotheosis+1","CarveReality","MentalFortress","FlurryOfBlows","Vengeance+1","Collect","Evaluate","Scrawl+1","Sanctity","WheelKick","TalkToTheHand","Vault","FlurryOfBlows","Swivel","ThirdEye","ThirdEye+1","TalkToTheHand","Perseverance","BowlingBash","FlurryOfBlows+1","ClearTheMind","Tantrum","Tantrum"],"relics":["PureWater","Bottled Tornado","Letter Opener","Juzu Bracelet","Akabeko","Pandora\u0027s Box","War Paint","Smiling Mask","Art of War","Toy Ornithopter"],"acts_visited":["Exordium","TheCity"],"potions_floor_usage":[6,6,27],"damage_taken":[{"damage":7,"enemies":"Jaw Worm","floor":1,"turns":5},{"damage":0,"enemies":"Cultist","floor":2,"turns":2},{"damage":0,"enemies":"Small Slimes","floor":3,"turns":2},{"damage":12,"enemies":"Exordium Thugs","floor":5,"turns":5},{"damage":10,"enemies":"3 Sentries","floor":6,"turns":4},{"damage":0,"enemies":"Gremlin Nob","floor":10,"turns":2},{"damage":6,"enemies":"Looter","floor":12,"turns":2},{"damage":0,"enemies":"Lagavulin","floor":13,"turns":6},{"damage":2,"enemies":"Gremlin Gang","floor":14,"turns":2},{"damage":15,"enemies":"Hexaghost","floor":16,"turns":7},{"damage":7,"enemies":"Shell Parasite","floor":18,"turns":7},{"damage":2,"enemies":"Chosen","floor":21,"turns":3},{"damage":1,"enemies":"Book of Stabbing","floor":24,"turns":3},{"damage":0,"enemies":"Shelled Parasite and Fungi","floor":27,"turns":1}],"seed_played":"6979500232606247364","potions_obtained":[{"floor":1,"key":"AttackPotion"},{"floor":5,"key":"Block Potion"},{"floor":10,"key":"SkillPotion"},{"floor":14,"key":"FairyPotion"},{"floor":18,"key":"Strength Potion"}],"is_trial":false,"path_per_floor":["M","M","M","?","M","E","R","$","T","E","?","M","E","M","R","B",null,"M","?","?","M","$","R","E","?","T","M"],"character_chosen":"WATCHER","items_purchased":["Evaluate","Tantrum","PowerPotion"],"campfire_rested":1,"item_purchase_floors":[8,22,22],"current_hp_per_floor":[65,65,65,65,53,43,64,64,64,64,64,58,58,56,56,41,72,65,65,65,63,63,63,62,62,62,62,62],"gold":142,"neow_bonus":"RANDOM_COLORLESS_2","is_daily":false,"chose_seed":false,"campfire_upgraded":1,"win_rate":0.0,"timestamp":1609957141,"path_taken":["M","M","M","?","M","E","R","$","T","E","?","M","E","M","R","BOSS","M","?","?","M","$","R","E","?","T","M"],"items_purchased_type":["Card","Card","Potion"],"build_version":"2020-12-22","purchased_purges":1,"victory":false,"max_hp_per_floor":[72,72,72,72,72,72,72,72,72,72,72,72,72,72,72,72,72,72,72,72,72,72,72,72,72,72,72,72],"relic_stats":{"counters":[14,51],"Pandora\u0027s Box":["FlurryOfBlows","Swivel","ThirdEye","ThirdEye","TalkToTheHand","Perseverance","BowlingBash"],"Juzu Bracelet":2,"Art of War":[0],"Letter Opener":[21],"War Paint":["ThirdEye","Vengeance"],"Smiling Mask":0,"obtain_stats":[{"Pandora\u0027s Box":17,"Juzu Bracelet":10,"Art of War":25,"Letter Opener":9,"PureWater":0,"Bottled Tornado":6,"War Paint":19,"Smiling Mask":24,"Akabeko":13,"Toy Ornithopter":26},{"Pandora\u0027s Box":10,"Juzu Bracelet":6,"Art of War":13,"Letter Opener":5,"PureWater":0,"Bottled Tornado":5,"War Paint":11,"Smiling Mask":13,"Akabeko":8,"Toy Ornithopter":13},{"Pandora\u0027s Box":37,"Juzu Bracelet":20,"Art of War":50,"Letter Opener":18,"PureWater":0,"Bottled Tornado":18,"War Paint":44,"Smiling Mask":50,"Akabeko":28,"Toy Ornithopter":50}],"Toy Ornithopter":0},"card_choices":[{"not_picked":["Secret Technique","Secret Weapon"],"picked":"Apotheosis","floor":0},{"not_picked":["SashWhip","Collect"],"picked":"CarveReality","floor":1},{"not_picked":["SandsOfTime","BowlingBash"],"picked":"MentalFortress","floor":2},{"not_picked":["Prostrate","WaveOfTheHand"],"picked":"FlurryOfBlows","floor":3},{"not_picked":["SashWhip","EmptyFist"],"picked":"Vengeance","floor":5},{"not_picked":["EmptyFist","Conclude"],"picked":"Collect","floor":6},{"not_picked":["FlyingSleeves","Wallop"],"picked":"Scrawl","floor":10},{"not_picked":["Collect","Crescendo"],"picked":"Sanctity","floor":12},{"not_picked":["Evaluate","EmptyFist"],"picked":"WheelKick","floor":13},{"not_picked":["FlurryOfBlows","FlyingSleeves"],"picked":"TalkToTheHand","floor":14},{"not_picked":["ConjureBlade","LessonLearned"],"picked":"Vault","floor":16},{"not_picked":["Sanctity","EmptyBody+1"],"picked":"FlurryOfBlows+1","floor":18},{"not_picked":["Weave","PathToVictory"],"picked":"ClearTheMind","floor":21},{"not_picked":["FollowUp","EmptyMind"],"picked":"Tantrum","floor":24}],"player_experience":736748,"relics_obtained":[{"floor":6,"key":"Bottled Tornado"},{"floor":9,"key":"Letter Opener"},{"floor":10,"key":"Juzu Bracelet"},{"floor":13,"key":"Akabeko"},{"floor":24,"key":"Smiling Mask"},{"floor":26,"key":"Toy Ornithopter"}],"event_choices":[{"damage_healed":0,"gold_gain":0,"player_choice":"Forge","damage_taken":0,"max_hp_gain":0,"max_hp_loss":0,"event_name":"Accursed Blacksmith","floor":4,"gold_loss":0,"cards_upgraded":["Apotheosis"]},{"cards_removed":["Strike_P"],"damage_healed":0,"gold_gain":0,"player_choice":"Card Removal","damage_taken":0,"max_hp_gain":0,"max_hp_loss":0,"event_name":"The Cleric","floor":11,"gold_loss":50},{"damage_healed":0,"gold_gain":0,"player_choice":"Gave Potion","damage_taken":0,"relics_obtained":["War Paint"],"max_hp_gain":0,"max_hp_loss":0,"event_name":"WeMeetAgain","floor":19,"gold_loss":0},{"damage_healed":0,"gold_gain":0,"player_choice":"Ignored","damage_taken":0,"max_hp_gain":0,"max_hp_loss":0,"event_name":"Ghosts","floor":20,"gold_loss":0},{"damage_healed":0,"gold_gain":0,"player_choice":"Obtained Relic","damage_taken":0,"relics_obtained":["Art of War"],"max_hp_gain":0,"max_hp_loss":0,"event_name":"Addict","floor":25,"gold_loss":85}],"is_beta":false,"boss_relics":[{"not_picked":["SacredBark","SlaversCollar"],"picked":"Pandora\u0027s Box"}],"items_purged_floors":[8],"is_endless":false,"potions_floor_spawned":[1,5,10,14,18],"killed_by":"Shelled Parasite and Fungi","ascension_level":4}}