{"host":"1hzg86ju9fvxh562","time":1609960135,"event":{"mods":["AchievementEnabler","Act Like it!","AlwaysNeverKeys","BaseMod","Bestiary","Better Altar","Better Match","Better Note","Better Sensory Stone","Better Skull","Better Third Choice","Colored Map","Colored Powertips","Curses Come First","Displayed Cursed Tome","Filter the Spire","Highlight Path","Keyboard Shortcuts","Minty Spire (QoL Compilation)","Rare Cards Sparkle","Relic Sorter","Relic Stats","Spicy Shops","StSLib","everything is the same but u backflip on backflip","slay the spire mod where everything is the same but ironclad has a cowboy hat"],"gold_per_floor":[169,211,211,71,71,71,71,71,151,198,198,198],"floor_reached":11,"playtime":274,"items_purged":[],"score":61,"play_id":"d4eb37ff-fb1f-4edb-a12e-b241fbe2efe5","local_time":"20210106170855","is_ascension_mode":false,"campfire_choices":[{"data":"Omniscience","floor":6,"key":"SMITH"},{"data":"Wish","floor":8,"key":"SMITH"}],"circlet_count":0,"master_deck":["Eruption","Vigilance","Vault","Wish+1","ConjureBlade+1","Omniscience+1","Indignation+1","Sanctity","BattleHymn","WreathOfFlame","FearNoEvil"],"relics":["Pandora\u0027s Box"],"acts_visited":["Exordium"],"potions_floor_usage":[4],"damage_taken":[{"damage":16,"enemies":"2 Louse","floor":1,"turns":4},{"damage":0,"enemies":"Small Slimes","floor":2,"turns":3},{"damage":6,"enemies":"Cultist","floor":10,"turns":3},{"damage":0,"enemies":"Gremlin Nob","floor":11,"turns":2}],"seed_played":"-479287272410510150","potions_obtained":[{"floor":1,"key":"CultistPotion"},{"floor":2,"key":"Ancient Potion"}],"is_trial":false,"path_per_floor":["M","M","?","$","?","R","$","R","T","M","E"],"character_chosen":"WATCHER","items_purchased":["FearNoEvil","Fruit Juice"],"campfire_rested":0,"item_purchase_floors":[4,4],"current_hp_per_floor":[56,56,56,61,46,46,46,46,46,40,40,40],"gold":198,"neow_bonus":"BOSS_RELIC","is_daily":false,"chose_seed":false,"campfire_upgraded":2,"win_rate":0.0,"timestamp":1609960135,"path_taken":["M","M","?","$","?","R","$","R","T","M","E"],"items_purchased_type":["Card","Potion"],"build_version":"2020-12-22","purchased_purges":0,"victory":false,"max_hp_per_floor":[72,72,72,77,77,77,77,77,77,77,77,77],"relic_stats":{"counters":[4,12],"Pandora\u0027s Box":["Vault","Wish","ConjureBlade","Omniscience","Indignation","Sanctity","BattleHymn","WreathOfFlame"],"obtain_stats":[{"Pandora\u0027s Box":0,"PureWater":0},{"Pandora\u0027s Box":0,"PureWater":0},{"Pandora\u0027s Box":0,"PureWater":0}]},"card_choices":[{"not_picked":["WaveOfTheHand","CutThroughFate","Evaluate"],"picked":"SKIP","floor":1},{"not_picked":["EmptyBody","PathToVictory","ClearTheMind"],"picked":"SKIP","floor":2},{"not_picked":["ClearTheMind","SashWhip","FlurryOfBlows"],"picked":"SKIP","floor":10}],"player_experience":438346,"relics_obtained":[],"event_choices":[{"damage_healed":0,"gold_gain":0,"player_choice":"LEAVE","damage_taken":0,"max_hp_gain":0,"max_hp_loss":0,"event_name":"betterThird:BetterScrap","floor":3,"gold_loss":0,"cards_obtained":["Meteor Strike"]},{"damage_healed":61,"gold_gain":0,"player_choice":"Upgrade","damage_taken":15,"max_hp_gain":0,"max_hp_loss":77,"event_name":"betterThird:BetterShining","floor":5,"gold_loss":0,"cards_upgraded":["ConjureBlade","Indignation"]}],"is_beta":false,"boss_relics":[],"items_purged_floors":[],"is_endless":false,"potions_floor_spawned":[1,2],"killed_by":"Gremlin Nob","ascension_level":0}}