{"host":"j0vzbnzm6n2ctevn","time":1609932728,"event":{"mods":["AchievementEnabler","BaseMod","Better Note","Dota2Spire","Minty Spire (QoL Compilation)","Quick Restart","Shop Mod","Spicy Shops","StSLib"],"gold_per_floor":[134,174,18,18,18,18,49,49,100,100,100,136,10,84,84,186,186,196,15,15,60,60,86,12,12,12,56,67,67,67,167,167,167,167],"floor_reached":33,"playtime":1008,"items_purged":["Strike_B"],"score":251,"play_id":"5883427d-1f37-41c9-93e3-241ad303b21a","local_time":"20210106193208","is_ascension_mode":false,"campfire_choices":[{"floor":6.0,"key":"REST"},{"data":"HandOfGreed","floor":8.0,"key":"SMITH"},{"floor":10.0,"key":"RECALL"},{"floor":15.0,"key":"REST"},{"data":"Defragment","floor":29,"key":"SMITH"},{"floor":32,"key":"REST"}],"circlet_count":0,"master_deck":["Defend_B","Defend_B","Defend_B","Defend_B","Zap","Dualcast+1","HandOfGreed+1","Melter+1","FTL","Skim","Loop","Hyperbeam","Loop+1","Ball Lightning+1","Multi-Cast+1","Storm+1","Static Discharge","Undo+1","Self Repair","BootSequence+1","Defragment+1"],"relics":["Cracked Core","Runic Capacitor","Bronze Scales","Bag of Preparation","Odd Mushroom","Astrolabe","Nunchaku","Meat on the Bone","Toxic Egg 2"],"acts_visited":["Exordium","TheCity"],"potions_floor_usage":[23,23,27,33],"damage_taken":[{"damage":0.0,"enemies":"Cultist","floor":1.0,"turns":3.0},{"damage":3.0,"enemies":"Jaw Worm","floor":2.0,"turns":3.0},{"damage":7.0,"enemies":"Small Slimes","floor":7.0,"turns":2.0},{"damage":4.0,"enemies":"2 Fungi Beasts","floor":12.0,"turns":2.0},{"damage":8.0,"enemies":"The Mushroom Lair","floor":14.0,"turns":3.0},{"damage":43.0,"enemies":"The Guardian","floor":16.0,"turns":8.0},{"damage":8.0,"enemies":"3 Byrds","floor":18.0,"turns":2.0},{"damage":10,"enemies":"Chosen","floor":21,"turns":3},{"damage":31,"enemies":"Gremlin Leader","floor":23,"turns":5},{"damage":14,"enemies":"Centurion and Healer","floor":27,"turns":4},{"damage":18,"enemies":"Snake Plant","floor":28,"turns":3},{"damage":89,"enemies":"Collector","floor":33,"turns":7}],"seed_played":"3888901933025428463","potions_obtained":[{"floor":14.0,"key":"ColorlessPotion"},{"floor":16.0,"key":"EntropicBrew"},{"floor":18.0,"key":"Dota2Spire:Clarity"},{"floor":28,"key":"Dota2Spire:HealingSalve"}],"is_trial":false,"path_per_floor":["M","M","$","?","$","R","M","R","T","R","?","M","$","?","R","B",null,"M","$","?","M","?","E","$","T","T","M","M","R","?","?","R","B"],"character_chosen":"DEFECT","items_purchased":["Runic Capacitor","Dota2Spire:HealingSalve","Static Discharge","Nunchaku","Self Repair"],"campfire_rested":3,"item_purchase_floors":[3,13,19,19,24],"current_hp_per_floor":[54,51,51,36,36,58,51,51,51,51,48,44,44,36,58,27,75,67,67,67,57,57,26,26,26,26,38,46,46,46,46,68,0,0],"gold":167,"neow_bonus":"RANDOM_COLORLESS_2","is_daily":false,"chose_seed":false,"campfire_upgraded":2,"win_rate":0.0,"timestamp":1609932728,"path_taken":["M","?","$","?","?","R","M","R","T","R","?","M","$","?","R","BOSS","M","$","?","?","?","E","?","?","T","?","?","R","?","?","R","BOSS"],"items_purchased_type":["Relic","Potion","Card","Relic","Card"],"build_version":"2020-12-22","purchased_purges":1,"victory":false,"max_hp_per_floor":[75,75,75,75,75,75,75,75,75,75,75,75,75,75,75,75,75,75,75,75,75,75,75,75,75,75,75,75,75,75,75,75,75,75],"card_choices":[{"not_picked":["Secret Technique","Thinking Ahead"],"picked":"HandOfGreed","floor":0.0},{"not_picked":["Coolheaded","Compile Driver"],"picked":"Melter","floor":1.0},{"not_picked":["Go for the Eyes","Steam"],"picked":"FTL","floor":2.0},{"not_picked":["Chaos","Leap"],"picked":"Skim","floor":7.0},{"not_picked":["Cold Snap","Rebound","Stack"],"picked":"SKIP","floor":12.0},{"not_picked":["Leap","Conserve Battery"],"picked":"Loop","floor":14.0},{"not_picked":["Echo Form","Amplify"],"picked":"Hyperbeam","floor":16.0},{"not_picked":["Gash","Stack"],"picked":"Storm","floor":18.0},{"not_picked":["Reprogram","Steam Power+1","Steam"],"picked":"SKIP","floor":21},{"not_picked":["Core Surge","Streamline+1"],"picked":"Undo+1","floor":23},{"not_picked":["Go for the Eyes","Stack+1"],"picked":"BootSequence+1","floor":27},{"not_picked":["Self Repair","Cold Snap"],"picked":"Defragment","floor":28}],"player_experience":143339,"relics_obtained":[{"floor":9.0,"key":"Bronze Scales"},{"floor":14.0,"key":"Odd Mushroom"},{"floor":23,"key":"Meat on the Bone"},{"floor":26,"key":"Toxic Egg 2"}],"event_choices":[{"damage_healed":0.0,"max_hp_gain":0.0,"max_hp_loss":0.0,"gold_gain":0.0,"event_name":"Shining Light","player_choice":"Entered Light","floor":4.0,"gold_loss":0.0,"damage_taken":15.0,"cards_upgraded":["Melter","Dualcast"]},{"damage_healed":0.0,"max_hp_gain":0.0,"max_hp_loss":0.0,"gold_gain":0.0,"event_name":"Scrap Ooze","player_choice":"Success","floor":11.0,"gold_loss":0.0,"damage_taken":3.0,"relics_obtained":["Bag of Preparation"]},{"damage_healed":0.0,"max_hp_gain":0.0,"max_hp_loss":0.0,"gold_gain":0.0,"event_name":"Mushrooms","player_choice":"Fought Mushrooms","floor":14.0,"gold_loss":0.0,"damage_taken":0.0},{"damage_healed":0.0,"max_hp_gain":0.0,"max_hp_loss":0.0,"gold_gain":0.0,"event_name":"betterNote:BetterNote","player_choice":"Ignored","floor":20.0,"gold_loss":0.0,"damage_taken":0.0,"cards_obtained":["Searing Blow"]},{"damage_healed":0,"gold_gain":0,"player_choice":"Forge","damage_taken":0,"max_hp_gain":0,"max_hp_loss":0,"event_name":"Accursed Blacksmith","floor":22,"gold_loss":0,"cards_upgraded":["Storm"]},{"damage_healed":0,"gold_gain":0,"player_choice":"Ignored","damage_taken":0,"max_hp_gain":0,"max_hp_loss":0,"event_name":"Ghosts","floor":30,"gold_loss":0},{"damage_healed":0,"gold_gain":100,"player_choice":"Pray","damage_taken":0,"max_hp_gain":0,"max_hp_loss":0,"event_name":"Golden Shrine","floor":31,"gold_loss":0}],"is_beta":false,"boss_relics":[{"not_picked":["Cursed Key","Ectoplasm"],"picked":"Astrolabe"}],"items_purged_floors":[13],"is_endless":false,"potions_floor_spawned":[14,16,18,28],"killed_by":"Collector","ascension_level":0}}