{"host":"sav7uxregyirlf69","time":1609942956,"event":{"mods":["AchievementEnabler","BaseMod","Colored Map","DeckTracker","Keyboard Shortcuts","Minty Spire (QoL Compilation)","READ ME - Guardian Mod","StSLib","SuperFastMode"],"gold_per_floor":[117,117,117,192,213,256,256,20,46,46,46,46,89,39,39,134,134,152,332,345,345,345],"floor_reached":21,"playtime":312,"items_purged":["Strike_B"],"score":416,"play_id":"df2f4abe-f143-4fe2-84ef-53fb6de9ff5a","local_time":"20210106232236","is_ascension_mode":true,"campfire_choices":[{"data":"Streamline","floor":7,"key":"SMITH"},{"data":"Defragment","floor":10,"key":"SMITH"},{"data":"Coolheaded","floor":15,"key":"SMITH"}],"circlet_count":0,"master_deck":["AscendersBane","Strike_B+1","Strike_B","Strike_B","Defend_B+1","Defend_B","Defend_B","Zap","Dualcast","Ball Lightning","Streamline+1","Defragment+1","Self Repair","Conserve Battery","FTL","Stack","Beam Cell","Coolheaded+1","Turbo","BootSequence"],"relics":["Cracked Core","NeowsBlessing","Golden Idol","Bag of Marbles","Orrery","Anchor","Eternal Feather","Sozu"],"acts_visited":["Exordium","TheCity"],"potions_floor_usage":[16],"damage_taken":[{"damage":0,"enemies":"Cultist","floor":1,"turns":1},{"damage":0,"enemies":"Small Slimes","floor":5,"turns":1},{"damage":0,"enemies":"3 Sentries","floor":6,"turns":1},{"damage":8,"enemies":"Gremlin Nob","floor":13,"turns":3},{"damage":24,"enemies":"Hexaghost","floor":16,"turns":10},{"damage":5,"enemies":"Chosen","floor":18,"turns":4},{"damage":2,"enemies":"Spheric Guardian","floor":20,"turns":6},{"damage":40,"enemies":"Snecko","floor":21,"turns":6}],"seed_played":"-2936927245466792660","potions_obtained":[{"floor":5,"key":"Swift Potion"}],"is_trial":false,"path_per_floor":["M","?","?","?","M","E","R","$","T","R","?","?","E","$","R","B",null,"M","?","M","M"],"character_chosen":"DEFECT","items_purchased":["Orrery","Coolheaded"],"campfire_rested":0,"item_purchase_floors":[8,14],"current_hp_per_floor":[64,64,45,34,34,34,34,34,34,34,27,27,19,19,28,11,51,53,34,39,0,0],"gold":345,"neow_bonus":"THREE_ENEMY_KILL","is_daily":false,"chose_seed":false,"campfire_upgraded":3,"win_rate":0.0,"timestamp":1609942956,"path_taken":["M","?","?","?","M","E","R","$","T","R","?","?","E","?","R","BOSS","M","?","?","M"],"items_purchased_type":["Relic","Card"],"build_version":"2020-12-22","purchased_purges":1,"victory":false,"max_hp_per_floor":[71,64,64,64,64,64,64,64,64,64,64,64,64,64,64,64,64,64,64,64,64,64],"card_choices":[{"not_picked":["Leap","BootSequence"],"picked":"Ball Lightning","floor":1},{"not_picked":["Steam Power","Conserve Battery"],"picked":"Streamline","floor":5},{"not_picked":["Storm","Hello World","Redo"],"picked":"SKIP","floor":6},{"not_picked":["Force Field","Sunder"],"picked":"Defragment","floor":8},{"not_picked":["Doom and Gloom","Genetic Algorithm"],"picked":"Self Repair","floor":8},{"not_picked":["Redo","Stack"],"picked":"Conserve Battery","floor":8},{"not_picked":["Chaos","Sunder"],"picked":"FTL","floor":8},{"not_picked":["Loop","Hologram"],"picked":"Stack","floor":8},{"not_picked":["Streamline","Rebound"],"picked":"Beam Cell","floor":13},{"not_picked":["Stack","Sweeping Beam"],"picked":"Turbo","floor":18},{"not_picked":["Conserve Battery+1","Rebound"],"picked":"BootSequence","floor":20}],"player_experience":1162772,"relics_obtained":[{"floor":6,"key":"Bag of Marbles"},{"floor":9,"key":"Anchor"},{"floor":13,"key":"Eternal Feather"}],"event_choices":[{"damage_healed":0,"gold_gain":0,"player_choice":"Lose Max HP","damage_taken":0,"relics_obtained":["Golden Idol"],"max_hp_gain":0,"max_hp_loss":7,"event_name":"Golden Idol","floor":2,"gold_loss":0},{"damage_healed":0,"gold_gain":0,"player_choice":"Entered Light","damage_taken":19,"max_hp_gain":0,"max_hp_loss":0,"event_name":"Shining Light","floor":3,"gold_loss":0,"cards_upgraded":["Defend_B","Strike_B"]},{"damage_healed":0,"gold_gain":75,"player_choice":"Gather Gold","damage_taken":11,"max_hp_gain":0,"max_hp_loss":0,"event_name":"World of Goop","floor":4,"gold_loss":0},{"cards_removed":["Defend_B"],"damage_healed":0,"gold_gain":0,"player_choice":"Card Removal","damage_taken":7,"max_hp_gain":0,"max_hp_loss":0,"event_name":"Golden Wing","floor":11,"gold_loss":0},{"damage_healed":0,"gold_gain":0,"player_choice":"Ignored","damage_taken":0,"max_hp_gain":0,"max_hp_loss":0,"event_name":"Liars Game","floor":12,"gold_loss":0},{"damage_healed":0,"gold_gain":180,"player_choice":"GOLD GOLD ","damage_taken":19,"max_hp_gain":0,"max_hp_loss":0,"event_name":"Knowing Skull","floor":19,"potions_obtained":[],"gold_loss":0,"cards_obtained":[]}],"is_beta":false,"boss_relics":[{"not_picked":["Ectoplasm","Nuclear Battery"],"picked":"Sozu"}],"items_purged_floors":[8],"is_endless":false,"potions_floor_spawned":[5,18],"killed_by":"Snecko","ascension_level":20}}