{"host":"kev6uqotw4tlyx8l","time":1609939394,"event":{"mods":["Act Like it!","Aspiration","BaseMod","Colored Powertips","Dota2Spire","Downfall","Hallownest","Infinite Spire","Marisa????????","Minty Spire (QoL Compilation)","Quick Restart","Remilia??????","Replay The Spire","StSLib","The Cursed","The Jungle","The Marked","The Mystic","The Servant 0.9.4"],"gold_per_floor":[110,121,140,60,60,60,60,80,153,183,183,183,183,183,148,168,168,263,313,323,334,334,259,269,282,314,314,314,314,331,331,364,364,364,468,468,483,34,34,34],"floor_reached":39,"playtime":1143,"items_purged":["Regret"],"score":554,"play_id":"1d06ab66-b8f3-4da9-ab38-6ec67b8d3cf2","local_time":"20210106202314","is_ascension_mode":true,"campfire_choices":[{"data":"Blood for Blood","floor":7.0,"key":"SMITH"},{"data":"ReplayTheSpireMod:LeadingStrike","floor":14.0,"key":"SMITH"},{"data":"Hemogenesis","floor":17.0,"key":"SMITH"},{"data":"infinitespire:Starlight","floor":27,"key":"SMITH"},{"floor":31,"key":"REST"},{"data":"Armaments","floor":34,"key":"SMITH"}],"circlet_count":0,"master_deck":["Defend_R","Defend_R","Defend_R","Defend_R","Bash","ReplayTheSpireMod:LeadingStrike+1","Shrug It Off","Run Through","Blood for Blood+1","Hemogenesis+1","Flex+1","Burning Pact","Immolate","Run Through","Armaments+1","infinitespire:Starlight+1","Thunderclap+1","Iron Wave","Headbutt","Anger+1","Hemokinesis+1","Bite","Bite","Bite","Bite","Bite","Reaper","ReplayTheSpireMod:Stacked+1"],"relics":["Burning Blood","Dota2Spire:EyeOfSkadi","Spirit Poop","Iron Hammer","Dota2Spire:UrnOfShadows","FossilizedHelix","Tiny House","Dota2Spire:ShivaGuard","InkBottle","Nloth\u0027s Gift","Gambling Chip","aspiration:WatcherSkillbook","ReplayTheSpireMod:TigerMarble","Sling","Replay:Mystery Machine"],"acts_visited":["Exordium","TheCity","TheBeyond"],"potions_floor_usage":[32,32,35,37],"damage_taken":[{"damage":10.0,"enemies":"Cultist","floor":1.0,"turns":4.0},{"damage":6.0,"enemies":"2 Louse","floor":2.0,"turns":3.0},{"damage":3.0,"enemies":"Jaw Worm","floor":3.0,"turns":3.0},{"damage":10.0,"enemies":"3 Louse","floor":8.0,"turns":2.0},{"damage":23.0,"enemies":"Lagavulin","floor":10.0,"turns":4.0},{"damage":0.0,"enemies":"Exordium Wildlife","floor":16.0,"turns":3.0},{"damage":65.0,"enemies":"Slime Boss","floor":18.0,"turns":13.0},{"damage":28.0,"enemies":"Shell Parasite","floor":20.0,"turns":5.0},{"damage":12.0,"enemies":"Chosen","floor":21.0,"turns":4.0},{"damage":22.0,"enemies":"Snake Plant","floor":24.0,"turns":5.0},{"damage":45.0,"enemies":"3 Cultists","floor":25.0,"turns":6.0},{"damage":0,"enemies":"Gremlin Leader","floor":26,"turns":4},{"damage":15,"enemies":"Snecko","floor":30,"turns":5},{"damage":26,"enemies":"Slavers","floor":32,"turns":3},{"damage":66,"enemies":"Collector","floor":35,"turns":7},{"damage":12,"enemies":"3 Shapes","floor":37,"turns":1},{"damage":66,"enemies":"Orin","floor":39,"turns":6}],"seed_played":"5856989682818477803","potions_obtained":[{"floor":1.0,"key":"AttackPotion"},{"floor":3.0,"key":"Fire Potion"},{"floor":10.0,"key":"Block Potion"},{"floor":19.0,"key":"JungleJuicePotion"},{"floor":24.0,"key":"ColorlessPotion"},{"floor":26,"key":"Dexterity Potion"},{"floor":30,"key":"Dota2Spire:HealingSalve"},{"floor":35,"key":"Toxic Potion"}],"is_trial":false,"path_per_floor":["M","M","M","$","?","$","R","M","T","E","?","PTL","PTL","R","?","M","R","B",null,"M","M","AVR","?","M","M","E","R","T","?","M","R","E","?","R","B",null,"M","$","?"],"character_chosen":"IRONCLAD","items_purchased":["Blood for Blood","ReplayTheSpireMod:TigerMarble","Sling","Replay:Mystery Machine"],"campfire_rested":1,"item_purchase_floors":[4,38,38,38],"current_hp_per_floor":[81,81,84,84,84,84,84,80,80,68,68,68,68,68,85,85,85,34,90,76,81,81,81,83,67,79,79,79,79,70,90,73,62,62,14,62,56,56,0,0],"gold":34,"neow_bonus":"ONE_RARE_RELIC","is_daily":false,"chose_seed":false,"campfire_upgraded":5,"win_rate":0.0,"timestamp":1609939394,"path_taken":["M","M","?","$","?","?","R","?","T","E","?","PTL","PTL","R","?","M","R","BOSS","M","M","AVR","?","M","M","E","R","T","?","?","R","E","?","R","BOSS","M","$","?"],"items_purchased_type":["Card","Relic","Relic","Relic"],"build_version":"2020-12-22","purchased_purges":1,"victory":false,"max_hp_per_floor":[85,85,85,85,85,85,85,85,85,85,85,85,85,85,85,85,85,85,90,90,90,90,90,90,90,90,90,90,90,90,90,90,62,62,62,62,62,62,62,62],"card_choices":[{"not_picked":["ReplayTheSpireMod:Strike From Hell","Infernal Blade"],"picked":"ReplayTheSpireMod:LeadingStrike","floor":1.0},{"not_picked":["True Grit","Havoc"],"picked":"Shrug It Off","floor":2.0},{"not_picked":["Shrug It Off","Clash"],"picked":"Run Through","floor":3.0},{"not_picked":["Clothesline","Clash"],"picked":"Hemogenesis","floor":8.0},{"not_picked":["Wild Strike","Body Slam"],"picked":"Flex","floor":10.0},{"not_picked":["Bloodletting","Rage"],"picked":"Burning Pact","floor":16.0},{"not_picked":["Fiend Fire","Berserk"],"picked":"Immolate","floor":18.0},{"not_picked":["Shockwave","Massacre"],"picked":"Run Through","floor":19.0},{"not_picked":["Clash+1","Dual Wield"],"picked":"Armaments","floor":20.0},{"not_picked":["Shockwave","Heavy Blade","Clothesline+1"],"picked":"SKIP","floor":21.0},{"not_picked":["Warcry","Cleave"],"picked":"Thunderclap+1","floor":24.0},{"not_picked":["ReplayTheSpireMod:Strike From Hell","Juggernaut"],"picked":"Iron Wave","floor":25},{"not_picked":["Bloodletting","Havoc+1"],"picked":"Headbutt","floor":26},{"not_picked":["Rupture","Body Slam"],"picked":"Anger+1","floor":30},{"not_picked":["Anger+1","Double Tap"],"picked":"Hemokinesis+1","floor":32},{"not_picked":["Corruption","Demonic Infusion"],"picked":"Reaper","floor":35},{"not_picked":["Replay:Undeath\u0027s Touch","PathToVictory+1","Brilliance"],"picked":"ReplayTheSpireMod:Stacked+1","floor":37}],"player_experience":96032,"relics_obtained":[{"floor":9.0,"key":"Iron Hammer"},{"floor":10.0,"key":"Dota2Spire:UrnOfShadows"},{"floor":26,"key":"Potion Belt"},{"floor":28,"key":"InkBottle"},{"floor":32,"key":"Gambling Chip"}],"event_choices":[{"cards_removed":["ReplayTheSpireMod:Splinters"],"damage_healed":0.0,"max_hp_gain":0.0,"max_hp_loss":0.0,"gold_gain":0.0,"event_name":"Bonfire Elementals","player_choice":"Offered Curse","floor":5.0,"gold_loss":0.0,"damage_taken":0.0,"relics_obtained":["Spirit Poop"]},{"damage_healed":0.0,"max_hp_gain":0.0,"max_hp_loss":0.0,"gold_gain":0.0,"event_name":"Big Fish","player_choice":"Box","floor":11.0,"gold_loss":0.0,"damage_taken":0.0,"relics_obtained":["FossilizedHelix"],"cards_obtained":["Regret"]},{"damage_healed":21.0,"max_hp_gain":0.0,"max_hp_loss":0.0,"gold_gain":0.0,"event_name":"The Cleric","player_choice":"Healed","floor":15.0,"gold_loss":35.0,"damage_taken":0.0},{"cards_removed":["Strike_R"],"damage_healed":0.0,"max_hp_gain":0.0,"max_hp_loss":0.0,"gold_gain":0.0,"event_name":"Beggar","player_choice":"Gave Gold","floor":23.0,"gold_loss":75.0,"damage_taken":0.0},{"damage_healed":0,"gold_gain":0,"player_choice":"Traded Relic","damage_taken":0,"relics_obtained":["Nloth\u0027s Gift"],"max_hp_gain":0,"max_hp_loss":0,"event_name":"N\u0027loth","floor":29,"relics_lost":["Potion Belt"],"gold_loss":0},{"damage_healed":0,"gold_gain":0,"player_choice":"Became a vampire","damage_taken":0,"max_hp_gain":0,"max_hp_loss":28,"event_name":"Vampires","floor":33,"gold_loss":0,"cards_obtained":["Bite","Bite","Bite","Bite","Bite"]},{"damage_healed":0,"gold_gain":0,"player_choice":"Fight","damage_taken":0,"max_hp_gain":0,"max_hp_loss":0,"event_name":"OrinTheCat","floor":39,"gold_loss":0}],"is_beta":false,"boss_relics":[{"not_picked":["ChewingGum","Sozu"],"picked":"Tiny House"},{"not_picked":["SacredBark","aspiration:RitualDagger"],"picked":"aspiration:WatcherSkillbook"}],"items_purged_floors":[22],"is_endless":false,"potions_floor_spawned":[1,3,10,24,26,30,35],"killed_by":"Orin","ascension_level":4}}