{"host":"60fhthqyb911n2zd","time":1609911944,"event":{"mods":["BaseMod","Mimic Mod","Minty Spire (QoL Compilation)","Replay The Spire","Shop Mod","StSLib","The Jungle"],"gold_per_floor":[116,116,133,150,100,100,119,154,154,170,46,46,59,59,59,59,59,163,163,179,179,196,212,230,265,265,277,302,302,302,302,302,318,318,318,318],"floor_reached":35,"playtime":665,"items_purged":["Strike_B"],"score":307,"play_id":"dbae02c9-620e-4f37-be41-06ff315e0e74","local_time":"20210106134544","is_ascension_mode":true,"campfire_choices":[{"data":"Zap","floor":6,"key":"SMITH"},{"floor":12,"key":"REST"},{"data":"Electrodynamics","floor":17,"key":"SMITH"},{"floor":26,"key":"REST"},{"floor":30,"key":"REST"},{"floor":34,"key":"REST"}],"circlet_count":0,"master_deck":["Strike_B+1","Defend_B+2","Defend_B+1","Defend_B+1","Defend_B+2","Zap+1","Dualcast","Defragment","Panic Button","Electrodynamics+1","Self Repair","Ball Lightning","Leap","Defragment","Creative AI","Ball Lightning","Ball Lightning","Cold Snap","Leap+1"],"relics":["Cracked Core","DataDisk","Simple Rune","Velvet Choker","Replay:Accelerometer","Dream Catcher","MutagenicStrength","Nloth\u0027s Gift"],"acts_visited":["Exordium","TheCity"],"potions_floor_usage":[8,8,24,24,25,33],"damage_taken":[{"damage":2.0,"enemies":"Jaw Worm","floor":1.0,"turns":3.0},{"damage":6,"enemies":"Cultist","floor":3,"turns":4},{"damage":0,"enemies":"Small Slimes","floor":4,"turns":2},{"damage":20,"enemies":"2 Fungi Beasts","floor":7,"turns":3},{"damage":14,"enemies":"Gremlin Nob","floor":8,"turns":3},{"damage":6,"enemies":"Large Slime","floor":10,"turns":5},{"damage":0,"enemies":"Lots of Slimes","floor":13,"turns":2},{"damage":28,"enemies":"Slime Boss","floor":18,"turns":6},{"damage":11,"enemies":"2 Thieves","floor":20,"turns":2},{"damage":7,"enemies":"Chosen","floor":22,"turns":4},{"damage":6,"enemies":"Centurion and Healer","floor":23,"turns":2},{"damage":29,"enemies":"Shelled Parasite and Fungi","floor":24,"turns":5},{"damage":27,"enemies":"Book of Stabbing","floor":25,"turns":5},{"damage":22,"enemies":"Cultist and Chosen","floor":27,"turns":4},{"damage":12,"enemies":"Chosen and Byrds","floor":33,"turns":4},{"damage":71,"enemies":"Pondfish","floor":35,"turns":5}],"seed_played":"-1299662043708237118","potions_obtained":[{"floor":3,"key":"Dexterity Potion"},{"floor":7,"key":"DuplicationPotion"},{"floor":13,"key":"Block Potion"},{"floor":18,"key":"PotionOfCapacity"},{"floor":20,"key":"Flashbang"},{"floor":25,"key":"Fire Potion"},{"floor":33,"key":"Weak Potion"}],"is_trial":false,"path_per_floor":["M","?","M","M","?","R","M","E","T","M","$","R","M","PTL","PTL","$","R","B",null,"M","?","M","M","M","E","R","M","T","?","R","?","?","M","R","B"],"character_chosen":"DEFECT","items_purchased":["Leap"],"campfire_rested":4,"item_purchase_floors":[11],"current_hp_per_floor":[73,73,67,67,67,67,47,33,33,34,34,56,56,56,56,56,56,35,75,71,71,71,65,43,23,45,30,30,30,52,52,52,47,69,0,0],"gold":318,"neow_bonus":"RANDOM_COMMON_RELIC","is_daily":false,"chose_seed":false,"campfire_upgraded":2,"win_rate":0.0,"timestamp":1609911944,"path_taken":["M","?","M","M","?","R","M","E","T","M","$","R","M","PTL","PTL","$","R","BOSS","M","?","?","?","M","E","R","M","T","?","R","?","?","M","R","BOSS"],"items_purchased_type":["Card"],"build_version":"2020-12-22","purchased_purges":1,"victory":false,"max_hp_per_floor":[75,75,75,75,75,75,75,75,75,75,75,75,75,75,75,75,75,75,75,75,75,75,75,75,75,75,75,75,75,75,75,75,75,75,75,75],"card_choices":[{"not_picked":["Steam","BasicCrystalCard"],"picked":"Defragment","floor":1.0},{"not_picked":["Gash","Aggregate","Reprogram"],"picked":"SKIP","floor":3},{"not_picked":["Skim","Gash"],"picked":"Panic Button","floor":4},{"not_picked":["Darkness","Static Discharge"],"picked":"Electrodynamics","floor":7},{"not_picked":["Turbo","Aggregate"],"picked":"Self Repair","floor":8},{"not_picked":["BasicCrystalCard","Compile Driver"],"picked":"Ball Lightning","floor":10},{"not_picked":["Genetic Algorithm","Sweeping Beam"],"picked":"Defragment","floor":13},{"not_picked":["Hyperbeam","Echo Form"],"picked":"Creative AI","floor":18},{"not_picked":["Glacier","Hologram","Reprogram+1"],"picked":"SKIP","floor":20},{"not_picked":["Go for the Eyes+1","Panic Button","Defragment+1"],"picked":"SKIP","floor":22},{"not_picked":["Doom and Gloom","BasicCrystalCard","Aggregate+1"],"picked":"SKIP","floor":23},{"not_picked":["Steam","Compile Driver","Panic Button+1"],"picked":"SKIP","floor":24},{"not_picked":["Crystallizer+1","Stack+1"],"picked":"Ball Lightning","floor":25},{"not_picked":["Multi-Cast","Rebound","Go for the Eyes"],"picked":"SKIP","floor":27},{"not_picked":["Beam Cell","Doom and Gloom"],"picked":"Ball Lightning","floor":30},{"not_picked":["Glacier+1","Hyperbeam"],"picked":"Cold Snap","floor":33},{"not_picked":["Coolheaded+1","Darkness"],"picked":"Leap+1","floor":34}],"player_experience":492833,"relics_obtained":[{"floor":8,"key":"Simple Rune"},{"floor":9,"key":"ReplayTheSpireMod:Ninjato"},{"floor":25,"key":"Replay:Accelerometer"},{"floor":28,"key":"Dream Catcher"}],"event_choices":[{"cards_removed":["Strike_B"],"damage_healed":0,"gold_gain":0,"player_choice":"Card Removal","damage_taken":0,"max_hp_gain":0,"max_hp_loss":0,"event_name":"The Cleric","floor":5,"gold_loss":50},{"cards_removed":["Strike_B"],"damage_healed":0,"gold_gain":0,"player_choice":"Purged","damage_taken":0,"max_hp_gain":0,"max_hp_loss":0,"event_name":"Purifier","floor":21,"gold_loss":0},{"damage_healed":0,"gold_gain":0,"player_choice":"Simplicity","damage_taken":0,"max_hp_gain":0,"max_hp_loss":0,"event_name":"Back to Basics","floor":29,"gold_loss":0,"cards_upgraded":["Strike_B","Defend_B","Defend_B","Defend_B","Defend_B"]},{"damage_healed":0,"gold_gain":0,"player_choice":"Inject Mutagens","damage_taken":0,"relics_obtained":["MutagenicStrength"],"max_hp_gain":0,"max_hp_loss":0,"event_name":"Drug Dealer","floor":31,"gold_loss":0},{"damage_healed":0,"gold_gain":0,"player_choice":"Traded Relic","damage_taken":0,"relics_obtained":["Nloth\u0027s Gift"],"max_hp_gain":0,"max_hp_loss":0,"event_name":"N\u0027loth","floor":32,"relics_lost":["ReplayTheSpireMod:Ninjato"],"gold_loss":0}],"is_beta":false,"boss_relics":[{"not_picked":["Snecko Eye","ReplayTheSpireMod:DimensionalGlitch"],"picked":"Velvet Choker"}],"items_purged_floors":[11],"is_endless":false,"potions_floor_spawned":[3,7,13,18,20,23,25,33],"killed_by":"Pondfish","ascension_level":2}}