{"host":"xrbxyo513dr24h85","time":1609969627,"event":{"mods":["BaseMod","Better Third Choice","Colored Map","Downfall","Googly Eyes","Halation","Hubris","Lobotomy","Minty Spire (QoL Compilation)","Random Character Button","Relic Stats","Replay The Spire","Retaliation","StSLib","The Blue Laboratory"],"gold_per_floor":[116,134,209,209,33,62,77,77,129,129,143,143,143,160,160,265,265,276,309,319,334,348,348,348],"floor_reached":23,"playtime":661,"items_purged":[],"score":218,"play_id":"2c97e835-2d42-4bf9-90ed-6e6db970aee7","local_time":"20210106134707","is_ascension_mode":false,"campfire_choices":[{"data":"Apotheosis","floor":8,"key":"SMITH"},{"data":"Double Energy","floor":10,"key":"SMITH"},{"floor":12,"key":"RECALL"}],"circlet_count":0,"master_deck":["Strike_B","Strike_B","Strike_B","Strike_B","Defend_B+1","Defend_B","Defend_B","Defend_B","Zap","Dualcast+1","hubris:Prefetch","Compile Driver","Cold Snap+1","Apotheosis+1","ReplayRNGCard+1","Double Energy+1","Consume","Rainbow","BasicCrystalCard","Buffer"],"relics":["Cracked Core","Omamori","ReplayTheSpireMod:Lightbulb","Philosopher\u0027s Stone","War Paint"],"acts_visited":["Exordium","TheCity"],"potions_floor_usage":[18,18,18,21,21],"damage_taken":[{"damage":0,"enemies":"2 Louse","floor":1,"turns":2},{"damage":3,"enemies":"Jaw Worm","floor":2,"turns":3},{"damage":0,"enemies":"Replay:BlueRogue","floor":6,"turns":6},{"damage":4,"enemies":"Cultist","floor":7,"turns":4},{"damage":0,"enemies":"Large Slime","floor":11,"turns":4},{"damage":6,"enemies":"2 Fungi Beasts","floor":14,"turns":3},{"damage":3,"enemies":"Slime Boss","floor":16,"turns":7},{"damage":0,"enemies":"2 Thieves","floor":18,"turns":4},{"damage":0,"enemies":"Chosen","floor":20,"turns":4},{"damage":18,"enemies":"Centurion and Healer","floor":21,"turns":9},{"damage":20,"enemies":"Chosen and Byrds","floor":22,"turns":6},{"damage":12,"enemies":"Slavers","floor":23,"turns":1}],"seed_played":"821874503494929050","potions_obtained":[{"floor":6,"key":"EntropicBrew"},{"floor":14,"key":"FearPotion"},{"floor":16,"key":"Energy Potion"}],"is_trial":false,"path_per_floor":["M","M","?","T","$","E","M","R","T","R","M","R","?","M","R_BF","B",null,"M","?","M","M","M","E"],"character_chosen":"DEFECT","items_purchased":["Apotheosis"],"campfire_rested":0,"item_purchase_floors":[5],"current_hp_per_floor":[75,72,61,61,61,61,57,57,57,57,57,57,57,51,73,70,75,75,45,45,27,7,0,0],"gold":348,"neow_bonus":"ONE_RANDOM_RARE_CARD","is_daily":false,"chose_seed":false,"campfire_upgraded":2,"win_rate":0.0,"timestamp":1609969627,"path_taken":["M","M","?","?","$","E","?","R","T","R","M","R","?","M","R_BF","BOSS","M","?","M","M","M","E"],"items_purchased_type":["Card"],"build_version":"2020-12-22","purchased_purges":0,"victory":false,"max_hp_per_floor":[75,75,75,75,75,75,75,75,75,75,75,75,75,75,75,75,75,75,75,75,75,75,75,75],"relic_stats":{"counters":[12,53],"War Paint":["Dualcast","Defend_B"],"obtain_stats":[{"Philosopher\u0027s Stone":17,"Omamori":4,"War Paint":19,"Cracked Core":0,"ReplayTheSpireMod:Lightbulb":6},{"Philosopher\u0027s Stone":7,"Omamori":2,"War Paint":8,"Cracked Core":0,"ReplayTheSpireMod:Lightbulb":3},{"Philosopher\u0027s Stone":29,"Omamori":5,"War Paint":33,"Cracked Core":0,"ReplayTheSpireMod:Lightbulb":11}]},"card_choices":[{"not_picked":["Hologram","Turbo"],"picked":"Compile Driver","floor":1},{"not_picked":["Aggregate","Coolheaded"],"picked":"Cold Snap","floor":2},{"not_picked":["Hologram","Melter"],"picked":"ReplayRNGCard","floor":6},{"not_picked":["Coolheaded","Hello World"],"picked":"Double Energy","floor":7},{"not_picked":["Barrage","Panic Button","Beam Cell"],"picked":"SKIP","floor":11},{"not_picked":["Lockon","hubris:Ukulele"],"picked":"Consume","floor":14},{"not_picked":["Thunder Strike","Meteor Strike"],"picked":"Rainbow","floor":16},{"not_picked":["Stack+1","Coolheaded","ReplaySort"],"picked":"SKIP","floor":18},{"not_picked":["Barrage","ReplayTheSpireMod:GoodbyeWorld"],"picked":"BasicCrystalCard","floor":19},{"not_picked":["Genetic Algorithm","Stack","ReplaySolidLightProjector"],"picked":"SKIP","floor":20},{"not_picked":["Leap+1","Go for the Eyes+1","Beam Cell+1"],"picked":"SKIP","floor":21},{"not_picked":["Fusion","Beam Cell"],"picked":"Buffer","floor":22}],"player_experience":1169802,"relics_obtained":[{"floor":4,"key":"Omamori"},{"floor":6,"key":"ReplayTheSpireMod:Lightbulb"},{"floor":19,"key":"War Paint"}],"event_choices":[{"damage_healed":0,"gold_gain":75,"player_choice":"Gold","damage_taken":11,"max_hp_gain":0,"max_hp_loss":0,"event_name":"betterThird:BetterGoop","floor":3,"gold_loss":0},{"damage_healed":0,"gold_gain":0,"player_choice":"Grow","damage_taken":0,"max_hp_gain":0,"max_hp_loss":0,"event_name":"Living Wall","floor":13,"gold_loss":0,"cards_upgraded":["ReplayRNGCard"]}],"is_beta":false,"boss_relics":[{"not_picked":["Empty Cage","hubris:CrackedHourglass"],"picked":"Philosopher\u0027s Stone"}],"items_purged_floors":[],"is_endless":false,"potions_floor_spawned":[6,14,16],"killed_by":"Slavers","ascension_level":0}}