{"host":"38maufg2dcy7va3m","time":1609918129,"event":{"mods":["Act Like it!","BaseMod","Downfall","Duelist Mod","GifTheSpireLib","Hubris","Infinite Spire","Minty Spire (QoL Compilation)","Replay The Spire","StSLib","The Bug Knight","The Construct","The Cursed","The Hierophant","The Necromancer","The Poker Player","The Runesmith","everything is the same but u backflip on backflip"],"gold_per_floor":[117,117,168,187,187,187,222,187,187,202,2,2,2,19,19,124,124,142,152,170,184,184,184],"floor_reached":22,"playtime":1156,"items_purged":["Replay:UnknownCurse"],"score":186,"play_id":"47c6295f-3ae6-41f7-b15d-5d52545fdf1b","local_time":"20210105232849","is_ascension_mode":false,"campfire_choices":[{"data":"Bone_Wall","floor":6,"key":"SMITH"},{"data":"Summon_Undead_Army","floor":15,"key":"SMITH"}],"circlet_count":0,"master_deck":["Strike_W","Strike_W","Strike_W","Strike_W","Defend_W","Defend_W","Defend_W","Negative_Energy_Arrows+1","Bone_Wall+1","Negative_Energy_Shield","Skeleton_Dragon","Negative_Energy_Javelin","Death_Coil","Bone_Armor","Negative_Energy_Sphere","Summon_Undead_Army+1","Summon_Undead_Army","expansioncontent:PolyBeam","Blood_Curse","Detonate_Bones","Bone_Spikes","Toxic_Smoke_Screen","Vampiric_Strike+1","Negative_Energy_Burst"],"relics":["Vampire_Amulet","ReplayTheSpireMod:CursedCoin","hubris:Towel","Pear","Ornamental Fan","hubris:VirtuousBlindfold"],"acts_visited":["Exordium","TheCity"],"potions_floor_usage":[7,16,16,20],"damage_taken":[{"damage":0,"enemies":"2 Louse","floor":1,"turns":2},{"damage":0,"enemies":"Cultist","floor":4,"turns":3},{"damage":27,"enemies":"3 Sentries","floor":7,"turns":10},{"damage":0,"enemies":"Jaw Worm","floor":10,"turns":3},{"damage":0,"enemies":"3 Louse","floor":14,"turns":4},{"damage":9,"enemies":"Slime Boss","floor":16,"turns":9},{"damage":9,"enemies":"Chosen","floor":18,"turns":5},{"damage":14,"enemies":"3 Byrds","floor":19,"turns":4},{"damage":19,"enemies":"Snecko","floor":20,"turns":5},{"damage":47,"enemies":"Chosen and Byrds","floor":21,"turns":7},{"damage":15,"enemies":"Snake Plant","floor":22,"turns":1}],"seed_played":"-1331518799381059705","potions_obtained":[{"floor":4,"key":"DuplicationPotion"},{"floor":7,"key":"Block Potion"},{"floor":19,"key":"Adrenaline Potion"}],"is_trial":false,"path_per_floor":["M","?","$","M","?","R","E","?","T","M","$","?","$","M","R","B",null,"M","M","M","M","M"],"character_chosen":"NECROMANCER","items_purchased":["Negative_Energy_Javelin","ReplayTheSpireMod:CursedCoin","Summon_Undead_Army","Block Potion","expansioncontent:PolyBeam"],"campfire_rested":0,"item_purchase_floors":[3,3,11,11,11],"current_hp_per_floor":[75,75,75,75,75,75,64,85,85,85,85,85,85,85,85,82,85,78,70,53,11,0,0],"gold":184,"neow_bonus":"UPGRADE_CARD","is_daily":false,"chose_seed":false,"campfire_upgraded":2,"win_rate":0.0,"timestamp":1609918129,"path_taken":["M","?","$","?","?","R","E","?","T","M","$","?","?","M","R","BOSS","M","M","M","M","M"],"items_purchased_type":["Card","Relic","Card","Potion","Card"],"build_version":"2020-12-22","purchased_purges":1,"victory":false,"max_hp_per_floor":[75,75,75,75,75,75,85,85,85,85,85,85,85,85,85,85,85,85,85,85,85,85,85],"card_choices":[{"not_picked":["Negative_Energy_Mist","Summon_Undead"],"picked":"Negative_Energy_Shield","floor":1},{"not_picked":["Bone_Bullets","Chill_Blood"],"picked":"Death_Coil","floor":4},{"not_picked":["Uncharnel","Corrupt"],"picked":"Bone_Armor","floor":7},{"not_picked":["Blood_Whip","Bone_Armory"],"picked":"Negative_Energy_Sphere","floor":10},{"not_picked":["Chill_Blood","Bone_Shift"],"picked":"Blood_Curse","floor":14},{"not_picked":["Skeleton_Dragon","Summon_Death_Knight"],"picked":"Detonate_Bones","floor":16},{"not_picked":["Shackles_Of_Pain","Negative_Energy_Shield"],"picked":"Bone_Spikes","floor":18},{"not_picked":["Negative_Energy_Javelin+1","Necrotic_Claws"],"picked":"Toxic_Smoke_Screen","floor":19},{"not_picked":["Death_March_Dance","Deaths_Shadow"],"picked":"Vampiric_Strike+1","floor":20},{"not_picked":["Blood_Whip","Life_Tap"],"picked":"Negative_Energy_Burst","floor":21}],"player_experience":233343,"relics_obtained":[{"floor":7,"key":"Pear"},{"floor":9,"key":"Ornamental Fan"}],"event_choices":[{"damage_healed":0,"gold_gain":0,"cards_transformed":["Defend_W"],"player_choice":"Transformed","damage_taken":0,"max_hp_gain":0,"max_hp_loss":0,"event_name":"Transmorgrifier","floor":2,"gold_loss":0,"cards_obtained":["Skeleton_Dragon"]},{"damage_healed":21,"gold_gain":0,"player_choice":"Healed","damage_taken":0,"max_hp_gain":0,"max_hp_loss":0,"event_name":"The Cleric","floor":8,"gold_loss":35},{"damage_healed":0,"gold_gain":0,"player_choice":"Ignored","damage_taken":0,"max_hp_gain":0,"max_hp_loss":0,"event_name":"Liars Game","floor":12,"gold_loss":0}],"is_beta":false,"boss_relics":[{"not_picked":["Runesmith:UraniumAnvil","Kintsugi"],"picked":"hubris:VirtuousBlindfold"}],"items_purged_floors":[3],"is_endless":false,"potions_floor_spawned":[4,7,19],"killed_by":"Snake Plant","ascension_level":0}}