{"host":"it4jxgnaprwjes7d","time":1609967127,"event":{"mods":["BaseMod","Downfall","Highlight Path","Minty Spire (QoL Compilation)","Replay The Spire","StSLib"],"gold_per_floor":[111,1,14,25,38,69,85,85,85,106,124,124,124,124,124,249,249,270,288,313,7,30,30,30,30,30],"floor_reached":25,"playtime":2436,"items_purged":[],"score":205,"play_id":"43f6aa41-1606-463d-911a-02e43ff74b41","local_time":"20210106130527","is_ascension_mode":false,"campfire_choices":[{"floor":8,"key":"REST"},{"floor":12,"key":"REST"},{"floor":15,"key":"REST"},{"floor":23,"key":"REST"}],"circlet_count":0,"master_deck":["Strike_B","Strike_B+1","Strike_B","Strike_B","Defend_B","Defend_B","Defend_B","Defend_B","Zap+1","Dualcast","Force Field","Coolheaded","Machine Learning","ReplayGash","Redo","BasicCrystalCard","Genetic Algorithm","Injury","All For One","CurseOfTheBell","Panic Button","ReplayTheSpireMod:System Scan","Streamline","Redo","Sneak Up"],"relics":["Cracked Core","NeowsBlessing","Pocketwatch","Ornamental Fan","Pantograph","Odd Mushroom","Golden Idol","Calling Bell","Bag of Preparation","HornCleat","Peace Pipe","Chemical X","Strawberry"],"acts_visited":["Exordium","TheCity"],"potions_floor_usage":[10,16,19,25,25],"damage_taken":[{"damage":0,"enemies":"2 Louse","floor":1,"turns":1},{"damage":0,"enemies":"Cultist","floor":3,"turns":1},{"damage":0,"enemies":"Small Slimes","floor":4,"turns":1},{"damage":8,"enemies":"Looter","floor":5,"turns":4},{"damage":35,"enemies":"Lagavulin","floor":6,"turns":8},{"damage":11,"enemies":"Exordium Thugs","floor":7,"turns":4},{"damage":16,"enemies":"The Mushroom Lair","floor":10,"turns":4},{"damage":2,"enemies":"Blue Slaver","floor":11,"turns":5},{"damage":46,"enemies":"Slime Boss","floor":16,"turns":15},{"damage":19,"enemies":"3 Byrds","floor":18,"turns":5},{"damage":12,"enemies":"Shell Parasite","floor":19,"turns":7},{"damage":5,"enemies":"Snecko","floor":20,"turns":7},{"damage":22,"enemies":"Sentry and Sphere","floor":22,"turns":5},{"damage":48,"enemies":"Gremlin Leader","floor":25,"turns":8}],"seed_played":"-2902717568247596","potions_obtained":[{"floor":4,"key":"SteroidPotion"},{"floor":7,"key":"Regen Potion"},{"floor":11,"key":"PowerPotion"},{"floor":16,"key":"Elixir"},{"floor":18,"key":"PowerPotion"},{"floor":22,"key":"SteroidPotion"}],"is_trial":false,"path_per_floor":["M","?","M","M","M","E","M","R","T","?","M","R","?","?","R","B",null,"M","M","M","$","M","R","?","E"],"character_chosen":"DEFECT","items_purchased":["Chemical X","Strawberry"],"campfire_rested":4,"item_purchase_floors":[21,21],"current_hp_per_floor":[75,75,75,75,67,32,21,43,43,39,37,59,44,44,66,29,75,56,44,39,46,24,48,48,0,0],"gold":30,"neow_bonus":"THREE_ENEMY_KILL","is_daily":false,"chose_seed":false,"campfire_upgraded":0,"win_rate":0.0,"timestamp":1609967127,"path_taken":["M","?","?","M","?","E","?","R","T","?","M","R","?","?","R","BOSS","M","M","M","$","M","R","?","E"],"items_purchased_type":["Relic","Relic"],"build_version":"2020-12-22","purchased_purges":0,"victory":false,"max_hp_per_floor":[75,75,75,75,75,75,75,75,75,75,75,75,75,75,75,75,75,75,75,75,82,82,82,82,82,82],"card_choices":[{"not_picked":["Coolheaded","Steam"],"picked":"Force Field","floor":1},{"not_picked":["Stack","Blizzard"],"picked":"Coolheaded","floor":3},{"not_picked":["Beam Cell","Conserve Battery"],"picked":"Machine Learning","floor":4},{"not_picked":["Stack","Sweeping Beam"],"picked":"ReplayGash","floor":5},{"not_picked":["Hello World","ReplaySolidLightProjector"],"picked":"Redo","floor":6},{"not_picked":["Beam Cell","Stack"],"picked":"Cold Snap","floor":7},{"not_picked":["Cold Snap","Gash"],"picked":"BasicCrystalCard","floor":10},{"not_picked":["Steam","Hologram"],"picked":"Genetic Algorithm","floor":11},{"not_picked":["ReplayTheSpireMod:Omega Cannon","Biased Cognition"],"picked":"All For One","floor":16},{"not_picked":["Leap+1","Hologram+1"],"picked":"Panic Button","floor":18},{"not_picked":["FTL","Streamline"],"picked":"ReplayTheSpireMod:System Scan","floor":19},{"not_picked":["Skim","Ball Lightning"],"picked":"Streamline","floor":20},{"not_picked":["BasicCrystalCard","Streamline"],"picked":"Redo","floor":22}],"player_experience":7569,"relics_obtained":[{"floor":6,"key":"Ornamental Fan"},{"floor":9,"key":"Pantograph"},{"floor":10,"key":"Odd Mushroom"},{"floor":17,"key":"Bag of Preparation"},{"floor":17,"key":"HornCleat"},{"floor":17,"key":"Peace Pipe"}],"event_choices":[{"damage_healed":0,"gold_gain":0,"player_choice":"Paid Gold","damage_taken":0,"relics_obtained":["Pocketwatch"],"max_hp_gain":0,"max_hp_loss":0,"event_name":"WeMeetAgain","floor":2,"gold_loss":110},{"damage_healed":0,"gold_gain":0,"player_choice":"Fought Mushrooms","damage_taken":0,"max_hp_gain":0,"max_hp_loss":0,"event_name":"Mushrooms","floor":10,"gold_loss":0},{"damage_healed":0,"gold_gain":0,"player_choice":"Entered Light","damage_taken":15,"max_hp_gain":0,"max_hp_loss":0,"event_name":"Shining Light","floor":13,"gold_loss":0,"cards_upgraded":["Zap","Strike_B"]},{"damage_healed":0,"gold_gain":0,"player_choice":"Take Wound","damage_taken":0,"relics_obtained":["Golden Idol"],"max_hp_gain":0,"max_hp_loss":0,"event_name":"Golden Idol","floor":14,"gold_loss":0,"cards_obtained":["Injury"]},{"cards_removed":["Cold Snap"],"damage_healed":0,"gold_gain":0,"player_choice":"Took Card","damage_taken":0,"max_hp_gain":0,"max_hp_loss":0,"event_name":"NoteForYourself","floor":24,"gold_loss":0,"cards_obtained":["Sneak Up"]}],"is_beta":false,"boss_relics":[{"not_picked":["Cursed Key","Replay:Bronze Core"],"picked":"Calling Bell"}],"items_purged_floors":[],"is_endless":false,"potions_floor_spawned":[4,7,11,16,18,22],"killed_by":"Gremlin Leader","ascension_level":0}}