{"host":"4q6g5wn1adpnm0z5","time":1609945389,"event":{"mods":["2.2 Compatiblity","Aspiration","Astrologer","BaseMod","Hubris","Minty Spire (QoL Compilation)","Replay The Spire","StSLib","The Cursed","The Jungle"],"gold_per_floor":[109,34,48,63,63,97,97,131,131,162,262,291,307,307,307,385,435,450,90,108,108,123,150,150,150],"floor_reached":24,"playtime":1608,"items_purged":["ReplayTheSpireMod:Tripwire"],"score":490,"play_id":"15da3579-2d4a-4b70-968c-76db0a5d6ea9","local_time":"20210106160309","daily_mods":["Insanity","ControlledChaos","Elite Swarm"],"is_ascension_mode":true,"campfire_choices":[{"data":"Sneak Up","floor":7.0,"key":"SMITH"},{"floor":15,"key":"REST"}],"circlet_count":0,"master_deck":["AscendersBane","Sucker Punch","hubris:Sniper","ReplayTheSpireMod:The Works","Dodge and Roll","Deadly Poison","Hidden Blade","Dagger Spray","PiercingWail","Sneak Up+1","Noxious Fumes","Infinite Blades","PiercingWail","Blade Dance","Flying Knee","Blade Dance","Endless Agony","Caltrops","Dagger Throw","Bane","PiercingWail","Prepared","Dagger Spray","Deadly Poison","Bane","Hidden Blade","Flechettes","Dodge and Roll","Blur","Backflip","Tactician","Dagger Spray+1","Escape Plan","hubris:Counter","Infinite Blades","Reflex","Prepared","Choke","Draining Mist","Underhanded Strike","Deadly Poison","All Out Attack","Flying Knee","Dagger Spray","Caltrops","ReplayTheSpireMod:Scrap Shanks","Poisoned Stab","Backflip","Deflect","Accuracy","Footwork","ReplayTheSpireMod:Scrap Shanks","Cloak And Dagger"],"relics":["Ring of the Snake","Frozen Eye","hubris:CuriousFeather","The Courier","aspiration:HummingbirdHeart","Byrd Skull","Art of War","Tiny House","Gremlin Food","Turnip","hubris:FunFungus"],"acts_visited":["Exordium","Exordium"],"potions_floor_usage":[8,23,23],"damage_taken":[{"damage":0.0,"enemies":"2 Louse","floor":1.0,"turns":2.0},{"damage":0.0,"enemies":"Jaw Worm","floor":3.0,"turns":2.0},{"damage":6.0,"enemies":"Small Slimes","floor":4.0,"turns":3.0},{"damage":16.0,"enemies":"3 Sentries","floor":6.0,"turns":5.0},{"damage":9,"enemies":"Replay:BlueRogue","floor":8,"turns":5},{"damage":12,"enemies":"Lagavulin","floor":10,"turns":4},{"damage":10,"enemies":"3 Sentries","floor":12,"turns":4},{"damage":1,"enemies":"Looter","floor":13,"turns":2},{"damage":6,"enemies":"Fading Forest","floor":16,"turns":11},{"damage":14,"enemies":"theJungle:GiantWrat","floor":18,"turns":5},{"damage":8,"enemies":"theJungle:Flameango_and_Byrd","floor":20,"turns":4},{"damage":0,"enemies":"theJungle:JungleHuntersEncounter","floor":22,"turns":5},{"damage":31,"enemies":"theJungle:MamaSnecko","floor":23,"turns":7},{"damage":28,"enemies":"theJungle:2_Snecko_Cultists","floor":24,"turns":4}],"seed_played":"2881548505488510524","potions_obtained":[{"floor":4.0,"key":"ColorlessPotion"},{"floor":8,"key":"GhostInAJar"},{"floor":10,"key":"Explosive Potion"},{"floor":12,"key":"DuplicationPotion"},{"floor":17,"key":"AntidotePotion"}],"is_trial":true,"path_per_floor":["M","$","M","M","?","E","R","E","T","E","?","E","M","?","R","B",null,"M","$","M","?","M","E","M"],"character_chosen":"THE_SILENT","items_purchased":["Gremlin Food","Turnip"],"campfire_rested":1,"item_purchase_floors":[19,19],"current_hp_per_floor":[59,59,59,53,58,42,42,33,33,21,21,11,10,10,31,37,68,54,54,46,46,46,17,0,0],"gold":150,"neow_bonus":"","is_daily":false,"chose_seed":false,"campfire_upgraded":1,"win_rate":0.0,"timestamp":1609945389,"path_taken":["M","$","M","M","?","E","R","E","T","E","?","E","?","?","R","BOSS","M","$","M","?","M","E","M"],"items_purchased_type":["Relic","Relic"],"build_version":"2020-12-22","purchased_purges":1,"victory":false,"max_hp_per_floor":[66,66,66,66,71,71,71,71,71,71,71,71,71,71,71,71,76,76,76,76,76,76,76,76,76],"card_choices":[{"not_picked":["Endless Agony","Terror"],"picked":"Accuracy","floor":1.0},{"not_picked":["Draining Mist","Poisoned Stab","Tactician"],"picked":"SKIP","floor":3.0},{"not_picked":["hubris:Sniper","Prepared","Poisoned Stab"],"picked":"SKIP","floor":4.0},{"not_picked":["Corpse Explosion","ReplayTheSpireMod:Necrosis","ReplayTheSpireMod:From All Sides"],"picked":"SKIP","floor":6.0},{"not_picked":["Grand Finale","Bullet Time","aspiration:Lunge"],"picked":"SKIP","floor":8},{"not_picked":["Atom Bomb","Envenom","Storm of Steel"],"picked":"SKIP","floor":10},{"not_picked":["Grand Finale","Die Die Die","Envenom"],"picked":"SKIP","floor":12},{"not_picked":["Skewer","All Out Attack"],"picked":"Footwork","floor":13},{"not_picked":["Quick Slash","Footwork","Dagger Throw"],"picked":"SKIP","floor":18},{"not_picked":["Quick Slash","Hidden Blade"],"picked":"Cloak And Dagger","floor":20},{"not_picked":["After Image","Blade Dance","Dagger Throw"],"picked":"SKIP","floor":22},{"not_picked":["Unload","Atom Bomb","Phantasmal Killer"],"picked":"SKIP","floor":23}],"player_experience":2336238,"relics_obtained":[{"floor":6.0,"key":"hubris:CuriousFeather"},{"floor":8,"key":"The Courier"},{"floor":9,"key":"aspiration:HummingbirdHeart"},{"floor":10,"key":"Byrd Skull"},{"floor":12,"key":"Art of War"},{"floor":23,"key":"hubris:FunFungus"}],"event_choices":[{"damage_healed":0.0,"max_hp_gain":5.0,"max_hp_loss":0.0,"gold_gain":0.0,"event_name":"Big Fish","player_choice":"Donut","floor":5.0,"gold_loss":0.0,"damage_taken":0.0},{"damage_healed":0,"gold_gain":100,"player_choice":"Gold","damage_taken":0,"max_hp_gain":0,"max_hp_loss":0,"event_name":"Wheel of Change","floor":11,"gold_loss":0},{"damage_healed":0,"gold_gain":0,"cards_transformed":["hubris:SlightOfHand"],"player_choice":"Transformed","damage_taken":0,"max_hp_gain":0,"max_hp_loss":0,"event_name":"Transmorgrifier","floor":14,"gold_loss":0,"cards_obtained":["ReplayTheSpireMod:Scrap Shanks"]},{"damage_healed":0,"gold_gain":0,"player_choice":"Ignored","damage_taken":0,"max_hp_gain":0,"max_hp_loss":0,"event_name":"NoteForYourself","floor":21,"gold_loss":0}],"is_beta":false,"boss_relics":[{"not_picked":["Runic Pyramid","Empty Cage"],"picked":"Tiny House"}],"items_purged_floors":[2],"is_endless":false,"potions_floor_spawned":[4,8,10,12,20,22],"killed_by":"theJungle:2_Snecko_Cultists","ascension_level":14}}