{"host":"a7dhdzm3fda48fos","time":1609900421,"event":{"mods":["AchievementEnabler","AlwaysNeverKeys","BaseMod","Better Altar","Better Note","Better Sensory Stone","Better Skull","Better Third Choice","Block Reminder","Colored Map","Gold Saver","Minty Spire (QoL Compilation)","Quick Restart","Relic Sorter","Relic Stats","Remove Card Discount Mod","Shop Mod","Spicy Shops","StSLib"],"gold_per_floor":[114,114,114,130,140,170,184,216,216,216,216,227,242,269,281,293,293],"floor_reached":16,"playtime":921,"items_purged":[],"score":129,"play_id":"fafbb514-4c9a-4c29-ae6a-7b8f924b5e4e","local_time":"20210106033341","is_ascension_mode":true,"campfire_choices":[{"floor":10,"key":"REST"},{"floor":15,"key":"REST"}],"circlet_count":0,"master_deck":["Strike_G","Strike_G","Strike_G","Strike_G+1","Strike_G","Defend_G+1","Defend_G","Defend_G","Defend_G+1","Defend_G","Survivor+1","Neutralize","Outmaneuver","Pain","Bouncing Flask","Backflip","Unload","Prepared","Cloak And Dagger+1","Dagger Spray","Dagger Throw"],"relics":["Ring of the Snake","WarpedTongs","Blood Vial","Omamori","War Paint","MawBank"],"acts_visited":["Exordium"],"potions_floor_usage":[6,8,13,16],"damage_taken":[{"damage":3,"enemies":"Jaw Worm","floor":1,"turns":4},{"damage":11,"enemies":"2 Louse","floor":4,"turns":3},{"damage":3,"enemies":"Cultist","floor":5,"turns":3},{"damage":12,"enemies":"Gremlin Nob","floor":6,"turns":4},{"damage":3,"enemies":"Looter","floor":7,"turns":3},{"damage":37,"enemies":"Lagavulin","floor":8,"turns":6},{"damage":7,"enemies":"Blue Slaver","floor":12,"turns":3},{"damage":7,"enemies":"2 Fungi Beasts","floor":13,"turns":4},{"damage":56,"enemies":"Slime Boss","floor":16,"turns":7}],"seed_played":"521958801692789905","potions_obtained":[{"floor":1,"key":"SteroidPotion"},{"floor":5,"key":"BlessingOfTheForge"},{"floor":6,"key":"Fruit Juice"},{"floor":12,"key":"Regen Potion"}],"is_trial":false,"path_per_floor":["M","?","?","M","M","E","M","E","T","R","?","M","M","T","R","B"],"character_chosen":"THE_SILENT","items_purchased":[],"campfire_rested":2,"item_purchase_floors":[],"current_hp_per_floor":[74,59,59,48,45,38,37,2,2,26,26,21,30,30,54,0,0],"gold":293,"neow_bonus":"TEN_PERCENT_HP_BONUS","is_daily":false,"chose_seed":false,"campfire_upgraded":0,"win_rate":0.0,"timestamp":1609900421,"path_taken":["M","?","?","M","?","E","M","E","T","R","?","M","M","?","R","BOSS"],"items_purchased_type":[],"build_version":"2020-12-22","purchased_purges":0,"victory":false,"max_hp_per_floor":[77,77,77,77,77,82,82,82,82,82,82,82,82,82,82,82,82],"relic_stats":{"Blood Vial":10,"counters":[9,37],"War Paint":["Defend_G","Survivor"],"MawBank":24,"obtain_stats":[{"Blood Vial":6,"Omamori":8,"War Paint":9,"MawBank":14,"Ring of the Snake":0,"WarpedTongs":3},{"Blood Vial":4,"Omamori":6,"War Paint":6,"MawBank":8,"Ring of the Snake":0,"WarpedTongs":1},{"Blood Vial":14,"Omamori":23,"War Paint":23,"MawBank":30,"Ring of the Snake":0,"WarpedTongs":4}],"Ring of the Snake":[18],"WarpedTongs":[33]},"card_choices":[{"not_picked":["Expertise","Slice"],"picked":"Outmaneuver","floor":1},{"not_picked":["Quick Slash","Choke"],"picked":"Bouncing Flask","floor":4},{"not_picked":["Underhanded Strike","Calculated Gamble"],"picked":"Backflip","floor":5},{"not_picked":["Expertise","Heel Hook"],"picked":"Unload","floor":6},{"not_picked":["Footwork","Blade Dance"],"picked":"Prepared","floor":7},{"not_picked":["Tactician","Backflip"],"picked":"Cloak And Dagger","floor":8},{"not_picked":["Bouncing Flask","Terror"],"picked":"Dagger Spray","floor":12},{"not_picked":["Caltrops","Outmaneuver"],"picked":"Dagger Throw","floor":13}],"player_experience":79416,"relics_obtained":[{"floor":6,"key":"Blood Vial"},{"floor":8,"key":"Omamori"},{"floor":9,"key":"War Paint"},{"floor":14,"key":"MawBank"}],"event_choices":[{"damage_healed":74,"gold_gain":0,"player_choice":"Upgrade","damage_taken":15,"max_hp_gain":0,"max_hp_loss":77,"event_name":"betterThird:BetterShining","floor":2,"gold_loss":0,"cards_upgraded":["Defend_G","Strike_G"]},{"damage_healed":0,"gold_gain":0,"player_choice":"Rummage","damage_taken":0,"relics_obtained":["WarpedTongs"],"max_hp_gain":0,"max_hp_loss":0,"event_name":"Accursed Blacksmith","floor":3,"gold_loss":0,"cards_obtained":["Pain"]},{"damage_healed":0,"gold_gain":0,"player_choice":"Grow","damage_taken":0,"max_hp_gain":0,"max_hp_loss":0,"event_name":"Living Wall","floor":11,"gold_loss":0,"cards_upgraded":["Cloak And Dagger"]}],"is_beta":false,"boss_relics":[],"items_purged_floors":[],"is_endless":false,"potions_floor_spawned":[1,5,6,12],"killed_by":"Slime Boss","ascension_level":3}}