{"host":"1cd1aqaox6jesai3","time":1609920213,"event":{"mods":["Act Like it!","Arknights The Spire","Astrologer","Bartender","BaseMod","Colored Powertips","Googly Eyes","Hallownest","Infinite Spire","Mimic Mod","Minty Spire (QoL Compilation)","Replay The Spire","StSLib","The Bug Knight","The Construct","The Factory","The Hierophant"],"gold_per_floor":[116,116,116,134,161,161,186,186,186,190,195,195,194,214,214,290,290,267,249,249,26,126,125,125,163,163,171,171,171],"floor_reached":28,"playtime":1289,"items_purged":[],"score":225,"play_id":"278312ab-c6a1-432f-b6de-97a72ef8bbcd","local_time":"20210106030333","is_ascension_mode":false,"campfire_choices":[{"data":"hierophant:EyeForCoin","floor":6,"key":"SMITH"},{"floor":8,"key":"REST"},{"floor":15,"key":"REST"},{"floor":24,"key":"REST"}],"circlet_count":0,"master_deck":["hierophant:Strike_Hierophant","hierophant:Strike_Hierophant","hierophant:Strike_Hierophant","hierophant:Strike_Hierophant","hierophant:Defend_Hierophant","hierophant:Defend_Hierophant","hierophant:Defend_Hierophant","hierophant:Defend_Hierophant","hierophant:ChurchCoffers","hierophant:Doubloon","hierophant:Remorse","infinitespire:NeuralNetwork","hierophant:Doubloon+1","hierophant:Remorse","hierophant:EyeForCoin+1","hierophant:Doubloon+1","hierophant:Doubloon+1","hierophant:TollTheBells","hierophant:Doubloon","hierophant:Remorse","hierophant:Doubloon+1","hierophant:Doubloon+1","hierophant:Doubloon+1","hierophant:Cornucopia","hierophant:Doubloon+1","hierophant:Doubloon+1","hierophant:CursedGold","hierophant:Doubloon","hierophant:Doubloon+1","hierophant:Community+1","hierophant:Doubloon+1"],"relics":["hierophant:PropheticMaskRelic","NeowsBlessing","Pocketwatch","Sundial","infinitespire:Beetle Shell","construct:WeddingRing","Replay:Rubber Ducky","Gremlin Food","Potion Belt"],"acts_visited":["Exordium","TheCity"],"potions_floor_usage":[7,14,23,23,23,23,23,27,28],"damage_taken":[{"damage":0,"enemies":"Jaw Worm","floor":1,"turns":1},{"damage":0,"enemies":"Small Slimes","floor":4,"turns":1},{"damage":0,"enemies":"2 Louse","floor":5,"turns":1},{"damage":41,"enemies":"Gremlin Nob","floor":7,"turns":4},{"damage":27,"enemies":"Exordium Thugs","floor":10,"turns":4},{"damage":5,"enemies":"2 Fungi Beasts","floor":11,"turns":3},{"damage":11,"enemies":"Red Slaver","floor":13,"turns":3},{"damage":13,"enemies":"HollowMod:MossKnight","floor":14,"turns":6},{"damage":0,"enemies":"Slime Boss","floor":16,"turns":4},{"damage":30,"enemies":"2 Thieves","floor":18,"turns":3},{"damage":32,"enemies":"3 Byrds","floor":19,"turns":4},{"damage":8,"enemies":"Gremlin Leader","floor":23,"turns":2},{"damage":10,"enemies":"Snake Plant","floor":25,"turns":2},{"damage":3,"enemies":"Shelled Parasite and Fungi","floor":27,"turns":3},{"damage":16,"enemies":"Book of Stabbing","floor":28,"turns":1}],"seed_played":"8656263051111175390","potions_obtained":[{"floor":1,"key":"FearPotion"},{"floor":4,"key":"Cursed Concoction"},{"floor":10,"key":"LiquidBronze"},{"floor":13,"key":"EntropicBrew"},{"floor":16,"key":"SmokeBomb"},{"floor":25,"key":"Swift Potion"},{"floor":27,"key":"PowerPotion"}],"is_trial":false,"path_per_floor":["M","?","?","M","M","R","E","R","T","M","M","?","M","E","R","B",null,"M","M","?","$","?","E","R","M","T","M","E"],"character_chosen":"HIEROPHANT","items_purchased":["hierophant:CursedGold","Replay:Rubber Ducky"],"campfire_rested":3,"item_purchase_floors":[21,21],"current_hp_per_floor":[75,75,58,58,58,58,17,39,39,12,7,32,21,8,30,30,75,45,13,13,13,13,5,27,17,17,14,0,0],"gold":171,"neow_bonus":"THREE_ENEMY_KILL","is_daily":false,"chose_seed":false,"campfire_upgraded":1,"win_rate":0.0,"timestamp":1609920213,"path_taken":["M","?","?","M","M","R","E","R","T","M","M","?","M","E","R","BOSS","M","M","?","?","?","E","R","?","T","M","E"],"items_purchased_type":["Card","Relic"],"build_version":"2020-12-22","purchased_purges":0,"victory":false,"max_hp_per_floor":[75,75,75,75,75,75,75,75,75,75,75,75,75,75,75,75,75,75,75,75,75,75,75,75,75,75,75,75,75],"card_choices":[{"not_picked":["hierophant:Upheaval","hierophant:Sermon"],"picked":"hierophant:Remorse","floor":1},{"not_picked":["infinitespire:Execution","ReplayTheSpireMod:??????????????????????"],"picked":"infinitespire:NeuralNetwork","floor":3},{"not_picked":["hierophant:Smite","hierophant:Alms"],"picked":"hierophant:Remorse","floor":4},{"not_picked":["hierophant:Rebuild","hierophant:DisplayOfPower"],"picked":"hierophant:EyeForCoin","floor":5},{"not_picked":["hierophant:MirrorShield","hierophant:Flagellation","hierophant:Mercenaries"],"picked":"SKIP","floor":7},{"not_picked":["hierophant:PassingBell","hierophant:ThreeLashes"],"picked":"hierophant:TollTheBells","floor":10},{"not_picked":["hierophant:Invocation","hierophant:RepressedViolence"],"picked":"hierophant:Remorse","floor":11},{"not_picked":["hierophant:Patience","hierophant:SealAway","hierophant:Sermon"],"picked":"SKIP","floor":13},{"not_picked":["hierophant:SealAway","hierophant:Sermon","hierophant:Remorse"],"picked":"SKIP","floor":14},{"not_picked":["hierophant:WrathOfGod","hierophant:Invocation"],"picked":"hierophant:Cornucopia","floor":16},{"not_picked":["hierophant:Mercenaries+1","hierophant:AuricBeam","hierophant:Purify"],"picked":"SKIP","floor":18},{"not_picked":["hierophant:Prophecy","hierophant:HolyVerse+1","hierophant:RepressedViolence"],"picked":"SKIP","floor":19},{"not_picked":["hierophant:ThreeLashes+1","hierophant:Racketeering+1"],"picked":"hierophant:Community+1","floor":23},{"not_picked":["hierophant:Martyrdom","hierophant:SecretStash","hierophant:Endure"],"picked":"SKIP","floor":25},{"not_picked":["hierophant:Purify+1","hierophant:Embezzle","hierophant:AuricBeam"],"picked":"SKIP","floor":27}],"player_experience":157731,"relics_obtained":[{"floor":7,"key":"Pocketwatch"},{"floor":9,"key":"Sundial"},{"floor":14,"key":"infinitespire:Beetle Shell"},{"floor":23,"key":"Gremlin Food"},{"floor":26,"key":"Potion Belt"}],"event_choices":[{"damage_healed":0,"gold_gain":0,"player_choice":"Ignored","damage_taken":0,"max_hp_gain":0,"max_hp_loss":0,"event_name":"Golden Wing","floor":2,"gold_loss":0},{"damage_healed":25,"gold_gain":0,"player_choice":"Banana","damage_taken":0,"max_hp_gain":0,"max_hp_loss":0,"event_name":"Big Fish","floor":12,"gold_loss":0},{"cards_removed":["hierophant:Punish"],"damage_healed":0,"gold_gain":0,"player_choice":"Purged","damage_taken":0,"max_hp_gain":0,"max_hp_loss":0,"event_name":"Purifier","floor":20,"gold_loss":0},{"damage_healed":0,"gold_gain":100,"player_choice":"Pray","damage_taken":0,"max_hp_gain":0,"max_hp_loss":0,"event_name":"Golden Shrine","floor":22,"gold_loss":0}],"is_beta":false,"boss_relics":[{"not_picked":["Tiny House","Honey Jar"],"picked":"construct:WeddingRing"}],"items_purged_floors":[],"is_endless":false,"potions_floor_spawned":[1,4,10,13,16,25,27],"killed_by":"Book of Stabbing","ascension_level":0}}