{"host":"l84l8xigz5v5foa2","time":1609938358,"event":{"mods":["2.2 Compatiblity","AchievementEnabler","BaseMod","Better Note","Better Vampires","Card Filter","Colored Map","DeckTracker","Downfall","Gremlin Skip","Highlight Path","Keyboard Shortcuts","Minty Spire (QoL Compilation)","Permanent Neow","Quick Restart","Relic Filter","Relic Stats","StSLib","SuperFastMode","Transform Curses","Unknown Chances"],"gold_per_floor":[99,114,124,124,135,45,45,74,91,91,107,107,107,137,156,227,227,152,163,163,176,176,196,196,196,196,207,207,207,223,238,254,330,330,330,341,341,341,352,277,277,377,397,322,347,38,57,71,84,84],"floor_reached":51,"playtime":2937,"items_purged":["hexamod:Defend","hexamod:Defend"],"score":1511,"play_id":"33e89354-f054-456b-a444-1ad4c100acc8","local_time":"20210106220558","is_ascension_mode":true,"campfire_choices":[{"data":"hexamod:Float","floor":1.0,"key":"SMITH"},{"data":"hexamod:Rewind","floor":10.0,"key":"SMITH"},{"data":"hexamod:SuperheatedStrike","floor":13.0,"key":"SMITH"},{"data":"hexamod:GiftsFromTheDead","floor":18.0,"key":"SMITH"},{"data":"hexamod:ApocalypticArmor","floor":26.0,"key":"SMITH"},{"data":"hexamod:SkipABeat","floor":28.0,"key":"SMITH"},{"data":"hexamod:HexaLevel","floor":35.0,"key":"SMITH"},{"floor":40,"key":"RECALL"},{"data":"hexamod:NecessarySacrifice","floor":44,"key":"SMITH"}],"circlet_count":0,"master_deck":["AscendersBane","hexamod:Strike","hexamod:Strike+1","hexamod:Defend+1","hexamod:Sear+1","hexamod:Float+1","hexamod:FlamesFromBeyond+1","hexamod:SuperheatedStrike+1","hexamod:Rewind+1","hexamod:Hexaguard+1","hexamod:HauntingEcho","hexamod:AdvancingGuard+1","hexamod:StepThrough","hexamod:SkipABeat+1","hexamod:ShieldOfDarkness","hexamod:RainOfEmbers","hexamod:GiftsFromTheDead+1","hexamod:ApocalypticArmor+1","hexamod:Hexaguard+1","hexamod:GhostLash+1","hexamod:NightmareGuise+1","hexamod:HexaLevel+1","hexamod:InspiringFlames+1","expansioncontent:DefensiveStance+1","hexamod:NecessarySacrifice+1","hexamod:SixthSeal","hexamod:PowerFromBeyond+1","hexamod:FastForward"],"relics":["hexamod:SpiritBrand","Mercury Hourglass","Bag of Marbles","CaptainsWheel","expansioncontent:StudyCardRelic","downfall:HeartBlessingGreen","Ornamental Fan","hexamod:IceCube","downfall:HeartBlessingBlue","War Paint","downfall:GremlinWheel","downfall:HeartBlessingRed","Art of War"],"acts_visited":["Exordium","TheCity","TheBeyond"],"potions_floor_usage":[42,43,46,47,48],"damage_taken":[{"damage":7.0,"enemies":"Small Slimes","floor":2.0,"turns":4.0},{"damage":0.0,"enemies":"Cultist","floor":3.0,"turns":3.0},{"damage":0.0,"enemies":"2 Louse","floor":5.0,"turns":3.0},{"damage":0.0,"enemies":"downfall:FleeingMerchant","floor":6.0,"turns":4.0},{"damage":1.0,"enemies":"Gremlin Nob","floor":8.0,"turns":3.0},{"damage":0.0,"enemies":"Blue Slaver","floor":9.0,"turns":2.0},{"damage":0.0,"enemies":"2 Fungi Beasts","floor":11.0,"turns":3.0},{"damage":0.0,"enemies":"3 Sentries","floor":14.0,"turns":4.0},{"damage":0.0,"enemies":"Exordium Thugs","floor":15.0,"turns":3.0},{"damage":21.0,"enemies":"downfall:Silent","floor":16.0,"turns":8.0},{"damage":0.0,"enemies":"Chosen","floor":19.0,"turns":3.0},{"damage":8.0,"enemies":"Snake Plant","floor":21.0,"turns":3.0},{"damage":0.0,"enemies":"3 Cultists","floor":23.0,"turns":3.0},{"damage":0.0,"enemies":"Centurion and Healer","floor":27.0,"turns":4.0},{"damage":3.0,"enemies":"Snake Plant","floor":30.0,"turns":4.0},{"damage":0.0,"enemies":"Chosen and Byrds","floor":31.0,"turns":4.0},{"damage":4.0,"enemies":"Shelled Parasite and Fungi","floor":32.0,"turns":4.0},{"damage":15.0,"enemies":"downfall:Defect","floor":33.0,"turns":10.0},{"damage":0,"enemies":"3 Shapes","floor":36,"turns":5},{"damage":5,"enemies":"3 Darklings","floor":39,"turns":5},{"damage":0,"enemies":"3 Darklings","floor":42,"turns":3},{"damage":1,"enemies":"Sphere and 2 Shapes","floor":43,"turns":5},{"damage":9,"enemies":"Reptomancer","floor":45,"turns":6},{"damage":0,"enemies":"downfall:FleeingMerchant","floor":46,"turns":4},{"damage":7,"enemies":"Maw","floor":47,"turns":6},{"damage":0,"enemies":"3 Darklings","floor":48,"turns":4},{"damage":8,"enemies":"Transient","floor":49,"turns":7},{"damage":0,"enemies":"downfall:Watcher","floor":50,"turns":11}],"seed_played":"-4812484882134019606","potions_obtained":[{"floor":2.0,"key":"DuplicationPotion"},{"floor":4.0,"key":"Fire Potion"},{"floor":8.0,"key":"ColorlessPotion"},{"floor":14.0,"key":"Guardian:BlockOnCardUsePotion"},{"floor":16.0,"key":"FearPotion"},{"floor":30.0,"key":"SkillPotion"},{"floor":31.0,"key":"Ancient Potion"},{"floor":42,"key":"Strength Potion"},{"floor":47,"key":"Fire Potion"},{"floor":48,"key":"GamblersBrew"}],"is_trial":false,"path_per_floor":["R","M","M","?","M","$","T","E","M","R","M","?","R","E","M","B",null,"R","M","?","M","?","M","T","T","R","M","R","?","M","M","M","B",null,"R","M","?","?","M","R","T","?","M","R","E","$","M","M","M","B",null],"character_chosen":"THE_SPIRIT","items_purchased":["Fruit Juice","Regen Potion"],"campfire_rested":0,"item_purchase_floors":[46,46],"current_hp_per_floor":[57,50,50,50,50,50,50,49,49,49,49,49,49,49,49,28,50,50,50,50,42,42,42,42,42,42,42,42,42,39,39,35,20,48,48,48,38,26,21,31,31,31,30,30,21,26,34,34,26,26],"gold":84,"neow_bonus":"TRANSFORM_TWO_CARDS","is_daily":false,"chose_seed":false,"campfire_upgraded":8,"win_rate":0.0,"timestamp":1609938358,"path_taken":["R","M","M","?","?","?","T","E","?","R","M","?","R","E","M","BOSS","R","M","?","M","?","M","T","?","R","M","R","?","M","?","M","BOSS","R","M","?","?","?","R","T","?","M","R","E","$","M","M","M","BOSS"],"items_purchased_type":["Potion","Potion"],"build_version":"2020-12-22","purchased_purges":2,"victory":true,"max_hp_per_floor":[57,57,57,57,57,57,57,57,57,57,57,57,57,57,57,57,57,57,57,57,57,57,57,57,57,57,57,57,57,57,57,57,57,57,57,57,57,57,57,67,67,67,67,67,67,72,72,72,72,72],"relic_stats":{"counters":[28,128],"Ornamental Fan":[96],"Art of War":[4],"War Paint":["hexamod:Defend","hexamod:Sear"],"obtain_stats":[{"downfall:HeartBlessingRed":44,"downfall:HeartBlessingGreen":18,"expansioncontent:StudyCardRelic":17,"War Paint":41,"Mercury Hourglass":7,"CaptainsWheel":14,"downfall:GremlinWheel":42,"Ornamental Fan":25,"downfall:HeartBlessingBlue":40,"Bag of Marbles":8,"Art of War":45,"hexamod:SpiritBrand":0,"hexamod:IceCube":34},{"downfall:HeartBlessingRed":22,"downfall:HeartBlessingGreen":10,"expansioncontent:StudyCardRelic":10,"War Paint":20,"Mercury Hourglass":4,"CaptainsWheel":8,"downfall:GremlinWheel":21,"Ornamental Fan":13,"downfall:HeartBlessingBlue":20,"Bag of Marbles":5,"Art of War":23,"hexamod:SpiritBrand":0,"hexamod:IceCube":18},{"downfall:HeartBlessingRed":90,"downfall:HeartBlessingGreen":37,"expansioncontent:StudyCardRelic":37,"War Paint":82,"Mercury Hourglass":14,"CaptainsWheel":26,"downfall:GremlinWheel":85,"Ornamental Fan":46,"downfall:HeartBlessingBlue":82,"Bag of Marbles":17,"Art of War":96,"hexamod:SpiritBrand":0,"hexamod:IceCube":72}],"Mercury Hourglass":[384]},"card_choices":[{"not_picked":["hexamod:NightmareStrike","hexamod:FastForward"],"picked":"hexamod:Rewind","floor":2.0},{"not_picked":["hexamod:NightmareGuise","hexamod:SwordOfDarkness"],"picked":"hexamod:Hexaguard","floor":3.0},{"not_picked":["hexamod:ThermalTransfer","hexamod:PhantomFireball"],"picked":"hexamod:HauntingEcho","floor":5.0},{"not_picked":["hexamod:Again","hexamod:GhostOfSpirePresent"],"picked":"hexamod:AdvancingGuard","floor":6.0},{"not_picked":["hexamod:InspiringFlames","hexamod:FastForward"],"picked":"hexamod:StepThrough","floor":8.0},{"not_picked":["hexamod:SuperheatedStrike","hexamod:FastForward"],"picked":"hexamod:SkipABeat","floor":9.0},{"not_picked":["hexamod:NightmareGuise","hexamod:Firestarter"],"picked":"hexamod:ShieldOfDarkness","floor":11.0},{"not_picked":["hexamod:AdvancingGuard","hexamod:DynamicBlow"],"picked":"hexamod:RainOfEmbers","floor":14.0},{"not_picked":["hexamod:ShieldOfDarkness","hexamod:ChargedBarrage"],"picked":"hexamod:GiftsFromTheDead","floor":15.0},{"not_picked":["hexamod:CrushingStance","hexamod:GiftsFromTheDead"],"picked":"hexamod:ApocalypticArmor","floor":16.0},{"not_picked":["hexamod:NightmareGuise","hexamod:RainOfEmbers","hexamod:GhostOfSpirePresent"],"picked":"SKIP","floor":19.0},{"not_picked":["hexamod:NightmareGuise","hexamod:RainOfEmbers","hexamod:GhostOfSpirePresent"],"picked":"SKIP","floor":19.0},{"not_picked":["hexamod:NightmareGuise","hexamod:RainOfEmbers","hexamod:GhostOfSpirePresent"],"picked":"SKIP","floor":19.0},{"not_picked":["hexamod:GhostLash","hexamod:BurningTouch+1"],"picked":"hexamod:Hexaguard+1","floor":21.0},{"not_picked":["hexamod:PowerFromBeyond","hexamod:Hexaguard","hexamod:PhantomCloak"],"picked":"SKIP","floor":23.0},{"not_picked":["hexamod:BurningTouch","hexamod:GhostflameBarrier"],"picked":"hexamod:GhostLash+1","floor":27.0},{"not_picked":["hexamod:RainOfEmbers","hexamod:NightmareGuise","hexamod:HauntingEcho+1"],"picked":"SKIP","floor":30.0},{"not_picked":["hexamod:HeatCrush","hexamod:SkipABeat","hexamod:ShieldOfDarkness"],"picked":"SKIP","floor":31.0},{"not_picked":["hexamod:RainOfEmbers","hexamod:InspiringFlames"],"picked":"hexamod:NightmareGuise+1","floor":32.0},{"not_picked":["hexamod:GiftsFromTheDead","hexamod:Toasty"],"picked":"hexamod:HexaLevel","floor":33.0},{"not_picked":["hexamod:NightmareStrike","hexamod:SwordOfDarkness"],"picked":"hexamod:InspiringFlames+1","floor":36},{"not_picked":["expansioncontent:DefensiveMode","expansioncontent:GoopSpray"],"picked":"expansioncontent:DefensiveStance","floor":37},{"not_picked":["hexamod:InspiringFlames+1","hexamod:ThermalTransfer","hexamod:SuperheatedStrike"],"picked":"SKIP","floor":39},{"not_picked":["hexamod:SpectersWail+1","hexamod:GhostLash"],"picked":"hexamod:NecessarySacrifice","floor":43},{"not_picked":["hexamod:EmpoweringStance","hexamod:GhostOfSpirePresent"],"picked":"hexamod:SixthSeal","floor":45},{"not_picked":["hexamod:UnleashSpirits","hexamod:SpectralAdrenaline"],"picked":"hexamod:PowerFromBeyond+1","floor":46},{"not_picked":["hexamod:SwordOfDarkness","hexamod:GhostLash","hexamod:NightmareGuise"],"picked":"SKIP","floor":47},{"not_picked":["hexamod:FirstSeal","hexamod:GhostLash"],"picked":"hexamod:FastForward","floor":48},{"not_picked":["hexamod:Firestarter","hexamod:RainOfEmbers","hexamod:NightmareStrike"],"picked":"SKIP","floor":49}],"player_experience":2926476,"relics_obtained":[{"floor":7.0,"key":"Mercury Hourglass"},{"floor":8.0,"key":"Bag of Marbles"},{"floor":14.0,"key":"CaptainsWheel"},{"floor":25.0,"key":"Ornamental Fan"},{"floor":41,"key":"War Paint"},{"floor":42,"key":"downfall:GremlinWheel"},{"floor":45,"key":"Art of War"}],"event_choices":[{"damage_healed":0.0,"max_hp_gain":0.0,"max_hp_loss":0.0,"gold_gain":0.0,"event_name":"Lab","player_choice":"Got Potions","floor":4.0,"gold_loss":0.0,"damage_taken":0.0},{"damage_healed":0.0,"max_hp_gain":0.0,"max_hp_loss":0.0,"gold_gain":0.0,"event_name":"Vampires","player_choice":"Ignored","floor":20.0,"gold_loss":0.0,"damage_taken":0.0}],"is_beta":false,"boss_relics":[{"not_picked":["Busted Crown","Ectoplasm"],"picked":"expansioncontent:StudyCardRelic"},{"not_picked":["Cursed Key","SlaversCollar"],"picked":"hexamod:IceCube"}],"items_purged_floors":[6,46],"is_endless":false,"potions_floor_spawned":[2,5,8,14,16,30,31,32,42,47,48],"ascension_level":20}}