{"host":"1hzg86ju9fvxh562","time":1609959851,"event":{"mods":["AchievementEnabler","Act Like it!","AlwaysNeverKeys","BaseMod","Bestiary","Better Altar","Better Match","Better Note","Better Sensory Stone","Better Skull","Better Third Choice","Colored Map","Colored Powertips","Curses Come First","Displayed Cursed Tome","Filter the Spire","Highlight Path","Keyboard Shortcuts","Minty Spire (QoL Compilation)","Rare Cards Sparkle","Relic Sorter","Relic Stats","Spicy Shops","StSLib","everything is the same but u backflip on backflip","slay the spire mod where everything is the same but ironclad has a cowboy hat"],"gold_per_floor":[119,294,524,543,68,101,101],"floor_reached":6,"playtime":177,"items_purged":["Doubt"],"score":44,"play_id":"82d9e368-1df2-46f0-848b-fab0a146b993","local_time":"20210106170411","is_ascension_mode":false,"campfire_choices":[],"circlet_count":0,"master_deck":["Strike_P","Strike_P+1","Strike_P","Strike_P","Defend_P+1","Defend_P+1","Defend_P","Defend_P","Eruption","Vigilance","Crescendo","LessonLearned"],"relics":["Philosopher\u0027s Stone","Lee\u0027s Waffle","Potion Belt"],"acts_visited":["Exordium"],"potions_floor_usage":[6],"damage_taken":[{"damage":3,"enemies":"Small Slimes","floor":1,"turns":3},{"damage":0,"enemies":"Cultist","floor":4,"turns":2},{"damage":3,"enemies":"Lagavulin","floor":6,"turns":5}],"seed_played":"6610850310423652336","potions_obtained":[{"floor":1,"key":"FearPotion"},{"floor":6,"key":"SpeedPotion"}],"is_trial":false,"path_per_floor":["M","?","?","M","$","E"],"character_chosen":"WATCHER","items_purchased":["LessonLearned","Lee\u0027s Waffle"],"campfire_rested":0,"item_purchase_floors":[5,5],"current_hp_per_floor":[69,69,16,16,79,76,76],"gold":101,"neow_bonus":"BOSS_RELIC","is_daily":false,"chose_seed":false,"campfire_upgraded":0,"win_rate":0.0,"timestamp":1609959851,"path_taken":["M","?","?","?","$","E"],"items_purchased_type":["Card","Relic"],"build_version":"2020-12-22","purchased_purges":1,"victory":false,"max_hp_per_floor":[72,72,72,72,79,79,79],"relic_stats":{"Lee\u0027s Waffle":63,"counters":[3,10],"obtain_stats":[{"Potion Belt":6,"Lee\u0027s Waffle":5,"Philosopher\u0027s Stone":0,"PureWater":0},{"Potion Belt":3,"Lee\u0027s Waffle":2,"Philosopher\u0027s Stone":0,"PureWater":0},{"Potion Belt":10,"Lee\u0027s Waffle":5,"Philosopher\u0027s Stone":0,"PureWater":0}]},"card_choices":[{"not_picked":["ReachHeaven","Fasting2"],"picked":"Crescendo","floor":1},{"not_picked":["Crescendo","EmptyFist","Evaluate"],"picked":"SKIP","floor":4}],"player_experience":438169,"relics_obtained":[{"floor":6,"key":"Potion Belt"}],"event_choices":[{"damage_healed":0,"gold_gain":175,"player_choice":"AGREE","damage_taken":119,"max_hp_gain":0,"max_hp_loss":0,"event_name":"betterThird:BetterSerpent","floor":2,"gold_loss":0},{"damage_healed":0,"gold_gain":230,"player_choice":"UP UP UP GO GO ","damage_taken":61,"relics_obtained":[],"max_hp_gain":0,"max_hp_loss":0,"event_name":"betterSkull:BetterSkull","floor":3,"gold_loss":0,"cards_upgraded":["Defend_P","Defend_P","Strike_P"]}],"is_beta":false,"boss_relics":[],"items_purged_floors":[5],"is_endless":false,"potions_floor_spawned":[1,6],"killed_by":"Lagavulin","ascension_level":0}}