{"host":"mydft8i2zzydgggw","time":1609936456,"event":{"mods":["AchievementEnabler","BaseMod","BetterRewards","Colored Map","Colored Powertips","DeckTracker","Keyboard Shortcuts","Minty Spire (QoL Compilation)","Quick Restart","Rare Cards Sparkle","StSLib","SuperFastMode","The Poker Player","everything is the same but u backflip on backflip"],"gold_per_floor":[116,116,133,149,161,161,178,178,178,191,201,201,21,52,52,147,147,160,176,376,392,409,409,426,451,475,493,47,147,147,157,157,258,258,270,281,291,291,29,62,62,112,112,112,132,132,159,171,171,171,171,171,14,47,47,47],"floor_reached":55,"playtime":1992,"items_purged":["Strike_G","Strike_G","Defend_G"],"score":1060,"play_id":"8c9d3858-9b53-4e0d-a77a-68e3f82eba44","local_time":"20210106213416","is_ascension_mode":true,"campfire_choices":[{"data":"Adrenaline","floor":6,"key":"SMITH"},{"floor":12,"key":"REST"},{"data":"Venomology","floor":15,"key":"SMITH"},{"data":"Blade Dance","floor":23,"key":"SMITH"},{"floor":30,"key":"DIG"},{"floor":32,"key":"DIG"},{"floor":41,"key":"DIG"},{"floor":44,"key":"DIG"},{"floor":49,"key":"RECALL"},{"floor":52,"key":"DIG"}],"circlet_count":0,"master_deck":["Strike_G+1","Defend_G","Defend_G","Defend_G+1","Survivor","Neutralize+1","Adrenaline+1","Calculated Gamble","Blade Dance+1","Venomology+1","Accuracy","Blade Dance","Die Die Die+1","Bane+1","Terror+1","Burst+1","Reflex","Adrenaline+1","Acrobatics"],"relics":["Ring of the Snake","NeowsBlessing","The Courier","Eternal Feather","Darkstone Periapt","Astrolabe","Shuriken","MealTicket","Membership Card","Meat on the Bone","Happy Flower","Whetstone","Bag of Preparation","Shovel","Gremlin Horn","Ice Cream","Centennial Puzzle","Black Star","Vajra","Pear","Question Card","Anchor","Orichalcum","FossilizedHelix","Lantern","War Paint","Strawberry","Ninja Scroll","Akabeko","Bottled Tornado","Toy Ornithopter","White Beast Statue"],"acts_visited":["Exordium","TheCity","TheBeyond","TheEnding"],"potions_floor_usage":[5,14,14,16,16,18,19,21,21,22,22,22,24,24,25,25,25,25,27,29,29,31,33,33,37,37,40,40,42,42,42,45,47,47,50,50,50,50,54,55],"damage_taken":[{"damage":0,"enemies":"Small Slimes","floor":1,"turns":1},{"damage":0,"enemies":"Jaw Worm","floor":3,"turns":1},{"damage":0,"enemies":"Cultist","floor":4,"turns":1},{"damage":19,"enemies":"Large Slime","floor":5,"turns":7},{"damage":14,"enemies":"Lots of Slimes","floor":7,"turns":5},{"damage":8,"enemies":"3 Louse","floor":10,"turns":5},{"damage":0,"enemies":"2 Fungi Beasts","floor":11,"turns":3},{"damage":0,"enemies":"3 Sentries","floor":14,"turns":5},{"damage":17,"enemies":"Hexaghost","floor":16,"turns":8},{"damage":0,"enemies":"Shell Parasite","floor":18,"turns":2},{"damage":2,"enemies":"Chosen","floor":19,"turns":4},{"damage":18,"enemies":"Snake Plant","floor":21,"turns":4},{"damage":4,"enemies":"Chosen and Byrds","floor":22,"turns":4},{"damage":12,"enemies":"Snecko","floor":24,"turns":4},{"damage":0,"enemies":"Book of Stabbing","floor":25,"turns":3},{"damage":8,"enemies":"3 Cultists","floor":27,"turns":3},{"damage":10,"enemies":"Colosseum Slavers","floor":29,"turns":2},{"damage":0,"enemies":"Colosseum Nobs","floor":29,"turns":1},{"damage":0,"enemies":"Centurion and Healer","floor":31,"turns":1},{"damage":0,"enemies":"Collector","floor":33,"turns":3},{"damage":0,"enemies":"3 Darklings","floor":35,"turns":1},{"damage":0,"enemies":"3 Shapes","floor":36,"turns":1},{"damage":0,"enemies":"Transient","floor":37,"turns":5},{"damage":0,"enemies":"Giant Head","floor":40,"turns":1},{"damage":1,"enemies":"Mind Bloom Boss Battle","floor":42,"turns":2},{"damage":0,"enemies":"Jaw Worm Horde","floor":45,"turns":1},{"damage":0,"enemies":"Nemesis","floor":47,"turns":1},{"damage":0,"enemies":"4 Shapes","floor":48,"turns":1},{"damage":87,"enemies":"Time Eater","floor":50,"turns":10},{"damage":30,"enemies":"Shield and Spear","floor":54,"turns":3},{"damage":91,"enemies":"The Heart","floor":55,"turns":3}],"seed_played":"6775770716346788193","potions_obtained":[{"floor":3,"key":"SkillPotion"},{"floor":14,"key":"Swift Potion"},{"floor":16,"key":"CunningPotion"},{"floor":19,"key":"Weak Potion"},{"floor":21,"key":"LiquidMemories"},{"floor":22,"key":"Weak Potion"},{"floor":24,"key":"EssenceOfSteel"},{"floor":31,"key":"Fire Potion"},{"floor":36,"key":"Poison Potion"},{"floor":37,"key":"CunningPotion"},{"floor":42,"key":"Dexterity Potion"}],"is_trial":false,"path_per_floor":["M","?","M","M","M","R","M","?","T","M","M","R","$","E","R","B",null,"M","M","?","M","M","R","M","E","T","M","$","?","R","M","R","B",null,"M","M","M","?","$","E","R","?","T","R","M","?","E","M","R","B",null,"R","$","E","B"],"character_chosen":"THE_SILENT","items_purchased":["Accuracy","Blade Dance","Explosive Potion","Membership Card","Meat on the Bone","Happy Flower","Whetstone","Bag of Preparation","Vajra","Pear","Strength Potion","SpeedPotion","Akabeko","Bottled Tornado"],"campfire_rested":1,"item_purchase_floors":[13,13,13,28,28,28,28,28,39,39,39,39,53,53],"current_hp_per_floor":[70,56,56,56,37,37,23,16,16,8,8,38,38,38,47,30,70,70,68,68,50,46,55,43,43,43,35,50,40,49,49,58,58,70,70,70,70,66,76,76,76,75,75,76,76,76,83,83,83,29,83,83,83,53,0,0],"gold":47,"neow_bonus":"THREE_ENEMY_KILL","is_daily":false,"chose_seed":false,"campfire_upgraded":3,"win_rate":0.0,"timestamp":1609936456,"path_taken":["M","?","M","M","M","R","M","?","T","?","M","R","$","E","R","BOSS","M","?","?","M","M","R","?","E","T","M","$","?","R","M","R","BOSS","M","M","M","?","$","E","R","?","T","R","M","?","E","?","R","BOSS","R","$","E","BOSS"],"items_purchased_type":["Card","Card","Potion","Relic","Relic","Relic","Relic","Relic","Relic","Relic","Potion","Potion","Relic","Relic"],"build_version":"2020-12-22","purchased_purges":3,"victory":false,"max_hp_per_floor":[70,70,70,70,70,70,70,70,70,70,70,70,70,70,70,70,70,70,70,70,70,70,70,70,70,70,70,70,70,70,70,70,70,70,70,70,70,66,76,76,76,76,76,76,76,76,83,83,83,83,83,83,83,83,83,83],"card_choices":[{"not_picked":["Deadly Poison","Flying Knee","PiercingWail"],"picked":"SKIP","floor":1},{"not_picked":["Backflip","Expertise"],"picked":"Adrenaline","floor":3},{"not_picked":["Riddle With Holes","PiercingWail"],"picked":"Calculated Gamble","floor":4},{"not_picked":["Flying Knee","Finisher","Dagger Spray"],"picked":"SKIP","floor":5},{"not_picked":["Noxious Fumes","Flechettes","Cloak And Dagger"],"picked":"SKIP","floor":7},{"not_picked":["Poisoned Stab","Flechettes"],"picked":"Blade Dance","floor":10},{"not_picked":["Finisher","Outmaneuver"],"picked":"Venomology","floor":11},{"not_picked":["Doppelganger","Night Terror","Quick Slash"],"picked":"SKIP","floor":14},{"not_picked":["Night Terror","Venomology"],"picked":"Die Die Die","floor":16},{"not_picked":["Slice","Blade Dance","Underhanded Strike"],"picked":"SKIP","floor":18},{"not_picked":["Flying Knee","Sucker Punch","Cloak And Dagger"],"picked":"SKIP","floor":19},{"not_picked":["Poisoned Stab","Outmaneuver","Bullet Time"],"picked":"SKIP","floor":21},{"not_picked":["Dodge and Roll+1","Underhanded Strike","Dagger Spray+1"],"picked":"SKIP","floor":22},{"not_picked":["Underhanded Strike","Dagger Throw+1"],"picked":"Reflex","floor":24},{"not_picked":["Setup","Caltrops","Sucker Punch"],"picked":"SKIP","floor":25},{"not_picked":["Outmaneuver","Distraction"],"picked":"Adrenaline","floor":27},{"not_picked":["Endless Agony","PiercingWail","Dagger Spray"],"picked":"SKIP","floor":31},{"not_picked":["Quick Slash","Deadly Poison+1","Crippling Poison+1"],"picked":"SKIP","floor":35},{"not_picked":["Slice","Dodge and Roll"],"picked":"Acrobatics","floor":36},{"not_picked":["Cloak And Dagger","Quick Slash+1","Poisoned Stab"],"picked":"SKIP","floor":37},{"not_picked":["Sucker Punch+1","Dagger Spray","Concentrate"],"picked":"SKIP","floor":40},{"not_picked":["Dodge and Roll","A Thousand Cuts","Flechettes+1","Deadly Poison"],"picked":"SKIP","floor":45},{"not_picked":["Outmaneuver+1","Well Laid Plans","Unload","Deflect"],"picked":"SKIP","floor":47},{"not_picked":["Terror+1","Deflect","Well Laid Plans","Reflex+1"],"picked":"SKIP","floor":48},{"not_picked":["Riddle With Holes+1","Cloak And Dagger+1","Bane+1","Eviscerate+1"],"picked":"SKIP","floor":54}],"player_experience":112197,"relics_obtained":[{"floor":9,"key":"Eternal Feather"},{"floor":14,"key":"Darkstone Periapt"},{"floor":25,"key":"Shuriken"},{"floor":26,"key":"MealTicket"},{"floor":29,"key":"Shovel"},{"floor":29,"key":"Gremlin Horn"},{"floor":30,"key":"Ice Cream"},{"floor":32,"key":"Centennial Puzzle"},{"floor":40,"key":"Question Card"},{"floor":40,"key":"Anchor"},{"floor":41,"key":"Orichalcum"},{"floor":42,"key":"FossilizedHelix"},{"floor":44,"key":"Lantern"},{"floor":47,"key":"War Paint"},{"floor":47,"key":"Strawberry"},{"floor":52,"key":"Ninja Scroll"},{"floor":54,"key":"Toy Ornithopter"},{"floor":54,"key":"White Beast Statue"}],"event_choices":[{"damage_healed":0,"gold_gain":0,"player_choice":"Entered Light","damage_taken":14,"max_hp_gain":0,"max_hp_loss":0,"event_name":"Shining Light","floor":2,"gold_loss":0,"cards_upgraded":["Neutralize","Strike_G"]},{"damage_healed":0,"gold_gain":0,"player_choice":"Success","damage_taken":7,"relics_obtained":["The Courier"],"max_hp_gain":0,"max_hp_loss":0,"event_name":"Scrap Ooze","floor":8,"gold_loss":0},{"damage_healed":0,"gold_gain":200,"player_choice":"Gold","damage_taken":0,"max_hp_gain":0,"max_hp_loss":0,"event_name":"Wheel of Change","floor":20,"gold_loss":0},{"damage_healed":0,"gold_gain":0,"player_choice":"Fight","damage_taken":0,"max_hp_gain":0,"max_hp_loss":0,"event_name":"Colosseum","floor":29,"gold_loss":0},{"damage_healed":0,"gold_gain":0,"player_choice":"Fought Nobs","damage_taken":0,"max_hp_gain":0,"max_hp_loss":0,"event_name":"Colosseum","floor":29,"gold_loss":0},{"damage_healed":0,"gold_gain":0,"player_choice":"Max HP","damage_taken":0,"max_hp_gain":0,"max_hp_loss":4,"event_name":"Winding Halls","floor":38,"gold_loss":0},{"damage_healed":0,"gold_gain":0,"player_choice":"Fight","damage_taken":0,"max_hp_gain":0,"max_hp_loss":0,"event_name":"MindBloom","floor":42,"gold_loss":0},{"damage_healed":0,"gold_gain":0,"player_choice":"0 cards matched","damage_taken":0,"max_hp_gain":0,"max_hp_loss":0,"event_name":"Match and Keep!","floor":46,"gold_loss":0,"cards_obtained":[]}],"is_beta":false,"boss_relics":[{"not_picked":["Ring of the Serpent","Coffee Dripper"],"picked":"Astrolabe"},{"not_picked":["Runic Dome","Busted Crown"],"picked":"Black Star"}],"items_purged_floors":[13,28,39],"is_endless":false,"potions_floor_spawned":[3,14,16,19,21,22,24,31,36,37,42],"killed_by":"The Heart","ascension_level":3}}