{"host":"z6we5vlunze04bxn","time":1609904625,"event":{"mods":["BaseMod","Colored Map","Colored Powertips","DeckTracker","Minty Spire (QoL Compilation)","SuperFastMode","UnlockEverythingMod","everything is the same but u backflip on backflip"],"gold_per_floor":[112,112,112,37,37,37,62,62,62,7,27,38,38,51,51,51,51],"floor_reached":16,"playtime":351,"items_purged":["Strike_G"],"score":246,"play_id":"6dd2ced1-dd5b-44dc-996a-94462cd36408","local_time":"20210106114345","is_ascension_mode":true,"campfire_choices":[{"floor":6.0,"key":"REST"},{"data":"Tactician","floor":8.0,"key":"SMITH"},{"floor":15.0,"key":"REST"}],"circlet_count":0,"master_deck":["AscendersBane","Strike_G+1","Strike_G","Strike_G","Strike_G","Defend_G","Defend_G","Defend_G","Defend_G","Defend_G+1","Survivor","Neutralize","Tactician+1","Dagger Spray+1","Quick Slash+1"],"relics":["Ring of the Snake","NeowsBlessing","Gambling Chip","Ancient Tea Set","Tiny Chest","Molten Egg 2"],"acts_visited":["Exordium"],"potions_floor_usage":[16],"damage_taken":[{"damage":0.0,"enemies":"Small Slimes","floor":1.0,"turns":1.0},{"damage":0.0,"enemies":"3 Sentries","floor":7.0,"turns":1.0},{"damage":0.0,"enemies":"Jaw Worm","floor":11.0,"turns":1.0},{"damage":11.0,"enemies":"Cultist","floor":12.0,"turns":6.0},{"damage":0.0,"enemies":"2 Fungi Beasts","floor":14.0,"turns":3.0},{"damage":63,"enemies":"The Guardian","floor":16,"turns":11}],"seed_played":"3767990040396219496","potions_obtained":[{"floor":1.0,"key":"SpeedPotion"},{"floor":14.0,"key":"Fruit Juice"}],"is_trial":false,"path_per_floor":["M","?","?","$","?","R","E","R","T","$","M","M","?","M","R","B"],"character_chosen":"THE_SILENT","items_purchased":["Swift Potion"],"campfire_rested":2,"item_purchase_floors":[10],"current_hp_per_floor":[59,24,4,4,4,23,23,23,23,23,23,12,12,12,38,0,0],"gold":51,"neow_bonus":"THREE_ENEMY_KILL","is_daily":false,"chose_seed":false,"campfire_upgraded":1,"win_rate":0.0,"timestamp":1609904625,"path_taken":["M","?","?","$","?","R","E","R","T","$","?","M","?","?","R","BOSS"],"items_purchased_type":["Potion"],"build_version":"2020-12-22","purchased_purges":1,"victory":false,"max_hp_per_floor":[66,66,66,66,66,66,66,66,66,66,66,66,66,66,71,71,71],"card_choices":[{"not_picked":["Skewer","Heel Hook"],"picked":"Backstab","floor":1.0},{"not_picked":["Endless Agony","Skewer"],"picked":"Tactician","floor":7.0},{"not_picked":["Infinite Blades","Dodge and Roll","Caltrops"],"picked":"SKIP","floor":11.0},{"not_picked":["Infinite Blades","Dodge and Roll","Caltrops"],"picked":"SKIP","floor":11.0},{"not_picked":["Outmaneuver","Sucker Punch+1"],"picked":"Dagger Spray+1","floor":12.0},{"not_picked":["Calculated Gamble","Skewer+1"],"picked":"Quick Slash+1","floor":14.0}],"player_experience":255607,"relics_obtained":[{"floor":7.0,"key":"Tiny Chest"},{"floor":9.0,"key":"Molten Egg 2"}],"event_choices":[{"damage_healed":0.0,"max_hp_gain":0.0,"max_hp_loss":0.0,"gold_gain":0.0,"event_name":"Scrap Ooze","player_choice":"Success","floor":2.0,"gold_loss":0.0,"damage_taken":35.0,"relics_obtained":["Gambling Chip"]},{"damage_healed":0.0,"max_hp_gain":0.0,"max_hp_loss":0.0,"gold_gain":0.0,"event_name":"Shining Light","player_choice":"Entered Light","floor":3.0,"gold_loss":0.0,"damage_taken":20.0,"cards_upgraded":["Strike_G","Defend_G"]},{"cards_removed":["Backstab"],"damage_healed":0.0,"max_hp_gain":0.0,"max_hp_loss":0.0,"gold_gain":0.0,"event_name":"WeMeetAgain","player_choice":"Gave Card","floor":5.0,"gold_loss":0.0,"damage_taken":0.0,"relics_obtained":["Ancient Tea Set"]},{"damage_healed":0.0,"max_hp_gain":0.0,"max_hp_loss":0.0,"gold_gain":0.0,"event_name":"Match and Keep!","player_choice":"0 cards matched","floor":13.0,"gold_loss":0.0,"damage_taken":0.0,"cards_obtained":[]}],"is_beta":false,"boss_relics":[],"items_purged_floors":[4],"is_endless":false,"potions_floor_spawned":[1,11,14],"killed_by":"The Guardian","ascension_level":20}}