{"host":"ecaj4hn004xnnrw9","time":1609957024,"event":{"mods":["AchievementEnabler","BaseMod","Hermit","Minty Spire (QoL Compilation)","Quick Restart","Replay The Spire","Shop Mod","StSLib","The Jungle"],"gold_per_floor":[112,132,151,151,165,165,181,216,216,247,258,258,291,309,309,406,406,423,54,54,54,73,101,101,130,157,205,205,205,240,291,291,398,398,432,6,29,29,0,0,34,34,34,75,75,107,164,164,164,180],"floor_reached":51,"playtime":3996,"items_purged":["Strike_R","Strike_R"],"score":1237,"play_id":"d099ae5f-38b4-4aec-9068-55ded156cec0","local_time":"20210106181704","is_ascension_mode":true,"campfire_choices":[{"data":"Bash","floor":6,"key":"SMITH"},{"floor":15,"key":"REST"},{"data":"ReplayTheSpireMod:Limb From Limb","floor":24,"key":"SMITH"},{"data":"ReplayTheSpireMod:LeadingStrike","floor":28,"key":"SMITH"},{"data":"J.A.X.","floor":28,"key":"SMITH"},{"data":"Strike_R","floor":32,"key":"PURGE"},{"data":"Secret Weapon","floor":40,"key":"SMITH"},{"data":"Double Tap","floor":40,"key":"SMITH"},{"data":"Amnesia","floor":45,"key":"PURGE"},{"data":"Flame Barrier","floor":49,"key":"SMITH"},{"data":"Shockwave","floor":49,"key":"SMITH"}],"circlet_count":0,"master_deck":["AscendersBane","Strike_R","Defend_R","Defend_R","Defend_R","Defend_R","Bash+1","Wild Strike","Fire Breathing","ReplayTheSpireMod:Corrosion Curse","Run Through","ReplayTheSpireMod:Limb From Limb+1","ReplayTheSpireMod:LeadingStrike+1","Flame Barrier+1","Pommel Strike+1","Hemogenesis+1","Shockwave+1","Double Tap+1","AbeCurse","Spot Weakness","Pummel+1","Combust","J.A.X.+1","Hemogenesis+1","Massacre+1","Secret Weapon+1","Shrug It Off","Offering","Offering","Battle Trance+1"],"relics":["Burning Blood","NeowsBlessing","Orichalcum","Ancient Tea Set","Molten Egg 2","Replay:Multitool","Pocketwatch","Abe\u0027s Treasure","WarpedTongs","Ginger","Replay:Arrowhead","Replay:Bandana","Gambling Chip","Spirit Poop","Happy Flower","SlaversCollar","Membership Card","Red Mask","Ring of Hypnosis","ReplayTheSpireMod:Ring of Exchange","Sundial","Mummified Hand"],"acts_visited":["Exordium","TheCity","TheBeyond"],"potions_floor_usage":[8,10,13,14,16,23,23,31,31,47,50,50],"damage_taken":[{"damage":0,"enemies":"Jaw Worm","floor":1,"turns":1},{"damage":0,"enemies":"Small Slimes","floor":2,"turns":1},{"damage":0,"enemies":"Cultist","floor":3,"turns":1},{"damage":12,"enemies":"Looter","floor":5,"turns":3},{"damage":2,"enemies":"Gremlin Gang","floor":7,"turns":6},{"damage":28,"enemies":"Replay:BlueRogue","floor":8,"turns":5},{"damage":12,"enemies":"Gremlin Nob","floor":10,"turns":4},{"damage":9,"enemies":"2 Fungi Beasts","floor":11,"turns":4},{"damage":17,"enemies":"Lagavulin","floor":13,"turns":6},{"damage":12,"enemies":"Lots of Slimes","floor":14,"turns":5},{"damage":0,"enemies":"Slime Boss","floor":16,"turns":3},{"damage":5,"enemies":"3 Byrds","floor":18,"turns":5},{"damage":6,"enemies":"Spheric Guardian","floor":22,"turns":2},{"damage":19,"enemies":"Replay:Snechameleon","floor":23,"turns":4},{"damage":9,"enemies":"Gremlin Leader","floor":25,"turns":4},{"damage":43,"enemies":"Slavers","floor":27,"turns":4},{"damage":12,"enemies":"Snecko","floor":30,"turns":3},{"damage":6,"enemies":"Gremlin Leader","floor":31,"turns":4},{"damage":59,"enemies":"Automaton","floor":33,"turns":7},{"damage":23,"enemies":"3 Darklings","floor":35,"turns":4},{"damage":15,"enemies":"3 Shapes","floor":37,"turns":6},{"damage":22,"enemies":"Maw","floor":41,"turns":4},{"damage":38,"enemies":"Spire Growth","floor":44,"turns":4},{"damage":12,"enemies":"Transient","floor":46,"turns":5},{"damage":11,"enemies":"Nemesis","floor":47,"turns":5},{"damage":49,"enemies":"Awakened One","floor":50,"turns":7}],"seed_played":"2555548254004193936","potions_obtained":[{"floor":2,"key":"Fire Potion"},{"floor":3,"key":"Elixir"},{"floor":8,"key":"FearPotion"},{"floor":10,"key":"LiquidMemories"},{"floor":13,"key":"Weak Potion"},{"floor":14,"key":"LiquidMemories"},{"floor":18,"key":"Weak Potion"},{"floor":25,"key":"Fire Potion"},{"floor":27,"key":"Venom Potion"},{"floor":30,"key":"LifebloodPotion"},{"floor":33,"key":"Explosive Potion"},{"floor":41,"key":"Adrenaline Potion"}],"is_trial":false,"path_per_floor":["M","M","M","?","M","R","M","E","T","E","M","?","E","M","R","B",null,"M","$","?","?","M","E","R","E","T","E","R","?","M","E","R","B",null,"M","$","M","$","?","R","M","?","T","M","R","M","E","?","R","B",null],"character_chosen":"IRONCLAD","items_purchased":["DistilledChaos","Spot Weakness","Pummel+1","Combust","Membership Card","Secret Weapon","Shrug It Off","Offering","SkillPotion"],"campfire_rested":1,"item_purchase_floors":[19,19,19,19,36,36,36,36,36],"current_hp_per_floor":[78,80,80,73,67,67,71,49,49,43,40,33,22,24,48,54,74,80,80,80,80,80,78,78,75,75,49,49,49,51,59,59,28,67,61,61,63,63,63,63,55,55,55,37,37,53,64,56,56,49],"gold":180,"neow_bonus":"THREE_ENEMY_KILL","is_daily":false,"chose_seed":false,"campfire_upgraded":8,"win_rate":0.0,"timestamp":1609957024,"path_taken":["M","M","M","?","M","R","M","E","T","E","M","?","E","?","R","BOSS","M","$","?","?","?","E","R","E","T","E","R","?","M","E","R","BOSS","M","$","M","?","?","R","M","?","T","M","R","?","E","?","R","BOSS"],"items_purchased_type":["Potion","Card","Card","Card","Relic","Card","Card","Card","Potion"],"build_version":"2020-12-22","purchased_purges":2,"victory":true,"max_hp_per_floor":[80,80,80,80,80,80,80,80,80,80,80,80,80,80,80,80,80,80,80,80,80,80,80,80,80,80,80,80,80,80,80,80,80,80,80,80,80,80,80,80,80,80,80,80,80,80,80,80,80,80],"card_choices":[{"not_picked":["Clash","Dark Embrace"],"picked":"Wild Strike","floor":1},{"not_picked":["Anger","Twin Strike"],"picked":"Fire Breathing","floor":2},{"not_picked":["Thunderclap","Havoc"],"picked":"ReplayTheSpireMod:Corrosion Curse","floor":3},{"not_picked":["Warcry","Seeing Red"],"picked":"Run Through","floor":5},{"not_picked":["Sever Soul","Reckless Charge"],"picked":"ReplayTheSpireMod:Limb From Limb","floor":7},{"not_picked":["Thunderclap","Power Through"],"picked":"ReplayTheSpireMod:LeadingStrike","floor":8},{"not_picked":["Combust","Iron Wave+1"],"picked":"Flame Barrier","floor":10},{"not_picked":["Replay:Undeath\u0027s Touch+1","Wild Strike+1"],"picked":"Pommel Strike+1","floor":11},{"not_picked":["Massacre+1","Flex"],"picked":"Hemogenesis+1","floor":13},{"not_picked":["Cleave+1","True Grit"],"picked":"Shockwave","floor":14},{"not_picked":["Berserk","Replay:Many Hands"],"picked":"Double Tap","floor":16},{"not_picked":["Sword Boomerang+1","Twin Strike+1","Sever Soul+1"],"picked":"SKIP","floor":18},{"not_picked":["Iron Wave+1","Clash+1","Replay:Undeath\u0027s Touch+1"],"picked":"SKIP","floor":22},{"not_picked":["Heavy Blade+1","Dual Wield+1","Carnage+1"],"picked":"SKIP","floor":23},{"not_picked":["Thunderclap+1","Warcry"],"picked":"Hemogenesis+1","floor":25},{"not_picked":["Thunderclap+1","Cleave+1"],"picked":"Massacre+1","floor":27},{"not_picked":["ReplayTheSpireMod:Strike From Hell+1","Warcry","Eclipse"],"picked":"SKIP","floor":30},{"not_picked":["Abandon","Power Through","Warcry"],"picked":"SKIP","floor":31},{"not_picked":["Warcry","Body Slam+1","ReplayTheSpireMod:Strike From Hell+1"],"picked":"SKIP","floor":35},{"not_picked":["Headbutt+1","Replay:Undeath\u0027s Touch+1","Perfected Strike+1"],"picked":"SKIP","floor":37},{"not_picked":["Shrug It Off+1","ReplayTheSpireMod:Strike From Hell+1"],"picked":"Offering","floor":41},{"not_picked":["True Grit","Uppercut+1"],"picked":"Battle Trance+1","floor":44},{"not_picked":["Inflame","Abandon+1","Cleave+1"],"picked":"SKIP","floor":46},{"not_picked":["Thunderclap+1","Bludgeon+1","Twin Strike+1"],"picked":"SKIP","floor":47}],"player_experience":238145,"relics_obtained":[{"floor":8,"key":"Ancient Tea Set"},{"floor":9,"key":"Molten Egg 2"},{"floor":10,"key":"Replay:Multitool"},{"floor":13,"key":"Pocketwatch"},{"floor":23,"key":"Ginger"},{"floor":25,"key":"Replay:Arrowhead"},{"floor":26,"key":"Replay:Bandana"},{"floor":27,"key":"Gambling Chip"},{"floor":31,"key":"Happy Flower"},{"floor":42,"key":"Ring of Hypnosis"},{"floor":42,"key":"ReplayTheSpireMod:Ring of Exchange"},{"floor":43,"key":"Sundial"},{"floor":47,"key":"Mummified Hand"}],"event_choices":[{"damage_healed":0,"gold_gain":0,"player_choice":"Success","damage_taken":7,"relics_obtained":["Orichalcum"],"max_hp_gain":0,"max_hp_loss":0,"event_name":"Scrap Ooze","floor":4,"gold_loss":0},{"cards_removed":["Strike_R"],"damage_healed":0,"gold_gain":0,"player_choice":"Card Removal","damage_taken":7,"max_hp_gain":0,"max_hp_loss":0,"event_name":"Golden Wing","floor":12,"gold_loss":0},{"damage_healed":0,"gold_gain":0,"player_choice":"Obtain J.A.X.","damage_taken":0,"max_hp_gain":0,"max_hp_loss":0,"event_name":"Drug Dealer","floor":20,"gold_loss":0,"cards_obtained":["J.A.X."]},{"damage_healed":0,"gold_gain":0,"player_choice":"Rummage","damage_taken":0,"relics_obtained":["WarpedTongs"],"max_hp_gain":0,"max_hp_loss":0,"event_name":"Accursed Blacksmith","floor":21,"gold_loss":0,"cards_obtained":["Pain"]},{"cards_removed":["Pain"],"damage_healed":0,"gold_gain":0,"player_choice":"Offered Curse","damage_taken":0,"relics_obtained":["Spirit Poop"],"max_hp_gain":0,"max_hp_loss":0,"event_name":"Bonfire Elementals","floor":29,"gold_loss":0},{"damage_healed":0,"gold_gain":0,"player_choice":"Paid","damage_taken":0,"relics_obtained":["Red Mask"],"max_hp_gain":0,"max_hp_loss":0,"event_name":"Tomb of Lord Red Mask","floor":39,"gold_loss":29},{"damage_healed":0,"gold_gain":0,"player_choice":"Damaged","damage_taken":8,"max_hp_gain":0,"max_hp_loss":0,"event_name":"Wheel of Change","floor":48,"gold_loss":0}],"is_beta":false,"boss_relics":[{"not_picked":["Fusion Hammer","Black Blood"],"picked":"Abe\u0027s Treasure"},{"not_picked":["ChewingGum","Calling Bell"],"picked":"SlaversCollar"}],"items_purged_floors":[19,36],"is_endless":false,"potions_floor_spawned":[2,3,8,10,13,14,18,25,27,30,33,41],"ascension_level":10}}