{"host":"gl7gfqdgzaxu5sie","time":1609916999,"event":{"mods":["AchievementEnabler","BaseMod","Colored Map","DeckTracker","Minty Spire (QoL Compilation)"],"gold_per_floor":[113,126,126,126,138,169,180,214,214,214,242,256,29,204,204,301,301,320,334,344,354,373,373,400,400,400,416,416,416],"floor_reached":28,"playtime":1887,"items_purged":[],"score":468,"play_id":"5b996058-3cb9-4692-8177-06197055b479","local_time":"20210106160959","is_ascension_mode":true,"campfire_choices":[{"floor":10,"key":"REST"},{"data":"Uppercut","floor":15,"key":"SMITH"},{"floor":23,"key":"RECALL"}],"circlet_count":0,"master_deck":["AscendersBane","Strike_R","Strike_R","Strike_R","Defend_R","Defend_R","Defend_R","Defend_R","Bash","Forethought","Fire Breathing+1","Wild Strike","Inflame","Impervious+1","Feel No Pain","Shockwave+1","Battle Trance+1","Uppercut+1","Exhume+1","Clumsy","Shockwave+1","Entrench+1","Pommel Strike+1","Seeing Red+1","Spot Weakness+1"],"relics":["Burning Blood","Toxic Egg 2","Pocketwatch","The Courier","Self Forming Clay","Lantern","Pantograph","Astrolabe","Magic Flower","Enchiridion","Shuriken"],"acts_visited":["Exordium","TheCity"],"potions_floor_usage":[17,21,27],"damage_taken":[{"damage":15,"enemies":"Cultist","floor":1,"turns":5},{"damage":8,"enemies":"Jaw Worm","floor":2,"turns":4},{"damage":0,"enemies":"2 Louse","floor":5,"turns":3},{"damage":20,"enemies":"Lagavulin","floor":6,"turns":5},{"damage":14,"enemies":"Blue Slaver","floor":7,"turns":4},{"damage":24,"enemies":"Gremlin Nob","floor":8,"turns":4},{"damage":24,"enemies":"3 Sentries","floor":11,"turns":5},{"damage":9,"enemies":"Exordium Thugs","floor":12,"turns":5},{"damage":0,"enemies":"Slime Boss","floor":16,"turns":7},{"damage":3,"enemies":"Chosen","floor":18,"turns":4},{"damage":6,"enemies":"3 Byrds","floor":19,"turns":7},{"damage":12,"enemies":"Snake Plant","floor":20,"turns":5},{"damage":17,"enemies":"Cultist and Chosen","floor":21,"turns":8},{"damage":27,"enemies":"Centurion and Healer","floor":22,"turns":6},{"damage":60,"enemies":"Gremlin Leader","floor":24,"turns":10},{"damage":0,"enemies":"Snake Plant","floor":27,"turns":3},{"damage":11,"enemies":"Book of Stabbing","floor":28,"turns":2}],"seed_played":"8877887789515503810","potions_obtained":[{"floor":1,"key":"BlessingOfTheForge"},{"floor":8,"key":"EntropicBrew"},{"floor":16,"key":"FairyPotion"},{"floor":21,"key":"Fruit Juice"}],"is_trial":false,"path_per_floor":["M","M","?","T","M","E","M","E","T","R","E","M","$","?","R","B",null,"M","M","M","M","M","R","E","?","T","M","E"],"character_chosen":"IRONCLAD","items_purchased":["Uppercut","Pantograph"],"campfire_rested":1,"item_purchase_floors":[13,13],"current_hp_per_floor":[63,61,61,61,67,53,45,27,27,51,33,30,30,30,30,61,75,78,78,72,66,45,45,17,1,1,10,0,0],"gold":416,"neow_bonus":"RANDOM_COLORLESS","is_daily":false,"chose_seed":false,"campfire_upgraded":1,"win_rate":0.0,"timestamp":1609916999,"path_taken":["M","M","?","?","M","E","?","E","T","R","E","M","$","?","R","BOSS","M","M","M","M","M","R","E","?","T","M","E"],"items_purchased_type":["Card","Relic"],"build_version":"2020-12-22","purchased_purges":0,"victory":false,"max_hp_per_floor":[80,80,80,80,80,80,80,80,80,80,80,80,80,80,80,80,80,80,80,80,85,85,85,85,85,85,85,85,85],"card_choices":[{"not_picked":["Dark Shackles","Dramatic Entrance"],"picked":"Forethought","floor":0},{"not_picked":["Armaments","Sword Boomerang"],"picked":"Fire Breathing","floor":1},{"not_picked":["Sword Boomerang","Hemokinesis"],"picked":"Wild Strike","floor":2},{"not_picked":["Anger","Pommel Strike"],"picked":"Inflame","floor":5},{"not_picked":["Flame Barrier+1","Brutality"],"picked":"Impervious+1","floor":6},{"not_picked":["Havoc+1","Burning Pact+1"],"picked":"Feel No Pain","floor":7},{"not_picked":["Uppercut","Metallicize"],"picked":"Shockwave+1","floor":8},{"not_picked":["Cleave","Burning Pact+1","Havoc+1"],"picked":"SKIP","floor":11},{"not_picked":["Wild Strike","Pommel Strike"],"picked":"Battle Trance+1","floor":12},{"not_picked":["Juggernaut","Bludgeon"],"picked":"Exhume+1","floor":16},{"not_picked":["Anger","Perfected Strike"],"picked":"Pommel Strike+1","floor":18},{"not_picked":["Combust","Havoc+1","Heavy Blade+1"],"picked":"SKIP","floor":19},{"not_picked":["Perfected Strike","Brutality","Pommel Strike"],"picked":"SKIP","floor":20},{"not_picked":["Anger","Whirlwind","Wild Strike"],"picked":"SKIP","floor":21},{"not_picked":["Cleave","Thunderclap+1","Headbutt"],"picked":"SKIP","floor":22},{"not_picked":["Warcry+1","Wild Strike"],"picked":"Seeing Red+1","floor":24},{"not_picked":["Seeing Red+1","Body Slam"],"picked":"Spot Weakness+1","floor":27}],"player_experience":565237,"relics_obtained":[{"floor":4,"key":"Toxic Egg 2"},{"floor":6,"key":"Pocketwatch"},{"floor":8,"key":"The Courier"},{"floor":9,"key":"Self Forming Clay"},{"floor":11,"key":"Lantern"},{"floor":24,"key":"Magic Flower"},{"floor":25,"key":"Enchiridion"},{"floor":26,"key":"Shuriken"}],"event_choices":[{"damage_healed":0,"gold_gain":0,"player_choice":"Grow","damage_taken":0,"max_hp_gain":0,"max_hp_loss":0,"event_name":"Living Wall","floor":3,"gold_loss":0,"cards_upgraded":["Fire Breathing"]},{"damage_healed":0,"gold_gain":175,"player_choice":"AGREE","damage_taken":0,"max_hp_gain":0,"max_hp_loss":0,"event_name":"Liars Game","floor":14,"gold_loss":0,"cards_obtained":["Doubt"]},{"damage_healed":0,"gold_gain":0,"player_choice":"Obtained Book","damage_taken":16,"max_hp_gain":0,"max_hp_loss":0,"event_name":"Cursed Tome","floor":25,"gold_loss":0}],"is_beta":false,"boss_relics":[{"not_picked":["Coffee Dripper","Sozu"],"picked":"Astrolabe"}],"items_purged_floors":[],"is_endless":false,"potions_floor_spawned":[1,8,16,18,21],"killed_by":"Book of Stabbing","ascension_level":10}}