{"host":"wha9hktbkslqvblg","time":1609906168,"event":{"mods":["BaseMod","Colored Map","Minty Spire (QoL Compilation)","Relic Stats","SuperFastMode","everything is the same but u backflip on backflip"],"gold_per_floor":[111,121,46,46,46,74,74,74,74,89,89,32,62,74,74,148,148,161,161,61,61,61,61,73,92,119,149,149,149],"floor_reached":28,"playtime":545,"items_purged":["Strike_R","Defend_R"],"score":538,"play_id":"12500bb7-80b5-4ec6-903a-59263848de51","local_time":"20210106130928","is_ascension_mode":true,"campfire_choices":[{"data":"Anger","floor":8,"key":"SMITH"},{"data":"Fire Breathing","floor":15,"key":"SMITH"},{"data":"Barricade","floor":23,"key":"SMITH"}],"circlet_count":0,"master_deck":["AscendersBane","Strike_R+1","Strike_R+1","Strike_R+1","Defend_R+1","Defend_R+1","Defend_R+1","Bash","Anger+1","Fire Breathing+1","Barricade+1","Shrug It Off+1","True Grit","Second Wind","Shockwave","Seeing Red+1","Dark Embrace"],"relics":["Burning Blood","NeowsBlessing","White Beast Statue","Bag of Preparation","War Paint","Runic Dome","Eternal Feather"],"acts_visited":["Exordium","TheCity"],"potions_floor_usage":[28,28,28],"damage_taken":[{"damage":0,"enemies":"Cultist","floor":1,"turns":1},{"damage":0,"enemies":"Jaw Worm","floor":2,"turns":1},{"damage":0,"enemies":"Gremlin Nob","floor":6,"turns":1},{"damage":0,"enemies":"Small Slimes","floor":10,"turns":3},{"damage":17,"enemies":"3 Sentries","floor":13,"turns":6},{"damage":4,"enemies":"3 Louse","floor":14,"turns":5},{"damage":13,"enemies":"Slime Boss","floor":16,"turns":8},{"damage":8,"enemies":"3 Byrds","floor":18,"turns":6},{"damage":26,"enemies":"Spheric Guardian","floor":24,"turns":8},{"damage":0,"enemies":"Centurion and Healer","floor":25,"turns":7},{"damage":61,"enemies":"Gremlin Leader","floor":27,"turns":9},{"damage":29,"enemies":"Shelled Parasite and Fungi","floor":28,"turns":4}],"seed_played":"2134839978321900015","potions_obtained":[{"floor":2,"key":"EntropicBrew"},{"floor":6,"key":"SteroidPotion"},{"floor":14,"key":"FairyPotion"},{"floor":27,"key":"DuplicationPotion"}],"is_trial":false,"path_per_floor":["M","M","$","?","?","E","?","R","T","M","?","$","E","M","R","B",null,"M","?","$","?","?","R","M","M","T","E","M"],"character_chosen":"IRONCLAD","items_purchased":["True Grit"],"campfire_rested":0,"item_purchase_floors":[12],"current_hp_per_floor":[74,75,75,75,75,75,75,75,75,75,52,52,41,43,43,36,65,63,63,63,63,63,63,43,49,49,28,0,0],"gold":149,"neow_bonus":"THREE_ENEMY_KILL","is_daily":false,"chose_seed":false,"campfire_upgraded":3,"win_rate":0.0,"timestamp":1609906168,"path_taken":["M","M","?","?","?","E","?","R","T","M","?","?","E","M","R","BOSS","M","?","$","?","?","R","M","M","T","E","M"],"items_purchased_type":["Card"],"build_version":"2020-12-22","purchased_purges":2,"victory":false,"max_hp_per_floor":[75,75,75,75,75,75,75,75,75,75,75,75,75,75,75,75,75,75,75,75,75,75,75,75,75,75,75,75,75],"relic_stats":{"counters":[12,59],"Eternal Feather":0,"Bag of Preparation":[18],"War Paint":["Defend_R","Shrug It Off"],"obtain_stats":[{"Runic Dome":17,"NeowsBlessing":0,"Eternal Feather":27,"Bag of Preparation":9,"War Paint":13,"Burning Blood":0,"White Beast Statue":6},{"Runic Dome":7,"NeowsBlessing":0,"Eternal Feather":11,"Bag of Preparation":3,"War Paint":5,"Burning Blood":0,"White Beast Statue":3},{"Runic Dome":25,"NeowsBlessing":0,"Eternal Feather":55,"Bag of Preparation":3,"War Paint":12,"Burning Blood":0,"White Beast Statue":3}],"Burning Blood":49},"card_choices":[{"not_picked":["Headbutt","Sword Boomerang"],"picked":"Anger","floor":1},{"not_picked":["Clothesline","Iron Wave"],"picked":"Fire Breathing","floor":2},{"not_picked":["Anger","Blood for Blood","Pummel"],"picked":"SKIP","floor":6},{"not_picked":["Wild Strike","Havoc"],"picked":"Shrug It Off","floor":10},{"not_picked":["Battle Trance","Sword Boomerang"],"picked":"Second Wind","floor":13},{"not_picked":["Flame Barrier","Iron Wave"],"picked":"Shockwave","floor":14},{"not_picked":["Cleave","Fire Breathing+1","Flex"],"picked":"SKIP","floor":18},{"not_picked":["Shrug It Off","Spot Weakness","Perfected Strike"],"picked":"SKIP","floor":24},{"not_picked":["Twin Strike","Perfected Strike"],"picked":"Seeing Red+1","floor":25},{"not_picked":["Headbutt","Dropkick"],"picked":"Dark Embrace","floor":27}],"player_experience":938641,"relics_obtained":[{"floor":6,"key":"White Beast Statue"},{"floor":9,"key":"Bag of Preparation"},{"floor":13,"key":"War Paint"},{"floor":27,"key":"Eternal Feather"}],"event_choices":[{"damage_healed":0,"gold_gain":0,"cards_transformed":["Strike_R"],"player_choice":"Change","damage_taken":0,"max_hp_gain":0,"max_hp_loss":0,"event_name":"Living Wall","floor":4,"gold_loss":0,"cards_obtained":["Barricade"]},{"damage_healed":0,"gold_gain":0,"player_choice":"Leave","damage_taken":0,"max_hp_gain":0,"max_hp_loss":0,"event_name":"The Cleric","floor":5,"gold_loss":0},{"damage_healed":0,"gold_gain":0,"player_choice":"Ignored","damage_taken":0,"max_hp_gain":0,"max_hp_loss":0,"event_name":"Liars Game","floor":7,"gold_loss":0},{"damage_healed":0,"gold_gain":0,"player_choice":"Entered Light","damage_taken":23,"max_hp_gain":0,"max_hp_loss":0,"event_name":"Shining Light","floor":11,"gold_loss":0,"cards_upgraded":["Defend_R","Strike_R"]},{"damage_healed":0,"gold_gain":0,"player_choice":"Simplicity","damage_taken":0,"max_hp_gain":0,"max_hp_loss":0,"event_name":"Back to Basics","floor":21,"gold_loss":0,"cards_upgraded":["Strike_R","Strike_R","Defend_R"]},{"damage_healed":0,"gold_gain":0,"player_choice":"Ignored","damage_taken":0,"max_hp_gain":0,"max_hp_loss":0,"event_name":"Vampires","floor":22,"gold_loss":0}],"is_beta":false,"boss_relics":[{"not_picked":["Velvet Choker","Coffee Dripper"],"picked":"Runic Dome"}],"items_purged_floors":[3,20],"is_endless":false,"potions_floor_spawned":[2,6,10,13,14,16,18,24,25,27],"killed_by":"Shelled Parasite and Fungi","ascension_level":20}}