{"host":"6za4ayowsop7ft3x","time":1609935954,"event":{"mods":["AchievementEnabler","BaseMod","Bestiary","Colored Map","Colored Powertips","Curses Come First","Highlight Path","Minty Spire (QoL Compilation)","Quick Restart","StSLib"],"gold_per_floor":[160,175,175,175,185,185,219,219,219,229,229,255,267,285,285,386,386,406,505,420,61,75,75,101,117,141,9,9,21,52,52,52,152,152,162,10,27,27,27,27],"floor_reached":39,"playtime":1813,"items_purged":["Sucker Punch","Doppelganger","Reflex"],"score":450,"play_id":"d36eabe7-11ba-4fa0-9ebf-c05e2fce9eb4","local_time":"20210106202554","is_ascension_mode":true,"campfire_choices":[{"data":"Blade Dance","floor":6,"key":"SMITH"},{"floor":11,"key":"REST"},{"data":"Corpse Explosion","floor":15,"key":"SMITH"},{"floor":23,"key":"REST"},{"floor":28,"key":"REST"},{"floor":32,"key":"REST"}],"circlet_count":0,"master_deck":["Survivor+1","Neutralize","Backflip","Predator","Blade Dance+1","Corpse Explosion+1","Quick Slash","Poisoned Stab","Slice","Predator","After Image","Doppelganger","Bane","Outmaneuver","Reflex+1","Flying Knee","Footwork","Burst","Accuracy","Backflip","Deflect+1","Cloak And Dagger+1","Leg Sweep","Good Instincts","Backflip","Deflect","Footwork","Die Die Die","Mayhem","Caltrops"],"relics":["Tiny House","Paper Crane","Eternal Feather","Centennial Puzzle","Pandora\u0027s Box","Bronze Scales","Membership Card","Dream Catcher","War Paint","Happy Flower","Black Star"],"acts_visited":["Exordium","TheCity","TheBeyond"],"potions_floor_usage":[25,25,25,30,33],"damage_taken":[{"damage":1,"enemies":"2 Louse","floor":1,"turns":4},{"damage":2,"enemies":"Small Slimes","floor":2,"turns":4},{"damage":0,"enemies":"Jaw Worm","floor":5,"turns":3},{"damage":51,"enemies":"Gremlin Nob","floor":7,"turns":6},{"damage":14,"enemies":"Large Slime","floor":10,"turns":4},{"damage":7,"enemies":"3 Sentries","floor":12,"turns":3},{"damage":6,"enemies":"Exordium Wildlife","floor":13,"turns":3},{"damage":6,"enemies":"3 Louse","floor":14,"turns":2},{"damage":46,"enemies":"Slime Boss","floor":16,"turns":12},{"damage":25,"enemies":"Spheric Guardian","floor":18,"turns":4},{"damage":28,"enemies":"Shell Parasite","floor":22,"turns":5},{"damage":51,"enemies":"Slavers","floor":24,"turns":5},{"damage":3,"enemies":"Centurion and Healer","floor":25,"turns":5},{"damage":2,"enemies":"Chosen and Byrds","floor":29,"turns":6},{"damage":4,"enemies":"Book of Stabbing","floor":30,"turns":7},{"damage":16,"enemies":"Champ","floor":33,"turns":13},{"damage":13,"enemies":"Orb Walker","floor":35,"turns":6},{"damage":0,"enemies":"3 Shapes","floor":37,"turns":3},{"damage":76,"enemies":"Sphere and 2 Shapes","floor":39,"turns":3}],"seed_played":"-8275075665532354110","potions_obtained":[{"floor":0,"key":"Poison Potion"},{"floor":12,"key":"AttackPotion"},{"floor":13,"key":"ColorlessPotion"},{"floor":25,"key":"GamblersBrew"},{"floor":29,"key":"EntropicBrew"},{"floor":30,"key":"FearPotion"}],"is_trial":false,"path_per_floor":["M","M","?","?","M","R","E","?","T","M","R","E","M","M","R","B",null,"M","?","?","$","M","R","E","M","T","$","R","M","E","?","R","B",null,"M","$","M","?","M"],"character_chosen":"THE_SILENT","items_purchased":["Accuracy","Backflip","Membership Card","Good Instincts","Backflip","Block Potion","Mayhem"],"campfire_rested":4,"item_purchase_floors":[21,21,21,27,27,27,36],"current_hp_per_floor":[74,72,72,72,72,72,21,46,46,32,63,56,50,44,56,10,75,50,50,50,50,22,56,5,2,2,2,39,37,33,19,58,42,80,67,67,67,67,0,0],"gold":27,"neow_bonus":"BOSS_RELIC","is_daily":false,"chose_seed":false,"campfire_upgraded":2,"win_rate":0.0,"timestamp":1609935954,"path_taken":["M","M","?","?","M","R","E","?","T","M","R","E","M","M","R","BOSS","M","?","?","?","M","R","E","M","T","$","R","M","E","?","R","BOSS","M","$","M","?","M"],"items_purchased_type":["Card","Card","Relic","Card","Card","Potion","Card"],"build_version":"2020-12-22","purchased_purges":3,"victory":false,"max_hp_per_floor":[75,75,75,75,75,75,75,75,75,75,75,75,75,75,75,75,75,75,75,75,75,75,75,75,75,75,75,75,75,75,80,80,80,80,80,80,80,80,80,80],"card_choices":[{"not_picked":["Acrobatics","Prepared"],"picked":"Backflip","floor":0},{"not_picked":["Calculated Gamble","Prepared"],"picked":"Predator","floor":1},{"not_picked":["Dagger Spray","Eviscerate"],"picked":"Blade Dance","floor":2},{"not_picked":["Underhanded Strike","Masterful Stab"],"picked":"Corpse Explosion","floor":5},{"not_picked":["Deflect","Heel Hook"],"picked":"Quick Slash","floor":7},{"not_picked":["Sucker Punch","Deflect"],"picked":"Poisoned Stab","floor":10},{"not_picked":["Tactician","Underhanded Strike"],"picked":"Slice","floor":12},{"not_picked":["Cloak And Dagger","Prepared"],"picked":"Predator","floor":13},{"not_picked":["Quick Slash","Dagger Throw","Riddle With Holes"],"picked":"SKIP","floor":14},{"not_picked":["Adrenaline","Grand Finale"],"picked":"After Image","floor":16},{"not_picked":["Masterful Stab","Underhanded Strike","Calculated Gamble"],"picked":"SKIP","floor":18},{"not_picked":["Dodge and Roll","Finisher"],"picked":"Deflect+1","floor":22},{"not_picked":["Terror","Reflex"],"picked":"Cloak And Dagger","floor":24},{"not_picked":["Cloak And Dagger","Expertise"],"picked":"Leg Sweep","floor":25},{"not_picked":["Phantasmal Killer","Underhanded Strike+1"],"picked":"Deflect","floor":28},{"not_picked":["Acrobatics","Masterful Stab","Blade Dance+1"],"picked":"SKIP","floor":29},{"not_picked":["Envenom","Backflip"],"picked":"Footwork","floor":30},{"not_picked":["Tools of the Trade","Burst"],"picked":"Die Die Die","floor":33},{"not_picked":["Dagger Spray","Acrobatics","Eviscerate"],"picked":"SKIP","floor":35},{"not_picked":["Quick Slash+1","Bane"],"picked":"Caltrops","floor":37}],"player_experience":38274,"relics_obtained":[{"floor":7,"key":"Paper Crane"},{"floor":9,"key":"Eternal Feather"},{"floor":12,"key":"Centennial Puzzle"},{"floor":24,"key":"Dream Catcher"},{"floor":26,"key":"War Paint"},{"floor":30,"key":"Happy Flower"}],"event_choices":[{"damage_healed":0,"gold_gain":0,"cards_transformed":["Defend_G"],"player_choice":"Change","damage_taken":0,"max_hp_gain":0,"max_hp_loss":0,"event_name":"Living Wall","floor":3,"gold_loss":0,"cards_obtained":["Sucker Punch"]},{"damage_healed":0,"gold_gain":0,"player_choice":"Leave","damage_taken":0,"max_hp_gain":0,"max_hp_loss":0,"event_name":"The Cleric","floor":4,"gold_loss":0},{"damage_healed":25,"gold_gain":0,"player_choice":"Banana","damage_taken":0,"max_hp_gain":0,"max_hp_loss":0,"event_name":"Big Fish","floor":8,"gold_loss":0},{"damage_healed":0,"gold_gain":99,"player_choice":"Stole From Cult","damage_taken":0,"max_hp_gain":0,"max_hp_loss":0,"event_name":"Nest","floor":19,"gold_loss":0},{"damage_healed":0,"gold_gain":0,"player_choice":"Obtained Relic","damage_taken":0,"relics_obtained":["Bronze Scales"],"max_hp_gain":0,"max_hp_loss":0,"event_name":"Addict","floor":20,"gold_loss":85},{"damage_healed":0,"gold_gain":0,"player_choice":"Shed Blood","damage_taken":19,"max_hp_gain":5,"max_hp_loss":0,"event_name":"Forgotten Altar","floor":31,"gold_loss":0},{"damage_healed":0,"gold_gain":0,"player_choice":"Ignored","damage_taken":0,"max_hp_gain":0,"max_hp_loss":0,"event_name":"Tomb of Lord Red Mask","floor":38,"gold_loss":0}],"is_beta":false,"boss_relics":[{"not_picked":["Astrolabe","Velvet Choker"],"picked":"Pandora\u0027s Box"},{"not_picked":["Philosopher\u0027s Stone","Coffee Dripper"],"picked":"Black Star"}],"items_purged_floors":[21,27,36],"is_endless":false,"potions_floor_spawned":[12,13,14,16,18,25,29,30],"killed_by":"Sphere and 2 Shapes","ascension_level":1}}