{"host":"tom9euzqew4po1rs","time":1609904100,"event":{"mods":["BaseMod","Minty Spire (QoL Compilation)","Quick Restart","Rare Cards Sparkle","Replay The Spire","StSLib","The Animator","The Cursed"],"gold_per_floor":[116,116,116,126,126,126,143,168,168,168,185,185,202,216,216,216,216],"floor_reached":16,"playtime":2071,"items_purged":[],"score":102,"play_id":"1e61c180-b790-4b35-a310-eba5436f7802","local_time":"20210105223500","is_ascension_mode":false,"campfire_choices":[{"floor":6,"key":"RECALL"},{"data":"ReplayTheSpireMod:Necrosis","floor":10,"key":"SMITH"}],"circlet_count":0,"master_deck":["Strike_G","Strike_G","Strike_G","Strike_G","Strike_G","Defend_G","Defend_G+1","Defend_G","Defend_G","Defend_G","Survivor","Neutralize+1","Swift Strike","Deflect+1","ReplayTheSpireMod:Necrosis+1","Slice","Catalyst","ReplayTheSpireMod:The Works"],"relics":["Ring of the Snake","ReplayTheSpireMod:Ring of Addiction","Toy Ornithopter","Chameleon Ring","Replay:Towering Pillar of Hats","Pantograph"],"acts_visited":["Exordium"],"potions_floor_usage":[7,8,8,11,14],"damage_taken":[{"damage":0,"enemies":"Small Slimes","floor":1,"turns":2},{"damage":0,"enemies":"2 Louse","floor":4,"turns":4},{"damage":0,"enemies":"Jaw Worm","floor":7,"turns":3},{"damage":5,"enemies":"Lagavulin","floor":8,"turns":8},{"damage":3,"enemies":"Gremlin Gang","floor":11,"turns":7},{"damage":0,"enemies":"Exordium Wildlife","floor":13,"turns":4},{"damage":1,"enemies":"Exordium Thugs","floor":14,"turns":4},{"damage":84,"enemies":"Fading Forest","floor":16,"turns":8}],"seed_played":"2509447500625557765","potions_obtained":[{"floor":2,"key":"LiquidBronze"},{"floor":2,"key":"Elixir"},{"floor":2,"key":"ColorlessPotion"},{"floor":4,"key":"BlessingOfTheForge"},{"floor":7,"key":"Poison Potion"},{"floor":13,"key":"Fire Potion"}],"is_trial":false,"path_per_floor":["M","?","?","M","?","R","M","E","T","R","M","?","M","M","R","B"],"character_chosen":"THE_SILENT","items_purchased":[],"campfire_rested":0,"item_purchase_floors":[],"current_hp_per_floor":[70,70,70,70,70,68,68,63,63,63,65,51,51,55,68,0,0],"gold":216,"neow_bonus":"RANDOM_COLORLESS","is_daily":false,"chose_seed":false,"campfire_upgraded":1,"win_rate":0.0,"timestamp":1609904100,"path_taken":["M","?","?","M","?","R","?","E","T","R","M","?","M","M","R","BOSS"],"items_purchased_type":[],"build_version":"2020-12-22","purchased_purges":0,"victory":false,"max_hp_per_floor":[70,70,70,70,70,68,68,68,68,68,68,68,68,68,68,68,68],"card_choices":[{"not_picked":["Impatience","ReplayTheSpireMod:Uncanny Aura"],"picked":"Swift Strike","floor":0},{"not_picked":["PiercingWail","Sucker Punch","Leg Sweep"],"picked":"SKIP","floor":1},{"not_picked":["Slice","Hidden Blade"],"picked":"Deflect","floor":4},{"not_picked":["Cloak And Dagger","PiercingWail"],"picked":"ReplayTheSpireMod:Necrosis","floor":7},{"not_picked":["Dagger Spray","Predator","Quick Slash"],"picked":"SKIP","floor":8},{"not_picked":["Expertise","Backflip"],"picked":"Slice","floor":11},{"not_picked":["Noxious Fumes","Backflip"],"picked":"Catalyst","floor":13},{"not_picked":["Predator","Dodge and Roll"],"picked":"ReplayTheSpireMod:The Works","floor":14}],"player_experience":61028,"relics_obtained":[{"floor":2,"key":"ReplayTheSpireMod:Ring of Addiction"},{"floor":2,"key":"Toy Ornithopter"},{"floor":2,"key":"Chameleon Ring"},{"floor":8,"key":"Replay:Towering Pillar of Hats"},{"floor":9,"key":"Pantograph"}],"event_choices":[{"damage_healed":0,"gold_gain":0,"player_choice":"Leave","damage_taken":0,"max_hp_gain":0,"max_hp_loss":0,"event_name":"The Cleric","floor":3,"gold_loss":0},{"damage_healed":0,"gold_gain":0,"player_choice":"Bought 0 Potions","damage_taken":0,"max_hp_gain":0,"max_hp_loss":0,"event_name":"The Woman in Blue","floor":5,"gold_loss":0},{"damage_healed":0,"gold_gain":0,"player_choice":"Entered Light","damage_taken":14,"max_hp_gain":0,"max_hp_loss":0,"event_name":"Shining Light","floor":12,"gold_loss":0,"cards_upgraded":["Defend_G","Neutralize"]}],"is_beta":false,"boss_relics":[],"items_purged_floors":[],"is_endless":false,"potions_floor_spawned":[4,7,13],"killed_by":"Fading Forest","ascension_level":0}}