{"host":"lpogke4cwz8zw1ju","time":1609946466,"event":{"mods":["Always Whale","BaseMod","Minty Spire (QoL Compilation)","Permanent Neow"],"gold_per_floor":[11,11,36,49,49,89,164,185,185,210,210,225,225,225,225,350,350,368,368,391,411,411,411,454,454,454,454,454,379,395,7,7,133,133,146,0,25,25,25,50,50,50,50,77,77,101,19,19,19,19],"floor_reached":51,"playtime":2353,"items_purged":["Strike_B","Defend_B"],"score":688,"play_id":"96ef713e-7985-46ae-9022-e2476aca2021","local_time":"20210106162106","is_ascension_mode":false,"campfire_choices":[{"data":"Hologram","floor":13,"key":"SMITH"},{"floor":15,"key":"REST"},{"data":"Go for the Eyes","floor":23,"key":"SMITH"},{"floor":25,"key":"REST"},{"floor":27,"key":"REST"},{"data":"Chill","floor":32,"key":"SMITH"},{"floor":41,"key":"REST"},{"floor":49,"key":"REST"}],"circlet_count":0,"master_deck":["Strike_B","Strike_B","Strike_B","Defend_B+1","Defend_B","Defend_B","Zap+1","Gash","Beam Cell","Sweeping Beam","Beam Cell","Gash","Defragment","Go for the Eyes+1","Rebound","Gash+1","Hologram+1","Gash+1","All For One+1","Leap","Sweeping Beam+1","Hologram+1","Cold Snap+1","Go for the Eyes+1","All For One+1","Chill+1","Leap","Stack+1","Leap+1","Beam Cell+1","Cold Snap+1","Coolheaded+1","Panacea","Jack Of All Trades"],"relics":["Cracked Core","Prayer Wheel","Golden Idol","Juzu Bracelet","Molten Egg 2","Runic Pyramid","Du-Vu Doll","War Paint","Thread and Needle","Fusion Hammer","Red Mask","Omamori","Regal Pillow"],"acts_visited":["Exordium","TheCity","TheBeyond"],"potions_floor_usage":[6,16,16,30,33,46,50,50],"damage_taken":[{"damage":3,"enemies":"Jaw Worm","floor":1,"turns":4},{"damage":2,"enemies":"Small Slimes","floor":3,"turns":2},{"damage":6,"enemies":"2 Louse","floor":4,"turns":2},{"damage":16,"enemies":"Gremlin Nob","floor":6,"turns":3},{"damage":26,"enemies":"Exordium Thugs","floor":8,"turns":4},{"damage":5,"enemies":"2 Fungi Beasts","floor":10,"turns":3},{"damage":3,"enemies":"Red Slaver","floor":12,"turns":2},{"damage":19,"enemies":"Hexaghost","floor":16,"turns":6},{"damage":7,"enemies":"Shell Parasite","floor":18,"turns":3},{"damage":1,"enemies":"Chosen","floor":20,"turns":2},{"damage":18,"enemies":"Centurion and Healer","floor":21,"turns":6},{"damage":18,"enemies":"Gremlin Leader","floor":24,"turns":3},{"damage":2,"enemies":"Snecko","floor":30,"turns":4},{"damage":48,"enemies":"Automaton","floor":33,"turns":11},{"damage":0,"enemies":"Orb Walker","floor":35,"turns":3},{"damage":46,"enemies":"3 Shapes","floor":37,"turns":4},{"damage":1,"enemies":"Writhing Mass","floor":40,"turns":6},{"damage":2,"enemies":"Maw","floor":46,"turns":5},{"damage":12,"enemies":"Awakened One","floor":50,"turns":11}],"seed_played":"635530888201152473","potions_obtained":[{"floor":3,"key":"Fire Potion"},{"floor":4,"key":"FairyPotion"},{"floor":6,"key":"FearPotion"},{"floor":12,"key":"Strength Potion"},{"floor":20,"key":"SkillPotion"},{"floor":30,"key":"Fruit Juice"},{"floor":35,"key":"LiquidBronze"},{"floor":37,"key":"SpeedPotion"},{"floor":39,"key":"PowerPotion"},{"floor":39,"key":"Strength Potion"},{"floor":39,"key":"Explosive Potion"},{"floor":46,"key":"Fruit Juice"}],"is_trial":false,"path_per_floor":["M","?","M","M","$","E","?","M","T","M","?","M","R","?","R","B",null,"M","?","M","M","?","R","E","R","T","R","?","$","M","$","R","B",null,"M","?","M","?","?","M","R","?","T","T","$","M","$","?","R","B",null],"character_chosen":"DEFECT","items_purchased":["Thread and Needle","Jack Of All Trades"],"campfire_rested":5,"item_purchase_floors":[31,47],"current_hp_per_floor":[72,54,52,46,46,30,19,22,22,17,17,14,14,14,36,17,75,68,68,67,49,49,49,31,53,53,75,75,75,78,78,78,30,80,80,80,34,34,34,33,57,57,57,57,57,60,60,60,85,73],"gold":19,"neow_bonus":"ONE_RARE_RELIC","is_daily":false,"chose_seed":false,"campfire_upgraded":3,"win_rate":0.0,"timestamp":1609946466,"path_taken":["M","?","M","M","$","E","?","M","T","M","?","M","R","?","R","BOSS","M","?","M","M","?","R","E","R","T","R","?","?","M","$","R","BOSS","M","?","M","?","?","M","R","?","T","?","$","M","$","?","R","BOSS"],"items_purchased_type":["Relic","Card"],"build_version":"2020-12-22","purchased_purges":2,"victory":true,"max_hp_per_floor":[75,75,75,75,75,75,75,75,75,75,75,75,75,75,75,75,75,75,75,75,75,75,75,75,75,75,75,75,75,80,80,80,80,80,80,80,80,80,80,80,80,80,80,80,80,85,85,85,85,85],"card_choices":[{"not_picked":["Aggregate","Auto Shields"],"picked":"Gash","floor":1},{"not_picked":["Reprogram","Capacitor"],"picked":"Beam Cell","floor":1},{"not_picked":["Compile Driver","Leap"],"picked":"Sweeping Beam","floor":3},{"not_picked":["Streamline","Aggregate"],"picked":"Beam Cell","floor":3},{"not_picked":["Coolheaded","Cold Snap"],"picked":"Gash","floor":4},{"not_picked":["Redo","Beam Cell"],"picked":"Defragment","floor":4},{"not_picked":["Tempest","Undo","Streamline"],"picked":"SKIP","floor":6},{"not_picked":["Coolheaded","Reinforced Body"],"picked":"Go for the Eyes","floor":8},{"not_picked":["Stack","Barrage"],"picked":"Rebound","floor":8},{"not_picked":["Chill","Stack"],"picked":"Gash+1","floor":10},{"not_picked":["Fission","Redo","Static Discharge"],"picked":"SKIP","floor":10},{"not_picked":["Scrape+1","Streamline+1"],"picked":"Hologram","floor":12},{"not_picked":["Sunder+1","Compile Driver+1","Redo"],"picked":"SKIP","floor":12},{"not_picked":["Seek","Creative AI"],"picked":"All For One+1","floor":16},{"not_picked":["Redo","Genetic Algorithm"],"picked":"Leap","floor":18},{"not_picked":["Sunder+1","Stack","Barrage+1"],"picked":"SKIP","floor":18},{"not_picked":["Chaos+1","Steam"],"picked":"Sweeping Beam+1","floor":20},{"not_picked":["Static Discharge+1","BootSequence"],"picked":"Hologram+1","floor":20},{"not_picked":["Beam Cell+1","Ball Lightning+1"],"picked":"Cold Snap+1","floor":21},{"not_picked":["Doom and Gloom+1","Hyperbeam+1","Consume"],"picked":"SKIP","floor":21},{"not_picked":["Rebound+1","Redo+1"],"picked":"Go for the Eyes+1","floor":24},{"not_picked":["Beam Cell+1","Sweeping Beam+1"],"picked":"Chill","floor":30},{"not_picked":["Chaos+1","Aggregate+1"],"picked":"Leap","floor":30},{"not_picked":["Streamline+1","Reinforced Body"],"picked":"Stack+1","floor":35},{"not_picked":["Fusion","Conserve Battery+1"],"picked":"Leap+1","floor":35},{"not_picked":["Leap+1","Doom and Gloom+1"],"picked":"Beam Cell+1","floor":37},{"not_picked":["Double Energy+1","Beam Cell+1"],"picked":"Cold Snap+1","floor":37},{"not_picked":["Barrage+1","Go for the Eyes+1"],"picked":"Coolheaded+1","floor":40},{"not_picked":["Barrage+1","Turbo+1","Sweeping Beam+1"],"picked":"SKIP","floor":40},{"not_picked":["The Bomb","Impatience"],"picked":"Panacea","floor":42},{"not_picked":["Conserve Battery+1","Beam Cell+1","Rip and Tear+1"],"picked":"SKIP","floor":46},{"not_picked":["Beam Cell+1","Consume","Turbo+1"],"picked":"SKIP","floor":46}],"player_experience":196452,"relics_obtained":[{"floor":6,"key":"Juzu Bracelet"},{"floor":9,"key":"Molten Egg 2"},{"floor":24,"key":"Du-Vu Doll"},{"floor":26,"key":"War Paint"},{"floor":43,"key":"Omamori"},{"floor":44,"key":"Regal Pillow"}],"event_choices":[{"damage_healed":0,"gold_gain":0,"player_choice":"Take Damage","damage_taken":18,"relics_obtained":["Golden Idol"],"max_hp_gain":0,"max_hp_loss":0,"event_name":"Golden Idol","floor":2,"gold_loss":0},{"damage_healed":0,"gold_gain":75,"player_choice":"Gather Gold","damage_taken":11,"max_hp_gain":0,"max_hp_loss":0,"event_name":"World of Goop","floor":7,"gold_loss":0},{"damage_healed":0,"gold_gain":0,"player_choice":"Ignored","damage_taken":0,"max_hp_gain":0,"max_hp_loss":0,"event_name":"Liars Game","floor":11,"gold_loss":0},{"damage_healed":0,"gold_gain":0,"player_choice":"1 cards matched","damage_taken":0,"max_hp_gain":0,"max_hp_loss":0,"event_name":"Match and Keep!","floor":14,"gold_loss":0,"cards_obtained":["Gash"]},{"damage_healed":0,"gold_gain":0,"player_choice":"Ignored","damage_taken":0,"max_hp_gain":0,"max_hp_loss":0,"event_name":"Vampires","floor":19,"gold_loss":0},{"damage_healed":0,"gold_gain":0,"player_choice":"Ignored","damage_taken":0,"max_hp_gain":0,"max_hp_loss":0,"event_name":"The Mausoleum","floor":22,"gold_loss":0},{"damage_healed":0,"gold_gain":0,"player_choice":"Copied","damage_taken":0,"max_hp_gain":0,"max_hp_loss":0,"event_name":"Duplicator","floor":28,"gold_loss":0,"cards_obtained":["All For One"]},{"damage_healed":0,"gold_gain":0,"player_choice":"Paid","damage_taken":0,"relics_obtained":["Red Mask"],"max_hp_gain":0,"max_hp_loss":0,"event_name":"Tomb of Lord Red Mask","floor":36,"gold_loss":146},{"cards_removed":["Dualcast"],"damage_healed":0,"gold_gain":0,"player_choice":"Removed Skill","damage_taken":0,"max_hp_gain":0,"max_hp_loss":0,"event_name":"Falling","floor":38,"gold_loss":0},{"damage_healed":0,"gold_gain":0,"player_choice":"Got Potions","damage_taken":0,"max_hp_gain":0,"max_hp_loss":0,"event_name":"Lab","floor":39,"gold_loss":0},{"damage_healed":0,"gold_gain":0,"player_choice":"Memory 1","damage_taken":0,"max_hp_gain":0,"max_hp_loss":0,"event_name":"SensoryStone","floor":42,"gold_loss":0},{"damage_healed":0,"gold_gain":0,"player_choice":"Ignored","damage_taken":0,"max_hp_gain":0,"max_hp_loss":0,"event_name":"Transmorgrifier","floor":48,"gold_loss":0}],"is_beta":false,"boss_relics":[{"not_picked":["Cursed Key","Pandora\u0027s Box"],"picked":"Runic Pyramid"},{"not_picked":["Nuclear Battery","Busted Crown"],"picked":"Fusion Hammer"}],"items_purged_floors":[29,31],"is_endless":false,"potions_floor_spawned":[3,4,6,12,20,30,35,37,46],"ascension_level":0}}