{"host":"z7p9vpu3tdvnhwui","time":1609977558,"event":{"mods":["2.2 Compatiblity","Act Like it!","BaseMod","Better Third Choice","Colored Powertips","DeckTracker","Defuse TimeMaze Blight","Friendly Minions","Hermit","Hubris","Infinite Spire","Marisa????????","Minty Spire (QoL Compilation)","Quick Restart","Rare Cards Sparkle","Replay The Spire","Shop Mod","Somnambulant","Spicy Shops","StSLib","The Alterego","The Cursed","The Forsaken","The Necromancer","The Servant 0.9.4","TheSwordswoman"],"gold_per_floor":[116,116,116,116,131,165,165,175,202,202,216,63,63,63,63,162,162,179,195,195,195,250,275,288,288,358,358,369,369,398,51,51,155,155,166,180,191,203,213,213,16,47,47,47,47,97,144,179,179,194,194,297,297,302,302,302,314,322,322,332,332,381,381,384,399,399,413,413,485,485,479,479,480,480,473,472,472,492,492,495,495,495,495,495,495,565,565,565,551,540,531,531,534,534,529,529,529,8,11,13,29,29,100,100,101,112,112,123,126,126,135,178,178,178,178,185,187,193,193,249,249,253,257,257,257,256,271,271,271,271,271,271,48,49,51,51,116,116,119,115,147,147,145,158,158,160,240,240,236,228,228,235,235,96,96,96,96,112,165],"floor_reached":160,"playtime":12725,"items_purged":["Pain","ReplayTheSpireMod:Restless Dread","Leap","Quick Slash"],"score":4609,"play_id":"aec2358d-7006-48b9-9cae-a0373b998f67","local_time":"20210106235918","is_ascension_mode":false,"campfire_choices":[{"data":"infinitespire:Collect","floor":7.0,"key":"SMITH"},{"data":"infinitespire:Fortify","floor":10.0,"key":"SMITH"},{"data":"Beam Cell","floor":15.0,"key":"SMITH"},{"data":"infinitespire:Neurotoxin","floor":25.0,"key":"SMITH"},{"floor":27.0,"key":"REST"},{"floor":32.0,"key":"REST"},{"floor":40,"key":"REST"},{"data":"Masterful Stab","floor":51,"key":"PURGE"},{"floor":59,"key":"REST"},{"floor":61,"key":"REST"},{"floor":68,"key":"REST"},{"data":"Fluid Movement","floor":77,"key":"PURGE"},{"data":"Sucker Punch","floor":81,"key":"PURGE"},{"floor":83,"key":"REST"},{"data":"Bane","floor":85,"key":"PURGE"},{"data":"Deadly Poison","floor":94,"key":"PURGE"},{"floor":102,"key":"REST"},{"data":"Leg Sweep","floor":110,"key":"PURGE"},{"data":"Storm of Steel","floor":115,"key":"SMITH"},{"data":"Bane","floor":119,"key":"PURGE"},{"data":"A Thousand Cuts","floor":129,"key":"PURGE"},{"data":"Unload","floor":131,"key":"PURGE"},{"data":"infinitespire:Gouge","floor":136,"key":"SMITH"},{"data":"Doppelganger","floor":145,"key":"SMITH"},{"data":"infinitespire:UltimateForm","floor":153,"key":"SMITH"},{"data":"Outmaneuver","floor":156,"key":"PURGE"}],"circlet_count":0,"master_deck":["Dash+1","infinitespire:Fortify+1","infinitespire:Collect+1","Bouncing Flask","Setup","Beam Cell+1","Adrenaline+1","Glass Knife+1","Choke+1","Footwork+1","ReplayTheSpireMod:Speed Training","infinitespire:Gouge+1","infinitespire:Neurotoxin+1","Outmaneuver+1","ReplayTheSpireMod:The Works","Backflip+1","Hidden Blade+1","Burst","ReplayTheSpireMod:Speed Training","Blade Dance+1","Draining Mist+1","infinitespire:Starlight","Glass Knife+1","Replay:Bag of Tricks+1","ReplayTheSpireMod:Necrosis+1","Malaise","Acrobatics+1","Night Terror+1","Brutality+1","Offering+1","Blade Dance","Phantasmal Killer","infinitespire:Menacing","Ghostly","Ghostly","Ghostly","Ghostly","Ghostly","Distraction+1","Necronomicurse","Parasite","Outmaneuver+1","Madness","Madness","Distraction+1","Cloak And Dagger+1","Storm of Steel+1","Venomology","TheCursedMod:CircleOfBlood","Toxin Wave","Die Die Die","ReplayTheSpireMod:Echoes of Time","Bandage Up","Doppelganger+1","infinitespire:UltimateForm+1","Toxin Wave+1"],"relics":["Ring of the Serpent","hubris:Towel","Ring of Hypnosis","Ring of Peace","hubris:HollowSoul","hubris:MedicalManual","Dream Catcher","Oddly Smooth Stone","TwistedFunnel","Astrolabe","alterego_mod:FleetingLove","Pen Nib","Kunai","Bottled Lightning","theForsaken:PlagueMask","ReplayTheSpireMod:Ninjato","ReplayTheSpireMod:CursedCoin","Ornamental Fan","Busted Crown","infinitespire:EmpoweringShard","Letter Opener","Peace Pipe","infinitespire:Lucky Rock","Replay:Bottled Snecko","Pandora\u0027s Box","ChewingGum","Art of War","CaptainsWheel","Gremlin Food","Whetstone","Regal Pillow","Guide Book","hubris:SlimyHat","ReplayTheSpireMod:Shallot","WristBlade","Replay:Towering Pillar of Hats","infinitespire:PuzzleCube","hubris:FunFungus","Necronomicon","Onion Ring","Bag of Preparation","hubris:ToyBattleship","Bottled Flame","Ancient Tea Set","Blue Doll","Empty Cage","infinitespire:Beetle Shell","ReplayFunnel","infinitespire:Bottled Soul","hubris:DisguiseKit","hubris:ScarierMask","hubris:Icosahedron","hubris:BottledHeart","theForsaken:Lifeblossom","PreservedInsect","MerchantsRug","Black Star","hubris:Spice","TungstenRod","Potion Belt","hubris:DeckOfHolding"],"acts_visited":["TheCity","TheBeyond","Exordium","TheCity","TheBeyond","Exordium","TheCity","TheBeyond","TheEnding"],"potions_floor_usage":[38,42,46,52,52,60,69,76,80,84,86,88,100,103,116,120,120,126,127,134,134,137,140,141,152,154,154,154,154,154,154,154,159,159,159],"damage_taken":[{"damage":2.0,"enemies":"Small Slimes","floor":1.0,"turns":5.0},{"damage":0.0,"enemies":"2 Louse","floor":5.0,"turns":2.0},{"damage":1.0,"enemies":"Lagavulin","floor":6.0,"turns":9.0},{"damage":0.0,"enemies":"Jaw Worm","floor":8.0,"turns":4.0},{"damage":0.0,"enemies":"3 Louse","floor":11.0,"turns":4.0},{"damage":32.0,"enemies":"The Guardian","floor":16.0,"turns":8.0},{"damage":4.0,"enemies":"Spheric Guardian","floor":18.0,"turns":3.0},{"damage":16.0,"enemies":"3 Byrds","floor":19.0,"turns":7.0},{"damage":11.0,"enemies":"Nightmare","floor":23.0,"turns":11.0},{"damage":9.0,"enemies":"Snecko","floor":24.0,"turns":7.0},{"damage":3.0,"enemies":"Chosen and Byrds","floor":28.0,"turns":4.0},{"damage":17.0,"enemies":"Book of Stabbing","floor":30.0,"turns":5.0},{"damage":24.0,"enemies":"hubris:MusketHawk","floor":33.0,"turns":7.0},{"damage":10,"enemies":"3 Shapes","floor":35,"turns":5},{"damage":16,"enemies":"3 Darklings","floor":36,"turns":6},{"damage":11,"enemies":"Jaw Worm Horde","floor":37,"turns":4},{"damage":1,"enemies":"Sphere and 2 Shapes","floor":38,"turns":3},{"damage":8,"enemies":"3 Darklings","floor":39,"turns":3},{"damage":15,"enemies":"Nightmare","floor":42,"turns":5},{"damage":0,"enemies":"Mind Bloom Boss Battle","floor":46,"turns":4},{"damage":0,"enemies":"Giant Head","floor":48,"turns":5},{"damage":0,"enemies":"Transient","floor":50,"turns":5},{"damage":47,"enemies":"Awakened One","floor":52,"turns":7},{"damage":0,"enemies":"infinitespire:Voidling","floor":54,"turns":2},{"damage":0,"enemies":"Jaw Worm","floor":57,"turns":1},{"damage":0,"enemies":"Small Slimes","floor":58,"turns":1},{"damage":1,"enemies":"3 Sentries","floor":60,"turns":2},{"damage":0,"enemies":"Exordium Wildlife","floor":64,"turns":2},{"damage":0,"enemies":"Replay:BlueRogue","floor":65,"turns":1},{"damage":0,"enemies":"Looter","floor":67,"turns":1},{"damage":1,"enemies":"Hexaghost","floor":69,"turns":2},{"damage":1,"enemies":"2 Thieves","floor":71,"turns":2},{"damage":7,"enemies":"3 Byrds","floor":73,"turns":2},{"damage":0,"enemies":"Snecko","floor":75,"turns":2},{"damage":2,"enemies":"Nightmare","floor":76,"turns":3},{"damage":1,"enemies":"Replay:Snechameleon","floor":78,"turns":2},{"damage":0,"enemies":"Shelled Parasite and Fungi","floor":80,"turns":1},{"damage":0,"enemies":"3 Cultists","floor":84,"turns":2},{"damage":0,"enemies":"hubris:MusketHawk","floor":86,"turns":2},{"damage":0,"enemies":"3 Shapes","floor":88,"turns":2},{"damage":0,"enemies":"3 Darklings","floor":89,"turns":1},{"damage":0,"enemies":"Jaw Worm Horde","floor":90,"turns":1},{"damage":1,"enemies":"Writhing Mass","floor":91,"turns":2},{"damage":0,"enemies":"Reptomancer","floor":93,"turns":2},{"damage":1,"enemies":"Nightmare","floor":95,"turns":3},{"damage":6,"enemies":"Sphere and 2 Shapes","floor":99,"turns":1},{"damage":3,"enemies":"Maw","floor":100,"turns":2},{"damage":19,"enemies":"R_Hoarder","floor":101,"turns":3},{"damage":30,"enemies":"infinitespire:MassOfShapes","floor":103,"turns":3},{"damage":0,"enemies":"Jaw Worm","floor":105,"turns":2},{"damage":0,"enemies":"Cultist","floor":106,"turns":1},{"damage":0,"enemies":"2 Louse","floor":108,"turns":1},{"damage":0,"enemies":"Blue Slaver","floor":109,"turns":1},{"damage":0,"enemies":"Lagavulin","floor":111,"turns":1},{"damage":1,"enemies":"Lagavulin Event","floor":112,"turns":3},{"damage":0,"enemies":"Replay:BlueRogue","floor":116,"turns":2},{"damage":0,"enemies":"2 Fungi Beasts","floor":117,"turns":2},{"damage":0,"enemies":"Exordium Thugs","floor":118,"turns":1},{"damage":0,"enemies":"Hexaghost","floor":120,"turns":2},{"damage":0,"enemies":"2 Thieves","floor":122,"turns":1},{"damage":0,"enemies":"3 Byrds","floor":123,"turns":1},{"damage":0,"enemies":"Centurion and Healer","floor":126,"turns":2},{"damage":0,"enemies":"Gremlin Leader","floor":127,"turns":1},{"damage":0,"enemies":"Cultist and Chosen","floor":132,"turns":2},{"damage":0,"enemies":"Shelled Parasite and Fungi","floor":134,"turns":1},{"damage":0,"enemies":"Snake Plant","floor":135,"turns":1},{"damage":0,"enemies":"Champ","floor":137,"turns":2},{"damage":0,"enemies":"3 Shapes","floor":139,"turns":1},{"damage":0,"enemies":"3 Darklings","floor":140,"turns":1},{"damage":0,"enemies":"infinitespire:Three Voidlings","floor":141,"turns":2},{"damage":0,"enemies":"Nightmare_Alpha","floor":141,"turns":4},{"damage":0,"enemies":"Jaw Worm Horde","floor":143,"turns":2},{"damage":0,"enemies":"Nightmare","floor":144,"turns":2},{"damage":0,"enemies":"Giant Head","floor":146,"turns":1},{"damage":0,"enemies":"4 Shapes","floor":149,"turns":2},{"damage":0,"enemies":"Spire Growth","floor":150,"turns":2},{"damage":0,"enemies":"R_Hoarder","floor":152,"turns":3},{"damage":0,"enemies":"infinitespire:LordOfFortification","floor":154,"turns":6},{"damage":0,"enemies":"Shield and Spear","floor":158,"turns":2},{"damage":0,"enemies":"The Heart","floor":159,"turns":5}],"seed_played":"-898636110891031941","potions_obtained":[{"floor":1.0,"key":"DuplicationPotion"},{"floor":6.0,"key":"Adrenaline Potion"},{"floor":16.0,"key":"Ancient Potion"},{"floor":22.0,"key":"BlessingOfTheForge"},{"floor":22.0,"key":"Weak Potion"},{"floor":23.0,"key":"CunningPotion"},{"floor":24.0,"key":"AttackPotion"},{"floor":28.0,"key":"Energy Potion"},{"floor":33.0,"key":"Swift Potion"},{"floor":42,"key":"Dexterity Potion"},{"floor":48,"key":"Block Potion"},{"floor":54,"key":"Swift Potion"},{"floor":60,"key":"PowerPotion"},{"floor":64,"key":"Fire Potion"},{"floor":67,"key":"ColorlessPotion"},{"floor":73,"key":"Explosive Potion"},{"floor":75,"key":"SneckoOil"},{"floor":80,"key":"PowerPotion"},{"floor":84,"key":"Languid Potion"},{"floor":86,"key":"Block Potion"},{"floor":90,"key":"SteroidPotion"},{"floor":91,"key":"Block Potion"},{"floor":103,"key":"Dexterity Potion"},{"floor":105,"key":"Elixir"},{"floor":108,"key":"SpeedPotion"},{"floor":109,"key":"SkillPotion"},{"floor":112,"key":"DuplicationPotion"},{"floor":123,"key":"FearPotion"},{"floor":132,"key":"Fire Potion"},{"floor":134,"key":"FearPotion"},{"floor":141,"key":"GamblersBrew"},{"floor":146,"key":"GhostInAJar"},{"floor":150,"key":"Fire Potion"},{"floor":154,"key":"DistilledChaos"},{"floor":158,"key":"CultistPotion"},{"floor":159,"key":"Block Potion"}],"is_trial":false,"path_per_floor":["M","?","?","AVR","M","E","R","M","T","R","M","$","?","$","R","B",null,"M","M","?","?","?","NM","M","R","T","R","M","?","E","$","R","B",null,"M","M","M","M","M","R","$","NM","T","PTL","PTL","?","T","E","AVR","M","R","B",null,"M","?","?","M","M","R","E","R","T","$","M","E","?","M","R","B",null,"M","?","M","?","M","NM","R","E","T","M","R","?","R","M","R","B",null,"M","M","M","M","?","E","R","NM","T","?","$","M","M","E","R","B",null,"M","M","$","M","M","R","E","?","T","?","R","E","M","M","R","B",null,"M","M","?","?","M","E","?","R","T","R","M","$","M","M","R","B",null,"M","M","?","?","M","NM","R","E","T","$","M","M","?","E","R","B",null,"R","$","E","B",null],"character_chosen":"THE_SILENT","items_purchased":["TwistedFunnel","Deadly Poison","Bane","ReplayTheSpireMod:CursedCoin","Ornamental Fan","Hidden Blade","Draining Mist","Regal Pillow","Guide Book","Bottled Flame","Ancient Tea Set","MerchantsRug","Energy Potion"],"campfire_rested":8,"item_purchase_floors":[12,12,12,31,31,31,41,63,63,98,98,133,133],"current_hp_per_floor":[68,68,68,68,68,67,67,67,67,67,67,67,67,67,67,35,70,66,50,50,32,4,35,26,26,26,47,44,44,27,27,48,24,70,60,44,33,32,24,45,45,30,30,30,30,40,40,50,50,50,50,13,70,70,70,5,5,5,26,25,46,46,26,26,26,26,26,62,70,70,69,69,62,35,35,33,33,32,32,32,32,16,35,35,35,35,35,35,35,35,34,30,30,30,34,34,34,34,28,25,7,32,2,35,35,35,35,35,35,35,35,34,34,34,34,34,34,34,34,35,35,35,35,35,1,1,1,1,1,1,1,1,1,1,1,1,1,1,1,1,1,1,1,1,1,1,1,1,1,1,1,1,1,1,1,1,1,1,1],"gold":165,"neow_bonus":"RANDOM_EVENT","is_daily":false,"chose_seed":false,"campfire_upgraded":8,"win_rate":0.0,"timestamp":1609977558,"path_taken":["M","?","?","AVR","M","E","R","M","T","R","M","$","?","$","R","BOSS","M","M","?","?","?","NM","?","R","T","R","M","?","E","$","R","BOSS","M","M","M","M","M","R","$","NM","T","PTL","PTL","?","?","E","AVR","M","R","BOSS","M","?","?","?","M","R","E","R","T","?","M","E","?","M","R","BOSS","M","?","?","?","M","NM","R","E","T","M","R","?","R","M","R","BOSS","M","M","M","M","?","E","R","NM","T","?","?","M","?","E","R","BOSS","M","?","?","?","M","R","E","?","T","?","R","E","M","?","R","BOSS","M","M","?","?","M","E","?","R","T","R","M","$","M","M","R","BOSS","M","M","?","?","?","NM","R","E","T","$","M","?","?","E","R","BOSS","R","$","E","BOSS"],"items_purchased_type":["Relic","Card","Card","Relic","Relic","Card","Card","Relic","Relic","Relic","Relic","Relic","Potion"],"build_version":"2020-12-22","purchased_purges":4,"victory":true,"max_hp_per_floor":[70,70,70,70,70,70,70,70,70,70,70,70,70,70,70,70,70,70,70,70,70,70,70,70,70,70,70,70,70,70,70,70,70,70,70,70,70,70,70,70,70,70,70,70,70,70,70,70,70,70,70,70,70,70,70,70,70,70,70,70,70,70,70,70,70,70,70,70,70,70,70,70,70,35,35,35,35,35,35,35,35,35,35,35,35,35,35,35,35,35,35,35,35,35,35,35,35,35,35,35,35,35,35,35,35,35,35,35,35,35,35,35,35,35,35,35,35,35,35,35,35,35,35,35,1,1,1,1,1,1,1,1,1,1,1,1,1,1,1,1,1,1,1,1,1,1,1,1,1,1,1,1,1,1,1,1,1,1,1],"card_choices":[{"not_picked":["Concentrate","Prepared"],"picked":"Quick Slash","floor":1.0},{"not_picked":["Blade Dance","Prepared"],"picked":"Sucker Punch","floor":5.0},{"not_picked":["Deflect","Dodge and Roll"],"picked":"Bouncing Flask","floor":6.0},{"not_picked":["Flying Knee","Reflex"],"picked":"Setup","floor":8.0},{"not_picked":["Deflect","ReplayTheSpireMod:Scrap Shanks"],"picked":"Fluid Movement","floor":11.0},{"not_picked":["Replay:Bag of Tricks","Unload"],"picked":"Adrenaline","floor":16.0},{"not_picked":["Dagger Throw","ReplayTheSpireMod:Shiv Toss"],"picked":"Quick Slash","floor":18.0},{"not_picked":["Cloak And Dagger+1","Sucker Punch"],"picked":"ReplayTheSpireMod:Speed Training","floor":19.0},{"not_picked":["infinitespire:SealOfDarkness+","ReplayTheSpireMod:??????????????????????"],"picked":"infinitespire:Gouge","floor":21.0},{"not_picked":["Tactician","Heel Hook"],"picked":"Leg Sweep","floor":22.0},{"not_picked":["PiercingWail+1","Flying Knee"],"picked":"Fluid Movement","floor":23.0},{"not_picked":["Deflect+1","Slice+1"],"picked":"infinitespire:Neurotoxin","floor":24.0},{"not_picked":["Blade Dance","Skewer+1"],"picked":"Outmaneuver+1","floor":27.0},{"not_picked":["Bouncing Flask","Accuracy"],"picked":"ReplayTheSpireMod:The Works","floor":28.0},{"not_picked":["Caltrops","Dagger Spray"],"picked":"Backflip","floor":30.0},{"not_picked":["Tools of the Trade","Grand Finale"],"picked":"Burst","floor":33.0},{"not_picked":[],"picked":"ReplayTheSpireMod:Speed Training","floor":35},{"not_picked":["Slice+1"],"picked":"SKIP","floor":36},{"not_picked":[],"picked":"Blade Dance+1","floor":37},{"not_picked":["Deflect+1"],"picked":"SKIP","floor":38},{"not_picked":["Dagger Spray"],"picked":"SKIP","floor":39},{"not_picked":["infinitespire:SealOfDarkness+","Replay:Fractal Strike"],"picked":"infinitespire:Starlight","floor":42},{"not_picked":["Dagger Throw+1"],"picked":"SKIP","floor":42},{"not_picked":["Skewer+1"],"picked":"SKIP","floor":48},{"not_picked":[],"picked":"Acrobatics+1","floor":50},{"not_picked":[],"picked":"Night Terror","floor":52},{"not_picked":["Dagger Spray"],"picked":"SKIP","floor":54},{"not_picked":["Riddle With Holes"],"picked":"SKIP","floor":57},{"not_picked":["Outmaneuver"],"picked":"SKIP","floor":58},{"not_picked":["Dodge and Roll"],"picked":"SKIP","floor":60},{"not_picked":["Masterful Stab"],"picked":"SKIP","floor":64},{"not_picked":["Expertise"],"picked":"SKIP","floor":65},{"not_picked":["Acrobatics"],"picked":"SKIP","floor":67},{"not_picked":[],"picked":"Blade Dance","floor":68},{"not_picked":[],"picked":"Phantasmal Killer","floor":69},{"not_picked":["Acrobatics"],"picked":"SKIP","floor":71},{"not_picked":["infinitespire:SealOfDarkness+","infinitespire:Gouge"],"picked":"infinitespire:Menacing","floor":73},{"not_picked":["hubris:SlightOfHand+1"],"picked":"SKIP","floor":73},{"not_picked":["Underhanded Strike"],"picked":"SKIP","floor":75},{"not_picked":[],"picked":"Distraction+1","floor":76},{"not_picked":["ReplayTheSpireMod:Exploit Weakness"],"picked":"SKIP","floor":78},{"not_picked":["Backflip"],"picked":"SKIP","floor":80},{"not_picked":["Acrobatics+1"],"picked":"SKIP","floor":84},{"not_picked":[],"picked":"A Thousand Cuts","floor":86},{"not_picked":[],"picked":"PiercingWail","floor":88},{"not_picked":["Hidden Blade"],"picked":"SKIP","floor":89},{"not_picked":["Deadly Poison"],"picked":"SKIP","floor":90},{"not_picked":[],"picked":"Outmaneuver+1","floor":91},{"not_picked":[],"picked":"Bane","floor":93},{"not_picked":[],"picked":"Distraction+1","floor":95},{"not_picked":["Outmaneuver"],"picked":"SKIP","floor":99},{"not_picked":["Reflex+1"],"picked":"SKIP","floor":100},{"not_picked":["Heel Hook"],"picked":"SKIP","floor":101},{"not_picked":[],"picked":"Cloak And Dagger+1","floor":102},{"not_picked":[],"picked":"Storm of Steel","floor":103},{"not_picked":["Cloak And Dagger"],"picked":"SKIP","floor":105},{"not_picked":["Eviscerate"],"picked":"SKIP","floor":106},{"not_picked":["Sucker Punch"],"picked":"SKIP","floor":108},{"not_picked":["Dagger Spray"],"picked":"SKIP","floor":109},{"not_picked":["Deflect"],"picked":"SKIP","floor":111},{"not_picked":["Slice"],"picked":"SKIP","floor":116},{"not_picked":["Flechettes"],"picked":"TheCursedMod:CircleOfBlood","floor":117},{"not_picked":["Flying Knee","TheCursedMod:StingEye"],"picked":"SKIP","floor":118},{"not_picked":["TheCursedMod:DarkBarrier"],"picked":"Unload","floor":120},{"not_picked":["Sneak Up","TheCursedMod:VitalStrike"],"picked":"SKIP","floor":122},{"not_picked":["Replay:Poison Smokescreen","TheCursedMod:TacticalStrike"],"picked":"SKIP","floor":123},{"not_picked":["Quick Slash","TheCursedMod:CursedAmulet"],"picked":"SKIP","floor":126},{"not_picked":["Replay:Poison Smokescreen","TheCursedMod:ManaBullet"],"picked":"SKIP","floor":127},{"not_picked":["Bane","TheCursedMod:VitalStrike"],"picked":"SKIP","floor":132},{"not_picked":["Caltrops","TheCursedMod:Obscuration"],"picked":"SKIP","floor":134},{"not_picked":["TheCursedMod:VitalStrike"],"picked":"Toxin Wave","floor":135},{"not_picked":["TheCursedMod:ManaCirculation"],"picked":"Die Die Die","floor":137},{"not_picked":["Heel Hook","TheCursedMod:CursedArmor"],"picked":"SKIP","floor":139},{"not_picked":["Bouncing Flask+1","TheCursedMod:TroublousMinions"],"picked":"SKIP","floor":140},{"not_picked":["infinitespire:Fortify","infinitespire:Oblivion"],"picked":"ReplayTheSpireMod:Echoes of Time","floor":141},{"not_picked":["Distraction+1","TheCursedMod:Neurasthenia"],"picked":"SKIP","floor":143},{"not_picked":["infinitespire:Oblivion","infinitespire:DeathsTouch"],"picked":"infinitespire:UltimateForm","floor":144},{"not_picked":["Flying Knee","TheCursedMod:CursedBoomerang"],"picked":"SKIP","floor":144},{"not_picked":["Deadly Poison","TheCursedMod:ManaBullet"],"picked":"SKIP","floor":146},{"not_picked":["TheCursedMod:Grudge"],"picked":"hubris:SpiceAddiction","floor":149},{"not_picked":["TheCursedMod:Stigma"],"picked":"Toxin Wave+1","floor":150},{"not_picked":["Quick Slash","TheCursedMod:CursedShiv"],"picked":"SKIP","floor":152},{"not_picked":["Deflect"],"picked":"hubris:SpiceAddiction","floor":158},{"not_picked":["TheCursedMod:ShockAndAwe"],"picked":"hubris:SpiceAddiction","floor":159}],"player_experience":609188,"relics_obtained":[{"floor":3.0,"key":"Ring of Hypnosis"},{"floor":3.0,"key":"Ring of Peace"},{"floor":6.0,"key":"Dream Catcher"},{"floor":9.0,"key":"Oddly Smooth Stone"},{"floor":22.0,"key":"Pen Nib"},{"floor":23.0,"key":"Kunai"},{"floor":26.0,"key":"Bottled Lightning"},{"floor":30.0,"key":"ReplayTheSpireMod:Ninjato"},{"floor":42,"key":"infinitespire:EmpoweringShard"},{"floor":43,"key":"Letter Opener"},{"floor":46,"key":"Peace Pipe"},{"floor":47,"key":"infinitespire:Lucky Rock"},{"floor":48,"key":"Replay:Bottled Snecko"},{"floor":60,"key":"Gremlin Food"},{"floor":62,"key":"Whetstone"},{"floor":65,"key":"hubris:SlimyHat"},{"floor":76,"key":"Replay:Towering Pillar of Hats"},{"floor":78,"key":"infinitespire:PuzzleCube"},{"floor":79,"key":"hubris:FunFungus"},{"floor":82,"key":"Necronomicon"},{"floor":93,"key":"Onion Ring"},{"floor":95,"key":"Bag of Preparation"},{"floor":96,"key":"hubris:ToyBattleship"},{"floor":101,"key":"Blue Doll"},{"floor":111,"key":"infinitespire:Beetle Shell"},{"floor":112,"key":"ReplayFunnel"},{"floor":113,"key":"infinitespire:Bottled Soul"},{"floor":116,"key":"hubris:DisguiseKit"},{"floor":127,"key":"theForsaken:Lifeblossom"},{"floor":130,"key":"PreservedInsect"},{"floor":141,"key":"hubris:Spice"},{"floor":144,"key":"hubris:Spice"},{"floor":144,"key":"TungstenRod"},{"floor":146,"key":"Potion Belt"},{"floor":146,"key":"hubris:Spice"},{"floor":147,"key":"hubris:DeckOfHolding"},{"floor":152,"key":"hubris:Spice"},{"floor":152,"key":"hubris:Spice"},{"floor":158,"key":"hubris:Spice"},{"floor":158,"key":"hubris:Spice"}],"event_choices":[{"damage_healed":0.0,"max_hp_gain":0.0,"max_hp_loss":0.0,"gold_gain":0.0,"cards_transformed":["Strike_G"],"event_name":"Living Wall","player_choice":"Change","floor":0.0,"gold_loss":0.0,"damage_taken":0.0,"cards_obtained":["Dash"]},{"damage_healed":0.0,"max_hp_gain":0.0,"max_hp_loss":0.0,"gold_gain":0.0,"event_name":"Secret Garden","player_choice":"Choice 1","floor":20.0,"gold_loss":0.0,"damage_taken":0.0,"relics_obtained":["alterego_mod:FleetingLove"]},{"damage_healed":0.0,"max_hp_gain":0.0,"max_hp_loss":0.0,"gold_gain":0.0,"event_name":"Plague Doctor","player_choice":"Obtain Plague Curse","floor":29.0,"gold_loss":0.0,"damage_taken":0.0,"cards_obtained":["theForsaken:PlagueCurse"]},{"damage_healed":0,"gold_gain":0,"player_choice":"Fight","damage_taken":0,"max_hp_gain":0,"max_hp_loss":0,"event_name":"MindBloom","floor":46,"gold_loss":0},{"damage_healed":0,"gold_gain":0,"player_choice":"Gave Potion","damage_taken":0,"relics_obtained":["ReplayTheSpireMod:Shallot"],"max_hp_gain":0,"max_hp_loss":0,"event_name":"WeMeetAgain","floor":66,"gold_loss":0},{"cards_removed":["Expertise"],"damage_healed":0,"gold_gain":0,"player_choice":"Purged","damage_taken":0,"max_hp_gain":0,"max_hp_loss":0,"event_name":"Purifier","floor":72,"gold_loss":0},{"damage_healed":0,"gold_gain":0,"player_choice":"Became a Ghost","damage_taken":0,"max_hp_gain":0,"max_hp_loss":35,"event_name":"Ghosts","floor":74,"gold_loss":0,"cards_obtained":["Ghostly","Ghostly","Ghostly","Ghostly","Ghostly"]},{"damage_healed":0,"gold_gain":0,"player_choice":"Obtained Book","damage_taken":16,"max_hp_gain":0,"max_hp_loss":0,"event_name":"Cursed Tome","floor":82,"gold_loss":0},{"damage_healed":0,"gold_gain":0,"player_choice":"Embrace Madness","damage_taken":4,"max_hp_gain":0,"max_hp_loss":0,"event_name":"Winding Halls","floor":92,"gold_loss":0,"cards_obtained":["Madness","Madness"]},{"damage_healed":0,"gold_gain":30,"player_choice":"Searched \u00273\u0027 times","damage_taken":0,"max_hp_gain":0,"max_hp_loss":0,"event_name":"Dead Adventurer","floor":112,"gold_loss":0},{"damage_healed":0,"gold_gain":0,"player_choice":"1 cards matched","damage_taken":0,"max_hp_gain":0,"max_hp_loss":0,"event_name":"Match and Keep!","floor":114,"gold_loss":0,"cards_obtained":["Venomology"]},{"cards_removed":["PiercingWail"],"damage_healed":0,"gold_gain":0,"player_choice":"Elegance","damage_taken":0,"max_hp_gain":0,"max_hp_loss":0,"event_name":"betterThird:BetterWriting","floor":128,"gold_loss":0},{"damage_healed":0,"gold_gain":0,"player_choice":"3 cards matched","damage_taken":0,"max_hp_gain":0,"max_hp_loss":0,"event_name":"Match and Keep!","floor":142,"gold_loss":0,"cards_obtained":["Bandage Up","Doppelganger","Outmaneuver"]}],"is_beta":false,"boss_relics":[{"not_picked":["Calling Bell","Runic Pyramid"],"picked":"Astrolabe"},{"not_picked":["hubris:Backtick","SlaversCollar"],"picked":"Busted Crown"},{"not_picked":["infinitespire:Cupcake","ReplayTheSpireMod:DimensionalGlitch"],"picked":"ChewingGum"},{"not_picked":["Replay:Wanted Poster","Cursed Key"],"picked":"WristBlade"},{"not_picked":["Coffee Dripper","Replay:Ancient Bell"],"picked":"Ring of the Serpent"},{"not_picked":["theForsaken:PaleLantern","Tiny House"],"picked":"Empty Cage"},{"not_picked":["ReplayTheSpireMod:SealedPack","HoveringKite"],"picked":"hubris:ScarierMask"},{"not_picked":["Sozu","Kintsugi"],"picked":"Black Star"},{"not_picked":["infinitespire:Cupcake","hubris:RunicObelisk"],"picked":"hubris:Spice"}],"items_purged_floors":[31,31,49,98],"is_endless":true,"potions_floor_spawned":[1,6,16,23,24,28,33,35,37,42,48,54,60,64,67,73,75,80,84,86,90,91,95,103,105,108,109,112,118,123,132,134,141,143,146,150,154,158,159],"ascension_level":0}}