{"host":"05vhm55ztg7fyvhd","time":1609969275,"event":{"mods":["BaseMod","Downfall","Googly Eyes","Hubris","Minty Spire (QoL Compilation)","Replay The Spire","Shop Mod","StSLib"],"gold_per_floor":[114,124,135,155,174,206,216,227,254,254,254,274,299,299,299,394,394,411,45,45,45,45,45,45,45,45,45,45,45,61,61,77,112,112,210,210,229,274,274,34,45,45,79,79,79,110,127,144,144,160,160,160,160],"floor_reached":52,"playtime":3000,"items_purged":[],"score":733,"play_id":"55d7f027-7b9b-441e-b8eb-e940cf5694ae","local_time":"20210106224115","is_ascension_mode":true,"campfire_choices":[{"data":"expansioncontent:DashGenerateEvil","floor":10,"key":"SMITH"},{"data":"Fission","floor":15,"key":"SMITH"},{"data":"Electrodynamics","floor":23,"key":"SMITH"},{"floor":25,"key":"REST"},{"floor":29,"key":"REST"},{"data":"Mind Blast","floor":31,"key":"SMITH"},{"data":"hubris:PowerSurge","floor":34,"key":"SMITH"},{"data":"Echo Form","floor":42,"key":"SMITH"},{"data":"Tempest","floor":44,"key":"SMITH"},{"floor":51,"key":"RECALL"}],"circlet_count":0,"master_deck":["Strike_B","Strike_B","Strike_B","Strike_B","Defend_B","Defend_B","Zap","Dualcast","Survivor+1","Slimebound:Tackle","expansioncontent:DashGenerateEvil+1","Leap+1","hubris:PowerSurge+1","Fission+1","Melter","BootSequence","Streamline","Go for the Eyes","Doom and Gloom+1","Sweeping Beam","Time Bomb","Electrodynamics+1","Turbo+1","Aggregate+1","Streamline","expansioncontent:SlimeTackle","Mind Blast+1","expansioncontent:Sear","PanicButton","Ball Lightning","Chaos","Doom and Gloom+1","Hologram","Beam Cell","Rainbow","Streamline+1","Echo Form+1","expansioncontent:CaCaw","FTL","Tempest+1","Steam Power+1","Conserve Battery+1","Go for the Eyes+1","Steam Power+1"],"relics":["Cracked Core","Replay:Baseball","Juzu Bracelet","Odd Mushroom","War Paint","hubris:RunicObelisk","hubris:MysteriousPyramids","MutagenicStrength","Sundial","Pet Ghost","ChewingGum","Replay:Towering Pillar of Hats","PreservedInsect","Replay:Kaleidoscope","Cables","hubris:Icosahedron"],"acts_visited":["Exordium","TheCity","TheBeyond"],"potions_floor_usage":[8,8,13,16,33,43,47,52,52,52],"damage_taken":[{"damage":0,"enemies":"Jaw Worm","floor":1,"turns":3},{"damage":0,"enemies":"Small Slimes","floor":2,"turns":3},{"damage":0,"enemies":"Cultist","floor":3,"turns":2},{"damage":14,"enemies":"Gremlin Gang","floor":4,"turns":4},{"damage":0,"enemies":"2 Fungi Beasts","floor":5,"turns":3},{"damage":41,"enemies":"3 Sentries","floor":6,"turns":9},{"damage":0,"enemies":"Looter","floor":7,"turns":2},{"damage":0,"enemies":"Red Slaver","floor":8,"turns":1},{"damage":0,"enemies":"The Mushroom Lair","floor":12,"turns":3},{"damage":6,"enemies":"Gremlin Nob","floor":13,"turns":4},{"damage":3,"enemies":"Slime Boss","floor":16,"turns":3},{"damage":0,"enemies":"Spheric Guardian","floor":18,"turns":2},{"damage":0,"enemies":"3 Byrds","floor":30,"turns":1},{"damage":0,"enemies":"Snecko","floor":32,"turns":2},{"damage":0,"enemies":"Gremlin Leader","floor":33,"turns":1},{"damage":10,"enemies":"Automaton","floor":35,"turns":5},{"damage":0,"enemies":"3 Darklings","floor":37,"turns":1},{"damage":0,"enemies":"2 Orb Walkers","floor":38,"turns":2},{"damage":0,"enemies":"Orb Walker","floor":41,"turns":1},{"damage":4,"enemies":"Giant Head","floor":43,"turns":4},{"damage":0,"enemies":"Reptomancer","floor":46,"turns":2},{"damage":1,"enemies":"Transient","floor":47,"turns":5},{"damage":0,"enemies":"Jaw Worm Horde","floor":48,"turns":1},{"damage":28,"enemies":"Writhing Mass","floor":50,"turns":2},{"damage":49,"enemies":"Awakened One","floor":52,"turns":6}],"seed_played":"1845515544497117206","potions_obtained":[{"floor":3,"key":"Dexterity Potion"},{"floor":5,"key":"FocusPotion"},{"floor":6,"key":"champ:CounterPotion"},{"floor":7,"key":"Fire Potion"},{"floor":12,"key":"Elixir"},{"floor":13,"key":"LiquidMemories"},{"floor":30,"key":"PotionOfCapacity"},{"floor":41,"key":"Adrenaline Potion"},{"floor":46,"key":"Venom Potion"},{"floor":47,"key":"Elixir"},{"floor":50,"key":"FearPotion"}],"is_trial":false,"path_per_floor":["M","M","M","M","M","E","M","M","T","R","?","?","E","?","R","B",null,"M","$","?","?","?","R","?","R","T","PTL","PTL","R","M","R","M","E","R","B",null,"M","?","?","$","M","R","E","R","T","E","M","M","?","M","R","B"],"character_chosen":"DEFECT","items_purchased":["hubris:MysteriousPyramids","Aggregate+1","Streamline","PreservedInsect","expansioncontent:CaCaw"],"campfire_rested":2,"item_purchase_floors":[19,19,19,40,40],"current_hp_per_floor":[75,75,75,61,61,20,20,20,20,20,20,20,14,75,75,72,75,75,75,29,29,29,29,29,51,51,51,51,73,73,73,73,73,73,63,75,75,75,75,75,75,75,71,71,71,71,70,70,70,42,42,0,0],"gold":160,"neow_bonus":"RANDOM_COLORLESS_2","is_daily":false,"chose_seed":false,"campfire_upgraded":7,"win_rate":0.0,"timestamp":1609969275,"path_taken":["M","M","M","M","M","E","M","M","T","R","?","?","E","?","R","BOSS","M","$","?","?","?","R","?","R","T","PTL","PTL","R","M","R","M","E","R","BOSS","M","?","?","$","M","R","E","R","T","E","M","M","?","M","R","BOSS"],"items_purchased_type":["Relic","Card","Card","Relic","Card"],"build_version":"2020-12-22","purchased_purges":0,"victory":false,"max_hp_per_floor":[75,75,75,75,75,75,75,75,75,75,75,75,75,75,75,75,75,75,75,75,75,75,75,75,75,75,75,75,75,75,75,75,75,75,75,75,75,75,75,75,75,75,75,75,75,75,75,75,75,75,75,75,75],"card_choices":[{"not_picked":["Secret Weapon","ReplayUltimateDefense"],"picked":"expansioncontent:DashGenerateEvil","floor":0},{"not_picked":["Consume","Coolheaded"],"picked":"Leap","floor":1},{"not_picked":["Panic Button","Reinforced Body","Steam"],"picked":"SKIP","floor":2},{"not_picked":["Force Field","Leap"],"picked":"hubris:PowerSurge","floor":3},{"not_picked":["Streamline","Redo"],"picked":"Fission","floor":4},{"not_picked":["Conserve Battery","Steam"],"picked":"Melter","floor":5},{"not_picked":["Cold Snap","Steam"],"picked":"BootSequence","floor":6},{"not_picked":["Fission","Redo"],"picked":"Streamline","floor":7},{"not_picked":["Hologram","Stack"],"picked":"Go for the Eyes","floor":8},{"not_picked":["Recycle","Compile Driver"],"picked":"Sweeping Beam","floor":12},{"not_picked":["Machine Learning","Cold Snap"],"picked":"Time Bomb","floor":13},{"not_picked":["Buffer","Core Surge"],"picked":"Electrodynamics","floor":16},{"not_picked":["Lockon+1","Streamline"],"picked":"Turbo+1","floor":18},{"not_picked":["Compile Driver","Scrape+1"],"picked":"Doom and Gloom+1","floor":30},{"not_picked":["BasicCrystalCard","Gash"],"picked":"Hologram","floor":32},{"not_picked":["Undo","Streamline"],"picked":"Beam Cell","floor":33},{"not_picked":["Reboot","Seek"],"picked":"Rainbow","floor":35},{"not_picked":["Gash+1","Compile Driver+1"],"picked":"Streamline+1","floor":37},{"not_picked":["Compile Driver","Go for the Eyes"],"picked":"Echo Form","floor":38},{"not_picked":["Turbo","Stack"],"picked":"FTL","floor":41},{"not_picked":["Ball Lightning","Cold Snap+1"],"picked":"Tempest","floor":43},{"not_picked":["Aggregate","Steam+1"],"picked":"Steam Power+1","floor":46},{"not_picked":["Darkness+1","Ball Lightning"],"picked":"Conserve Battery+1","floor":47},{"not_picked":["Auto Shields","Reprogram+1"],"picked":"Go for the Eyes+1","floor":48},{"not_picked":["Stack+1","Auto Shields"],"picked":"Steam Power+1","floor":50}],"player_experience":447335,"relics_obtained":[{"floor":6,"key":"Replay:Baseball"},{"floor":9,"key":"Juzu Bracelet"},{"floor":12,"key":"Odd Mushroom"},{"floor":13,"key":"War Paint"},{"floor":26,"key":"Sundial"},{"floor":33,"key":"Pet Ghost"},{"floor":38,"key":"Replay:Towering Pillar of Hats"},{"floor":43,"key":"Replay:Kaleidoscope"},{"floor":46,"key":"Cables"}],"event_choices":[{"damage_healed":0,"gold_gain":0,"player_choice":"Fought Mushrooms","damage_taken":0,"max_hp_gain":0,"max_hp_loss":0,"event_name":"Mushrooms","floor":12,"gold_loss":0},{"damage_healed":61,"gold_gain":0,"player_choice":"Full Heal","damage_taken":0,"max_hp_gain":0,"max_hp_loss":0,"event_name":"Wheel of Change","floor":14,"gold_loss":0},{"damage_healed":0,"gold_gain":0,"player_choice":"CARD CARD CARD CARD CARD ","damage_taken":46,"max_hp_gain":0,"max_hp_loss":0,"event_name":"Knowing Skull","floor":20,"potions_obtained":[],"gold_loss":0,"cards_obtained":["expansioncontent:SlimeTackle","Mind Blast","expansioncontent:Sear","PanicButton","Flash of Steel"]},{"damage_healed":0,"gold_gain":0,"player_choice":"Read","damage_taken":0,"max_hp_gain":0,"max_hp_loss":0,"event_name":"The Library","floor":21,"gold_loss":0,"cards_obtained":["Ball Lightning"]},{"damage_healed":0,"gold_gain":0,"player_choice":"Inject Mutagens","damage_taken":0,"relics_obtained":["MutagenicStrength"],"max_hp_gain":0,"max_hp_loss":0,"event_name":"Drug Dealer","floor":22,"gold_loss":0},{"damage_healed":0,"gold_gain":0,"cards_transformed":["Defend_B"],"player_choice":"Transformed","damage_taken":0,"max_hp_gain":0,"max_hp_loss":0,"event_name":"Transmorgrifier","floor":24,"gold_loss":0,"cards_obtained":["Chaos"]},{"damage_healed":0,"gold_gain":0,"player_choice":"Fight","damage_taken":0,"max_hp_gain":0,"max_hp_loss":0,"event_name":"Mysterious Sphere","floor":38,"gold_loss":0},{"cards_removed":["Flash of Steel"],"damage_healed":0,"gold_gain":0,"player_choice":"Removed Attack","damage_taken":0,"max_hp_gain":0,"max_hp_loss":0,"event_name":"Falling","floor":39,"gold_loss":0}],"is_beta":false,"boss_relics":[{"not_picked":["SacredBark","Replay:Wanted Poster"],"picked":"hubris:RunicObelisk"},{"not_picked":["hubris:HollowSoul","Pandora\u0027s Box"],"picked":"ChewingGum"}],"items_purged_floors":[],"is_endless":false,"potions_floor_spawned":[3,5,6,7,12,13,30,41,46,47,50],"killed_by":"Awakened One","ascension_level":4}}