{"host":"mmyob72dycyg5z21","time":1609932115,"event":{"mods":["Act Like it!","Aspiration","BaseMod","Better Note","Better Third Choice","Better Vampires","Colored Powertips","Gremlin Skip","Luminous","Marked Mod","Minty Spire (QoL Compilation)","Rare Cards Sparkle","Spicy Shops","StSLib","SuperFastMode","The Hierophant","Yuyuko","[功能]功能增强和修复MOD","【功能Mod】精心准备","【遗物Mod】死灵法师NEW","篝火指南"],"gold_per_floor":[114,114,114,126,146,146,146,175,175,175,185,16,16,35,35,139,139,157,40,40,40,40,40,53,53,105,135,135,165,165,184,184,279,279,292,292,303,148,163,163,163,163,187,215,65,65,91,108,108,108,108,108,33,60,60],"floor_reached":56,"playtime":2342,"items_purged":["Pain","Luminous:Dark_Abyssal_Drop","Luminous:Light_Flash_Shower","Luminous:Switch_Luminous"],"score":1339,"play_id":"e5c2c9a6-e0d9-4c3f-8f79-f8fc2654d8a6","local_time":"20210106192155","is_ascension_mode":false,"campfire_choices":[{"data":"Luminous:Balance_Aether_Conduit","floor":6.0,"key":"SMITH"},{"data":"Luminous:Light_Flash_Shower","floor":10.0,"key":"SMITH"},{"data":"Luminous:Concentrate_Luminous","floor":15.0,"key":"SMITH"},{"data":"Luminous:Armageddon_Luminous","floor":23.0,"key":"SMITH"},{"data":"Luminous:Freud_Wisdom1_Luminous+1","floor":25.0,"key":"SMITH"},{"data":"Luminous:Freud_Wisdom1_Luminous+2","floor":28.0,"key":"SMITH"},{"data":"Luminous:Light_Spectral_Light","floor":32.0,"key":"SMITH"},{"data":"Luminous:Arcane_Rage_Luminous","floor":40.0,"key":"SMITH"},{"data":"Luminous:Freud_Wisdom1_Luminous+3","floor":42.0,"key":"SMITH"},{"data":"Luminous:Freud_Wisdom1_Luminous+4","floor":46.0,"key":"SMITH"},{"floor":49.0,"key":"RECALL"},{"data":"Luminous:Dark_Crescendo_Luminous","floor":52.0,"key":"SMITH"}],"circlet_count":0,"master_deck":["Luminous:Light_Flash_Shower+1","Luminous:Dark_Abyssal_Drop","Luminous:Defend_Luminous","Luminous:Defend_Luminous","Luminous:Defend_Luminous","Luminous:Balance_Aether_Conduit+1","Luminous:Magic_Accelerate_Luminous","Luminous:Dark_Crescendo_Luminous+1","Luminous:Concentrate_Luminous+1","Luminous:Armageddon_Luminous","Luminous:Freud_Wisdom1_Luminous+5","Luminous:Light_Glare+1","Luminous:Light_Glare+1","Luminous:Light_Gather","Luminous:Lunar_Tide_Luminous","Luminous:Armageddon_Luminous+1","Luminous:Light_Spectral_Light+1","Luminous:Lania_Blessing_Luminous","Luminous:Light_Wash_Luminous","Luminous:Arcane_Rage_Luminous+1","Madness","Madness","Luminous:Magic_Accelerate_Luminous+1","Prostrate+1","Luminous:Dark_Arcane_Pitch+1","Luminous:Mirror_Force_Luminous"],"relics":["Luminous:MirrorRelic","WarpedTongs","Shuriken","Astrolabe","Nloth\u0027s Gift","Pen Nib","Vajra","aspiration:WatcherSkillbook","Medical Kit","aspiration:HiddenCompartment","Bronze Scales","Lantern","Bag of Marbles","Boot"],"acts_visited":["Exordium","TheCity","TheBeyond","TheEnding"],"potions_floor_usage":[54],"damage_taken":[{"damage":7.0,"enemies":"2 Louse","floor":1.0,"turns":2.0},{"damage":10.0,"enemies":"Small Slimes","floor":4.0,"turns":4.0},{"damage":0.0,"enemies":"Cultist","floor":5.0,"turns":3.0},{"damage":20.0,"enemies":"Gremlin Nob","floor":8.0,"turns":4.0},{"damage":13.0,"enemies":"Large Slime","floor":11.0,"turns":4.0},{"damage":2.0,"enemies":"Gremlin Gang","floor":14.0,"turns":7.0},{"damage":40.0,"enemies":"Hexaghost","floor":16.0,"turns":11.0},{"damage":7.0,"enemies":"Shell Parasite","floor":18.0,"turns":6.0},{"damage":39.0,"enemies":"Spheric Guardian","floor":24.0,"turns":6.0},{"damage":0.0,"enemies":"Gremlin Leader","floor":27.0,"turns":7.0},{"damage":27.0,"enemies":"Book of Stabbing","floor":29.0,"turns":7.0},{"damage":0.0,"enemies":"Centurion and Healer","floor":31.0,"turns":8.0},{"damage":0.0,"enemies":"Champ","floor":33.0,"turns":11.0},{"damage":15.0,"enemies":"3 Darklings","floor":35.0,"turns":3.0},{"damage":27.0,"enemies":"3 Shapes","floor":37.0,"turns":5.0},{"damage":12.0,"enemies":"Sphere and 2 Shapes","floor":39.0,"turns":4.0},{"damage":0.0,"enemies":"Nemesis","floor":44.0,"turns":5.0},{"damage":0.0,"enemies":"Reptomancer","floor":47.0,"turns":6.0},{"damage":0.0,"enemies":"Transient","floor":48.0,"turns":5.0},{"damage":38.0,"enemies":"Donu and Deca","floor":50.0,"turns":4.0},{"damage":4,"enemies":"Shield and Spear","floor":54,"turns":6},{"damage":90,"enemies":"The Heart","floor":55,"turns":10}],"seed_played":"-8492047393498345991","potions_obtained":[{"floor":3.0,"key":"Fire Potion"},{"floor":3.0,"key":"FairyPotion"},{"floor":3.0,"key":"Explosive Potion"},{"floor":8.0,"key":"Weak Potion"},{"floor":27.0,"key":"Block Potion"},{"floor":29.0,"key":"Block Potion"},{"floor":31.0,"key":"Fruit Juice"},{"floor":33.0,"key":"AttackPotion"},{"floor":39.0,"key":"Energy Potion"},{"floor":44.0,"key":"SteroidPotion"},{"floor":44.0,"key":"Swift Potion"},{"floor":54,"key":"Fruit Juice"}],"is_trial":false,"path_per_floor":["M","?","?","M","M","R","?","E","T","R","M","$","?","M","R","B",null,"M","$","$","?","?","R","M","R","T","E","R","E","?","M","R","B",null,"M","?","M","$","M","R","?","R","T","E","$","R","E","M","R","B",null,"R","$","E","B",null],"character_chosen":"LuminousClass","items_purchased":["Luminous:Concentrate_Luminous","Luminous:Lunar_Tide_Luminous","Medical Kit","Bag of Marbles"],"campfire_rested":0,"item_purchase_floors":[12,19,38,53],"current_hp_per_floor":[68,75,75,65,65,65,65,45,45,45,32,32,75,73,73,33,75,68,68,68,68,68,68,33,33,33,37,37,31,31,52,52,63,80,65,55,34,34,28,28,28,28,28,34,34,34,45,51,51,13,80,80,80,81,6],"gold":60,"neow_bonus":"ONE_RANDOM_RARE_CARD","is_daily":false,"chose_seed":false,"campfire_upgraded":11,"win_rate":0.0,"timestamp":1609932115,"path_taken":["M","?","?","?","M","R","?","E","T","R","?","$","?","M","R","BOSS","M","?","$","?","?","R","M","R","T","E","R","E","?","?","R","BOSS","M","?","M","$","M","R","?","R","T","E","$","R","E","M","R","BOSS","R","$","E","BOSS"],"items_purchased_type":["Card","Card","Relic","Relic"],"build_version":"2020-12-22","purchased_purges":4,"victory":true,"max_hp_per_floor":[75,75,75,75,75,75,75,75,75,75,75,75,75,75,75,75,75,75,75,75,75,75,75,75,75,75,75,75,75,75,80,80,80,80,80,80,80,80,80,80,80,80,80,80,80,80,80,80,80,80,80,80,80,85,85],"card_choices":[{"not_picked":["Luminous:Light_Glare","Luminous:Dark_Pressure_Void","Luminous:Light_Sylvan_Lance"],"picked":"SKIP","floor":1.0},{"not_picked":["Luminous:Blinding_Pillar_Luminous","Luminous:Accumulation_Luminous"],"picked":"Luminous:Magic_Accelerate_Luminous","floor":4.0},{"not_picked":["Luminous:Light_Wash_Luminous","Luminous:Tune_Luminous"],"picked":"Luminous:Mana_Well_Luminous","floor":5.0},{"not_picked":["Luminous:Dark_Dim_Erosion","Luminous:Dark_Extract","Luminous:Darks_Surge_Luminous"],"picked":"SKIP","floor":8.0},{"not_picked":["Luminous:Light_Gather","Luminous:Accumulation_Luminous"],"picked":"Luminous:Dark_Crescendo_Luminous","floor":11.0},{"not_picked":["Luminous:Concentrate_Luminous","Luminous:Light_Disperse"],"picked":"Luminous:Abyss_Heart_Luminous","floor":14.0},{"not_picked":["Luminous:Arcane_Rage_Luminous","Luminous:Erosion_Luminous"],"picked":"Luminous:Armageddon_Luminous","floor":16.0},{"not_picked":["Luminous:Photic_Meditation_Luminous","Luminous:Accumulation_Luminous"],"picked":"Luminous:Light_Gather","floor":18.0},{"not_picked":["Luminous:Light_Glare","Luminous:Dark_Dim_Erosion"],"picked":"Luminous:Light_Spectral_Light","floor":24.0},{"not_picked":["Luminous:Light_Track+1","Luminous:Ethereal_Form_Luminous"],"picked":"Luminous:Lania_Blessing_Luminous","floor":27.0},{"not_picked":["Luminous:Dark_Apocalypse+1","Luminous:Light_Glare","Luminous:Magic_Boost_Luminous"],"picked":"SKIP","floor":29.0},{"not_picked":["Luminous:Blinding_Pillar_Luminous+1","Luminous:Darkness_Mastery_Luminous"],"picked":"Luminous:Light_Wash_Luminous","floor":31.0},{"not_picked":["Luminous:Chaos_Field_Luminous","Luminous:Date_of_Light_Luminous"],"picked":"Luminous:Arcane_Rage_Luminous","floor":33.0},{"not_picked":["Brilliance","Consecrate","Indignation+1","Luminous:Accumulation_Luminous"],"picked":"SKIP","floor":35.0},{"not_picked":["Luminous:Light_Ray_of_Redemption+1","CutThroughFate","Luminous:Light_Glare"],"picked":"Luminous:Magic_Accelerate_Luminous+1","floor":37.0},{"not_picked":["FlurryOfBlows","SpiritShield","PathToVictory"],"picked":"Prostrate+1","floor":39.0},{"not_picked":["Luminous:Magic_Accelerate_Luminous","Luminous:Dark_Crescendo_Luminous","Luminous:Magic_Boost_Luminous","Luminous:Reverse_Spell_Luminous"],"picked":"SKIP","floor":44.0},{"not_picked":["ConjureBlade","Luminous:Light_Wash_Luminous","Luminous:Magic_Guard_Luminous","Protect"],"picked":"SKIP","floor":47.0},{"not_picked":["Wireheading","Luminous:Dark_Pressure_Void","FollowUp+1"],"picked":"Luminous:Dark_Arcane_Pitch+1","floor":48.0},{"not_picked":["ThirdEye+1","Luminous:Balance_Aether_Conduit","Luminous:Concentrate_Luminous+1"],"picked":"Luminous:Mirror_Force_Luminous","floor":54}],"player_experience":389955,"relics_obtained":[{"floor":8.0,"key":"Smiling Mask"},{"floor":9.0,"key":"Shuriken"},{"floor":27.0,"key":"Pen Nib"},{"floor":29.0,"key":"Vajra"},{"floor":43.0,"key":"aspiration:HiddenCompartment"},{"floor":44.0,"key":"Bronze Scales"},{"floor":47.0,"key":"Lantern"},{"floor":54,"key":"Boot"}],"event_choices":[{"damage_healed":0.0,"max_hp_gain":0.0,"max_hp_loss":0.0,"gold_gain":0.0,"event_name":"Lab","player_choice":"Got Potions","floor":3.0,"gold_loss":0.0,"damage_taken":0.0},{"damage_healed":0.0,"max_hp_gain":0.0,"max_hp_loss":0.0,"gold_gain":0.0,"event_name":"Accursed Blacksmith","player_choice":"Rummage","floor":7.0,"gold_loss":0.0,"damage_taken":0.0,"relics_obtained":["WarpedTongs"],"cards_obtained":["Pain"]},{"cards_removed":["Luminous:Mana_Well_Luminous"],"damage_healed":43.0,"max_hp_gain":0.0,"max_hp_loss":0.0,"gold_gain":0.0,"event_name":"Bonfire Elementals","player_choice":"Offered Uncommon","floor":13.0,"gold_loss":0.0,"damage_taken":0.0},{"damage_healed":0.0,"max_hp_gain":0.0,"max_hp_loss":0.0,"gold_gain":0.0,"event_name":"N\u0027loth","player_choice":"Traded Relic","floor":21.0,"relics_lost":["Smiling Mask"],"gold_loss":0.0,"damage_taken":0.0,"relics_obtained":["Nloth\u0027s Gift"]},{"damage_healed":0.0,"max_hp_gain":0.0,"max_hp_loss":0.0,"gold_gain":0.0,"event_name":"Duplicator","player_choice":"Copied","floor":22.0,"gold_loss":0.0,"damage_taken":0.0,"cards_obtained":["Luminous:Armageddon_Luminous"]},{"cards_removed":["Luminous:Abyss_Heart_Luminous"],"damage_healed":0.0,"max_hp_gain":0.0,"max_hp_loss":0.0,"gold_gain":0.0,"event_name":"Purifier","player_choice":"Purged","floor":30.0,"gold_loss":0.0,"damage_taken":0.0},{"damage_healed":0.0,"max_hp_gain":0.0,"max_hp_loss":0.0,"gold_gain":0.0,"event_name":"Winding Halls","player_choice":"Embrace Madness","floor":36.0,"gold_loss":0.0,"damage_taken":10.0,"cards_obtained":["Madness","Madness"]}],"is_beta":false,"boss_relics":[{"not_picked":["Fusion Hammer","Snecko Eye"],"picked":"Astrolabe"},{"not_picked":["Cursed Key","aspiration:DefectSkillbook"],"picked":"aspiration:WatcherSkillbook"}],"items_purged_floors":[12,12,19,45],"is_endless":false,"potions_floor_spawned":[5,5,8,11,18,27,29,31,33,39,44,44,47,54],"ascension_level":0}}