{"host":"39wghd9i8wbkaba9","time":1609950668,"event":{"mods":["Arknights The Spire","BaseMod","Downfall","Googly Eyes","Luminous","Minty Spire (QoL Compilation)","Reimu（博丽灵梦）","Replay The Spire","Spicy Shops","StSLib","The Bug Knight","WarShipGirlsR/战舰少女R mod","残留之物"],"gold_per_floor":[109,123,123,143,157,157,190,190,243,243,243,243,284,298,298,424,424,439,13,32,56,72,72,111,111,111],"floor_reached":25,"playtime":1038,"items_purged":["PlaceholderMod:BaseStrike"],"score":245,"play_id":"9b210ad5-24d7-4860-a859-5afd37ab7485","local_time":"20210107003108","is_ascension_mode":true,"campfire_choices":[{"data":"PlaceholderMod:ConsolidateHit","floor":6,"key":"SMITH"},{"data":"PlaceholderMod:DiffusionPoison","floor":10,"key":"SMITH"},{"data":"PlaceholderMod:ThreeBenzyolStart","floor":12,"key":"SMITH"},{"floor":15,"key":"REST"},{"floor":23,"key":"REST"}],"circlet_count":0,"master_deck":["PlaceholderMod:BaseStrike","PlaceholderMod:BaseStrike","PlaceholderMod:BaseStrike","PlaceholderMod:BaseDefend","PlaceholderMod:BaseDefend","PlaceholderMod:BaseDefend","PlaceholderMod:BaseDefend","PlaceholderMod:BaseDefend","PlaceholderMod:Crystal","PlaceholderMod:PoisonWhip","PlaceholderMod:ThreeBenzyolStart+1","PlaceholderMod:SubstitutionNucleophilic1","PlaceholderMod:ConsolidateHit+1","PlaceholderMod:PoisonAbsorb","PlaceholderMod:DiffusionPoison+1","PlaceholderMod:Corrosion","PlaceholderMod:AttackAsDefend","PlaceholderMod:DiffusionPoison","PlaceholderMod:Stable+1","PlaceholderMod:GrowthForm+1","PlaceholderMod:SeverePoisonStrike"],"relics":["Ring of Chaos","Ornamental Fan","Golden Idol","Bag of Marbles","Omamori","Centennial Puzzle","Replay:Grab Bag","Philosopher\u0027s Stone","Runic Dome","Runic Pyramid","Blue Doll","Membership Card","Vajra"],"acts_visited":["Exordium","TheCity"],"potions_floor_usage":[22,22,22],"damage_taken":[{"damage":1,"enemies":"Jaw Worm","floor":1,"turns":4},{"damage":1,"enemies":"Cultist","floor":2,"turns":4},{"damage":0,"enemies":"Small Slimes","floor":4,"turns":3},{"damage":0,"enemies":"2 Fungi Beasts","floor":5,"turns":2},{"damage":18,"enemies":"Lagavulin","floor":7,"turns":5},{"damage":19,"enemies":"3 Sentries","floor":13,"turns":7},{"damage":2,"enemies":"3 Louse","floor":14,"turns":4},{"damage":16,"enemies":"Slime Boss","floor":16,"turns":7},{"damage":17,"enemies":"3 Byrds","floor":18,"turns":4},{"damage":11,"enemies":"Shell Parasite","floor":20,"turns":4},{"damage":27,"enemies":"Snake Plant","floor":21,"turns":4},{"damage":18,"enemies":"Centurion and Healer","floor":22,"turns":4},{"damage":7,"enemies":"Gremlin Leader","floor":24,"turns":5}],"seed_played":"-469769756377768302","potions_obtained":[{"floor":1,"key":"Elixir"},{"floor":7,"key":"SpeedPotion"},{"floor":16,"key":"Adrenaline Potion"},{"floor":20,"key":"Adrenaline Potion"},{"floor":24,"key":"Explosive Potion"}],"is_trial":false,"path_per_floor":["M","M","?","M","M","R","E","?","T","R","?","R","E","M","R","B",null,"M","$","M","M","M","R","E","?"],"character_chosen":"THE_PLACEHOLDER","items_purchased":["Blue Doll","Membership Card","PlaceholderMod:GrowthForm+1","Dexterity Potion"],"campfire_rested":2,"item_purchase_floors":[19,19,19,19],"current_hp_per_floor":[77,76,76,76,76,76,58,39,39,39,39,39,20,18,41,25,78,61,61,50,23,5,28,21,0,0],"gold":111,"neow_bonus":"BOSS_RELIC","is_daily":false,"chose_seed":false,"campfire_upgraded":3,"win_rate":0.0,"timestamp":1609950668,"path_taken":["M","M","?","?","?","R","E","?","T","R","?","R","E","M","R","BOSS","M","$","M","M","?","R","E","?"],"items_purchased_type":["Relic","Relic","Card","Potion"],"build_version":"2020-12-22","purchased_purges":1,"victory":false,"max_hp_per_floor":[78,78,78,78,78,78,78,78,78,78,78,78,78,78,78,78,78,78,78,78,78,78,78,78,78,78],"card_choices":[{"not_picked":["PlaceholderMod:Hard","PlaceholderMod:ProliferateStrike"],"picked":"PlaceholderMod:ThreeBenzyolStart","floor":1},{"not_picked":["PlaceholderMod:HornyBlast","PlaceholderMod:OHStrongAttack"],"picked":"PlaceholderMod:SubstitutionNucleophilic1","floor":2},{"not_picked":["PlaceholderMod:Hard","PlaceholderMod:DirectingGroup"],"picked":"PlaceholderMod:ConsolidateHit","floor":4},{"not_picked":["PlaceholderMod:SprayAttack","PlaceholderMod:ContinueSpray"],"picked":"PlaceholderMod:PoisonAbsorb","floor":5},{"not_picked":["PlaceholderMod:FastReaction","PlaceholderMod:AttackAsDefend"],"picked":"PlaceholderMod:DiffusionPoison","floor":7},{"not_picked":["PlaceholderMod:ContinueSpray","PlaceholderMod:PoisonExcitation"],"picked":"PlaceholderMod:Corrosion","floor":13},{"not_picked":["PlaceholderMod:StressReaction","PlaceholderMod:Internalization"],"picked":"PlaceholderMod:AttackAsDefend","floor":14},{"not_picked":["PlaceholderMod:PericyclicReaction","PlaceholderMod:AbsorbTouch"],"picked":"PlaceholderMod:DiffusionPoison","floor":16},{"not_picked":["PlaceholderMod:Polyp","PlaceholderMod:ProliferateStrike"],"picked":"PlaceholderMod:Stable+1","floor":18},{"not_picked":["PlaceholderMod:SubstitutionNucleophilic1","PlaceholderMod:Package"],"picked":"PlaceholderMod:SeverePoisonStrike","floor":20},{"not_picked":["PlaceholderMod:AbsorbTouch","PlaceholderMod:NearChange","PlaceholderMod:ComplexForm+1"],"picked":"SKIP","floor":21},{"not_picked":["PlaceholderMod:Turn","PlaceholderMod:MultipleOxi","PlaceholderMod:SubstitutionNucleophilic1"],"picked":"SKIP","floor":22},{"not_picked":["PlaceholderMod:SpinBlade","PlaceholderMod:TriggerStrike","PlaceholderMod:HornyBlast"],"picked":"SKIP","floor":24}],"player_experience":172211,"relics_obtained":[{"floor":7,"key":"Ornamental Fan"},{"floor":9,"key":"Bag of Marbles"},{"floor":13,"key":"Centennial Puzzle"},{"floor":24,"key":"Vajra"}],"event_choices":[{"damage_healed":0,"gold_gain":0,"cards_transformed":["PlaceholderMod:BaseStrike"],"player_choice":"Transformed","damage_taken":0,"max_hp_gain":0,"max_hp_loss":0,"event_name":"Transmorgrifier","floor":3,"gold_loss":0,"cards_obtained":["PlaceholderMod:StressReaction"]},{"damage_healed":0,"gold_gain":0,"player_choice":"Take Damage","damage_taken":19,"relics_obtained":["Golden Idol"],"max_hp_gain":0,"max_hp_loss":0,"event_name":"Golden Idol","floor":8,"gold_loss":0},{"cards_removed":["PlaceholderMod:StressReaction"],"damage_healed":0,"gold_gain":0,"player_choice":"Gave Card","damage_taken":0,"relics_obtained":["Omamori"],"max_hp_gain":0,"max_hp_loss":0,"event_name":"WeMeetAgain","floor":11,"gold_loss":0}],"is_beta":false,"boss_relics":[{"not_picked":["Astrolabe","Replay:Drink Me"],"picked":"Replay:Grab Bag"},{"not_picked":["Sozu","ChewingGum"],"picked":"Philosopher\u0027s Stone"},{"not_picked":["SlaversCollar","Velvet Choker"],"picked":"Runic Dome"},{"not_picked":["SacredBark","Honey Jar"],"picked":"Runic Pyramid"}],"items_purged_floors":[19],"is_endless":false,"potions_floor_spawned":[1,7,16,20,24],"ascension_level":1}}