{"host":"851hhqouejqwzba1","time":1609899267,"event":{"mods":["BaseMod","Minty Spire (QoL Compilation)","Permanent Neow","Shop Mod","Spicy Shops","StSLib","óô»ðÖ¸ÄÏ"],"gold_per_floor":[109,109,127,137,137,34,109,135,209,209,284,211,228,243,106,207,207,220,113,128,128,138,138,148,148,174,207,226,226,257,119,119,216,266,279,279,291,50,70,70,85,85,85,101,115,115,131,142,4,4],"floor_reached":51,"playtime":2849,"items_purged":["Regret","Strike_G"],"score":889,"play_id":"5c9b90ab-079a-43cd-9f8d-a81ac138d6cc","local_time":"20210106101427","is_ascension_mode":true,"campfire_choices":[{"data":"Cloak And Dagger","floor":10.0,"key":"SMITH"},{"data":"Phantasmal Killer","floor":23.0,"key":"SMITH"},{"data":"Bullet Time","floor":29.0,"key":"SMITH"},{"data":"Accuracy","floor":32.0,"key":"SMITH"},{"data":"Accuracy","floor":40.0,"key":"SMITH"},{"data":"Blur","floor":42.0,"key":"SMITH"},{"data":"J.A.X.","floor":46.0,"key":"SMITH"}],"circlet_count":0,"master_deck":["Strike_G","Strike_G","Defend_G","Defend_G","Defend_G","Defend_G","Survivor","Neutralize","Setup","Blur+1","Cloak And Dagger+1","Accuracy+1","Backstab","Dagger Spray","After Image","Blade Dance+1","Clumsy","Phantasmal Killer+1","Acrobatics","Accuracy+1","Leg Sweep","J.A.X.+1","Glass Knife","Bullet Time+1","Venomology","Finisher","Tactician+1","PiercingWail","Infinite Blades"],"relics":["Black Star","Paper Crane","InkBottle","Ninja Scroll","Turnip","Meat on the Bone","Lantern","Busted Crown","Nunchaku","Pen Nib","Boot","Potion Belt","Bottled Lightning","Tiny House","Shuriken","Pantograph"],"acts_visited":["Exordium","TheCity","TheBeyond"],"potions_floor_usage":[50,50,50,50],"damage_taken":[{"damage":1.0,"enemies":"Jaw Worm","floor":1.0,"turns":4.0},{"damage":12.0,"enemies":"Cultist","floor":3.0,"turns":6.0},{"damage":0.0,"enemies":"2 Louse","floor":4.0,"turns":3.0},{"damage":39.0,"enemies":"Gremlin Nob","floor":8.0,"turns":6.0},{"damage":4.0,"enemies":"Large Slime","floor":13.0,"turns":3.0},{"damage":2.0,"enemies":"Blue Slaver","floor":14.0,"turns":3.0},{"damage":17.0,"enemies":"The Guardian","floor":16.0,"turns":16.0},{"damage":3.0,"enemies":"Chosen","floor":18.0,"turns":4.0},{"damage":1.0,"enemies":"Shell Parasite","floor":20.0,"turns":3.0},{"damage":0.0,"enemies":"Centurion and Healer","floor":22.0,"turns":6.0},{"damage":0.0,"enemies":"Snake Plant","floor":24.0,"turns":2.0},{"damage":26.0,"enemies":"Book of Stabbing","floor":27.0,"turns":6.0},{"damage":2.0,"enemies":"3 Cultists","floor":28.0,"turns":5.0},{"damage":0.0,"enemies":"Gremlin Leader","floor":30.0,"turns":2.0},{"damage":11.0,"enemies":"Champ","floor":33.0,"turns":8.0},{"damage":5.0,"enemies":"Orb Walker","floor":35.0,"turns":3.0},{"damage":3.0,"enemies":"3 Darklings","floor":37.0,"turns":2.0},{"damage":27.0,"enemies":"4 Shapes","floor":39.0,"turns":6.0},{"damage":23.0,"enemies":"Spire Growth","floor":41.0,"turns":4.0},{"damage":3.0,"enemies":"3 Darklings","floor":44.0,"turns":2.0},{"damage":3.0,"enemies":"Jaw Worm Horde","floor":45.0,"turns":2.0},{"damage":13.0,"enemies":"Spire Growth","floor":47.0,"turns":2.0},{"damage":9.0,"enemies":"Transient","floor":48.0,"turns":5.0},{"damage":39,"enemies":"Time Eater","floor":50,"turns":3}],"seed_played":"-8590608427381452398","potions_obtained":[{"floor":1.0,"key":"FearPotion"},{"floor":4.0,"key":"Swift Potion"},{"floor":13.0,"key":"GamblersBrew"},{"floor":18.0,"key":"SteroidPotion"},{"floor":20.0,"key":"SteroidPotion"},{"floor":28.0,"key":"EssenceOfSteel"},{"floor":30.0,"key":"AttackPotion"},{"floor":33.0,"key":"Fire Potion"},{"floor":34.0,"key":"Strength Potion"},{"floor":39.0,"key":"AttackPotion"},{"floor":41.0,"key":"Ancient Potion"},{"floor":45.0,"key":"Energy Potion"}],"is_trial":false,"path_per_floor":["M","?","M","M","?","R","T","E","T","R","?","$","M","M","R","B",null,"M","$","M","?","M","R","M","?","T","E","M","R","E","$","R","B",null,"M","?","M","$","M","R","M","R","T","M","M","R","M","M","R","B",null],"character_chosen":"THE_SILENT","items_purchased":["Accuracy","Backstab","CunningPotion","Lantern","Accuracy","Leg Sweep","Finisher","Shuriken","SkillPotion","AttackPotion","Infinite Blades"],"campfire_rested":0,"item_purchase_floors":[6,6,12,15,19,19,31,38,49,49,49],"current_hp_per_floor":[69,69,57,57,57,57,57,18,18,18,7,7,15,25,25,20,58,55,55,54,54,54,54,54,54,54,40,38,38,38,38,38,39,67,62,62,59,59,44,44,33,33,33,42,39,39,38,41,41,39],"gold":4,"neow_bonus":"BOSS_RELIC","is_daily":false,"chose_seed":false,"campfire_upgraded":7,"win_rate":0.0,"timestamp":1609899267,"path_taken":["M","?","?","?","?","R","?","E","T","R","?","$","M","M","R","BOSS","M","$","M","?","M","R","M","?","T","E","M","R","E","?","R","BOSS","M","?","M","$","M","R","?","R","T","M","M","R","M","M","R","BOSS"],"items_purchased_type":["Card","Card","Potion","Relic","Card","Card","Card","Relic","Potion","Potion","Card"],"build_version":"2020-12-22","purchased_purges":2,"victory":true,"max_hp_per_floor":[70,70,70,70,70,70,70,70,70,70,70,70,70,70,70,70,70,70,70,70,70,70,70,70,70,70,70,70,70,70,70,70,70,75,75,75,75,75,75,75,75,75,75,75,75,75,75,75,75,75],"card_choices":[{"not_picked":["Setup","Underhanded Strike","Tactician"],"picked":"SKIP","floor":1.0},{"not_picked":["Deflect","Skewer"],"picked":"Blur","floor":3.0},{"not_picked":["PiercingWail","Deadly Poison"],"picked":"Cloak And Dagger","floor":4.0},{"not_picked":["Tactician","Bane"],"picked":"Dagger Spray","floor":8.0},{"not_picked":["Bane","Prepared"],"picked":"After Image","floor":13.0},{"not_picked":["Infinite Blades","Poisoned Stab"],"picked":"Blade Dance","floor":14.0},{"not_picked":["Burst","Bullet Time"],"picked":"Phantasmal Killer","floor":16.0},{"not_picked":[],"picked":"Acrobatics","floor":18.0},{"not_picked":["Acrobatics"],"picked":"SKIP","floor":20.0},{"not_picked":["Sucker Punch"],"picked":"SKIP","floor":22.0},{"not_picked":["Sucker Punch+1"],"picked":"SKIP","floor":24.0},{"not_picked":["Poisoned Stab"],"picked":"SKIP","floor":27.0},{"not_picked":[],"picked":"Bullet Time","floor":28.0},{"not_picked":[],"picked":"Venomology","floor":30.0},{"not_picked":["Concentrate"],"picked":"SKIP","floor":35.0},{"not_picked":["Deadly Poison+1"],"picked":"SKIP","floor":37.0},{"not_picked":["Blur+1"],"picked":"SKIP","floor":39.0},{"not_picked":["Bane"],"picked":"SKIP","floor":41.0},{"not_picked":[],"picked":"Tactician+1","floor":44.0},{"not_picked":["Bane+1"],"picked":"SKIP","floor":45.0},{"not_picked":["Quick Slash+1"],"picked":"SKIP","floor":47.0},{"not_picked":[],"picked":"PiercingWail","floor":48.0}],"player_experience":329589,"relics_obtained":[{"floor":7.0,"key":"InkBottle"},{"floor":8.0,"key":"Ninja Scroll"},{"floor":8.0,"key":"Turnip"},{"floor":9.0,"key":"Meat on the Bone"},{"floor":26.0,"key":"Nunchaku"},{"floor":27.0,"key":"Pen Nib"},{"floor":27.0,"key":"Boot"},{"floor":30.0,"key":"Potion Belt"},{"floor":30.0,"key":"Bottled Lightning"},{"floor":43.0,"key":"Pantograph"}],"event_choices":[{"damage_healed":0.0,"max_hp_gain":0.0,"max_hp_loss":0.0,"gold_gain":0.0,"cards_transformed":["Strike_G"],"event_name":"Transmorgrifier","player_choice":"Transformed","floor":2.0,"gold_loss":0.0,"damage_taken":0.0,"cards_obtained":["Setup"]},{"damage_healed":0.0,"max_hp_gain":0.0,"max_hp_loss":0.0,"gold_gain":0.0,"event_name":"Big Fish","player_choice":"Box","floor":5.0,"gold_loss":0.0,"damage_taken":0.0,"relics_obtained":["Paper Crane"],"cards_obtained":["Regret"]},{"damage_healed":0.0,"max_hp_gain":0.0,"max_hp_loss":0.0,"gold_gain":75.0,"event_name":"World of Goop","player_choice":"Gather Gold","floor":11.0,"gold_loss":0.0,"damage_taken":11.0},{"damage_healed":0.0,"max_hp_gain":0.0,"max_hp_loss":0.0,"gold_gain":0.0,"event_name":"Drug Dealer","player_choice":"Obtain J.A.X.","floor":21.0,"gold_loss":0.0,"damage_taken":0.0,"cards_obtained":["J.A.X."]},{"damage_healed":0.0,"max_hp_gain":0.0,"max_hp_loss":0.0,"gold_gain":0.0,"cards_transformed":["Strike_G"],"event_name":"Transmorgrifier","player_choice":"Transformed","floor":25.0,"gold_loss":0.0,"damage_taken":0.0,"cards_obtained":["Glass Knife"]},{"cards_removed":["Defend_G"],"damage_healed":0.0,"max_hp_gain":0.0,"max_hp_loss":0.0,"gold_gain":0.0,"event_name":"Purifier","player_choice":"Purged","floor":36.0,"gold_loss":0.0,"damage_taken":0.0}],"is_beta":false,"boss_relics":[{"not_picked":["HoveringKite","Ectoplasm"],"picked":"Busted Crown"},{"not_picked":["Runic Dome","Cursed Key"],"picked":"Tiny House"}],"items_purged_floors":[15,31],"is_endless":false,"potions_floor_spawned":[1,4,13,18,20,28,30,33,39,41,45],"ascension_level":5}}