{"host":"cbabs5wvj1yqiyjm","time":1609971016,"event":{"mods":["AchievementEnabler","Act Like it!","Bartender","BaseMod","Bestiary","Better Third Choice","BetterRewards","Colored Powertips","Downfall","Friendly Minions","Hallownest","Hermit","Infinite Spire","Marisa????????","Minty Spire (QoL Compilation)","Rare Cards Sparkle","Replay The Spire","SOS???????","Spicy Shops","StSLib","Td1madao Mod","The Bladedancer","The Bug Knight","The Cursed","The Disciple","The Forsaken","The Marked","The Necromancer","The Servant 0.9.4","Wandering Minibosses","???Mod??????Boss"],"gold_per_floor":[119,137,137,137,157,157,157,167,192,204,57,70,70,90,90,185,185,201,116,84,84,102,102,116,16,42,42,42,62,62,79,79,184,184,196,206,206,217,217,217,217,217,242,257,275,285,44,57,57,57],"floor_reached":51,"playtime":3408,"items_purged":[],"score":645,"play_id":"ed9a8978-0f24-42ab-9dfe-3aad3b11e8a9","local_time":"20210106171016","is_ascension_mode":false,"campfire_choices":[{"data":"Form_Shift","floor":7,"key":"SMITH"},{"floor":13,"key":"REST"},{"floor":15,"key":"REST"},{"floor":23,"key":"REST"},{"floor":28,"key":"REST"},{"floor":32,"key":"REST"},{"floor":40,"key":"REST"},{"floor":42,"key":"REST"},{"data":"Torment","floor":49,"key":"SMITH"}],"circlet_count":0,"master_deck":["Strike_Bartender","Strike_Bartender","Strike_Bartender","Defend_Bartender","Defend_Bartender","Defend_Bartender","Defend_Bartender","Somersault+1","Phantom_Blow+1","Form_Shift+1","Bicycle_Kick","Torment+1","Fading_Blow","Rope_A_Dope","Ripple","Axe_Heel_Kick+1","Insight_B+1","Raptor_Form+1","Sucker_Punch","Power_Up_Punch","Butterfly_Float","Perfect_Balance+1","Bitters","Ball_Of_Ice","Center_Self","Breathe_Deep+1","Bitters+1","On_The_Rocks+1","Fading_Blow","Swift Strike","Dancing_Jab","With_A_Twist","RockBreaker+","On_The_Rocks","Momentum+1","Bicycle_Kick"],"relics":["Sneakers","Strawberry","Astrolabe","MealTicket","Frozen Egg 2","Ancient Tea Set","infinitespire:Lucky Rock","Busted Crown","Lantern","Bronze Scales"],"acts_visited":["Exordium","TheCity","TheBeyond"],"potions_floor_usage":[33,50,50,50],"damage_taken":[{"damage":0,"enemies":"Small Slimes","floor":1,"turns":2},{"damage":0,"enemies":"2 Louse","floor":2,"turns":3},{"damage":1,"enemies":"Jaw Worm","floor":5,"turns":4},{"damage":0,"enemies":"Exordium Wildlife","floor":8,"turns":2},{"damage":14,"enemies":"Blue Slaver","floor":10,"turns":3},{"damage":22,"enemies":"Exordium Thugs","floor":12,"turns":4},{"damage":10,"enemies":"Looter","floor":14,"turns":3},{"damage":40,"enemies":"Slime Boss","floor":16,"turns":10},{"damage":3,"enemies":"3 Byrds","floor":18,"turns":9},{"damage":12,"enemies":"2 Thieves","floor":20,"turns":5},{"damage":23,"enemies":"Chosen and Byrds","floor":22,"turns":7},{"damage":26,"enemies":"Snake Plant","floor":24,"turns":5},{"damage":0,"enemies":"Snecko","floor":29,"turns":4},{"damage":16,"enemies":"Centurion and Healer","floor":31,"turns":7},{"damage":42,"enemies":"Champ","floor":33,"turns":15},{"damage":9,"enemies":"3 Darklings","floor":35,"turns":8},{"damage":16,"enemies":"3 Shapes","floor":36,"turns":5},{"damage":11,"enemies":"3 Darklings","floor":38,"turns":6},{"damage":19,"enemies":"Spire Growth","floor":44,"turns":4},{"damage":0,"enemies":"Writhing Mass","floor":45,"turns":5},{"damage":0,"enemies":"3 Darklings","floor":46,"turns":4},{"damage":0,"enemies":"Maw","floor":48,"turns":5},{"damage":59,"enemies":"Awakened One","floor":50,"turns":7}],"seed_played":"3406809273582157515","potions_obtained":[{"floor":10,"key":"Swift Potion"},{"floor":12,"key":"BlessingOfTheForge"},{"floor":16,"key":"Dexterity Potion"},{"floor":24,"key":"Reflective Coating"},{"floor":33,"key":"ColorlessPotion"},{"floor":41,"key":"champ:CounterPotion"}],"is_trial":false,"path_per_floor":["M","M","?","?","M","?","R","M","T","M","$","M","R","M","R","B",null,"M","?","M","T","M","R","M","$","T","?","R","M","$","M","R","B",null,"M","M","?","M","?","R","?","R","T","M","M","M","$","M","R","B",null],"character_chosen":"BARTENDER","items_purchased":["Fading_Blow","Rope_A_Dope","Bitters","Ancient Tea Set","On_The_Rocks","Momentum+1","Bronze Scales"],"campfire_rested":7,"item_purchase_floors":[11,11,25,25,47,47,47],"current_hp_per_floor":[70,70,70,70,69,69,69,69,76,62,62,40,63,53,76,36,77,74,74,62,62,39,62,36,51,51,51,74,74,77,61,77,35,77,68,52,52,41,41,64,64,77,77,58,58,58,73,73,73,14],"gold":57,"neow_bonus":"UPGRADE_CARD","is_daily":false,"chose_seed":false,"campfire_upgraded":2,"win_rate":0.0,"timestamp":1609971016,"path_taken":["M","M","?","?","M","?","R","M","T","M","$","?","R","M","R","BOSS","M","?","M","?","M","R","M","$","T","?","R","M","$","?","R","BOSS","M","M","?","M","?","R","?","R","T","M","M","?","$","M","R","BOSS"],"items_purchased_type":["Card","Card","Card","Relic","Card","Card","Relic"],"build_version":"2020-12-22","purchased_purges":0,"victory":true,"max_hp_per_floor":[70,70,70,70,70,70,70,70,77,77,77,77,77,77,77,77,77,77,77,77,77,77,77,77,77,77,77,77,77,77,77,77,77,77,77,77,77,77,77,77,77,77,77,77,77,77,77,77,77,77],"card_choices":[{"not_picked":["Ripple","Insight_B"],"picked":"Feint","floor":1},{"not_picked":["ThreeSidedStar","Stick_and_Move"],"picked":"With_A_Twist","floor":2},{"not_picked":["Phantom_Blow","ThreeSidedStar"],"picked":"Form_Shift","floor":5},{"not_picked":["Step_Of_The_Wind","With_A_Twist"],"picked":"Bicycle_Kick","floor":8},{"not_picked":["Vortex","Foot_Thrust"],"picked":"Torment","floor":10},{"not_picked":["Scoop","Pony_Shot"],"picked":"Ripple","floor":12},{"not_picked":["Greased_Lightning","Patience"],"picked":"On_The_Rocks","floor":14},{"not_picked":["Dolphin_Blow","Breathe_Deep"],"picked":"Liquid_Armor","floor":16},{"not_picked":["Ripple","Scowl"],"picked":"Sucker_Punch","floor":18},{"not_picked":["Greased_Lightning","OpoOpo_Form"],"picked":"Power_Up_Punch","floor":20},{"not_picked":["Ripple","Vortex+"],"picked":"Butterfly_Float","floor":22},{"not_picked":["Cross","Dart+1"],"picked":"Perfect_Balance+1","floor":24},{"not_picked":["On_The_Rocks","Pony_Shot"],"picked":"Ball_Of_Ice","floor":29},{"not_picked":["Cross","Press_Forward"],"picked":"Center_Self","floor":31},{"not_picked":["Dolphin_Blow","Butterfly_Float"],"picked":"Breathe_Deep+1","floor":33},{"not_picked":[],"picked":"Bitters+1","floor":35},{"not_picked":[],"picked":"On_The_Rocks+1","floor":36},{"not_picked":[],"picked":"Fading_Blow","floor":38},{"not_picked":[],"picked":"Swift Strike","floor":39},{"not_picked":[],"picked":"Dancing_Jab","floor":44},{"not_picked":[],"picked":"With_A_Twist","floor":45},{"not_picked":[],"picked":"RockBreaker+","floor":46},{"not_picked":[],"picked":"Bicycle_Kick","floor":48}],"player_experience":30268,"relics_obtained":[{"floor":9,"key":"Strawberry"},{"floor":21,"key":"Frozen Egg 2"},{"floor":26,"key":"infinitespire:Lucky Rock"},{"floor":43,"key":"Lantern"}],"event_choices":[{"damage_healed":0,"gold_gain":0,"player_choice":"Leave","damage_taken":0,"max_hp_gain":0,"max_hp_loss":0,"event_name":"The Cleric","floor":6,"gold_loss":0},{"damage_healed":0,"gold_gain":0,"player_choice":"Obtained Relic","damage_taken":0,"relics_obtained":["MealTicket"],"max_hp_gain":0,"max_hp_loss":0,"event_name":"Addict","floor":19,"gold_loss":85},{"cards_removed":["Strike_Bartender"],"damage_healed":0,"gold_gain":0,"player_choice":"Offered Basic","damage_taken":0,"max_hp_gain":0,"max_hp_loss":0,"event_name":"Bonfire Elementals","floor":27,"gold_loss":0},{"damage_healed":0,"gold_gain":0,"player_choice":"Memory 1","damage_taken":0,"max_hp_gain":0,"max_hp_loss":0,"event_name":"SensoryStone","floor":39,"gold_loss":0},{"damage_healed":0,"gold_gain":0,"player_choice":"Got Potions","damage_taken":0,"max_hp_gain":0,"max_hp_loss":0,"event_name":"Lab","floor":41,"gold_loss":0}],"is_beta":false,"boss_relics":[{"not_picked":["Honey Jar","Kintsugi"],"picked":"Astrolabe"},{"not_picked":["Velvet Choker","Empty Cage"],"picked":"Busted Crown"}],"items_purged_floors":[],"is_endless":false,"potions_floor_spawned":[10,12,16,18,24,29,31,33,38,45,48],"ascension_level":0}}