{"host":"ueaobptuyu87ouwy","time":1609917726,"event":{"mods":["Aspiration","Bard","BaseMod","Better Altar","Better Match","Better Note","Better Sensory Stone","Better Skull","Better Third Choice","BetterRewards","CCEM","Colored Map","Conspire","Downfall","GifTheSpireLib","Googly Eyes","Halation","Hermit","Highlight Path","Hubris","Infinite Spire","Jedi Mod","Jorbs\u0027s Wanderer Trilogy","Marisa????????","Mimic Mod","Minty Spire (QoL Compilation)","Permanent Neow","Replay The Spire","StSLib","Stuff the Spire","The Runesmith","Unceasing Turn Reminder","everything is the same but u backflip on backflip","slay the spire mod where everything is the same but ironclad has a cowboy hat"],"gold_per_floor":[113,151,168,28,28,59,72,88,121,121,137,147,147,165,165,269,269,282,298,298,298,298,298],"floor_reached":22,"playtime":1538,"items_purged":[],"score":188,"play_id":"6192e826-537a-4dbc-a606-a405e16a37ea","local_time":"20210106152206","is_ascension_mode":false,"campfire_choices":[{"floor":10,"key":"REST"}],"circlet_count":0,"master_deck":["Runesmith:Strike_RS","Runesmith:Strike_RS","Runesmith:Strike_RS","Runesmith:Strike_RS","Runesmith:Defend_RS","Runesmith:Defend_RS","Runesmith:Defend_RS","Runesmith:Defend_RS","Runesmith:CraftFirestone","Runesmith:Fortify+1","Runesmith:CraftIndustria","Runesmith:HeatExchange","Runesmith:CraftIncendium","Runesmith:CraftReservo","Voices","Runesmith:ChaoticBlast","Runesmith:UnlimitedPower","Runesmith:CraftMagma","Runesmith:CraftSpiculum","Runesmith:CraftProtectio","Runesmith:Repurpose","Pain","Runesmith:Repurpose","Runesmith:DuctTape","Runesmith:Grindstone"],"relics":["Runesmith:BrokenRuby","Happy Flower","ReplayTheSpireMod:CursedCoin","CCEMRelics:Sandal","infinitespire:Lucky Rock","Pen Nib","WarpedTongs","aspiration:RunicSpoon"],"acts_visited":["Exordium","TheCity"],"potions_floor_usage":[9,16,16],"damage_taken":[{"damage":5,"enemies":"2 Louse","floor":1,"turns":4},{"damage":21,"enemies":"conspire:MimicChest","floor":2,"turns":7},{"damage":0,"enemies":"Small Slimes","floor":3,"turns":4},{"damage":8,"enemies":"Lagavulin","floor":6,"turns":6},{"damage":11,"enemies":"Jaw Worm","floor":7,"turns":3},{"damage":6,"enemies":"Blue Slaver","floor":8,"turns":3},{"damage":1,"enemies":"Red Slaver","floor":9,"turns":6},{"damage":3,"enemies":"Red Slaver","floor":11,"turns":4},{"damage":11,"enemies":"Large Slime","floor":12,"turns":4},{"damage":3,"enemies":"Gremlin Gang","floor":14,"turns":4},{"damage":4,"enemies":"Slime Boss","floor":16,"turns":7},{"damage":3,"enemies":"Chosen","floor":18,"turns":5},{"damage":34,"enemies":"3 Byrds","floor":19,"turns":4},{"damage":36,"enemies":"conspire:HollyBat","floor":22,"turns":5}],"seed_played":"-5836152727087276848","potions_obtained":[{"floor":1,"key":"sneckomod:MuddlingPotion"},{"floor":6,"key":"LiquidMemories"},{"floor":11,"key":"Energy Potion"},{"floor":14,"key":"jedi:StrikingPotion"},{"floor":15,"key":"CultistPotion"},{"floor":21,"key":"FearPotion"},{"floor":21,"key":"Dexterity Potion"}],"is_trial":false,"path_per_floor":["M","?","M","$","?","E","M","M","MIM","R","M","M","?","M","R_BF","B",null,"M","M","?","?","M"],"character_chosen":"RUNESMITH_CLASS","items_purchased":["ReplayTheSpireMod:CursedCoin","Runesmith:ChaoticBlast","CCEMRelics:Sandal"],"campfire_rested":1,"item_purchase_floors":[4,4,4],"current_hp_per_floor":[65,44,44,44,44,36,25,19,18,39,36,25,25,22,22,18,70,67,33,33,33,0,0],"gold":298,"neow_bonus":"ONE_RANDOM_RARE_CARD","is_daily":false,"chose_seed":false,"campfire_upgraded":0,"win_rate":0.0,"timestamp":1609917726,"path_taken":["M","?","M","$","?","E","M","M","MIM","R","?","M","?","M","R_BF","BOSS","M","M","?","?","?"],"items_purchased_type":["Relic","Card","Relic"],"build_version":"2020-12-13","purchased_purges":0,"victory":false,"max_hp_per_floor":[70,70,70,70,70,70,70,70,70,70,70,70,70,70,70,70,70,70,70,70,70,70,70],"card_choices":[{"not_picked":["Runesmith:Overpower","Runesmith:Repurpose"],"picked":"Runesmith:HeatExchange","floor":1},{"not_picked":["Runesmith:Overpower","Runesmith:HeatExchange"],"picked":"Runesmith:CraftIncendium","floor":2},{"not_picked":["Runesmith:HammerThrow","Runesmith:StaticCage"],"picked":"Runesmith:CraftReservo","floor":3},{"not_picked":["Runesmith:RuneHurl","Runesmith:StaticCage"],"picked":"Runesmith:UnlimitedPower","floor":6},{"not_picked":["Runesmith:UnstableHammer","Runesmith:BackupBattery","Runesmith:DoubleUp"],"picked":"SKIP","floor":7},{"not_picked":["Runesmith:FrozenChisel","Runesmith:PerfectChisel"],"picked":"Runesmith:CraftMagma","floor":8},{"not_picked":["Runesmith:Overpower","Runesmith:StaticCage"],"picked":"Runesmith:CraftSpiculum","floor":9},{"not_picked":["Runesmith:ShiftingStrike","Runesmith:Retool"],"picked":"Runesmith:CraftProtectio","floor":11},{"not_picked":["Runesmith:Refine","Runesmith:LithiumIon"],"picked":"Runesmith:Repurpose","floor":12},{"not_picked":["Runesmith:Overpower","Runesmith:Attraction"],"picked":"Runesmith:Repurpose","floor":14},{"not_picked":["Runesmith:FissionHammer","Runesmith:CraftIndustria"],"picked":"Runesmith:DuctTape","floor":16},{"not_picked":["Runesmith:Electrocute+1","Runesmith:WhiteBalance+1"],"picked":"Runesmith:Grindstone","floor":18},{"not_picked":["Runesmith:Overpower","Runesmith:FrozenChisel+1","Runesmith:CraftMagma"],"picked":"SKIP","floor":19}],"player_experience":23006,"relics_obtained":[{"floor":2,"key":"Happy Flower"},{"floor":6,"key":"infinitespire:Lucky Rock"},{"floor":9,"key":"Pen Nib"}],"event_choices":[{"damage_healed":0,"gold_gain":0,"player_choice":"Rummage","damage_taken":0,"relics_obtained":["WarpedTongs"],"max_hp_gain":0,"max_hp_loss":0,"event_name":"Accursed Blacksmith","floor":13,"gold_loss":0,"cards_obtained":["Pain"]},{"damage_healed":0,"gold_gain":0,"player_choice":"Ignored","damage_taken":0,"max_hp_gain":0,"max_hp_loss":0,"event_name":"betterNote:BetterNote","floor":20,"gold_loss":0,"cards_obtained":["Strike_R"]},{"damage_healed":0,"gold_gain":0,"player_choice":"Got Potions","damage_taken":0,"max_hp_gain":0,"max_hp_loss":0,"event_name":"Lab","floor":21,"gold_loss":0}],"is_beta":false,"boss_relics":[{"not_picked":["hubris:VirtuousBlindfold","hubris:RunicObelisk"],"picked":"aspiration:RunicSpoon"}],"items_purged_floors":[],"is_endless":false,"potions_floor_spawned":[1,6,11,14],"killed_by":"conspire:HollyBat","ascension_level":0}}