{"host":"jexbkylv34f8xu3o","time":1609958208,"event":{"mods":["AchievementEnabler","BaseMod","Colored Map","Colored Powertips","GifTheSpireLib","Highlight Path","Minty Spire (QoL Compilation)","Quick Restart","StSLib","Stuff the Spire","SuperFastMode"],"gold_per_floor":[134,134,174,174,209,269,269,305,330,353,428,428,505,180,180,326,326,364,364,364,364,364,364,364],"floor_reached":23,"playtime":547,"items_purged":["Strike_R"],"score":271,"play_id":"12c5005f-d498-43ad-b722-ef39163ac614","local_time":"20210106153648","is_ascension_mode":true,"campfire_choices":[{"floor":7,"key":"REST"},{"data":"HandOfGreed","floor":12,"key":"SMITH"},{"data":"Armaments","floor":15,"key":"SMITH"}],"circlet_count":0,"master_deck":["Strike_R","Strike_R","Strike_R","Strike_R","Defend_R","Defend_R","Defend_R","Bash","HandOfGreed+1","Shrug It Off","StuffTheSpire:BloodClot","StuffTheSpire:Slingshot","Thunderclap","Dropkick","Armaments+1","Exhume","True Grit","Necronomicurse"],"relics":["Burning Blood","Bloody Idol","StuffTheSpire:TintedRock","MealTicket","StuffTheSpire:ForceGauntlet","StuffTheSpire:RunicConfusion","HornCleat","Necronomicon"],"acts_visited":["Exordium","TheCity"],"potions_floor_usage":[6,6,16,16],"damage_taken":[{"damage":8,"enemies":"2 Louse","floor":1,"turns":3},{"damage":3,"enemies":"Jaw Worm","floor":3,"turns":4},{"damage":0,"enemies":"Cultist","floor":5,"turns":4},{"damage":46,"enemies":"Lagavulin","floor":6,"turns":8},{"damage":6,"enemies":"Blue Slaver","floor":8,"turns":4},{"damage":3,"enemies":"Looter","floor":10,"turns":2},{"damage":27,"enemies":"The Guardian","floor":16,"turns":9},{"damage":0,"enemies":"Chosen","floor":18,"turns":4},{"damage":57,"enemies":"Book of Stabbing","floor":23,"turns":6}],"seed_played":"5357674681581802850","potions_obtained":[{"floor":3,"key":"DistilledChaos"},{"floor":5,"key":"FearPotion"},{"floor":6,"key":"LiquidMemories"},{"floor":8,"key":"FearPotion"}],"is_trial":false,"path_per_floor":["M","?","M","?","M","E","R","M","T","M","?","R","?","$","R","B",null,"M","?","?","T","?","E"],"character_chosen":"IRONCLAD","items_purchased":["StuffTheSpire:ForceGauntlet"],"campfire_rested":1,"item_purchase_floors":[14],"current_hp_per_floor":[70,50,53,53,59,19,43,43,43,46,35,35,35,50,50,29,67,73,73,73,73,57,0,0],"gold":364,"neow_bonus":"RANDOM_COLORLESS_2","is_daily":false,"chose_seed":false,"campfire_upgraded":2,"win_rate":0.0,"timestamp":1609958208,"path_taken":["M","?","M","?","M","E","R","M","T","?","?","R","?","$","R","BOSS","M","?","?","?","?","E"],"items_purchased_type":["Relic"],"build_version":"2020-12-22","purchased_purges":1,"victory":false,"max_hp_per_floor":[80,80,80,80,80,80,80,80,80,80,80,80,80,80,80,80,80,80,80,80,80,80,80,80],"card_choices":[{"not_picked":["The Bomb","StuffTheSpire:Recharge"],"picked":"HandOfGreed","floor":0},{"not_picked":["Clothesline","StuffTheSpire:RockThrow"],"picked":"Shrug It Off","floor":1},{"not_picked":["StuffTheSpire:Resist","StuffTheSpire:Incineration"],"picked":"StuffTheSpire:BloodClot","floor":3},{"not_picked":["Seeing Red","Flame Barrier"],"picked":"StuffTheSpire:Slingshot","floor":5},{"not_picked":["Anger","Perfected Strike"],"picked":"Thunderclap","floor":6},{"not_picked":["Body Slam","Spot Weakness"],"picked":"Dropkick","floor":8},{"not_picked":["Juggernaut","StuffTheSpire:RagingBull"],"picked":"Armaments","floor":10},{"not_picked":["Impervious","Brutality"],"picked":"Exhume","floor":16},{"not_picked":["Battle Trance","Sword Boomerang"],"picked":"True Grit","floor":18}],"player_experience":537568,"relics_obtained":[{"floor":6,"key":"StuffTheSpire:TintedRock"},{"floor":9,"key":"MealTicket"},{"floor":21,"key":"HornCleat"},{"floor":22,"key":"Necronomicon"}],"event_choices":[{"damage_healed":0,"gold_gain":0,"player_choice":"Take Damage","damage_taken":20,"relics_obtained":["Golden Idol"],"max_hp_gain":0,"max_hp_loss":0,"event_name":"Golden Idol","floor":2,"gold_loss":0},{"cards_removed":["StuffTheSpire:GnomedCurse"],"damage_healed":0,"gold_gain":0,"player_choice":"Removed Curses","damage_taken":0,"max_hp_gain":0,"max_hp_loss":0,"event_name":"Fountain of Cleansing","floor":4,"gold_loss":0},{"damage_healed":0,"gold_gain":75,"player_choice":"Gather Gold","damage_taken":11,"max_hp_gain":0,"max_hp_loss":0,"event_name":"World of Goop","floor":11,"gold_loss":0},{"damage_healed":0,"gold_gain":77,"player_choice":"Gained Gold","damage_taken":0,"max_hp_gain":0,"max_hp_loss":0,"event_name":"Golden Wing","floor":13,"gold_loss":0},{"damage_healed":0,"gold_gain":0,"player_choice":"Gave Idol","damage_taken":0,"relics_obtained":["Bloody Idol"],"max_hp_gain":0,"max_hp_loss":0,"event_name":"Forgotten Altar","floor":19,"relics_lost":["Golden Idol"],"gold_loss":0},{"cards_removed":["Defend_R"],"damage_healed":0,"gold_gain":0,"player_choice":"Elegance","damage_taken":0,"max_hp_gain":0,"max_hp_loss":0,"event_name":"Back to Basics","floor":20,"gold_loss":0},{"damage_healed":0,"gold_gain":0,"player_choice":"Obtained Book","damage_taken":16,"max_hp_gain":0,"max_hp_loss":0,"event_name":"Cursed Tome","floor":22,"gold_loss":0}],"is_beta":false,"boss_relics":[{"not_picked":["Tiny House","Sozu"],"picked":"StuffTheSpire:RunicConfusion"}],"items_purged_floors":[14],"is_endless":false,"potions_floor_spawned":[3,5,6,8],"killed_by":"Book of Stabbing","ascension_level":9}}