{"host":"ttzdpsscxkem3xrs","time":1609900348,"event":{"mods":["BaseMod","Colored Map","Downfall","Minty Spire (QoL Compilation)","Replay The Spire","StSLib","The Cursed","The Hierophant"],"gold_per_floor":[116,116,127,137,137,137,165,173,173,187,187,204,204,204,204,298,398,398,398],"floor_reached":18,"playtime":607,"items_purged":[],"score":162,"play_id":"9c95b7e5-f0b4-4eee-84bc-591a63966857","local_time":"20210105183228","is_ascension_mode":false,"campfire_choices":[{"data":"hierophant:FlamingChariot","floor":6,"key":"SMITH"},{"floor":11,"key":"REST"},{"floor":13,"key":"REST"},{"data":"hierophant:ChurchCoffers","floor":15,"key":"SMITH"}],"circlet_count":0,"master_deck":["hierophant:Strike_Hierophant","hierophant:Strike_Hierophant","hierophant:Strike_Hierophant","hierophant:Punish","hierophant:Defend_Hierophant","hierophant:Defend_Hierophant","hierophant:Defend_Hierophant","hierophant:Defend_Hierophant","hierophant:ChurchCoffers+1","hierophant:HammerAndAnvil+1","hierophant:FlamingChariot+1","hierophant:ThreeLashes","hierophant:ThreeLashes","hierophant:SealAway","hierophant:Martyrdom","hierophant:Kindle"],"relics":["hierophant:PropheticMaskRelic","NeowsBlessing","hierophant:DonationBoxRelic","Replay:Bottled Steam","Replay:Wanted Poster"],"acts_visited":["Exordium","TheCity"],"potions_floor_usage":[16,18],"damage_taken":[{"damage":0,"enemies":"Small Slimes","floor":1,"turns":1},{"damage":0,"enemies":"Cultist","floor":3,"turns":2},{"damage":0,"enemies":"2 Louse","floor":4,"turns":1},{"damage":26,"enemies":"Gremlin Nob","floor":7,"turns":4},{"damage":15,"enemies":"Lots of Slimes","floor":8,"turns":3},{"damage":9,"enemies":"Blue Slaver","floor":10,"turns":3},{"damage":15,"enemies":"Looter","floor":12,"turns":3},{"damage":45,"enemies":"The Guardian","floor":16,"turns":8},{"damage":0,"enemies":"3 Byrds","floor":18,"turns":2}],"seed_played":"-6082610248917114588","potions_obtained":[{"floor":4,"key":"ColorlessPotion"},{"floor":8,"key":"SpeedPotion"}],"is_trial":false,"path_per_floor":["M","?","M","M","?","R","E","M","T","M","R","M","R","?","R","B",null,"M"],"character_chosen":"HIEROPHANT","items_purchased":[],"campfire_rested":2,"item_purchase_floors":[],"current_hp_per_floor":[75,75,75,75,75,75,49,34,34,25,47,32,54,75,75,30,75,75,75],"gold":398,"neow_bonus":"THREE_ENEMY_KILL","is_daily":false,"chose_seed":false,"campfire_upgraded":2,"win_rate":0.0,"timestamp":1609900348,"path_taken":["M","?","?","M","?","R","E","M","T","M","R","?","R","?","R","BOSS","M"],"items_purchased_type":[],"build_version":"2020-12-22","purchased_purges":0,"victory":false,"max_hp_per_floor":[75,75,75,75,75,75,75,75,75,75,75,75,75,75,75,75,75,75,75],"card_choices":[{"not_picked":["hierophant:SecretStash","hierophant:Zeal"],"picked":"hierophant:HammerAndAnvil","floor":1},{"not_picked":["hierophant:CursedGold","hierophant:SealAway"],"picked":"hierophant:FlamingChariot","floor":3},{"not_picked":["hierophant:Flagellation","hierophant:RustyCrate"],"picked":"hierophant:ThreeLashes","floor":4},{"not_picked":["hierophant:Anathema","hierophant:Generosity"],"picked":"hierophant:SealAway","floor":7},{"not_picked":["hierophant:Repentance","hierophant:MorningPrayer","hierophant:Zeal"],"picked":"SKIP","floor":8},{"not_picked":["hierophant:DisplayOfPower","hierophant:MorningPrayer"],"picked":"hierophant:Martyrdom","floor":10},{"not_picked":["hierophant:Charity","hierophant:Purify","hierophant:ThreeLashes"],"picked":"SKIP","floor":12},{"not_picked":["hierophant:AuricForm","hierophant:Batter"],"picked":"hierophant:Kindle","floor":16}],"player_experience":1298801,"relics_obtained":[{"floor":7,"key":"hierophant:DonationBoxRelic"},{"floor":9,"key":"Replay:Bottled Steam"}],"event_choices":[{"damage_healed":0,"gold_gain":0,"player_choice":"Upgraded","damage_taken":0,"max_hp_gain":0,"max_hp_loss":0,"event_name":"Upgrade Shrine","floor":2,"gold_loss":0,"cards_upgraded":["hierophant:HammerAndAnvil"]},{"damage_healed":0,"gold_gain":0,"cards_transformed":["hierophant:Strike_Hierophant"],"player_choice":"Transformed","damage_taken":0,"max_hp_gain":0,"max_hp_loss":0,"event_name":"Transmorgrifier","floor":5,"gold_loss":0,"cards_obtained":["hierophant:ThreeLashes"]},{"damage_healed":25,"gold_gain":0,"player_choice":"Banana","damage_taken":0,"max_hp_gain":0,"max_hp_loss":0,"event_name":"Big Fish","floor":14,"gold_loss":0}],"is_beta":false,"boss_relics":[{"not_picked":["Runic Pyramid","Velvet Choker"],"picked":"Replay:Wanted Poster"}],"items_purged_floors":[],"is_endless":false,"potions_floor_spawned":[4,8],"killed_by":"3 Byrds","ascension_level":0}}