{"host":"ea1gz0s8chhg5p89","time":1609930136,"event":{"mods":["Act Like it!","BaseMod","Gensokyo","Marisa£®ÏF”Í°°ƒß¿Ì…≥£©","Minty Spire (QoL Compilation)","Pale of the Ancients","Remilia£®¿Ÿ√◊¿Ú—«£©","Replay The Spire","StSLib","Youmu£®ªÍ∆«—˝√Œ£©"],"gold_per_floor":[109,209,227,227,245,275,275,290,290,290,43,61,61,77,77,377,377,394,155,166,166,166,196,196,225,225,239,264,144,158,168,168,272,272,290,300,84,117,117,195,195,195,195,585,597,169,169,169,169,235],"floor_reached":51,"playtime":2649,"items_purged":["Strike_MRS","Defend_MRS"],"score":843,"play_id":"0649c7f4-1562-48d3-8392-c70cb9b8bb20","local_time":"20210106184856","is_ascension_mode":false,"campfire_choices":[{"data":"Gensokyo:MarisaTwilightSpark","floor":7.0,"key":"SMITH"},{"data":"Acceleration","floor":7.0,"key":"SMITH"},{"data":"ManaConvection","floor":15.0,"key":"SMITH"},{"data":"MilkyWay","floor":15.0,"key":"SMITH"},{"data":"BinaryStars","floor":24,"key":"SMITH"},{"data":"Acceleration","floor":24,"key":"SMITH"},{"data":"EarthLightRay","floor":32,"key":"SMITH"},{"data":"PulseMagic","floor":32,"key":"SMITH"},{"data":"BinaryStars","floor":41,"key":"SMITH"},{"data":"GasGiant","floor":41,"key":"SMITH"},{"data":"AlicesGift","floor":45,"key":"SMITH"},{"data":"MilkyWay","floor":45,"key":"SMITH"},{"data":"PropBag","floor":49,"key":"SMITH"},{"data":"DeepEcoloBomb","floor":49,"key":"SMITH"}],"circlet_count":0,"master_deck":["Defend_MRS","Defend_MRS","MasterSpark","UpSweep","MilkyWay+1","Acceleration+1","LuminesStrike","Gensokyo:MarisaTwilightSpark+1","ManaConvection+1","MachineGunSpark","GrandCross","Acceleration+1","MysteriousBeam+1","DeepEcoloBomb+1","BinaryStars+1","GrandCross+1","Singularity","IllusionStar","MilkyWay+1","PulseMagic+1","CommonCold","PropBag+1","AlicesGift+1","AlicesGift","EarthLightRay+1","Acceleration+1","BinaryStars+1","DragonMeteor+1","EnergyRecoil+1","BinaryStars+1","EarthLightRay+1","Robbery+1","Gensokyo:BlemishedSteel","Gensokyo:TarnishedGold","ShootTheMoon+1","GasGiant+1","AsteroidBelt+1","OortCloud+1","PowerUp","Gensokyo:BrilliantDragonBullet","SuperNova"],"relics":["MiniHakkero","Replay:Arrowhead","Thread and Needle","Tiny Chest","Painkiller Herb","Du-Vu Doll","Ring of Hypnosis","Incense Burner","Ice Cream","Calipers","Regal Pillow","Gensokyo:DemonMask","Replay:Grab Bag","Coffee Dripper","SlaversCollar","Astrolabe","StoneCalendar","Bird Faced Urn","Replay:Accelerometer","MawBank","Lizard Tail"],"acts_visited":["Gensokyo:Gensokyo","Gensokyo:Gensokyoer","Gensokyo:Gensokyoest"],"potions_floor_usage":[16,23,30,44],"damage_taken":[{"damage":6.0,"enemies":"Gensokyo:Python","floor":1.0,"turns":3.0},{"damage":6.0,"enemies":"Gensokyo:3_Fairies","floor":3.0,"turns":4.0},{"damage":10.0,"enemies":"Gensokyo:Gryphon","floor":5.0,"turns":3.0},{"damage":13.0,"enemies":"Gensokyo:Mamizou","floor":6.0,"turns":7.0},{"damage":15.0,"enemies":"Gensokyo:Kitsune","floor":8.0,"turns":4.0},{"damage":3.0,"enemies":"Gensokyo:VengefulSpirit","floor":12.0,"turns":5.0},{"damage":0.0,"enemies":"Gensokyo:Gryphon_and_Rabbit","floor":14.0,"turns":5.0},{"damage":12,"enemies":"Gensokyo:Yukari","floor":16,"turns":8},{"damage":0,"enemies":"Gensokyo:2_Gloops","floor":18,"turns":4},{"damage":2,"enemies":"Gensokyo:3_Dogs","floor":20,"turns":3},{"damage":1,"enemies":"Gensokyo:Koishi","floor":23,"turns":4},{"damage":10,"enemies":"Gensokyo:Reisen","floor":25,"turns":5},{"damage":13,"enemies":"Gensokyo:Slime_Group","floor":27,"turns":3},{"damage":19,"enemies":"Gensokyo:Wraith","floor":30,"turns":3},{"damage":0,"enemies":"Gensokyo:Chomper_and_Gloop","floor":31,"turns":3},{"damage":53,"enemies":"Gensokyo:Eternal_Rivals","floor":33,"turns":12},{"damage":13,"enemies":"Gensokyo:3_Boulders","floor":35,"turns":5},{"damage":0,"enemies":"Gensokyo:3_Bats","floor":36,"turns":3},{"damage":31,"enemies":"Gensokyo:Sharpion","floor":38,"turns":5},{"damage":8,"enemies":"Gensokyo:Marisa","floor":40,"turns":3},{"damage":59,"enemies":"Gensokyo:Kasen","floor":44,"turns":7},{"damage":18,"enemies":"Gensokyo:Shinki","floor":50,"turns":9}],"seed_played":"4035532279760940544","potions_obtained":[{"floor":3.0,"key":"Doom Potion"},{"floor":14.0,"key":"BottledSpark"},{"floor":18,"key":"FairyPotion"},{"floor":25,"key":"GamblersBrew"},{"floor":40,"key":"Languid Potion"},{"floor":44,"key":"BlessingOfTheForge"}],"is_trial":false,"path_per_floor":["M","?","M","?","M","E","R","M","T","?","COS","M","$","M","R","B",null,"?","T","?","?","?","E","T","E","T","?","T","?","?","?","T","B",null,"?","?","COS","?","?","E","T","T","T","E","T","T","?","?","T","B",null],"character_chosen":"MARISA","items_purchased":["Singularity","IllusionStar","MilkyWay","PowerUp","Lizard Tail"],"campfire_rested":0,"item_purchase_floors":[19,19,19,46,46],"current_hp_per_floor":[69,69,63,63,53,40,40,25,25,18,18,15,15,15,15,3,75,75,75,73,73,73,72,72,62,62,75,75,75,56,56,56,9,75,68,68,68,43,43,35,35,35,35,15,15,15,15,15,15,15],"gold":235,"neow_bonus":"THREE_CARDS","is_daily":false,"chose_seed":false,"campfire_upgraded":14,"win_rate":0.0,"timestamp":1609930136,"path_taken":["M","?","M","?","?","E","R","M","T","?","COS","M","$","M","R","BOSS","?","T","?","?","?","E","T","E","T","?","?","?","?","?","T","BOSS","?","?","COS","?","?","E","T","?","T","E","T","?","?","?","T","BOSS"],"items_purchased_type":["Card","Card","Card","Card","Relic"],"build_version":"2020-12-22","purchased_purges":2,"victory":true,"max_hp_per_floor":[75,75,75,75,75,75,75,75,75,75,75,75,75,75,75,75,75,75,75,75,75,75,75,75,75,75,75,75,75,75,75,75,75,75,75,75,75,75,75,75,75,75,75,75,75,75,75,75,75,75],"card_choices":[{"not_picked":["ShootingEcho","GasGiant"],"picked":"MilkyWay","floor":0.0},{"not_picked":["GalacticHalo","6A"],"picked":"Acceleration","floor":1.0},{"not_picked":["6A","Singularity"],"picked":"LuminesStrike","floor":3.0},{"not_picked":["EventHorizon","EnergyRecoil"],"picked":"ManaConvection","floor":5.0},{"not_picked":["Singularity","IllusionStar"],"picked":"MachineGunSpark","floor":6.0},{"not_picked":["SatelliteIllusion","ShootingEcho"],"picked":"GrandCross","floor":8.0},{"not_picked":["IllusionStar","MilkyWay"],"picked":"Acceleration","floor":12.0},{"not_picked":["DragonMeteor+1","DoubleSpark+1"],"picked":"MysteriousBeam+1","floor":12.0},{"not_picked":["OpenUniverse","SporeBomb"],"picked":"DeepEcoloBomb","floor":14.0},{"not_picked":["FinalSpark","AbsoluteMagnitude"],"picked":"BinaryStars","floor":16},{"not_picked":["SprinkleStarSeal","MeteoricShower+1"],"picked":"GrandCross+1","floor":18},{"not_picked":["WitchOfGreed+1","Orbital"],"picked":"PulseMagic","floor":20},{"not_picked":["WitchOfGreed+1","WitchLeyline"],"picked":"PropBag","floor":23},{"not_picked":["ChargeUpSpray","GrandCross+1"],"picked":"AlicesGift","floor":25},{"not_picked":["NonDirectionalLaser","JA"],"picked":"AlicesGift","floor":27},{"not_picked":["DragonMeteor","UnstableBomb"],"picked":"EarthLightRay","floor":30},{"not_picked":["DoubleSpark","OneTimeOff"],"picked":"Acceleration+1","floor":31},{"not_picked":["FinalSpark","CasketOfStar"],"picked":"BinaryStars","floor":33},{"not_picked":["ChargeUpSpray+1","WitchLeyline"],"picked":"EarthLightRay+1","floor":35},{"not_picked":["MagicChant+1","DragonMeteor"],"picked":"Robbery+1","floor":36},{"not_picked":["DarkMatter+1","AlicesGift+1"],"picked":"ShootTheMoon+1","floor":38},{"not_picked":["ShootingEcho+1","ManaConvection+1"],"picked":"GasGiant","floor":38},{"not_picked":["MeteoricShower+1","EnergyRecoil+1"],"picked":"AsteroidBelt+1","floor":40},{"not_picked":["IllusionStar","BinaryStars"],"picked":"OortCloud+1","floor":44},{"not_picked":["Gensokyo:EverlastingLife","Gensokyo:NewMoon"],"picked":"Gensokyo:BrilliantDragonBullet","floor":47}],"player_experience":518714,"relics_obtained":[{"floor":6.0,"key":"Replay:Arrowhead"},{"floor":9.0,"key":"Thread and Needle"},{"floor":22,"key":"Ring of Hypnosis"},{"floor":23,"key":"Incense Burner"},{"floor":25,"key":"Ice Cream"},{"floor":26,"key":"Calipers"},{"floor":28,"key":"Regal Pillow"},{"floor":40,"key":"StoneCalendar"},{"floor":42,"key":"Bird Faced Urn"},{"floor":43,"key":"Replay:Accelerometer"},{"floor":44,"key":"MawBank"}],"event_choices":[],"is_beta":false,"boss_relics":[{"not_picked":["Snecko Eye","Ectoplasm"],"picked":"Painkiller Herb"},{"not_picked":["Replay:Bronze Core","Replay:Drink Me"],"picked":"Replay:Grab Bag"},{"not_picked":["Sozu","Busted Crown"],"picked":"Coffee Dripper"},{"not_picked":["Cursed Key","Fusion Hammer"],"picked":"SlaversCollar"},{"not_picked":["Runic Pyramid","SacredBark"],"picked":"Astrolabe"}],"items_purged_floors":[19,46],"is_endless":false,"potions_floor_spawned":[3,14,18,25,40,44],"ascension_level":0}}