{"host":"cbabs5wvj1yqiyjm","time":1609961956,"event":{"mods":["AchievementEnabler","Act Like it!","Bartender","BaseMod","Bestiary","Better Third Choice","BetterRewards","Colored Powertips","Downfall","Friendly Minions","Hallownest","Hermit","Infinite Spire","Marisa????????","Minty Spire (QoL Compilation)","Rare Cards Sparkle","Replay The Spire","SOS???????","Spicy Shops","StSLib","Td1madao Mod","The Bladedancer","The Bug Knight","The Cursed","The Disciple","The Forsaken","The Marked","The Necromancer","The Servant 0.9.4","Wandering Minibosses","???Mod??????Boss"],"gold_per_floor":[112,112,88,108,128,138,138,13,38,38,54,6,6,104,104,199,199,219,232,232,248,263,263,263],"floor_reached":23,"playtime":1702,"items_purged":[],"score":183,"play_id":"1ed5f49f-8c37-4710-9a27-f2e2dcc6aa0b","local_time":"20210106143916","is_ascension_mode":false,"campfire_choices":[{"data":"Flex","floor":7,"key":"SMITH"},{"floor":15,"key":"REST"}],"circlet_count":0,"master_deck":["Strike_R","Strike_R","Strike_R","Strike_R","Strike_R","Defend_R","Defend_R","Defend_R","Defend_R","Bash","ReplayTheSpireMod:LeadingStrike+1","Iron Wave","ReplayTheSpireMod:Stacked","Flex+1","ReplayTheSpireMod:Corrosion Curse","Clash","Flex","Clothesline","Headbutt","Clash","Blood for Blood","Run Through","infinitespire:OneForAll","Thunderclap"],"relics":["Burning Blood","Counterbalance","Juzu Bracelet","Runic Pyramid","Chemical X"],"acts_visited":["Exordium","TheCity"],"potions_floor_usage":[16,16,22,23],"damage_taken":[{"damage":5,"enemies":"Cultist","floor":1,"turns":4},{"damage":16,"enemies":"infinitespire:Voidling","floor":4,"turns":3},{"damage":0,"enemies":"2 Louse","floor":5,"turns":3},{"damage":7,"enemies":"Lots of Slimes","floor":6,"turns":4},{"damage":14,"enemies":"Blue Slaver","floor":11,"turns":4},{"damage":65,"enemies":"Fading Forest","floor":16,"turns":11},{"damage":15,"enemies":"Spheric Guardian","floor":18,"turns":5},{"damage":18,"enemies":"Shell Parasite","floor":19,"turns":6},{"damage":29,"enemies":"Centurion and Healer","floor":21,"turns":9},{"damage":41,"enemies":"Shelled Parasite and Fungi","floor":22,"turns":5},{"damage":11,"enemies":"Slavers","floor":23,"turns":1}],"seed_played":"-7347496764216488944","potions_obtained":[{"floor":1,"key":"Languid Potion"},{"floor":4,"key":"LiquidMemories"},{"floor":18,"key":"BlessingOfTheForge"},{"floor":21,"key":"Fire Potion"}],"is_trial":false,"path_per_floor":["M","?","$","M","M","M","R","$","T","?","M","$","?","?","R","B",null,"M","M","AVR","M","M","E"],"character_chosen":"IRONCLAD","items_purchased":["Iron Wave","Counterbalance","Flex"],"campfire_rested":1,"item_purchase_floors":[3,8,12],"current_hp_per_floor":[88,88,88,78,84,83,83,83,83,83,75,75,80,45,71,12,88,79,67,67,44,9,0,0],"gold":263,"neow_bonus":"TEN_PERCENT_HP_BONUS","is_daily":false,"chose_seed":false,"campfire_upgraded":1,"win_rate":0.0,"timestamp":1609961956,"path_taken":["M","?","$","M","M","?","R","?","T","?","M","$","?","?","R","BOSS","M","M","AVR","M","M","E"],"items_purchased_type":["Card","Relic","Card"],"build_version":"2020-12-22","purchased_purges":0,"victory":false,"max_hp_per_floor":[88,88,88,88,88,88,88,88,88,88,88,88,88,88,88,88,88,88,88,88,88,88,88,88],"card_choices":[{"not_picked":["ReplayTheSpireMod:Limb From Limb","Heavy Blade"],"picked":"ReplayTheSpireMod:LeadingStrike","floor":1},{"not_picked":["Pommel Strike","Cleave"],"picked":"ReplayTheSpireMod:Stacked","floor":4},{"not_picked":["Bloodletting","ReplayTheSpireMod:Limb From Limb"],"picked":"Flex","floor":5},{"not_picked":["Warcry","Twin Strike"],"picked":"ReplayTheSpireMod:Corrosion Curse","floor":6},{"not_picked":["Dual Wield","Rage"],"picked":"Clash","floor":11},{"not_picked":["Cleave","Abandon"],"picked":"Clothesline","floor":14},{"not_picked":["Sword Boomerang","Run Through"],"picked":"Headbutt","floor":14},{"not_picked":["Fiend Fire","Twin Strike"],"picked":"Clash","floor":14},{"not_picked":["ReplayTheSpireMod:LeadingStrike","Warcry"],"picked":"Blood for Blood","floor":18},{"not_picked":["Armaments","Perfected Strike"],"picked":"Run Through","floor":19},{"not_picked":["Anger","Twin Strike"],"picked":"infinitespire:OneForAll","floor":21},{"not_picked":["Combust","ReplayTheSpireMod:Limb From Limb"],"picked":"Thunderclap","floor":22}],"player_experience":23384,"relics_obtained":[{"floor":9,"key":"Juzu Bracelet"}],"event_choices":[{"damage_healed":0,"gold_gain":0,"player_choice":"Forge","damage_taken":0,"max_hp_gain":0,"max_hp_loss":0,"event_name":"Accursed Blacksmith","floor":2,"gold_loss":0,"cards_upgraded":["ReplayTheSpireMod:LeadingStrike"]},{"damage_healed":0,"gold_gain":0,"player_choice":"Ignored","damage_taken":0,"max_hp_gain":0,"max_hp_loss":0,"event_name":"Golden Idol","floor":10,"gold_loss":0},{"cards_removed":["Pride"],"damage_healed":5,"gold_gain":0,"player_choice":"Offered Special","damage_taken":0,"max_hp_gain":0,"max_hp_loss":0,"event_name":"Bonfire Elementals","floor":13,"gold_loss":0}],"is_beta":false,"boss_relics":[{"not_picked":["Kintsugi","Cursed Key"],"picked":"Runic Pyramid"}],"items_purged_floors":[],"is_endless":false,"potions_floor_spawned":[1,4,18,21],"killed_by":"Slavers","ascension_level":0}}