{"host":"rz01j32460kf2mtw","time":1609939544,"event":{"mods":["BaseMod","Downfall","Minty Spire (QoL Compilation)","Prisma Mod","Quick Restart","StSLib"],"gold_per_floor":[0,0,12,23,38,48,48,48,76,106,106,122,122,122,134,232,232,232,246,78,178,198,217,296,325,27,46,56,56,56,41,61,163,163,163,173,190,8,8,8,8,8,8,8],"floor_reached":42,"playtime":2866,"items_purged":["champ:Strike","champ:Defend"],"score":493,"play_id":"16e40d03-c37d-4db1-a2d4-5a26005193ca","local_time":"20210106062544","is_ascension_mode":false,"campfire_choices":[{"data":"champ:UltimateStance","floor":1.0,"key":"SMITH"},{"data":"champ:HoldFirm","floor":8.0,"key":"SMITH"},{"floor":11.0,"key":"DIG"},{"floor":13.0,"key":"REST"},{"floor":18.0,"key":"DIG"},{"floor":30,"key":"REST"},{"data":"champ:IronFortress","floor":35,"key":"SMITH"}],"circlet_count":0,"master_deck":["champ:Defend","champ:Execute","champ:Taunt","champ:UltimateStance+1","champ:HoldFirm+1","champ:FlashCut","champ:PerfectedStrike","champ:StanceDance","champ:SetATrap","champ:BringItOn","champ:Parry+1","champ:DefensiveStyle","champ:Improvising","champ:FalseCounter+1","champ:GutPunch","champ:DefensiveStyle","champ:SkillfulDodge","champ:Haymaker+1","champ:AdrenalArmor+1","champ:SetATrap+1","champ:HoldFirm","champ:IronFortress+1","champ:PreciseThrust+1","champ:Encircle","champ:ShieldSlam","champ:DeathBlow+1","champ:PerfectedStrike+1","champ:TornadoPunch+1","champ:EnGarde+1","champ:FalseCounter+1","champ:ShieldWall","expansioncontent:DecasProtection","champ:DefensiveStyle","expansioncontent:GuardianWhirl","expansioncontent:AwakenDeath","expansioncontent:YouAreMine"],"relics":["champ:ChampionCrown","Peace Pipe","Shovel","Mango","Sozu","Torii","Pantograph","Potion Belt","Astrolabe","Ornamental Fan"],"acts_visited":["Exordium","TheCity","TheBeyond"],"potions_floor_usage":[33],"damage_taken":[{"damage":10.0,"enemies":"Jaw Worm","floor":3.0,"turns":5.0},{"damage":10.0,"enemies":"Cultist","floor":4.0,"turns":5.0},{"damage":8.0,"enemies":"Small Slimes","floor":5.0,"turns":3.0},{"damage":9.0,"enemies":"Red Slaver","floor":6.0,"turns":3.0},{"damage":45.0,"enemies":"Gremlin Nob","floor":9.0,"turns":5.0},{"damage":22.0,"enemies":"Exordium Thugs","floor":12.0,"turns":5.0},{"damage":11.0,"enemies":"Gremlin Gang","floor":15.0,"turns":6.0},{"damage":41.0,"enemies":"ArchetypeAct1Statuses","floor":16.0,"turns":6.0},{"damage":5.0,"enemies":"Chosen","floor":19.0,"turns":4.0},{"damage":5.0,"enemies":"downfall:FleeingMerchant","floor":20.0,"turns":4.0},{"damage":31.0,"enemies":"Shell Parasite","floor":22.0,"turns":5.0},{"damage":1.0,"enemies":"Snecko","floor":23.0,"turns":4.0},{"damage":22.0,"enemies":"Book of Stabbing","floor":25.0,"turns":6.0},{"damage":8.0,"enemies":"downfall:FleeingMerchant","floor":26.0,"turns":4.0},{"damage":4,"enemies":"Centurion and Healer","floor":27,"turns":4},{"damage":12,"enemies":"Cultist and Chosen","floor":28,"turns":8},{"damage":2,"enemies":"downfall:FleeingMerchant","floor":31,"turns":4},{"damage":11,"enemies":"Chosen and Byrds","floor":32,"turns":7},{"damage":21,"enemies":"downfall:Silent","floor":33,"turns":10},{"damage":65,"enemies":"3 Darklings","floor":36,"turns":9},{"damage":19,"enemies":"Orb Walker","floor":37,"turns":5},{"damage":9,"enemies":"downfall:FleeingMerchant","floor":38,"turns":4},{"damage":58,"enemies":"Spire Growth","floor":42,"turns":4}],"seed_played":"5175539214663264203","potions_obtained":[{"floor":4.0,"key":"SkillPotion"},{"floor":12.0,"key":"champ:CounterPotion"},{"floor":15.0,"key":"SpeedPotion"},{"floor":16.0,"key":"champ:CounterPotion"}],"is_trial":false,"path_per_floor":["R","?","M","M","M","M","T","R","E","?","R","M","R","?","M","B",null,"R","M","$","?","M","M","T","E","$","M","M","?","R","$","M","B",null,"R","M","M","$","?","?","T","M"],"character_chosen":"THE_CHAMP","items_purchased":["champ:DefensiveStyle","champ:HoldFirm","champ:IronFortress","expansioncontent:DecasProtection","champ:DefensiveStyle"],"campfire_rested":2,"item_purchase_floors":[20,26,26,38,38],"current_hp_per_floor":[90,90,85,83,83,79,79,79,37,37,51,39,70,70,67,34,104,104,104,104,104,76,75,75,53,50,50,40,40,71,71,64,89,104,104,69,52,48,38,30,30,0,0,0],"gold":8,"neow_bonus":"THREE_RARE_CARDS","is_daily":false,"chose_seed":false,"campfire_upgraded":3,"win_rate":0.0,"timestamp":1609939544,"path_taken":["R","?","M","M","?","M","T","R","E","?","R","M","R","?","M","BOSS","R","M","$","?","M","M","T","E","?","?","M","?","R","$","M","BOSS","R","M","M","$","?","?","T","M"],"items_purchased_type":["Card","Card","Card","Card","Card"],"build_version":"2020-12-22","purchased_purges":2,"victory":false,"max_hp_per_floor":[90,90,90,90,90,90,90,90,90,90,104,104,104,104,104,104,104,104,104,104,104,104,104,104,104,104,104,104,104,104,104,104,104,104,104,104,104,104,104,104,104,104,104,104],"card_choices":[{"not_picked":["champ:HeavySlash","champ:IgnorePain"],"picked":"champ:UltimateStance","floor":0.0},{"not_picked":["champ:FaceSlap","champ:TornadoPunch"],"picked":"champ:FlashCut","floor":3.0},{"not_picked":["champ:ViciousMockery","champ:GladiatorStyle"],"picked":"champ:PerfectedStrike","floor":4.0},{"not_picked":["champ:Shatter","champ:BerserkersShout"],"picked":"champ:StanceDance","floor":5.0},{"not_picked":["champ:GladiatorStyle","champ:PreciseThrust"],"picked":"champ:SetATrap","floor":6.0},{"not_picked":["champ:EndlessRage","champ:ShieldWall"],"picked":"champ:BringItOn","floor":9.0},{"not_picked":["champ:FlashCut","champ:EndlessRage"],"picked":"champ:Parry","floor":12.0},{"not_picked":["champ:Shatter","champ:LastStand"],"picked":"champ:DefensiveStyle","floor":15.0},{"not_picked":["champ:StrikeOfGenius","champ:Devastate"],"picked":"champ:Improvising","floor":16.0},{"not_picked":["champ:Shatter","champ:EnGarde"],"picked":"champ:FalseCounter","floor":19.0},{"not_picked":["champ:IronFortress","champ:PerfectedStrike+1"],"picked":"champ:GutPunch","floor":20.0},{"not_picked":["champ:Circumvent","champ:BerserkersShout"],"picked":"champ:SkillfulDodge","floor":22.0},{"not_picked":["champ:Parry","champ:FaceSlap"],"picked":"champ:Haymaker+1","floor":23.0},{"not_picked":["champ:ShieldWall","champ:DefensiveShout"],"picked":"champ:AdrenalArmor+1","floor":25.0},{"not_picked":["champ:StanceDance+1","champ:TornadoPunch"],"picked":"champ:SetATrap+1","floor":26.0},{"not_picked":["champ:DefensiveShout","champ:FanOfKnives"],"picked":"champ:PreciseThrust+1","floor":27},{"not_picked":["champ:Shatter","champ:StanceDance","champ:IgnorePain"],"picked":"SKIP","floor":28},{"not_picked":["champ:SkillfulDodge","champ:CalledShot"],"picked":"champ:Encircle","floor":31},{"not_picked":["champ:Shatter+1","champ:FocusedBerserking","champ:BerserkersShout"],"picked":"SKIP","floor":32},{"not_picked":["champ:HeavySlash","champ:SwordThrow"],"picked":"champ:ShieldSlam","floor":33},{"not_picked":["champ:TornadoPunch","champ:StanceDance+1"],"picked":"champ:EnGarde+1","floor":36},{"not_picked":["champ:PreciseThrust","champ:BerserkersShout+1"],"picked":"champ:FalseCounter+1","floor":37},{"not_picked":["champ:CrookedStrike+1","champ:MurderStrike"],"picked":"champ:ShieldWall","floor":38},{"not_picked":["expansioncontent:AwakenDeath","expansioncontent:Torchfire"],"picked":"expansioncontent:GuardianWhirl","floor":39},{"not_picked":["expansioncontent:ManipulateTime","expansioncontent:GoopSpray"],"picked":"expansioncontent:AwakenDeath","floor":39},{"not_picked":["expansioncontent:SuperHexaguard","expansioncontent:DarkVoid"],"picked":"expansioncontent:YouAreMine","floor":39}],"player_experience":877779,"relics_obtained":[{"floor":7.0,"key":"Peace Pipe"},{"floor":9.0,"key":"Shovel"},{"floor":11.0,"key":"Mango"},{"floor":18.0,"key":"Torii"},{"floor":24.0,"key":"Pantograph"},{"floor":25.0,"key":"Potion Belt"},{"floor":41,"key":"Ornamental Fan"}],"event_choices":[],"is_beta":false,"boss_relics":[{"not_picked":["Fusion Hammer","Snecko Eye"],"picked":"Sozu"},{"not_picked":["bronze:MakeshiftBattery","Runic Dome"],"picked":"Astrolabe"}],"items_purged_floors":[20,26],"is_endless":false,"potions_floor_spawned":[4,12,15,16,25,27,28,37],"killed_by":"Spire Growth","ascension_level":0}}