{"host":"y4uistlog11rx1zx","time":1609947170,"event":{"mods":["ATMod(°¢èªMod)","Arknights The Spire","BaseMod","Downfall","Minty Spire (QoL Compilation)","Replay The Spire","StSLib","The Bug Knight","The Cursed","The Hierophant"],"gold_per_floor":[119,119,119,119,131,162,162,174,174,184,28,41,103,133,133,232,232,245,245,245,258,275,308,308,319,346,346,371,13,13,39,39,135,135,155,170,170,170,182,182,193,193,193,54,54,89,0,16,16,16,16,16,16,46,46],"floor_reached":56,"playtime":9773,"items_purged":["Parasite","Writhe"],"score":1598,"play_id":"992f005b-5b92-412a-9889-40874657d77f","local_time":"20210106233250","is_ascension_mode":false,"campfire_choices":[{"floor":7.0,"key":"RECALL"},{"data":"HollowMod:GrimmsGift","floor":15.0,"key":"SMITH"},{"data":"HollowMod:FocusHealStart","floor":27.0,"key":"SMITH"},{"data":"HollowMod:SlysStrikes","floor":40.0,"key":"SMITH"},{"data":"Decay","floor":45.0,"key":"PURGE"},{"data":"expansioncontent:Chronoboost","floor":52,"key":"SMITH"}],"circlet_count":0,"master_deck":["HollowMod:NailStrikeStart+1","HollowMod:NailStrikeStart+1","HollowMod:NailStrikeStart+1","HollowMod:NailStrikeStart+1","HollowMod:QuickDashStart+1","HollowMod:QuickDashStart+1","HollowMod:QuickDashStart+1","HollowMod:QuickDashStart+1","HollowMod:FocusHealStart+1","HollowMod:PogoStrike+1","AT_Desolate+1","HollowMod:DashSlash","HollowMod:DesolateDive","HollowMod:SiblingsShadow","HollowMod:GrimmsGift+1","HollowMod:DesolateDive","HollowMod:NewJinnsSoul","HollowMod:DungDefenderAura","HollowMod:SoulStrike","HollowMod:Hiveblood+1","HollowMod:MantisMark","HollowMod:PureNailStrike","HollowMod:Grubsong","HollowMod:CycloneSlash+1","HollowMod:FastStrike","HollowMod:DashSlash","HollowMod:GrimmsGift","HollowMod:RecoilStrike","HollowMod:HowlingWraiths","HollowMod:SlysStrikes+1","CommonCold","HollowMod:PerfectDash+1","HollowMod:VengefulSpirit","Delirium","expansioncontent:Chronoboost+1","HollowMod:SiblingsSouls","HollowMod:BaldurShell","HollowMod:DoubleDash+1","HollowMod:MantisMark","Slimebound:Darklings","HollowMod:GrimmsGift+1"],"relics":["HollowMod:VesselMask","AT_ATBox","NeowsBlessing","HollowMod:LumaflyLanternRelic","AT_ForceNature","AT_ArcaneBoots","Nunchaku","Potion Belt","Honey Jar","Replay:Ringing Soul","Tiny Chest","PreservedInsect","HollowMod:KingsBrand","BargainBundle","AT_ArchangelStaff","Replay:Ancient Bell","AT_BladeRuinedKing","AT_ImmortalShieldbow","Replay:Multitool","Ring of Hypnosis","Ring of Chaos","AT_GuinsooRageblade","AT_SilvercatRing","AT_RedTearstoneRing","Red Mask","Mummified Hand"],"acts_visited":["Exordium","TheCity","TheBeyond","TheEnding"],"potions_floor_usage":[49,50,55,55,55,55],"damage_taken":[{"damage":0.0,"enemies":"Jaw Worm","floor":1.0,"turns":1.0},{"damage":0.0,"enemies":"Small Slimes","floor":5.0,"turns":1.0},{"damage":0.0,"enemies":"HollowMod:MossKnight","floor":6.0,"turns":1.0},{"damage":0.0,"enemies":"Cultist","floor":8.0,"turns":2.0},{"damage":6.0,"enemies":"Lots of Slimes","floor":10.0,"turns":4.0},{"damage":15.0,"enemies":"2 Fungi Beasts","floor":12.0,"turns":3.0},{"damage":5.0,"enemies":"Lagavulin Event","floor":13.0,"turns":3.0},{"damage":0.0,"enemies":"Gremlin Nob","floor":14.0,"turns":2.0},{"damage":28.0,"enemies":"Slime Boss","floor":16.0,"turns":8.0},{"damage":6.0,"enemies":"Shell Parasite","floor":18.0,"turns":2.0},{"damage":0.0,"enemies":"Spheric Guardian","floor":21.0,"turns":3.0},{"damage":27.0,"enemies":"3 Cultists","floor":22.0,"turns":4.0},{"damage":28.0,"enemies":"Gremlin Leader","floor":23.0,"turns":6.0},{"damage":18.0,"enemies":"Shelled Parasite and Fungi","floor":25.0,"turns":4.0},{"damage":23.0,"enemies":"Replay:Snechameleon","floor":28.0,"turns":5.0},{"damage":109.0,"enemies":"Pondfish","floor":33.0,"turns":13.0},{"damage":34.0,"enemies":"3 Darklings","floor":35.0,"turns":4.0},{"damage":21.0,"enemies":"3 Shapes","floor":36.0,"turns":3.0},{"damage":69.0,"enemies":"HollowMod:SlobberingHusk","floor":39.0,"turns":7.0},{"damage":53.0,"enemies":"3 Darklings","floor":41.0,"turns":8.0},{"damage":26.0,"enemies":"Giant Head","floor":46.0,"turns":5.0},{"damage":0,"enemies":"Maw","floor":48,"turns":4},{"damage":75,"enemies":"HollowMod:Radiance","floor":50,"turns":9},{"damage":94,"enemies":"Shield and Spear","floor":54,"turns":6},{"damage":115,"enemies":"The Heart","floor":55,"turns":7}],"seed_played":"8710662609263622678","potions_obtained":[{"floor":5.0,"key":"Energy Potion"},{"floor":6.0,"key":"Strength Potion"},{"floor":8.0,"key":"Block Potion"},{"floor":13.0,"key":"Death Potion"},{"floor":14.0,"key":"EssenceOfSteel"},{"floor":18.0,"key":"DistilledChaos"},{"floor":21.0,"key":"Fruit Juice"},{"floor":23.0,"key":"Swift Potion"},{"floor":28.0,"key":"Regen Potion"},{"floor":36.0,"key":"Fire Potion"},{"floor":41.0,"key":"Dexterity Potion"},{"floor":46.0,"key":"SkillPotion"},{"floor":48,"key":"Fruit Juice"},{"floor":54,"key":"BlessingOfTheForge"}],"is_trial":false,"path_per_floor":["M","?","$","?","M","E","R","M","T","M","$","M","?","E","R","B",null,"M","?","?","M","M","E","?","M","T","R","E","$","?","T","R","B",null,"M","M","?","?","M","R","M","T","T","$","R","E","?","M","R","B",null,"R","$","E","B",null],"character_chosen":"THE_BUGKNIGHT","items_purchased":["AT_SpeedBoots","BargainBundle","Dexterity Potion","SpeedPotion","Fruit Juice","AT_ArchangelStaff","HollowMod:GrimmsGift","HollowMod:RecoilStrike","HollowMod:HowlingWraiths","HollowMod:BaldurShell"],"campfire_rested":0,"item_purchase_floors":[11,29,29,29,29,29,29,29,29,44],"current_hp_per_floor":[75,75,75,60,60,60,60,60,60,54,54,45,40,40,40,12,75,69,69,72,80,68,64,67,61,61,61,47,50,50,50,80,32,112,87,84,87,90,45,45,38,38,38,41,41,66,66,88,96,86,144,144,144,53,5],"gold":46,"neow_bonus":"THREE_ENEMY_KILL","is_daily":false,"chose_seed":false,"campfire_upgraded":4,"win_rate":0.0,"timestamp":1609947170,"path_taken":["M","?","$","?","M","E","R","M","T","?","?","?","?","E","R","BOSS","M","?","?","M","M","E","?","?","T","R","E","$","?","?","R","BOSS","M","?","?","?","M","R","M","?","T","$","R","E","?","M","R","BOSS","R","$","E","BOSS"],"items_purchased_type":["Relic","Relic","Potion","Potion","Potion","Relic","Card","Card","Card","Card"],"build_version":"2020-12-22","purchased_purges":2,"victory":true,"max_hp_per_floor":[75,75,75,75,75,75,75,75,75,75,75,75,75,75,75,75,75,75,75,78,86,89,92,95,98,98,98,101,101,101,101,101,109,112,115,118,121,124,127,127,127,127,127,130,130,133,133,136,144,144,144,144,144,147,147],"card_choices":[{"not_picked":["HollowMod:HeavyBlow","HollowMod:LifebloodCocoon"],"picked":"HollowMod:DashSlash","floor":1.0},{"not_picked":["HollowMod:DescendingDark","HollowMod:PerfectDash"],"picked":"HollowMod:DesolateDive","floor":5.0},{"not_picked":["HollowMod:SharpenedNail","HollowMod:SiblingsSouls"],"picked":"HollowMod:SiblingsShadow","floor":6.0},{"not_picked":["HollowMod:AbyssShriek","HollowMod:DungDefenderAura"],"picked":"HollowMod:GrimmsGift","floor":8.0},{"not_picked":["HollowMod:VengefulVoid","HollowMod:PerfectDash"],"picked":"HollowMod:DesolateDive","floor":10.0},{"not_picked":["HollowMod:DreamGate","HollowMod:HuntersJournal"],"picked":"HollowMod:NewJinnsSoul","floor":12.0},{"not_picked":["HollowMod:NewInfectedGuardian","HollowMod:AbyssShriek"],"picked":"HollowMod:DungDefenderAura","floor":13.0},{"not_picked":["HollowMod:DoubleDash","HollowMod:SiblingsSouls"],"picked":"HollowMod:SoulStrike","floor":14.0},{"not_picked":["HollowMod:AwokenDreamNail","HollowMod:LifebloodCore"],"picked":"HollowMod:Hiveblood","floor":16.0},{"not_picked":["HollowMod:HeavyBlow","HollowMod:MawleksShell","HollowMod:DreamGate"],"picked":"HollowMod:MantisMark","floor":18.0},{"not_picked":["HollowMod:LifebloodCocoon","HollowMod:InfectionAssault+1","HollowMod:SoulSplash"],"picked":"HollowMod:PureNailStrike","floor":21.0},{"not_picked":["HollowMod:FallenFury","HollowMod:ChannelNail","HollowMod:WraithStrike"],"picked":"HollowMod:Grubsong","floor":22.0},{"not_picked":["HollowMod:HeavyBlow+1","HollowMod:SharpenedShadows","HollowMod:MidwifesHunger"],"picked":"HollowMod:CycloneSlash","floor":23.0},{"not_picked":["HollowMod:SoulStrike","HollowMod:SoulSplash","HollowMod:CoiledNail"],"picked":"HollowMod:FastStrike","floor":25.0},{"not_picked":["HollowMod:BlackTendrils","HollowMod:SoulStrike","HollowMod:FallenFury"],"picked":"HollowMod:DashSlash","floor":28.0},{"not_picked":["HollowMod:LifebloodCore","HollowMod:ZotesMagnificence","HollowMod:theNailsmith"],"picked":"HollowMod:SlysStrikes","floor":33.0},{"not_picked":["Replay:Hysterical Blindness","Replay:UnknownCurse","Normality"],"picked":"Decay","floor":34.0},{"not_picked":["Doubt","Looming Evil","Injury"],"picked":"CommonCold","floor":34.0},{"not_picked":["Regret","hexamod:Haunted","ReplayTheSpireMod:IOU"],"picked":"Writhe","floor":34.0},{"not_picked":["HollowMod:CloakDash","HollowMod:GreatSlash+1","HollowMod:QuirrelsAssistance"],"picked":"HollowMod:PerfectDash+1","floor":35.0},{"not_picked":["HollowMod:HuntersJournal","HollowMod:PerfectDash","HollowMod:ShadowDash"],"picked":"HollowMod:VengefulSpirit","floor":36.0},{"not_picked":["Swift Strike","expansioncontent:AwakenDeath","AT_PowerWithin"],"picked":"expansioncontent:Chronoboost","floor":38.0},{"not_picked":["HollowMod:MonarchWings","HollowMod:CornifersMapStart","HollowMod:CycloneSlash"],"picked":"HollowMod:SiblingsSouls","floor":39.0},{"not_picked":["HollowMod:SoulSplash","HollowMod:VengefulVoid+1","HollowMod:TaintedHusks","HollowMod:PerfectDash"],"picked":"SKIP","floor":41.0},{"not_picked":["HollowMod:theNailsmith","HollowMod:WraithStrike+1","HollowMod:VengefulVoid+1"],"picked":"HollowMod:DoubleDash+1","floor":46.0},{"not_picked":["HollowMod:DashSlash","HollowMod:InfectedCysts+1","HollowMod:TaintedHusks+1"],"picked":"HollowMod:MantisMark","floor":48},{"not_picked":["HollowMod:SiblingsShadow+1","HollowMod:DreamGate+1","HollowMod:ChannelNail+1"],"picked":"HollowMod:GrimmsGift+1","floor":54}],"player_experience":75767,"relics_obtained":[{"floor":6.0,"key":"HollowMod:LumaflyLanternRelic"},{"floor":9.0,"key":"AT_ForceNature"},{"floor":13.0,"key":"Nunchaku"},{"floor":14.0,"key":"Potion Belt"},{"floor":23.0,"key":"Tiny Chest"},{"floor":26.0,"key":"PreservedInsect"},{"floor":28.0,"key":"HollowMod:KingsBrand"},{"floor":37.0,"key":"Ring of Hypnosis"},{"floor":37.0,"key":"Ring of Chaos"},{"floor":42.0,"key":"AT_GuinsooRageblade"},{"floor":43.0,"key":"AT_SilvercatRing"},{"floor":46.0,"key":"AT_RedTearstoneRing"},{"floor":54,"key":"Mummified Hand"}],"event_choices":[{"damage_healed":0.0,"max_hp_gain":0.0,"max_hp_loss":0.0,"gold_gain":0.0,"event_name":"Shining Light","player_choice":"Entered Light","floor":4.0,"gold_loss":0.0,"damage_taken":15.0,"cards_upgraded":["HollowMod:PogoStrike","AT_Desolate"]},{"damage_healed":0.0,"max_hp_gain":0.0,"max_hp_loss":0.0,"gold_gain":30.0,"event_name":"Dead Adventurer","player_choice":"Searched \u00272\u0027 times","floor":13.0,"gold_loss":0.0,"damage_taken":0.0},{"damage_healed":0.0,"max_hp_gain":0.0,"max_hp_loss":0.0,"gold_gain":0.0,"event_name":"Back to Basics","player_choice":"Simplicity","floor":19.0,"gold_loss":0.0,"damage_taken":0.0,"cards_upgraded":["HollowMod:NailStrikeStart","HollowMod:NailStrikeStart","HollowMod:NailStrikeStart","HollowMod:NailStrikeStart","HollowMod:QuickDashStart","HollowMod:QuickDashStart","HollowMod:QuickDashStart","HollowMod:QuickDashStart"]},{"damage_healed":0.0,"max_hp_gain":0.0,"max_hp_loss":0.0,"gold_gain":0.0,"event_name":"Addict","player_choice":"Stole Relic","floor":20.0,"gold_loss":0.0,"damage_taken":0.0,"relics_obtained":["Replay:Ringing Soul"],"cards_obtained":["Shame"]},{"damage_healed":0.0,"max_hp_gain":0.0,"max_hp_loss":0.0,"gold_gain":0.0,"cards_transformed":["Shame"],"event_name":"Transmorgrifier","player_choice":"Transformed","floor":24.0,"gold_loss":0.0,"damage_taken":0.0,"cards_obtained":["Parasite"]},{"damage_healed":0.0,"max_hp_gain":0.0,"max_hp_loss":0.0,"gold_gain":0.0,"event_name":"Ghosts","player_choice":"Ignored","floor":30.0,"gold_loss":0.0,"damage_taken":0.0},{"damage_healed":0.0,"max_hp_gain":0.0,"max_hp_loss":0.0,"gold_gain":0.0,"event_name":"SensoryStone","player_choice":"Memory 1","floor":38.0,"gold_loss":0.0,"damage_taken":0.0},{"damage_healed":0,"gold_gain":0,"player_choice":"Paid","damage_taken":0,"relics_obtained":["Red Mask"],"max_hp_gain":0,"max_hp_loss":0,"event_name":"Tomb of Lord Red Mask","floor":47,"gold_loss":89}],"is_beta":false,"boss_relics":[{"not_picked":["Tiny House","Runic Dome"],"picked":"Honey Jar"},{"not_picked":["Kintsugi","Coffee Dripper"],"picked":"Replay:Ancient Bell"},{"not_picked":["MawBank","Bag of Marbles"],"picked":"AT_BladeRuinedKing"},{"not_picked":["ReplayTheSpireMod:Ninjato","Toxic Egg 2"],"picked":"AT_ImmortalShieldbow"},{"not_picked":["Gambling Chip","Ice Cream"],"picked":"Replay:Multitool"}],"items_purged_floors":[29,44],"is_endless":false,"potions_floor_spawned":[5,6,8,13,14,18,21,23,28,36,41,46,48,54],"ascension_level":0}}