{"host":"qkbnayyek6fga752","time":1609913401,"event":{"mods":["100% Spire Juice","2.2 Compatiblity","Arknights The Spire","Aspiration","Astrologer","BaseMod","Beaked The Cultist","Better Altar","Better Match","Better Note","Better Sensory Stone","Better Skull","Better Third Choice","CCEM","CapriCore","ChefMod","Clockwork Mod","Conspire","Ekko","Energized Spire","Evolution","Glutton Mod","Hermit","Hubris","Humility","Jedi Mod","Koishi","Mad Scientist","Marisa????????","Minty Spire (QoL Compilation)","Quarter Circle Forward PUNCH!","Random Character Mod","Replay The Spire","Robot Space Explorer","SIMod","Spicy Shops","StSLib","The Administrix","The Alterego","The Animator","The Blackbeard","The Blue Laboratory","The Bug Knight","The Construct","The Cursed","The Death Knight","The Disciple","The Druid","The Exalted","The Forsaken","The Gatherer","The Hayseed","The Hierophant","The Immortal","The Juggle","The Marked","The Necromancer","The Problem Sleuth","The Runesmith","The Sage","The Senshi","The Vixen","TheArtist","TheLocksmith","TheSwordswoman","TheVacant","TheVelvet","Trackpad","Yuri Mod","thorton","vexMod"],"gold_per_floor":[117,117,117,38,38,70,111,155,182,225,240,240,56,56,56,161,161,188,39,41,66,166,204,65,84,109,134,134,162,162,17,17,121,121,135,144,285,11,70,110,110,153,153,185,35,63,63,100,100,100,100],"floor_reached":50,"playtime":4760,"items_purged":[],"score":1012,"play_id":"69c6ebc7-80ce-42f2-8ac4-ddda1824c888","local_time":"20210106011001","daily_mods":["SealedDeck","Diverse","Heirloom","Flight","DeadlyEvents","Elite Swarm"],"is_ascension_mode":false,"campfire_choices":[{"floor":12,"key":"REST"},{"data":"alterego_mod:Punishment","floor":15,"key":"SMITH"},{"floor":28,"key":"REST"},{"data":"DeathKnight:Hysteria","floor":49,"key":"SMITH"},{"data":"jedi:harder","floor":49,"key":"SMITH"}],"circlet_count":0,"master_deck":["Replay:Battleflow","Clockwork:StasisBreak","blackbeard:Dagger","hermit:Quickdraw","jugglermod: Backcross","animator:ShinjiMatou","jugglermod: SwitchFeet","TheVixenMod:Facade","Bromod:HeatedCharge","hermit:Brawl","ekkoTheBoyWhoShatteredTime:Dash+1","construct:LaserCore","HollowMod:SlysStrikes+1","chefmod:SushiPlatter+1","After Image","alterego_mod:Punishment+1","TheSimpletonMod:Chilis","animator:Priestess","Clockwork:ReactiveNanites","jedi:unlimitedpower","LockedBlood","ekkoTheBoyWhoShatteredTime:TimeRecall","TheSimpletonMod:Squash","theForsaken:Parry","astrologer:Prestidigitation","animator:Curse_Nutcracker","TheSimpletonMod:Potatoes","DeathKnight:Hysteria+1","Beam Cell","Twin Strike","TheSimpletonMod:Mushrooms","jedi:harder+1","Runesmith:CreatorForm"],"relics":["Cracked Core","EVO:Axolotl","Replay:PocketPolymizer","Pyrelight","CCEMRelics:FryingPan","CeramicFish","Centennial Puzzle","aspiration:Lifesprig","ReplayFunnel","Guide Book","Letter Opener","construct:WeddingRing","vexMod:Spyglass","aspiration:ArtOfWarUpgrade","hubris:GlazedTorus","Runic Capacitor","hubris:ToyBattleship","Ornamental Fan","aspiration:Stabinomicon","theSenshi:SuperSailorFukuRelic","FossilizedHelix","Sozu","ReplayTheSpireMod:CursedCoin","jedi:arcanewood","CCEMRelics:SpiritsEdge","CaptainsWheel","Pet Ghost","vexMod:ScavengeHelm","jedi:bottledfury","Replay:Arrowhead","HollowMod:JonisBlessing","Vajra","conspire:Dentures","conspire:InfiniteJournal"],"acts_visited":["Exordium","TheCity","TheBeyond"],"potions_floor_usage":[6,7,7,10,20,25,27,29],"damage_taken":[{"damage":9,"enemies":"Jaw Worm","floor":1,"turns":3},{"damage":0,"enemies":"Replay:BlueRogue","floor":6,"turns":4},{"damage":10,"enemies":"Lagavulin","floor":7,"turns":4},{"damage":0,"enemies":"Replay:BlueRogue","floor":8,"turns":4},{"damage":48,"enemies":"3 Sentries","floor":10,"turns":8},{"damage":0,"enemies":"Small Slimes","floor":11,"turns":3},{"damage":1,"enemies":"Fading Forest","floor":16,"turns":11},{"damage":10,"enemies":"Shell Parasite","floor":18,"turns":3},{"damage":5,"enemies":"2 Thieves","floor":20,"turns":3},{"damage":48,"enemies":"Gremlin Leader","floor":23,"turns":6},{"damage":15,"enemies":"Centurion and Healer","floor":25,"turns":4},{"damage":0,"enemies":"Replay:Snechameleon","floor":27,"turns":5},{"damage":2,"enemies":"Book of Stabbing","floor":29,"turns":4},{"damage":21,"enemies":"hubris:MusketHawk","floor":33,"turns":9},{"damage":0,"enemies":"3 Shapes","floor":35,"turns":6},{"damage":7,"enemies":"Mind Bloom Boss Battle","floor":39,"turns":7},{"damage":13,"enemies":"Mind Bloom Boss Battle","floor":39,"turns":7},{"damage":5,"enemies":"Reptomancer","floor":40,"turns":5},{"damage":0,"enemies":"beaked:SuperParasite","floor":42,"turns":5},{"damage":22,"enemies":"Reptomancer","floor":44,"turns":7},{"damage":0,"enemies":"R_Hoarder","floor":46,"turns":9},{"damage":0,"enemies":"Nemesis","floor":48,"turns":7},{"damage":53,"enemies":"Awakened One","floor":50,"turns":5}],"seed_played":"4592975915292591386","potions_obtained":[{"floor":5,"key":"blueLaboratory:AbyssPotion"},{"floor":5,"key":"blueLaboratory:EmptyBottle"},{"floor":5,"key":"Block Potion"},{"floor":6,"key":"blueLaboratory:BiasPotion"},{"floor":7,"key":"SneckoOil"},{"floor":16,"key":"jedi:StrikingPotion"},{"floor":23,"key":"blueLaboratory:BubblePotion"},{"floor":25,"key":"Toxic Potion"},{"floor":27,"key":"blueLaboratory:BiasPotion"}],"is_trial":true,"path_per_floor":["M","?","?","$","?","E","E","E","T","E","M","R","$","T","R","B",null,"M","$","M","T","?","E","$","M","T","E","R","E","T","$","R","B",null,"M","?","$","$","?","E","R","E","T","E","$","E","T","E","R","B"],"character_chosen":"DEFECT","items_purchased":["construct:LaserCore","alterego_mod:Punishment","Guide Book","vexMod:Spyglass","Runic Capacitor","LockedBlood","FossilizedHelix","TheSimpletonMod:Squash","theForsaken:Parry","ReplayTheSpireMod:CursedCoin","TheSimpletonMod:Potatoes","DeathKnight:Hysteria","jedi:arcanewood","Beam Cell","CCEMRelics:SpiritsEdge","HollowMod:JonisBlessing"],"campfire_rested":2,"item_purchase_floors":[4,13,13,19,24,24,31,31,31,37,37,38,38,38,38,45],"current_hp_per_floor":[66,66,66,66,66,66,56,56,56,8,8,30,30,30,30,39,75,65,65,60,60,60,12,12,3,3,9,31,35,35,35,35,20,75,75,75,75,75,61,62,62,68,68,52,52,52,52,52,52,0,0],"gold":100,"neow_bonus":"","is_daily":false,"chose_seed":false,"campfire_upgraded":3,"win_rate":0.0,"timestamp":1609913401,"path_taken":["M","?","?","$","?","E","?","E","T","E","?","R","$","?","R","BOSS","M","$","M","?","?","E","?","?","T","E","R","E","?","?","R","BOSS","M","?","$","?","?","E","R","E","T","E","$","E","?","E","R","BOSS"],"items_purchased_type":["Card","Card","Relic","Relic","Relic","Card","Relic","Card","Card","Relic","Card","Card","Relic","Card","Relic","Relic"],"build_version":"2020-12-22","purchased_purges":0,"victory":false,"max_hp_per_floor":[75,75,75,75,75,75,75,75,75,75,75,75,75,75,75,75,75,75,75,75,75,75,75,75,75,75,75,75,75,75,75,75,75,75,75,75,75,75,75,75,75,75,75,75,75,75,75,75,75,75,75],"card_choices":[{"not_picked":["beaked:Brace","Koishi:EmbryosDream"],"picked":"ekkoTheBoyWhoShatteredTime:Dash","floor":1},{"not_picked":["artistmod:AquaAnger","HollowMod:NewInfectedGuardian","Koishi:FormlessExistence"],"picked":"SKIP","floor":6},{"not_picked":["DeathKnight:MarkOfBlood","AdministrixMod:FalseDeath"],"picked":"HollowMod:SlysStrikes","floor":7},{"not_picked":["TheSimpletonMod:SaltTheEarth","theForsaken:Temperance"],"picked":"chefmod:SushiPlatter","floor":8},{"not_picked":["Demonic Infusion","animator:Ainz"],"picked":"After Image","floor":10},{"not_picked":["jugglermod: ShieldPattern","TheVixenMod:FireSpin","jugglermod: Cascade"],"picked":"SKIP","floor":11},{"not_picked":["alterego_mod:Valkyrie","Glutton:StarvationMode"],"picked":"TheSimpletonMod:Chilis","floor":16},{"not_picked":["theSleuth:Ogle","HollowMod:InfectedCysts"],"picked":"animator:Priestess","floor":18},{"not_picked":["Koishi:UnconsciousUprising","TheVixenMod:NastyPlot"],"picked":"Clockwork:ReactiveNanites","floor":20},{"not_picked":["ekkoTheBoyWhoShatteredTime:Unleashed","Gatherer:FlamingBottle"],"picked":"jedi:unlimitedpower","floor":23},{"not_picked":["hierophant:Zeal+1","AdministrixMod:Transcension"],"picked":"ekkoTheBoyWhoShatteredTime:TimeRecall","floor":25},{"not_picked":["hadesmod:BestAngle","theSenshi:WarriorOfTheMoon","jugglermod: BlanketThem"],"picked":"SKIP","floor":27},{"not_picked":["theSleuth:Conjure","yuri:RelentlessStrikes","hierophant:Levitation"],"picked":"SKIP","floor":29},{"not_picked":["astrologer:TheHermit","beaked:HuntressSpirit","thethorton:LastDitchEffort+1"],"picked":"SKIP","floor":35},{"not_picked":["blazmod:MyEverything","AdministrixMod:PlateOfAntiquity+1"],"picked":"Twin Strike","floor":39},{"not_picked":["locksmith:SlowSapping","sagemod:Read_The_Riot_Act"],"picked":"TheSimpletonMod:Mushrooms","floor":40},{"not_picked":["TheSimpletonMod:Biorefinement","jedi:gatheringstorm"],"picked":"jedi:harder","floor":42},{"not_picked":["AdministrixMod:FalseDeath","theVacant:TimeSkip","MokouMod:SacredFire"],"picked":"SKIP","floor":44},{"not_picked":["theSleuth:LeverageHeight","AbsoluteMagnitude","Moonworks:WeAreWaruda"],"picked":"SKIP","floor":46},{"not_picked":["thethorton:Fortune","Reap_The_Weak"],"picked":"Runesmith:CreatorForm","floor":48}],"player_experience":299614,"relics_obtained":[{"floor":6,"key":"CCEMRelics:FryingPan"},{"floor":7,"key":"CeramicFish"},{"floor":8,"key":"Centennial Puzzle"},{"floor":9,"key":"aspiration:Lifesprig"},{"floor":10,"key":"ReplayFunnel"},{"floor":14,"key":"Letter Opener"},{"floor":21,"key":"Art of War"},{"floor":23,"key":"hubris:GlazedTorus"},{"floor":26,"key":"hubris:ToyBattleship"},{"floor":27,"key":"Ornamental Fan"},{"floor":29,"key":"aspiration:Stabinomicon"},{"floor":30,"key":"theSenshi:SuperSailorFukuRelic"},{"floor":39,"key":"CaptainsWheel"},{"floor":40,"key":"Pet Ghost"},{"floor":42,"key":"vexMod:ScavengeHelm"},{"floor":43,"key":"jedi:bottledfury"},{"floor":44,"key":"Replay:Arrowhead"},{"floor":46,"key":"Vajra"},{"floor":47,"key":"conspire:Dentures"},{"floor":48,"key":"conspire:InfiniteJournal"}],"event_choices":[{"damage_healed":0,"gold_gain":0,"player_choice":"Got Potions","damage_taken":0,"max_hp_gain":0,"max_hp_loss":0,"event_name":"Lab","floor":5,"gold_loss":0},{"damage_healed":0,"gold_gain":100,"player_choice":"Pray","damage_taken":0,"max_hp_gain":0,"max_hp_loss":0,"event_name":"Golden Shrine","floor":22,"gold_loss":0},{"cards_removed":["HollowMod:SlysStrikes"],"damage_healed":0,"gold_gain":0,"player_choice":"Take \u0026 Give","damage_taken":0,"max_hp_gain":0,"max_hp_loss":0,"event_name":"betterNote:BetterNote","floor":36,"gold_loss":0,"cards_obtained":["astrologer:Prestidigitation"]},{"damage_healed":0,"gold_gain":0,"player_choice":"Fight","damage_taken":0,"max_hp_gain":0,"max_hp_loss":0,"event_name":"MindBloom","floor":39,"gold_loss":0}],"is_beta":false,"boss_relics":[{"not_picked":["trackpad:NeutrinoGenerator","ChewingGum"],"picked":"construct:WeddingRing"},{"not_picked":["vexMod:RockOfEvil","hubris:BlackHole"],"picked":"Sozu"}],"items_purged_floors":[],"is_endless":false,"potions_floor_spawned":[6,7,16,23,25,27,35,39,42,48],"killed_by":"Awakened One","ascension_level":0}}