{"host":"uv231blk40vjdojr","time":1609956158,"event":{"mods":["BaseMod","Minty Spire (QoL Compilation)","Relic Stats"],"gold_per_floor":[119,119,119,5,5,36,36,79,106,145,155,155,170,195,195,276,276,276,201,116,116,40,40,40,40,40,40,40,40,40,40,40,40,40,40,40,40,40,40,40,40,40,40,40,40,40,40,40,40,40],"floor_reached":51,"playtime":2285,"items_purged":["Regret"],"score":1513,"play_id":"8c43a5d4-a753-4fcf-9244-1cc64093b993","local_time":"20210106190238","is_ascension_mode":true,"campfire_choices":[{"data":"Skewer","floor":7,"key":"SMITH"},{"data":"Blade Dance","floor":12,"key":"SMITH"},{"data":"Neutralize","floor":15,"key":"SMITH"},{"data":"A Thousand Cuts","floor":23,"key":"SMITH"},{"data":"Footwork","floor":28,"key":"SMITH"},{"data":"Accuracy","floor":32,"key":"SMITH"},{"floor":40,"key":"REST"},{"floor":42,"key":"REST"},{"floor":47,"key":"REST"},{"floor":49,"key":"REST"}],"circlet_count":0,"master_deck":["AscendersBane","Strike_G","Strike_G","Defend_G","Defend_G","Defend_G","Defend_G","Defend_G","Survivor","Neutralize+1","Blade Dance+1","Skewer+1","Quick Slash","Backflip","Blur","A Thousand Cuts+1","Accuracy+1","Adrenaline","Footwork+1","Terror","Bullet Time","Blade Dance+1","Expertise+1","Envenom+1","Noxious Fumes+1","Accuracy+1","Blade Dance+1","Wraith Form v2+1"],"relics":["Ring of the Snake","NeowsBlessing","Mercury Hourglass","CeramicFish","Bronze Scales","Vajra","Art of War","Ectoplasm","Bag of Preparation","Pocketwatch","Strawberry","Shuriken","Empty Cage","Turnip","Frozen Egg 2","Letter Opener","Dream Catcher"],"acts_visited":["Exordium","TheCity","TheBeyond"],"potions_floor_usage":[5,25,31,44,48,50],"damage_taken":[{"damage":0,"enemies":"Jaw Worm","floor":1,"turns":1},{"damage":0,"enemies":"Lagavulin","floor":6,"turns":1},{"damage":0,"enemies":"3 Sentries","floor":8,"turns":1},{"damage":16,"enemies":"Gremlin Nob","floor":10,"turns":3},{"damage":0,"enemies":"Small Slimes","floor":11,"turns":2},{"damage":0,"enemies":"Cultist","floor":13,"turns":2},{"damage":0,"enemies":"Blue Slaver","floor":14,"turns":2},{"damage":9,"enemies":"Slime Boss","floor":16,"turns":9},{"damage":13,"enemies":"Shell Parasite","floor":18,"turns":5},{"damage":0,"enemies":"3 Byrds","floor":21,"turns":2},{"damage":0,"enemies":"Cultist and Chosen","floor":24,"turns":4},{"damage":0,"enemies":"Book of Stabbing","floor":25,"turns":4},{"damage":20,"enemies":"Snecko","floor":29,"turns":4},{"damage":4,"enemies":"3 Cultists","floor":30,"turns":3},{"damage":0,"enemies":"Gremlin Leader","floor":31,"turns":4},{"damage":36,"enemies":"Collector","floor":33,"turns":6},{"damage":6,"enemies":"3 Darklings","floor":35,"turns":3},{"damage":0,"enemies":"Orb Walker","floor":37,"turns":3},{"damage":39,"enemies":"2 Orb Walkers","floor":38,"turns":4},{"damage":18,"enemies":"Reptomancer","floor":41,"turns":4},{"damage":13,"enemies":"Nemesis","floor":44,"turns":5},{"damage":22,"enemies":"Writhing Mass","floor":45,"turns":4},{"damage":1,"enemies":"4 Shapes","floor":46,"turns":4},{"damage":1,"enemies":"Spire Growth","floor":48,"turns":3},{"damage":63,"enemies":"Time Eater","floor":50,"turns":8}],"seed_played":"-1034885180551777262","potions_obtained":[{"floor":5,"key":"Fruit Juice"},{"floor":5,"key":"PowerPotion"},{"floor":10,"key":"ColorlessPotion"},{"floor":13,"key":"FairyPotion"},{"floor":25,"key":"ColorlessPotion"},{"floor":31,"key":"FearPotion"},{"floor":37,"key":"Fire Potion"},{"floor":41,"key":"Dexterity Potion"},{"floor":45,"key":"EssenceOfSteel"},{"floor":48,"key":"FairyPotion"}],"is_trial":false,"path_per_floor":["M","?","?","$","?","E","R","E","T","E","M","R","M","M","R","B",null,"M","?","?","M","$","R","M","E","T","$","R","M","M","E","R","B",null,"M","?","M","?","?","R","E","R","T","E","M","M","R","M","R","B",null],"character_chosen":"THE_SILENT","items_purchased":["Skewer","Accuracy"],"campfire_rested":4,"item_purchase_floors":[4,22],"current_hp_per_floor":[59,59,59,59,64,64,64,64,64,48,48,48,48,48,48,39,63,50,50,50,50,50,50,50,50,57,57,57,37,33,33,33,22,64,58,58,58,19,19,41,23,45,45,32,10,9,31,30,52,22],"gold":40,"neow_bonus":"THREE_ENEMY_KILL","is_daily":false,"chose_seed":false,"campfire_upgraded":6,"win_rate":0.0,"timestamp":1609956158,"path_taken":["M","?","?","$","?","E","R","E","T","E","M","R","?","M","R","BOSS","M","?","?","M","$","R","M","E","T","?","R","?","M","E","R","BOSS","M","?","M","?","?","R","E","R","T","E","M","?","R","M","R","BOSS"],"items_purchased_type":["Card","Card"],"build_version":"2020-12-22","purchased_purges":1,"victory":true,"max_hp_per_floor":[66,66,66,66,71,71,71,71,71,71,71,71,71,71,71,71,71,71,71,71,71,71,71,71,71,78,78,78,78,78,78,78,78,78,78,74,74,74,74,74,74,74,74,74,74,74,74,74,74,74],"relic_stats":{"counters":[25,89],"CeramicFish":36,"Bag of Preparation":[32],"Letter Opener":[77],"Mercury Hourglass":[350],"Dream Catcher":2,"Shuriken":[33],"Bronze Scales":[256],"Ectoplasm":542,"Turnip":[0],"Art of War":[7],"obtain_stats":[{"NeowsBlessing":0,"CeramicFish":6,"Vajra":9,"Bag of Preparation":20,"Letter Opener":43,"Frozen Egg 2":41,"Empty Cage":34,"Mercury Hourglass":3,"Dream Catcher":44,"Shuriken":31,"Bronze Scales":8,"Strawberry":26,"Ectoplasm":17,"Turnip":38,"Art of War":10,"Ring of the Snake":0,"Pocketwatch":25},{"NeowsBlessing":0,"CeramicFish":2,"Vajra":3,"Bag of Preparation":9,"Letter Opener":20,"Frozen Egg 2":20,"Empty Cage":16,"Mercury Hourglass":1,"Dream Catcher":21,"Shuriken":15,"Bronze Scales":3,"Strawberry":12,"Ectoplasm":8,"Turnip":19,"Art of War":4,"Ring of the Snake":0,"Pocketwatch":12},{"NeowsBlessing":0,"CeramicFish":2,"Vajra":3,"Bag of Preparation":25,"Letter Opener":65,"Frozen Egg 2":65,"Empty Cage":52,"Mercury Hourglass":1,"Dream Catcher":70,"Shuriken":46,"Bronze Scales":3,"Strawberry":35,"Ectoplasm":20,"Turnip":61,"Art of War":6,"Ring of the Snake":0,"Pocketwatch":35}],"Ring of the Snake":[50],"Pocketwatch":[24]},"card_choices":[{"not_picked":["Slice","Well Laid Plans"],"picked":"Blade Dance","floor":1},{"not_picked":["Concentrate","Deadly Poison","Distraction"],"picked":"SKIP","floor":6},{"not_picked":["Acrobatics","Masterful Stab"],"picked":"Quick Slash","floor":8},{"not_picked":["Poisoned Stab","Slice"],"picked":"Backflip","floor":10},{"not_picked":["Quick Slash","Underhanded Strike","Blade Dance"],"picked":"SKIP","floor":11},{"not_picked":["Blade Dance","Acrobatics","Sucker Punch"],"picked":"SKIP","floor":13},{"not_picked":["Poisoned Stab","Concentrate"],"picked":"Blur","floor":14},{"not_picked":["Unload","Adrenaline"],"picked":"A Thousand Cuts","floor":16},{"not_picked":["Flying Knee","PiercingWail+1","Poisoned Stab"],"picked":"SKIP","floor":18},{"not_picked":["Infinite Blades","Deflect","Dodge and Roll"],"picked":"SKIP","floor":21},{"not_picked":["Blade Dance","Slice"],"picked":"Adrenaline","floor":24},{"not_picked":["Setup","Deflect"],"picked":"Footwork","floor":25},{"not_picked":["Prepared","Slice"],"picked":"Terror","floor":29},{"not_picked":["All Out Attack+1","Sucker Punch+1","Acrobatics"],"picked":"SKIP","floor":30},{"not_picked":["Slice","Reflex","Dodge and Roll"],"picked":"SKIP","floor":31},{"not_picked":["Venomology","Doppelganger"],"picked":"Bullet Time","floor":33},{"not_picked":["Calculated Gamble+1","Acrobatics+1"],"picked":"Blade Dance+1","floor":35},{"not_picked":["Distraction","Flying Knee+1"],"picked":"Expertise+1","floor":37},{"not_picked":["Underhanded Strike","Endless Agony","Catalyst"],"picked":"SKIP","floor":41},{"not_picked":["Reflex+1","Acrobatics"],"picked":"Envenom+1","floor":44},{"not_picked":["Slice","Backflip"],"picked":"Noxious Fumes+1","floor":45},{"not_picked":["Reflex","PiercingWail"],"picked":"Accuracy+1","floor":46},{"not_picked":["Concentrate","Backstab"],"picked":"Blade Dance+1","floor":47},{"not_picked":["Dagger Spray","Deflect","Outmaneuver"],"picked":"SKIP","floor":48},{"not_picked":["PiercingWail","Dagger Throw"],"picked":"Wraith Form v2+1","floor":49}],"player_experience":588649,"relics_obtained":[{"floor":6,"key":"CeramicFish"},{"floor":8,"key":"Bronze Scales"},{"floor":9,"key":"Vajra"},{"floor":10,"key":"Art of War"},{"floor":25,"key":"Pocketwatch"},{"floor":26,"key":"Strawberry"},{"floor":31,"key":"Shuriken"},{"floor":38,"key":"Turnip"},{"floor":41,"key":"Frozen Egg 2"},{"floor":43,"key":"Letter Opener"},{"floor":44,"key":"Dream Catcher"}],"event_choices":[{"damage_healed":0,"gold_gain":0,"player_choice":"Leave","damage_taken":0,"max_hp_gain":0,"max_hp_loss":0,"event_name":"The Cleric","floor":2,"gold_loss":0},{"damage_healed":0,"gold_gain":0,"player_choice":"Box","damage_taken":0,"relics_obtained":["Mercury Hourglass"],"max_hp_gain":0,"max_hp_loss":0,"event_name":"Big Fish","floor":3,"gold_loss":0,"cards_obtained":["Regret"]},{"damage_healed":0,"gold_gain":0,"player_choice":"Got Potions","damage_taken":0,"max_hp_gain":0,"max_hp_loss":0,"event_name":"Lab","floor":5,"gold_loss":0},{"cards_removed":["Strike_G"],"damage_healed":0,"gold_gain":0,"player_choice":"Gave Gold","damage_taken":0,"max_hp_gain":0,"max_hp_loss":0,"event_name":"Beggar","floor":19,"gold_loss":75},{"damage_healed":0,"gold_gain":0,"player_choice":"Obtained Relic","damage_taken":0,"relics_obtained":["Bag of Preparation"],"max_hp_gain":0,"max_hp_loss":0,"event_name":"Addict","floor":20,"gold_loss":85},{"damage_healed":0,"gold_gain":0,"player_choice":"Max HP","damage_taken":0,"max_hp_gain":0,"max_hp_loss":4,"event_name":"Winding Halls","floor":36,"gold_loss":0},{"damage_healed":0,"gold_gain":0,"player_choice":"Fight","damage_taken":0,"max_hp_gain":0,"max_hp_loss":0,"event_name":"Mysterious Sphere","floor":38,"gold_loss":0},{"damage_healed":0,"gold_gain":50,"player_choice":"Pray","damage_taken":0,"max_hp_gain":0,"max_hp_loss":0,"event_name":"Golden Shrine","floor":39,"gold_loss":0}],"is_beta":false,"boss_relics":[{"not_picked":["Snecko Eye","Tiny House"],"picked":"Ectoplasm"},{"not_picked":["HoveringKite","Velvet Choker"],"picked":"Empty Cage"}],"items_purged_floors":[4],"is_endless":false,"potions_floor_spawned":[10,13,14,18,25,31,37,41,45,46,48],"ascension_level":16}}