{"host":"vf63mcydhpkptnpw","time":1609972173,"event":{"mods":["BaseMod","Downfall","Minty Spire (QoL Compilation)","Shade Mod","StSLib","The Cursed","The Disciple","The Hierophant","TheBandit"],"gold_per_floor":[99,113,172,189,203,222,271,35,45,61,61,61,61,72,88,188,188,38,53,53,153,168,178,251,277,288,302,302,302,302,302,321,422,422,422,435,435,87,136,163,187,187,237,256,256,272,300,225,242,242],"floor_reached":51,"playtime":4493,"items_purged":["hexamod:Strike"],"score":846,"play_id":"4ef88c40-acb7-4977-bd92-f187462d1beb","local_time":"20210106232933","is_ascension_mode":false,"campfire_choices":[{"floor":1,"key":"RECALL"},{"data":"hexamod:TimeWarp","floor":11,"key":"SMITH"},{"data":"hexamod:EtherealExpedition","floor":13,"key":"SMITH"},{"data":"hexamod:VolcanoVisage","floor":18,"key":"SMITH"},{"floor":28,"key":"REST"},{"data":"hexamod:GhostflameInferno","floor":30,"key":"SMITH"},{"data":"hexamod:RecurringNightmare","floor":35,"key":"SMITH"},{"data":"hexamod:WildfireWeapon","floor":42,"key":"SMITH"},{"floor":48,"key":"REST"}],"circlet_count":0,"master_deck":["hexamod:Strike+1","hexamod:Defend","hexamod:Defend+1","hexamod:Sear+1","hexamod:Float+1","hexamod:AdvancingGuard+1","hexamod:TimeWarp+1","hexamod:FirstSeal","hexamod:EmpoweredFlame+1","hexamod:PowerFromBeyond","hexamod:EmpoweredFlame+1","hexamod:RecurringNightmare+1","hexamod:EtherealExpedition+1","hexamod:Defend+1","hexamod:Rewind+1","hexamod:GiftsFromTheDead+1","hexamod:VolcanoVisage+1","hexamod:EtherealExpedition+1","hexamod:TimeWarp","hexamod:EtherealExpedition","hexamod:GhostflameInferno+1","hexamod:SixthSeal","hexamod:FastForward+1","hexamod:WildfireWeapon+1","hexamod:FastForward+1"],"relics":["hexamod:SpiritBrand","Centennial Puzzle","SlaversCollar","downfall:HeartBlessingBlue","downfall:HeartBlessingRed","Potion Belt","Kunai","MealTicket","Empty Cage","Red Mask","downfall:RedIOUUpgrade","hexamod:InflammatoryLetter","Mango","Singing Bowl","Oddly Smooth Stone","Prayer Wheel","Darkstone Periapt","downfall:HeartBlessingGreen"],"acts_visited":["Exordium","TheCity","TheBeyond"],"potions_floor_usage":[16,16,16,22,25,33,33,33,38,38,38,39,43,43,47,50,50],"damage_taken":[{"damage":0,"enemies":"Cultist","floor":2,"turns":3},{"damage":12,"enemies":"3 Sentries","floor":3,"turns":8},{"damage":0,"enemies":"Jaw Worm","floor":4,"turns":4},{"damage":0,"enemies":"2 Louse","floor":5,"turns":4},{"damage":0,"enemies":"Lots of Slimes","floor":6,"turns":5},{"damage":5,"enemies":"downfall:FleeingMerchant","floor":8,"turns":4},{"damage":2,"enemies":"Exordium Wildlife","floor":9,"turns":4},{"damage":7,"enemies":"Large Slime","floor":10,"turns":5},{"damage":6,"enemies":"Exordium Thugs","floor":14,"turns":4},{"damage":15,"enemies":"3 Louse","floor":15,"turns":3},{"damage":22,"enemies":"downfall:Ironclad","floor":16,"turns":10},{"damage":14,"enemies":"Spheric Guardian","floor":19,"turns":4},{"damage":12,"enemies":"downfall:LadyInBlue","floor":21,"turns":7},{"damage":6,"enemies":"Chosen","floor":22,"turns":3},{"damage":15,"enemies":"Centurion and Healer","floor":23,"turns":4},{"damage":6,"enemies":"Book of Stabbing","floor":25,"turns":4},{"damage":18,"enemies":"3 Cultists","floor":26,"turns":5},{"damage":7,"enemies":"Sentry and Sphere","floor":27,"turns":4},{"damage":1,"enemies":"Centurion and Healer","floor":32,"turns":5},{"damage":13,"enemies":"downfall:Silent","floor":33,"turns":5},{"damage":10,"enemies":"Orb Walker","floor":36,"turns":4},{"damage":0,"enemies":"downfall:FleeingMerchant","floor":38,"turns":4},{"damage":30,"enemies":"2 Orb Walkers","floor":39,"turns":4},{"damage":0,"enemies":"Giant Head","floor":40,"turns":5},{"damage":6,"enemies":"Mind Bloom Boss Battle","floor":43,"turns":5},{"damage":32,"enemies":"3 Shapes","floor":44,"turns":4},{"damage":14,"enemies":"Transient","floor":46,"turns":5},{"damage":47,"enemies":"Reptomancer","floor":47,"turns":7},{"damage":0,"enemies":"Maw","floor":49,"turns":5},{"damage":0,"enemies":"downfall:Watcher","floor":50,"turns":6}],"seed_played":"2180165029586238256","potions_obtained":[{"floor":5,"key":"SteroidPotion"},{"floor":9,"key":"Swift Potion"},{"floor":10,"key":"SteroidPotion"},{"floor":14,"key":"LiquidBronze"},{"floor":15,"key":"SkillPotion"},{"floor":16,"key":"EssenceOfSteel"},{"floor":19,"key":"BlessingOfTheForge"},{"floor":21,"key":"EntropicBrew"},{"floor":21,"key":"Dexterity Potion"},{"floor":21,"key":"Ancient Potion"},{"floor":23,"key":"LiquidBronze"},{"floor":39,"key":"hexamod:EctoCoolerPotion"},{"floor":43,"key":"EssenceOfSteel"},{"floor":47,"key":"hexamod:EctoCoolerPotion"},{"floor":49,"key":"Ancient Potion"}],"is_trial":false,"path_per_floor":["R","M","?","M","M","M","T","$","M","M","R","?","R","M","M","B",null,"R","M","?","?","M","M","T","E","M","M","R","?","R","?","M","B",null,"R","M","?","$","?","E","T","R","?","M","?","M","E","R","M","B",null],"character_chosen":"THE_SPIRIT","items_purchased":["Juzu Bracelet","hexamod:EmpoweredFlame","hexamod:InflammatoryLetter"],"campfire_rested":2,"item_purchase_floors":[8,8,38],"current_hp_per_floor":[63,63,51,58,63,63,63,63,63,63,63,63,63,63,48,33,63,73,66,66,61,62,54,54,55,44,44,65,65,65,65,71,65,73,73,70,70,73,64,71,71,71,74,53,53,48,10,39,50,57],"gold":242,"neow_bonus":"TRANSFORM_TWO_CARDS","is_daily":false,"chose_seed":false,"campfire_upgraded":6,"win_rate":0.0,"timestamp":1609972173,"path_taken":["R","M","?","M","M","M","T","$","M","M","R","?","R","M","M","BOSS","R","M","?","?","?","M","T","E","M","?","R","?","R","?","M","BOSS","R","M","?","$","?","E","T","R","?","M","?","M","E","R","M","BOSS"],"items_purchased_type":["Relic","Card","Relic"],"build_version":"2020-12-22","purchased_purges":1,"victory":true,"max_hp_per_floor":[63,63,63,63,63,63,63,63,63,63,63,63,63,63,63,63,63,73,73,73,73,73,73,73,73,73,73,73,73,73,73,73,73,73,73,73,73,73,87,87,87,87,89,93,93,95,97,97,101,101],"card_choices":[{"not_picked":["hexamod:GhostLash","hexamod:AdvancingGuard","hexamod:SwordOfDarkness"],"picked":"SKIP","floor":2},{"not_picked":["hexamod:AdvancingGuard","hexamod:InspiringFlames"],"picked":"hexamod:FirstSeal","floor":3},{"not_picked":["hexamod:EtherealExpedition","hexamod:ShieldOfDarkness"],"picked":"hexamod:GhostOfSpirePresent","floor":4},{"not_picked":["hexamod:Haunt","hexamod:NecessarySacrifice"],"picked":"hexamod:EmpoweredFlame","floor":5},{"not_picked":["hexamod:CrushingStance","hexamod:RainOfEmbers"],"picked":"hexamod:PowerFromBeyond","floor":6},{"not_picked":["hexamod:BacktrackSmack","hexamod:ShieldOfDarkness","hexamod:BurningTouch"],"picked":"SKIP","floor":8},{"not_picked":["hexamod:RainOfEmbers","hexamod:GhostShield"],"picked":"hexamod:RecurringNightmare","floor":9},{"not_picked":["hexamod:Hexaguard","hexamod:Incineration"],"picked":"hexamod:EtherealExpedition","floor":10},{"not_picked":["hexamod:HeatShield","hexamod:BacktrackSmack"],"picked":"hexamod:Rewind","floor":14},{"not_picked":["hexamod:ThermalTransfer","hexamod:RecurringNightmare"],"picked":"hexamod:GiftsFromTheDead","floor":15},{"not_picked":["hexamod:FifthSeal","hexamod:SixthSeal"],"picked":"hexamod:VolcanoVisage","floor":16},{"not_picked":["hexamod:SpectersWail","hexamod:Rewind","hexamod:BurningTouch"],"picked":"SKIP","floor":19},{"not_picked":["hexamod:SwordOfDarkness","hexamod:AdvancingGuard"],"picked":"hexamod:EtherealExpedition+1","floor":21},{"not_picked":["hexamod:HauntingEcho","hexamod:GhostOfSpirePresent+1"],"picked":"hexamod:TimeWarp","floor":22},{"not_picked":["hexamod:InspiringFlames","hexamod:GhostShield"],"picked":"hexamod:SpectersWail+1","floor":23},{"not_picked":["hexamod:PhantomFireball","hexamod:SpectersWail+1"],"picked":"hexamod:EtherealExpedition","floor":25},{"not_picked":["hexamod:Firestarter","hexamod:ShieldOfDarkness","hexamod:AdvancingGuard"],"picked":"SKIP","floor":26},{"not_picked":["hexamod:ExtraCrispy+1","hexamod:ThermalTransfer"],"picked":"hexamod:GhostflameInferno","floor":27},{"not_picked":["hexamod:NightmareGuise","hexamod:SwordOfDarkness+1","hexamod:SpectersWail"],"picked":"SKIP","floor":32},{"not_picked":["hexamod:SearingWound","hexamod:FifthSeal"],"picked":"hexamod:SixthSeal","floor":33},{"not_picked":["hexamod:Firestarter+1","hexamod:NightmareStrike+1","hexamod:ChargedBarrage+1"],"picked":"SKIP","floor":36},{"not_picked":["hexamod:HeatShield","hexamod:BurningTouch","hexamod:HauntingEcho+1"],"picked":"SKIP","floor":38},{"not_picked":["hexamod:NightmareStrike","hexamod:SwordOfDarkness+1"],"picked":"hexamod:FastForward+1","floor":39},{"not_picked":["hexamod:UnleashSpirits","hexamod:RetreatToShadows"],"picked":"hexamod:WildfireWeapon","floor":40},{"not_picked":["hexamod:SpectersWail","hexamod:CatchUp","hexamod:GhostLash"],"picked":"Singing Bowl","floor":43},{"not_picked":["hexamod:HauntingEcho","hexamod:HeatMetal+1","hexamod:RainOfEmbers"],"picked":"Singing Bowl","floor":44},{"not_picked":["hexamod:Rewind","hexamod:GhostOfSpireFuture","hexamod:Firestarter+1"],"picked":"Singing Bowl","floor":44},{"not_picked":["hexamod:ShieldOfDarkness+1","hexamod:RainOfEmbers"],"picked":"hexamod:FastForward+1","floor":46},{"not_picked":["hexamod:FastForward+1","hexamod:GhostflameBarrier","hexamod:GhostShield+1"],"picked":"Singing Bowl","floor":46},{"not_picked":["hexamod:PhantomCloak+1","hexamod:GhostLash+1","hexamod:SecondSeal"],"picked":"Singing Bowl","floor":47},{"not_picked":["hexamod:GhostflameBarrier","hexamod:ChargedBarrage","hexamod:GhostLash+1"],"picked":"Singing Bowl","floor":49},{"not_picked":["hexamod:HeatMetal","hexamod:Firestarter+1","hexamod:FirstSeal"],"picked":"Singing Bowl","floor":49}],"player_experience":285376,"relics_obtained":[{"floor":21,"key":"Potion Belt"},{"floor":24,"key":"Kunai"},{"floor":25,"key":"MealTicket"},{"floor":39,"key":"Mango"},{"floor":40,"key":"Singing Bowl"},{"floor":41,"key":"Oddly Smooth Stone"},{"floor":43,"key":"Prayer Wheel"},{"floor":47,"key":"Darkstone Periapt"}],"event_choices":[{"cards_removed":["hexamod:GhostOfSpirePresent"],"damage_healed":0,"gold_gain":0,"player_choice":"Took Card","damage_taken":0,"max_hp_gain":0,"max_hp_loss":0,"event_name":"NoteForYourself","floor":12,"gold_loss":0,"cards_obtained":["hexamod:Defend"]},{"damage_healed":0,"gold_gain":0,"player_choice":"Forge","damage_taken":0,"max_hp_gain":0,"max_hp_loss":0,"event_name":"Accursed Blacksmith","floor":31,"gold_loss":0,"cards_upgraded":["hexamod:GiftsFromTheDead"]},{"damage_healed":0,"gold_gain":0,"player_choice":"Fight","damage_taken":0,"max_hp_gain":0,"max_hp_loss":0,"event_name":"Mysterious Sphere","floor":39,"gold_loss":0}],"is_beta":false,"boss_relics":[{"not_picked":["Astrolabe","Calling Bell"],"picked":"SlaversCollar"},{"not_picked":["Pandora\u0027s Box","hexamod:IceCube"],"picked":"Empty Cage"}],"items_purged_floors":[38],"is_endless":false,"potions_floor_spawned":[5,9,10,14,15,16,19,23,39,43,47,49],"ascension_level":0}}