{"host":"pno9h1fupbyz205f","time":1609895053,"event":{"mods":["Aspiration","BaseMod","Better Altar","Better Match","Better Note","Better Sensory Stone","Better Skull","Better Third Choice","Colored Map","Colored Powertips","Hubris","Infinite Spire","Jedi Mod","Mad Scientist","Marisa????????","Minty Spire (QoL Compilation)","Permanent Neow","Potionbrewer","Replay The Spire","Shop Mod","StSLib","The Blackbeard","The Gatherer","The Hierophant","The Poker Player","The Runesmith","The Servant 0.9.4","thorton","vexMod"],"gold_per_floor":[114,125,1,1,12,12,31,42,42,42,94,132,32,85,85,212,212,251,276,327,327,384,437,495,562,608,669,722,722,722,781,781,922,922,980,144,144,363,247,247,300,300,300,345,399,456,500,568,568,691,691,705,705,146,146,153,153,153,153,153,157,157,175,195,206,206,301,301,300,300,314,300,337,337,346,375,375,375,378,386,386,346,346,428,528,537,524,532,618,618,618,618,619,619,619,621,621,559,563,563,636,636,669,677,682,393,437,437,437,737,762,762,762,762,785,796,796,918,988,988,988,988],"floor_reached":120,"playtime":6008,"items_purged":["blackbeard:BlackbeardDefend","blackbeard:BlackbeardStrike","blackbeard:BlackbeardStrike","blackbeard:BlackbeardDefend","blackbeard:BlackbeardDefend","blackbeard:BlackbeardDefend","Looming Evil","blackbeard:TacticalRetreat","blackbeard:TacticalRetreat","blackbeard:CloakAndCannonball+1"],"score":2910,"play_id":"aab7ad5b-f31c-47a6-b6f8-aa2a2b3e16b9","local_time":"20210105170413","is_ascension_mode":false,"campfire_choices":[{"data":"blackbeard:Cutlass","floor":6,"key":"SMITH"},{"data":"blackbeard:WeaponProficiency","floor":10,"key":"SMITH"},{"floor":15,"key":"REST"},{"data":"blackbeard:WeaponMastery","floor":32,"key":"SMITH"},{"data":"blackbeard:Salvager","floor":40,"key":"SMITH"},{"floor":49,"key":"REST"},{"floor":57,"key":"REST"},{"data":"Pot Of Greed","floor":59,"key":"SMITH"},{"data":"Pot Of Greed","floor":66,"key":"SMITH"},{"data":"Pot Of Greed","floor":74,"key":"SMITH"},{"data":"infinitespire:Menacing","floor":78,"key":"SMITH"},{"data":"infinitespire:Collect","floor":83,"key":"SMITH"},{"data":"blackbeard:BountyHunter","floor":91,"key":"SMITH"},{"data":"blackbeard:CaptainsHat","floor":95,"key":"SMITH"},{"data":"blackbeard:SwordDance","floor":97,"key":"SMITH"},{"data":"blackbeard:Scrap","floor":100,"key":"SMITH"},{"data":"hubris:Insight","floor":108,"key":"SMITH"},{"data":"blackbeard:BeatUp","floor":117,"key":"SMITH"}],"circlet_count":0,"master_deck":["blackbeard:BlackbeardStrike+1","blackbeard:BlackbeardStrike","blackbeard:IntimidatingStrike","blackbeard:Cutlass+1","blackbeard:Dagger","blackbeard:Scrap+1","blackbeard:FieryDefense","blackbeard:WeaponProficiency+1","blackbeard:Bandana+1","blackbeard:CatONineTails","blackbeard:RearmingStrike","blackbeard:BountyHunter+1","blackbeard:Rum+1","blackbeard:RemoveScurvy+1","blackbeard:WeaponMastery+1","blackbeard:Anchor","blackbeard:Scrap","blackbeard:BoostMorale+1","Flash of Steel+1","Finesse","Pot Of Greed+1","Pot Of Greed+1","Pot Of Greed+1","blackbeard:BlindAttacks+1","blackbeard:Salvager+1","blackbeard:BeatUp","blackbeard:Sword+1","infinitespire:Menacing+1","blackbeard:Spear","blackbeard:PowerHungry+1","blackbeard:SwordDance+1","Pot Of Greed+1","blackbeard:Rum+1","blackbeard:GoldenDefense","blackbeard:Spear","blackbeard:Spear","blackbeard:Parrot+1","blackbeard:BeatUp+1","infinitespire:Collect+1","blackbeard:Scrap+1","blackbeard:WiseDefense+1","Pot Of Greed+1","blackbeard:RemoveScurvy+1","infinitespire:FutureSight+1","blackbeard:WiseDefense+1","blackbeard:CaptainsHat+1","blackbeard:PirateHook","blackbeard:SmithingHammer","hubris:Insight+1","Apotheosis+1","blackbeard:WiseDefense","blackbeard:GoldenStrike","blackbeard:BeatUp+1","blackbeard:GoldenStrike"],"relics":["Spirit Poop","GremlinMask","BewitchedHakkero","vexMod:Dragonfruit","King of Hearts","Ring of Hypnosis","Mummified Hand","jedi:fakemustache","MadScienceMod:FuelTank","Guide Book","Juzu Bracelet","Membership Card","Old Coin","hubris:DeadTorch","hubris:AncientText","potionbrewer:RamsHorn","MiniHakkero","Omamori","Replay:PocketPolymizer","aspiration:SecretTechniqueScroll","jedi:bottledfury","hubris:NiceRug","jedi:gremlinknob","Empty Cage","jedi:sprinkler","Strange Spoon","Runic Dome","NeowsBlessing","Darkstone Periapt","m_RuneBlood","blackbeard:PoorMathSkills","Replay:Frozen Program","Replay:Purple Gloves","Orrery","infinitespire:CursedDice","thethorton:StoneOfSprinting","hubris:Teleporter","potionbrewer:SalesContract","Ornamental Fan","Bloody Idol","jedi:ashlotus","Vajra","PokerPlayerMod:JackpotMachine","infinitespire:Chaos","blackbeard:HipFlask","BranchBurnRelic","Tiny House"],"acts_visited":["Exordium","TheCity","TheBeyond","Exordium","TheCity","TheBeyond","Exordium","TheCity"],"potions_floor_usage":[12,16,23,23,25,33,33,36,41,44,50,67],"damage_taken":[{"damage":0,"enemies":"Small Slimes","floor":1,"turns":3},{"damage":1,"enemies":"Cultist","floor":2,"turns":3},{"damage":0,"enemies":"2 Louse","floor":5,"turns":2},{"damage":9,"enemies":"Exordium Thugs","floor":7,"turns":4},{"damage":0,"enemies":"2 Fungi Beasts","floor":8,"turns":3},{"damage":1,"enemies":"Lagavulin","floor":11,"turns":7},{"damage":11,"enemies":"Lots of Slimes","floor":12,"turns":3},{"damage":15,"enemies":"Replay:BlueRogue","floor":14,"turns":4},{"damage":59,"enemies":"Hexaghost","floor":16,"turns":10},{"damage":1,"enemies":"Chosen","floor":18,"turns":4},{"damage":0,"enemies":"3 Byrds","floor":19,"turns":3},{"damage":12,"enemies":"Snake Plant","floor":20,"turns":4},{"damage":9,"enemies":"Snecko","floor":22,"turns":5},{"damage":2,"enemies":"Gremlin Leader","floor":23,"turns":7},{"damage":7,"enemies":"Centurion and Healer","floor":24,"turns":4},{"damage":0,"enemies":"Book of Stabbing","floor":25,"turns":4},{"damage":10,"enemies":"Sentry and Sphere","floor":27,"turns":5},{"damage":0,"enemies":"Shelled Parasite and Fungi","floor":28,"turns":6},{"damage":0,"enemies":"Centurion and Healer","floor":31,"turns":5},{"damage":18,"enemies":"Champ","floor":33,"turns":7},{"damage":16,"enemies":"3 Shapes","floor":35,"turns":4},{"damage":0,"enemies":"Orb Walker","floor":38,"turns":2},{"damage":0,"enemies":"R_Hoarder","floor":41,"turns":3},{"damage":5,"enemies":"Sphere and 2 Shapes","floor":44,"turns":2},{"damage":9,"enemies":"Jaw Worm Horde","floor":45,"turns":3},{"damage":15,"enemies":"Nightmare","floor":46,"turns":4},{"damage":25,"enemies":"Writhing Mass","floor":47,"turns":3},{"damage":1,"enemies":"Reptomancer","floor":48,"turns":2},{"damage":13,"enemies":"infinitespire:MassOfShapes","floor":50,"turns":5},{"damage":0,"enemies":"Cultist","floor":52,"turns":1},{"damage":0,"enemies":"Small Slimes","floor":56,"turns":1},{"damage":11,"enemies":"Jaw Worm","floor":61,"turns":2},{"damage":0,"enemies":"Gremlin Gang","floor":63,"turns":1},{"damage":0,"enemies":"Red Slaver","floor":64,"turns":1},{"damage":0,"enemies":"Lots of Slimes","floor":65,"turns":1},{"damage":7,"enemies":"The Guardian","floor":67,"turns":2},{"damage":0,"enemies":"Spheric Guardian","floor":69,"turns":2},{"damage":0,"enemies":"Shell Parasite","floor":71,"turns":1},{"damage":0,"enemies":"Shelled Parasite and Fungi","floor":72,"turns":1},{"damage":0,"enemies":"Cultist and Chosen","floor":73,"turns":1},{"damage":0,"enemies":"Snake Plant","floor":75,"turns":1},{"damage":0,"enemies":"Centurion and Healer","floor":76,"turns":2},{"damage":6,"enemies":"Snecko","floor":79,"turns":3},{"damage":0,"enemies":"Nightmare","floor":80,"turns":1},{"damage":0,"enemies":"Automaton","floor":84,"turns":1},{"damage":0,"enemies":"Orb Walker","floor":86,"turns":1},{"damage":0,"enemies":"3 Shapes","floor":87,"turns":1},{"damage":0,"enemies":"3 Darklings","floor":88,"turns":1},{"damage":0,"enemies":"R_Hoarder","floor":93,"turns":2},{"damage":0,"enemies":"Maw","floor":96,"turns":1},{"damage":0,"enemies":"Transient","floor":98,"turns":2},{"damage":0,"enemies":"4 Shapes","floor":99,"turns":1},{"damage":0,"enemies":"infinitespire:MassOfShapes","floor":101,"turns":1},{"damage":0,"enemies":"Small Slimes","floor":103,"turns":1},{"damage":0,"enemies":"2 Louse","floor":104,"turns":1},{"damage":0,"enemies":"Jaw Worm","floor":105,"turns":1},{"damage":0,"enemies":"Lots of Slimes","floor":115,"turns":1},{"damage":0,"enemies":"Large Slime","floor":116,"turns":1},{"damage":0,"enemies":"Hexaghost","floor":118,"turns":1},{"damage":0,"enemies":"Spheric Guardian","floor":120,"turns":1}],"seed_played":"-8548424497609500858","potions_obtained":[{"floor":1,"key":"potionbrewer:ToxicPotion"},{"floor":8,"key":"Milkshake"},{"floor":11,"key":"ColorlessPotion"},{"floor":14,"key":"potionbrewer:AcidPotion"},{"floor":16,"key":"Venom Potion"},{"floor":19,"key":"Weak Potion"},{"floor":23,"key":"ColorlessPotion"},{"floor":25,"key":"SkillPotion"},{"floor":31,"key":"potionbrewer:ToxicPotion"},{"floor":41,"key":"Flashbang"},{"floor":45,"key":"potionbrewer:AcidPotion"},{"floor":48,"key":"SpeedPotion"},{"floor":61,"key":"Death Potion"},{"floor":63,"key":"EssenceOfSteel"},{"floor":69,"key":"PowerPotion"}],"is_trial":false,"path_per_floor":["M","M","$","?","M","R","M","M","T","R","E","M","$","E","R","B",null,"M","M","M","AVR","M","E","M","E","T","M","M","?","?","M","R","B",null,"M","$","?","M","$","R","E","?","T","M","M","NM","M","E","R","B",null,"M","$","$","?","M","R","?","R","T","M","?","M","M","M","R","B",null,"M","AVR","M","M","M","R","M","M","T","R","M","NM","?","?","R","B",null,"M","M","M","$","?","R","?","E","T","R","M","R","M","M","R","B",null,"M","M","M","$","?","R","?","AVR","T","$","?","$","M","M","R","B",null,"M"],"character_chosen":"BLACKBEARD_CLASS","items_purchased":["blackbeard:FieryDefense","jedi:fakemustache","Oddly Smooth Stone","potionbrewer:BlacksmithPotion","vexMod:RedPlottingStone","blackbeard:Salvager","blackbeard:BeatUp","infinitespire:FocusingShard","Question Card","Juzu Bracelet","hubris:OldNail","hubris:EvacipatedBox","blackbeard:BrownPants","vexMod:PlasmaPancake","potionbrewer:ToxicPotion","vexMod:FocusSash","MerchantsRug","Anchor","Molten Egg 2","hubris:Insight","Apotheosis"],"campfire_rested":3,"item_purchase_floors":[3,36,36,36,36,39,39,53,53,53,53,53,54,54,54,54,89,89,106,106,106],"current_hp_per_floor":[75,74,74,74,74,74,65,65,65,65,64,53,53,38,60,1,75,74,74,62,62,53,56,54,59,59,54,59,59,52,57,57,44,75,64,75,75,85,85,85,85,85,85,85,81,77,57,56,83,75,92,92,8,34,10,10,39,39,39,39,40,40,57,57,57,57,55,98,98,98,98,98,98,98,98,98,98,98,98,98,98,98,98,98,98,98,98,98,98,83,83,83,98,98,98,98,98,98,98,98,98,98,98,98,98,98,74,74,74,89,94,94,94,94,103,103,103,103,108,108,108,108],"gold":988,"neow_bonus":"NOSTALGIA","is_daily":false,"chose_seed":false,"campfire_upgraded":15,"win_rate":0.0,"timestamp":1609895053,"path_taken":["M","M","$","?","M","R","M","?","T","R","E","M","?","E","R","BOSS","M","M","M","AVR","M","E","M","E","T","M","M","?","?","?","R","BOSS","M","$","?","M","$","R","E","?","T","M","M","NM","M","E","R","BOSS","M","?","$","?","M","R","?","R","T","M","?","M","M","M","R","BOSS","M","AVR","M","M","M","R","M","M","T","R","M","NM","?","?","R","BOSS","M","M","M","$","?","R","?","E","T","R","M","R","M","M","R","BOSS","M","M","M","$","?","R","?","AVR","T","$","?","?","M","M","R","BOSS","M"],"items_purchased_type":["Card","Relic","Relic","Potion","Relic","Card","Card","Relic","Relic","Relic","Relic","Relic","Card","Relic","Potion","Relic","Relic","Relic","Relic","Card","Card"],"build_version":"2020-12-22","purchased_purges":10,"victory":false,"max_hp_per_floor":[75,75,75,75,75,75,75,75,75,75,75,75,75,75,75,75,75,75,75,75,75,75,75,75,75,75,75,75,75,75,75,75,75,75,75,75,75,85,85,85,85,85,85,85,85,92,92,92,92,92,92,92,92,98,98,98,98,98,98,98,98,98,98,98,98,98,98,98,98,98,98,98,98,98,98,98,98,98,98,98,98,98,98,98,98,98,98,98,98,98,98,98,98,98,98,98,98,98,98,98,98,98,98,98,98,98,98,98,98,103,103,103,103,103,103,103,103,103,108,108,108,108],"card_choices":[{"not_picked":["blackbeard:Fencing","blackbeard:CloakAndCannonball"],"picked":"blackbeard:Dagger","floor":1},{"not_picked":["blackbeard:GoldenDefense","blackbeard:Toast"],"picked":"blackbeard:Scrap","floor":2},{"not_picked":["blackbeard:VengefulSpirit","blackbeard:Sharpening","blackbeard:Toast"],"picked":"SKIP","floor":5},{"not_picked":["blackbeard:GoldenGuillotine","blackbeard:SwordDance"],"picked":"blackbeard:WeaponProficiency","floor":7},{"not_picked":["blackbeard:Spear","blackbeard:Sharpening"],"picked":"blackbeard:Bandana","floor":8},{"not_picked":["blackbeard:WiseDefense","blackbeard:CannonballSupply"],"picked":"blackbeard:CatONineTails","floor":11},{"not_picked":["blackbeard:DoubleCannonball","blackbeard:PirateHook","blackbeard:CaptainsCabin"],"picked":"SKIP","floor":12},{"not_picked":["blackbeard:SwordDance","blackbeard:CaptainsCabin"],"picked":"blackbeard:RearmingStrike","floor":14},{"not_picked":["blackbeard:TheDrunkenSailor","blackbeard:GoldenGuillotine"],"picked":"blackbeard:BountyHunter","floor":16},{"not_picked":["blackbeard:Dagger+1","blackbeard:CannonBarrage"],"picked":"blackbeard:TacticalRetreat","floor":18},{"not_picked":["blackbeard:Provisioning","blackbeard:CatONineTails","blackbeard:GoldenDefense+1"],"picked":"SKIP","floor":19},{"not_picked":["blackbeard:BeatUp","blackbeard:Toast+1"],"picked":"blackbeard:Rum+1","floor":20},{"not_picked":["blackbeard:CloakAndCannonball","blackbeard:WeaponProficiency"],"picked":"blackbeard:RemoveScurvy","floor":22},{"not_picked":["blackbeard:DeadlyArsenal+1","blackbeard:FieryDefense"],"picked":"blackbeard:WeaponMastery","floor":23},{"not_picked":["blackbeard:PiratesWill+1","blackbeard:Dagger+1"],"picked":"blackbeard:Anchor","floor":24},{"not_picked":["blackbeard:DoubleCannonball","blackbeard:Fencing"],"picked":"blackbeard:Scrap","floor":25},{"not_picked":["blackbeard:GoldenDefense","blackbeard:CloakAndCannonball"],"picked":"blackbeard:TacticalRetreat","floor":27},{"not_picked":["blackbeard:WiseDefense","blackbeard:Provisioning"],"picked":"blackbeard:Sword","floor":28},{"not_picked":["blackbeard:DoubleBottom","blackbeard:Sharpening+1","blackbeard:GhostInTheRum"],"picked":"SKIP","floor":31},{"not_picked":["blackbeard:GoldenGuillotine","blackbeard:GoldenRain"],"picked":"blackbeard:BoostMorale","floor":33},{"not_picked":["blackbeard:WiseDefense","blackbeard:DeadlyArsenal+1","blackbeard:Provisioning"],"picked":"SKIP","floor":35},{"not_picked":["blackbeard:Toast","blackbeard:Upgrade"],"picked":"blackbeard:BlindAttacks+1","floor":38},{"not_picked":["blackbeard:GoldenStrike+1","blackbeard:FieryDefense+1"],"picked":"blackbeard:Sword+1","floor":41},{"not_picked":["blackbeard:DelayedPain+1","blackbeard:Revenge+1","blackbeard:Shrapnel+1"],"picked":"SKIP","floor":44},{"not_picked":["blackbeard:BuriedTreasure+1","blackbeard:Anchor","blackbeard:Revenge"],"picked":"SKIP","floor":45},{"not_picked":["infinitespire:TheBestDefense","infinitespire:SevenWalls"],"picked":"infinitespire:Menacing","floor":46},{"not_picked":["blackbeard:ChaoticDefense+1","blackbeard:SwordDance"],"picked":"blackbeard:Spear","floor":46},{"not_picked":["blackbeard:Bandana+1","blackbeard:PiratesWill+1","blackbeard:WeaponMastery"],"picked":"SKIP","floor":47},{"not_picked":["blackbeard:CannonballSupply","blackbeard:TerrorOfTheSeas","blackbeard:BlindAttacks+1"],"picked":"SKIP","floor":48},{"not_picked":["blackbeard:BountyHunter","blackbeard:GoldenGuillotine"],"picked":"blackbeard:PowerHungry","floor":50},{"not_picked":["blackbeard:PowderKeg","blackbeard:CaptainsCabin"],"picked":"blackbeard:SwordDance","floor":52},{"not_picked":["blackbeard:GhostInTheRum","blackbeard:ArmorUp","blackbeard:Spear"],"picked":"blackbeard:TacticalRetreat","floor":56},{"not_picked":["blackbeard:Toast","blackbeard:CannonBarrage","blackbeard:Sword"],"picked":"blackbeard:Rum","floor":61},{"not_picked":["blackbeard:FieryDefense","blackbeard:GoldenStrike","blackbeard:Toast"],"picked":"blackbeard:GoldenDefense","floor":63},{"not_picked":["blackbeard:BlindAttacks","blackbeard:CatONineTails","blackbeard:Boarding"],"picked":"blackbeard:Spear","floor":64},{"not_picked":["blackbeard:Intoxication","blackbeard:CloakAndCannonball","blackbeard:Shrapnel"],"picked":"blackbeard:Spear","floor":65},{"not_picked":["blackbeard:Intoxication","blackbeard:MegaUpgrade","blackbeard:WeaponMastery"],"picked":"blackbeard:Parrot","floor":67},{"not_picked":["blackbeard:TerrorOfTheSeas+1","blackbeard:BlindAttacks","blackbeard:WeaponProficiency"],"picked":"blackbeard:BeatUp+1","floor":69},{"not_picked":["blackbeard:PowderKeg","blackbeard:BeatUp","blackbeard:Parrot","blackbeard:BlindAttacks"],"picked":"SKIP","floor":71},{"not_picked":["blackbeard:Rum+1","blackbeard:BlindAttacks","blackbeard:BeatUp"],"picked":"blackbeard:Scrap","floor":72},{"not_picked":["blackbeard:DangerousBlow","blackbeard:PowderKeg+1","blackbeard:PiratesWill+1"],"picked":"blackbeard:WiseDefense+1","floor":73},{"not_picked":["blackbeard:WoodenLeg","blackbeard:Toast","blackbeard:Sharpening","blackbeard:FieryDefense+1"],"picked":"SKIP","floor":75},{"not_picked":["blackbeard:WiseDefense","blackbeard:CannonballSupply+1","blackbeard:Rum"],"picked":"blackbeard:RemoveScurvy+1","floor":76},{"not_picked":["blackbeard:BlindAttacks+1","blackbeard:WoodenLeg","blackbeard:Dagger","blackbeard:RearmingStrike"],"picked":"SKIP","floor":79},{"not_picked":["infinitespire:Fortify","infinitespire:Punishment"],"picked":"infinitespire:FutureSight","floor":80},{"not_picked":["blackbeard:SwordDance","blackbeard:MegaUpgrade","blackbeard:DelayedPain"],"picked":"blackbeard:WiseDefense+1","floor":80},{"not_picked":["blackbeard:Parrot","blackbeard:BoostMorale","blackbeard:FinalBarrage"],"picked":"blackbeard:CaptainsHat","floor":84},{"not_picked":["blackbeard:BrownPants","blackbeard:FieryDefense","Runesmith:Electrocute+1","Runesmith:CraftVitae","blackbeard:Sword+1"],"picked":"SKIP","floor":86},{"not_picked":["Runesmith:Repurpose","blackbeard:Sharpening","Runesmith:ShiftingStrike","blackbeard:TacticalRetreat"],"picked":"blackbeard:PirateHook","floor":87},{"not_picked":["blackbeard:Upgrade","blackbeard:BrownPants","blackbeard:Sharpening","Runesmith:CraftMedicinae","blackbeard:Spear+1"],"picked":"SKIP","floor":88},{"not_picked":["Runesmith:UnstableHammer+1","blackbeard:InfiniteBarrage","Runesmith:HeatedChisel+1","Runesmith:Permafrost+1"],"picked":"SKIP","floor":93},{"not_picked":["blackbeard:Dagger+1","Runesmith:NanitesCloud","Runesmith:StaticCage+1","blackbeard:BeatUp"],"picked":"SKIP","floor":96},{"not_picked":["Runesmith:PoweredAnvil","blackbeard:TerrorOfTheSeas+1","Runesmith:CraftIncendium","Runesmith:Grindstone"],"picked":"SKIP","floor":98},{"not_picked":["Runesmith:NegativeSpace+1","blackbeard:Anchor","Runesmith:HammerThrow","Runesmith:RunicBlueprint"],"picked":"SKIP","floor":99},{"not_picked":["blackbeard:Shrapnel","blackbeard:DeadlyArsenal","blackbeard:BlindAttacks","blackbeard:WiseDefense"],"picked":"SKIP","floor":103},{"not_picked":["blackbeard:ArmorUp","blackbeard:GoldenDefense","blackbeard:GhostInTheRum","blackbeard:BlindAttacks"],"picked":"SKIP","floor":104},{"not_picked":["blackbeard:DangerousBlow","blackbeard:Shrapnel","blackbeard:WiseDefense"],"picked":"blackbeard:SmithingHammer","floor":105},{"not_picked":["blackbeard:Dagger","blackbeard:Eyepatch"],"picked":"blackbeard:WiseDefense","floor":110},{"not_picked":["blackbeard:JollyRoger","blackbeard:PirateHook"],"picked":"blackbeard:GoldenStrike","floor":110},{"not_picked":["Armaments","blackbeard:Provisioning"],"picked":"blackbeard:BeatUp","floor":110},{"not_picked":["blackbeard:WeaponMastery","blackbeard:Sword"],"picked":"blackbeard:GoldenStrike","floor":110},{"not_picked":["Runesmith:Grindstone","blackbeard:RemoveScurvy","Perfected Strike"],"picked":"SKIP","floor":115},{"not_picked":["blackbeard:Scrap","blackbeard:DoubleBottom","blackbeard:BlindAttacks"],"picked":"SKIP","floor":116}],"player_experience":97543,"relics_obtained":[{"floor":9,"key":"InkBottle"},{"floor":11,"key":"aspiration:StickyExplosives_weak"},{"floor":14,"key":"blackbeard:PowderCan"},{"floor":23,"key":"PreservedInsect"},{"floor":25,"key":"jedi:shrinkray"},{"floor":26,"key":"infinitespire:Beetle Shell"},{"floor":41,"key":"Replay:Wax Seal"},{"floor":41,"key":"ReplayTheSpireMod:Ninjato"},{"floor":46,"key":"potionbrewer:Torch"},{"floor":46,"key":"Strawberry"},{"floor":48,"key":"infinitespire:CheckeredPen"},{"floor":48,"key":"Pen Nib"},{"floor":60,"key":"Meat on the Bone"},{"floor":80,"key":"jedi:heavyjacket"},{"floor":80,"key":"blackbeard:WhitePearl"},{"floor":81,"key":"infinitespire:Lucky Rock"},{"floor":93,"key":"potionbrewer:SlideRule"},{"floor":93,"key":"vexMod:BarristanHead"},{"floor":94,"key":"Potion Belt"},{"floor":111,"key":"blackbeard:HipFlask"}],"event_choices":[{"damage_healed":0,"gold_gain":0,"player_choice":"Gave Potion","damage_taken":0,"relics_obtained":["Boot"],"max_hp_gain":0,"max_hp_loss":0,"event_name":"WeMeetAgain","floor":4,"gold_loss":0},{"cards_removed":["blackbeard:Anchor"],"damage_healed":0,"gold_gain":0,"player_choice":"Give","damage_taken":0,"max_hp_gain":0,"max_hp_loss":0,"event_name":"betterNote:BetterNote","floor":29,"gold_loss":0,"cards_obtained":["Normality"]},{"damage_healed":0,"gold_gain":0,"player_choice":"Damaged","damage_taken":7,"max_hp_gain":0,"max_hp_loss":0,"event_name":"Wheel of Change","floor":30,"gold_loss":0},{"damage_healed":0,"gold_gain":0,"player_choice":"Forge","damage_taken":0,"max_hp_gain":0,"max_hp_loss":0,"event_name":"Accursed Blacksmith","floor":42,"gold_loss":0,"cards_upgraded":["Pot Of Greed"]},{"damage_healed":0,"gold_gain":0,"player_choice":"Take Damage","damage_taken":24,"relics_obtained":["Golden Idol"],"max_hp_gain":0,"max_hp_loss":0,"event_name":"Golden Idol","floor":55,"gold_loss":0},{"damage_healed":0,"gold_gain":0,"player_choice":"Gave Potion","damage_taken":0,"relics_obtained":["Shuriken"],"max_hp_gain":0,"max_hp_loss":0,"event_name":"WeMeetAgain","floor":58,"gold_loss":0},{"damage_healed":0,"gold_gain":0,"player_choice":"Upgrade","damage_taken":0,"max_hp_gain":0,"max_hp_loss":0,"event_name":"Designer","floor":82,"gold_loss":40,"cards_upgraded":["infinitespire:FutureSight"]},{"damage_healed":0,"gold_gain":0,"player_choice":"Got Potions","damage_taken":0,"max_hp_gain":0,"max_hp_loss":0,"event_name":"Lab","floor":92,"gold_loss":0}],"is_beta":false,"boss_relics":[{"not_picked":["hubris:Stopwatch","thethorton:GreedFountain"],"picked":"Cursed Key"},{"not_picked":["Kintsugi","vexMod:EndlessSickness"],"picked":"Black Star"},{"not_picked":["Runic Dome","hubris:RunicObelisk"],"picked":"Replay:Bronze Core"},{"not_picked":["jedi:paperlyon","Kintsugi","Calling Bell"],"picked":"vexMod:ImprovementManual"},{"not_picked":["vexMod:RockOfEvil","vexMod:CursedCompass","vexMod:TanglingVine"],"picked":"Replay:Grab Bag"},{"not_picked":["Painkiller Herb","ChewingGum","Empty Cage"],"picked":"Replay:Wanted Poster"},{"not_picked":["hubris:CrackedHourglass","hubris:TerracottaHorce","Runic Dome"],"picked":"aspiration:RunesmithSkillbook"},{"not_picked":["Runic Pyramid","aspiration:MarisaSkillbook","Ring of Chaos"],"picked":"thethorton:BottledFunds"},{"not_picked":["aspiration:DefectSkillbook","Astrolabe","aspiration:PoetsPen_weak"],"picked":"vexMod:MysteryBossChallenge"},{"not_picked":["Ring of Chaos","hubris:BlackHole"],"picked":"Tiny House"}],"items_purged_floors":[3,13,21,36,53,53,70,89,106,110],"is_endless":true,"potions_floor_spawned":[1,8,11,14,16,19,23,25,31,41,45,48,61,63,65,69,71,72,79,87,96,101,104,115,118],"killed_by":"Spheric Guardian","ascension_level":0}}