{"host":"u0qetpmu4y58k1tf","time":1609936660,"event":{"mods":["AchievementEnabler","BaseMod","Colored Map","Colored Powertips","Hermit","Marisa£¨Ùöéë¡¡Øª×âÞÞ£©","Minty Spire (QoL Compilation)","Replay The Spire","StSLib","SuperFastMode","The Bug Knight","The Cursed","The Hierophant","The Runesmith"],"gold_per_floor":[119,136,61,61,81,111,111,111,181,181,181,25,40,115,115,238,238,254,254,277,376,376,376,451,464,464,464,464],"floor_reached":27,"playtime":1077,"items_purged":["Strike_P"],"score":234,"play_id":"986c3827-a0d7-4b7e-9be6-d1e17f94ecba","local_time":"20210106213740","is_ascension_mode":false,"campfire_choices":[{"floor":7,"key":"REST"},{"floor":10,"key":"REST"},{"data":"Eruption","floor":15,"key":"SMITH"},{"floor":23,"key":"REST"}],"circlet_count":0,"master_deck":["Strike_P","Strike_P+1","Defend_P","Defend_P","Defend_P","Defend_P","Eruption+1","Vigilance+1","ClearTheMind","FollowUp","EmptyBody+1","InnerPeace+1","Brilliance","Pray+1","Pain","Prostrate+1"],"relics":["PureWater","NeowsBlessing","Toy Ornithopter","Golden Idol","Toxic Egg 2","Oddly Smooth Stone","ReplayTheSpireMod:Ninjato","VioletLotus","WarpedTongs","Sundial"],"acts_visited":["Exordium","TheCity"],"potions_floor_usage":[13,14,16,27],"damage_taken":[{"damage":0,"enemies":"Small Slimes","floor":1,"turns":2},{"damage":6,"enemies":"2 Louse","floor":2,"turns":2},{"damage":0,"enemies":"Jaw Worm","floor":5,"turns":1},{"damage":25,"enemies":"3 Sentries","floor":6,"turns":8},{"damage":0,"enemies":"Large Slime","floor":13,"turns":4},{"damage":6,"enemies":"Gremlin Nob","floor":14,"turns":4},{"damage":13,"enemies":"Hexaghost","floor":16,"turns":11},{"damage":35,"enemies":"3 Byrds","floor":18,"turns":7},{"damage":8,"enemies":"2 Thieves","floor":20,"turns":3},{"damage":40,"enemies":"Shelled Parasite and Fungi","floor":25,"turns":4},{"damage":17,"enemies":"Sentry and Sphere","floor":27,"turns":4}],"seed_played":"-8235354006065217789","potions_obtained":[{"floor":2,"key":"DuplicationPotion"},{"floor":5,"key":"FearPotion"},{"floor":6,"key":"Doom Potion"},{"floor":14,"key":"Cursed Concoction"},{"floor":20,"key":"Milkshake"}],"is_trial":false,"path_per_floor":["M","M","$","?","M","E","R","?","T","R","?","$","M","?","R","B",null,"M","?","M","?","?","R","T","M","T","M"],"character_chosen":"WATCHER","items_purchased":["Oddly Smooth Stone"],"campfire_rested":3,"item_purchase_floors":[12],"current_hp_per_floor":[72,66,66,52,52,27,48,30,30,51,44,44,49,48,48,40,72,37,37,29,29,29,50,50,10,10,0,0],"gold":464,"neow_bonus":"THREE_ENEMY_KILL","is_daily":false,"chose_seed":false,"campfire_upgraded":1,"win_rate":0.0,"timestamp":1609936660,"path_taken":["M","M","$","?","M","E","R","?","T","R","?","?","M","?","R","BOSS","M","?","?","?","?","R","?","?","T","M"],"items_purchased_type":["Relic"],"build_version":"2020-12-22","purchased_purges":1,"victory":false,"max_hp_per_floor":[72,72,72,72,72,72,72,72,72,72,72,72,72,72,72,72,72,72,72,72,72,72,72,72,72,72,72,72],"card_choices":[{"not_picked":["JustLucky","Replay:ManipulateFuture"],"picked":"ClearTheMind","floor":1},{"not_picked":["Tantrum","Replay:Cycle","EmptyFist"],"picked":"SKIP","floor":2},{"not_picked":["Replay:Hum","Replay:ManipulateFuture"],"picked":"FollowUp","floor":5},{"not_picked":["Replay:BluntJabs","Sanctity","ClearTheMind"],"picked":"SKIP","floor":6},{"not_picked":["SandsOfTime","Replay:BluntJabs"],"picked":"EmptyBody+1","floor":13},{"not_picked":["Replay:AtTheReady+1","FlurryOfBlows"],"picked":"InnerPeace+1","floor":14},{"not_picked":["DevaForm","Devotion"],"picked":"Brilliance","floor":16},{"not_picked":["Halt+1","ClearTheMind+1"],"picked":"Pray+1","floor":18},{"not_picked":["FollowUp","ThirdEye+1"],"picked":"Prostrate+1","floor":20},{"not_picked":["PathToVictory+1","CrushJoints","FlurryOfBlows"],"picked":"SKIP","floor":25}],"player_experience":19065,"relics_obtained":[{"floor":6,"key":"Toy Ornithopter"},{"floor":9,"key":"Toxic Egg 2"},{"floor":14,"key":"ReplayTheSpireMod:Ninjato"},{"floor":24,"key":"Sundial"}],"event_choices":[{"damage_healed":0,"gold_gain":0,"player_choice":"Entered Light","damage_taken":14,"max_hp_gain":0,"max_hp_loss":0,"event_name":"Shining Light","floor":4,"gold_loss":0,"cards_upgraded":["Vigilance","Strike_P"]},{"damage_healed":0,"gold_gain":0,"player_choice":"Take Damage","damage_taken":18,"relics_obtained":["Golden Idol"],"max_hp_gain":0,"max_hp_loss":0,"event_name":"Golden Idol","floor":8,"gold_loss":0},{"cards_removed":["Strike_P"],"damage_healed":0,"gold_gain":0,"player_choice":"Card Removal","damage_taken":7,"max_hp_gain":0,"max_hp_loss":0,"event_name":"Golden Wing","floor":11,"gold_loss":0},{"damage_healed":0,"gold_gain":0,"player_choice":"Searched \u00272\u0027 times","damage_taken":0,"max_hp_gain":0,"max_hp_loss":0,"event_name":"Dead Adventurer","floor":14,"gold_loss":0},{"damage_healed":0,"gold_gain":0,"player_choice":"Rummage","damage_taken":0,"relics_obtained":["WarpedTongs"],"max_hp_gain":0,"max_hp_loss":0,"event_name":"Accursed Blacksmith","floor":19,"gold_loss":0,"cards_obtained":["Pain"]},{"damage_healed":0,"gold_gain":99,"player_choice":"Stole From Cult","damage_taken":0,"max_hp_gain":0,"max_hp_loss":0,"event_name":"Nest","floor":21,"gold_loss":0}],"is_beta":false,"boss_relics":[{"not_picked":["Replay:Bronze Core","Empty Cage"],"picked":"VioletLotus"}],"items_purged_floors":[3],"is_endless":false,"potions_floor_spawned":[2,5,6,14,20],"killed_by":"Sentry and Sphere","ascension_level":0}}