{"host":"sdcmv3epjyajioae","time":1609933080,"event":{"mods":["AchievementEnabler","Aspiration","BaseMod","Better Skull","Better Third Choice","BetterRewards","ChefMod","Colored Map","Colored Powertips","Conspire","Dota2Spire","Downfall","Energized Spire","GifTheSpireLib","GungeonMod","Halation","Hermit","Highlight Path","Hubris","Infinite Spire","Jorbs\u0027s Wanderer Trilogy","Minty Spire (QoL Compilation)","Permanent Neow","Pikachu Mod","Replay The Spire","Shade Mod","Shop Mod","Spicy Shops","Spikes Relics","StSLib","Stuff the Spire","SuperFastMode","The Blue Laboratory","The Bug Knight","The Jungle","The Problem Sleuth","Trackpad","Uncapped","vexMod"],"gold_per_floor":[115,37,37,48,48,84,84,101,101,101,115,126,148,184,184,292,292,304,304,304,304,6,33,33,43,43],"floor_reached":25,"playtime":715,"items_purged":[],"score":331,"play_id":"3a519e9b-5949-402c-910d-606d5345bec2","local_time":"20210107003800","is_ascension_mode":false,"campfire_choices":[{"data":"Flex","floor":7,"key":"SMITH"},{"data":"Bash","floor":15,"key":"SMITH"},{"data":"Anger","floor":24,"key":"SMITH"}],"circlet_count":0,"master_deck":["Strike_R+1","Strike_R+1","Strike_R","Strike_R","Defend_R","Defend_R+1","Defend_R","Defend_R+1","Bash+1","Strike_R","Strike_R","Flex+1","Anger","StuffTheSpire:Slingshot","Anger+1"],"relics":["Burning Blood","Guide Book","Gremlin Food","Replay:Baseball","StuffTheSpire:Mouthbags","Kunai","ReplayTheSpireMod:CursedCoin","Strange Spoon","War Paint","Blood Vial","infinitespire:Midas Blood","Ornamental Fan","aspiration:TomeofQuesting","DollysMirror","halation:AfternoonTea","infinitespire:Bottled Soul","Replay:Rubber Ducky","energizedSpire:DeadBattery","hubris:EmptyBottle","Potion Belt","trackpad:BottledShadow"],"acts_visited":["Exordium","TheCity"],"potions_floor_usage":[12,13,16,25,25],"damage_taken":[{"damage":1,"enemies":"Jaw Worm","floor":1,"turns":3},{"damage":3,"enemies":"infinitespire:Voidling","floor":2,"turns":3},{"damage":0,"enemies":"conspire:RoseBush","floor":4,"turns":3},{"damage":2,"enemies":"Gremlin Nob","floor":6,"turns":3},{"damage":0,"enemies":"Large Slime","floor":8,"turns":3},{"damage":0,"enemies":"3 Louse","floor":11,"turns":2},{"damage":0,"enemies":"Exordium Thugs","floor":12,"turns":3},{"damage":1,"enemies":"Blue Slaver","floor":13,"turns":2},{"damage":19,"enemies":"Lagavulin","floor":14,"turns":4},{"damage":15,"enemies":"The Guardian","floor":16,"turns":8},{"damage":0,"enemies":"Chosen","floor":18,"turns":3},{"damage":6,"enemies":"HollowMod:Nosk","floor":23,"turns":7},{"damage":103,"enemies":"Nightmare","floor":25,"turns":7}],"seed_played":"2672942517191285052","potions_obtained":[{"floor":6,"key":"Energy Potion"},{"floor":8,"key":"DemoMod:LeadSkinPotion"},{"floor":11,"key":"DemoMod:LeadSkinPotion"},{"floor":12,"key":"DemoMod:LeadSkinPotion"},{"floor":18,"key":"AttackPotion"}],"is_trial":false,"path_per_floor":["M","M","?","M","$","E","R","M","T","?","M","M","M","E","R","B",null,"M","?","?","?","$","E","R","NM"],"character_chosen":"IRONCLAD","items_purchased":["Guide Book","Gremlin Food","Replay:Baseball","StuffTheSpire:Mouthbags","Kunai","ReplayTheSpireMod:CursedCoin","Strange Spoon","War Paint","Blood Vial","infinitespire:Midas Blood","Ornamental Fan","aspiration:TomeofQuesting","DollysMirror","hubris:EmptyBottle","Potion Belt"],"campfire_rested":0,"item_purchase_floors":[0,0,0,0,0,0,0,0,0,0,0,0,0,22,22],"current_hp_per_floor":[80,80,80,80,80,80,80,80,80,80,80,80,80,67,67,60,80,80,80,80,80,80,80,80,0,0],"gold":43,"neow_bonus":"","is_daily":false,"chose_seed":false,"campfire_upgraded":3,"win_rate":0.0,"timestamp":1609933080,"path_taken":["M","M","?","M","$","E","R","?","T","?","M","M","M","E","R","BOSS","M","?","?","?","$","E","R","NM"],"items_purchased_type":["Relic","Relic","Relic","Relic","Relic","Relic","Relic","Relic","Relic","Relic","Relic","Relic","Relic","Relic","Relic"],"build_version":"2020-12-22","purchased_purges":0,"victory":false,"max_hp_per_floor":[80,80,80,80,80,80,80,80,80,80,80,80,80,80,80,80,80,80,80,80,80,80,80,80,80,80],"card_choices":[{"not_picked":["Sword Boomerang","BarbarianYell"],"picked":"Iron Wave","floor":1},{"not_picked":["StuffTheSpire:Slingshot","Armaments","True Grit"],"picked":"SKIP","floor":2},{"not_picked":["Cleave","Warcry"],"picked":"Anger","floor":4},{"not_picked":["Havoc","Headbutt"],"picked":"StuffTheSpire:Slingshot","floor":6},{"not_picked":["hubris:ReadiedAction","hubris:StunningStrike","Blood for Blood"],"picked":"SKIP","floor":8},{"not_picked":["Perfected Strike","Carnage"],"picked":"Anger","floor":11},{"not_picked":["Replay:Undeath\u0027s Touch","Sword Boomerang","Perfected Strike"],"picked":"SKIP","floor":12},{"not_picked":["Ghostly Armor","Armaments","Run Through"],"picked":"SKIP","floor":13},{"not_picked":["Reaper","StuffTheSpire:Slingshot","StuffTheSpire:Incineration"],"picked":"SKIP","floor":14},{"not_picked":["Headbutt","Flame Barrier","DemoMod:BlackBlade"],"picked":"SKIP","floor":18},{"not_picked":["Run Through","StuffTheSpire:Incineration+1","Offering"],"picked":"SKIP","floor":23}],"player_experience":1047817,"relics_obtained":[{"floor":6,"key":"halation:AfternoonTea"},{"floor":9,"key":"infinitespire:Bottled Soul"},{"floor":14,"key":"Replay:Rubber Ducky"},{"floor":23,"key":"trackpad:BottledShadow"}],"event_choices":[{"cards_removed":["Iron Wave"],"damage_healed":0,"gold_gain":0,"player_choice":"Took Card","damage_taken":0,"max_hp_gain":0,"max_hp_loss":0,"event_name":"NoteForYourself","floor":3,"gold_loss":0,"cards_obtained":["Flex"]},{"damage_healed":0,"gold_gain":0,"player_choice":"Got Potions","damage_taken":0,"max_hp_gain":0,"max_hp_loss":0,"event_name":"Lab","floor":21,"gold_loss":0}],"is_beta":false,"boss_relics":[{"not_picked":["Replay:Drink Me","trackpad:Coffee"],"picked":"energizedSpire:DeadBattery"}],"items_purged_floors":[],"is_endless":false,"potions_floor_spawned":[1,6,8,11,12,16,18],"killed_by":"Nightmare","ascension_level":0}}