{"host":"k5wd0jv1m6dz3iwi","time":1609932532,"event":{"mods":["BaseMod","Better Vampires","Challenge The Spire","Custom Start","Highlight Path","Minty Spire (QoL Compilation)","Rare Cards Sparkle","Relic Stats","Slay the Relics Exporter","StSLib","everything is the same but u backflip on backflip"],"gold_per_floor":[113,125,142,19,29,64,64,89,89,89,89,108,108,121,121,193,193,208,27,46,61,78,113,113,142,142,142,171,190,190,204,204,275,275,292,302,25,0,0,0,31,44,44,44,74,74,99,124,124,124],"floor_reached":51,"playtime":3406,"items_purged":["Strike_G","Accuracy+1"],"score":1546,"play_id":"b271c038-303a-496b-84d9-4c5a4ba29dbd","local_time":"20210106112852","is_ascension_mode":true,"campfire_choices":[{"data":"Glass Knife","floor":7.0,"key":"SMITH"},{"data":"Noxious Fumes","floor":11.0,"key":"SMITH"},{"data":"Footwork","floor":13.0,"key":"SMITH"},{"data":"Well Laid Plans","floor":15.0,"key":"SMITH"},{"data":"Glass Knife","floor":24.0,"key":"SMITH"},{"data":"Night Terror","floor":27.0,"key":"SMITH"},{"data":"Catalyst","floor":32.0,"key":"SMITH"},{"data":"Apotheosis","floor":40.0,"key":"SMITH"},{"data":"Secret Technique","floor":46,"key":"SMITH"},{"data":"Acrobatics","floor":49,"key":"SMITH"}],"circlet_count":0,"master_deck":["AscendersBane","Defend_G","Defend_G","Defend_G","Defend_G","Defend_G","Survivor","Neutralize","Glass Knife+1","Crippling Poison","Footwork+1","Acrobatics","Noxious Fumes+1","PiercingWail","Backstab","Well Laid Plans+1","Glass Knife+1","Corpse Explosion","Calculated Gamble","Escape Plan","Tools of the Trade","Night Terror+1","PiercingWail","Concentrate","Catalyst","Catalyst+1","Malaise","Burst+1","Quick Slash+1","Deadly Poison+1","Acrobatics+1","Concentrate","Apotheosis+1","Secret Technique+1","Deflect+1","Terror","Tactician+1"],"relics":["Ring of the Snake","Tough Bandages","Blood Vial","Smiling Mask","HoveringKite","HornCleat","InkBottle","Unceasing Top","Vajra","Astrolabe","Sling","Red Mask","Boot","CaptainsWheel","Paper Crane","Sundial","Tingsha"],"acts_visited":["Exordium","TheCity","TheBeyond"],"potions_floor_usage":[45,47],"damage_taken":[{"damage":0.0,"enemies":"Small Slimes","floor":1.0,"turns":4.0},{"damage":0.0,"enemies":"Cultist","floor":2.0,"turns":3.0},{"damage":2.0,"enemies":"Jaw Worm","floor":3.0,"turns":3.0},{"damage":0.0,"enemies":"Red Slaver","floor":5.0,"turns":4.0},{"damage":22.0,"enemies":"Gremlin Nob","floor":6.0,"turns":4.0},{"damage":7.0,"enemies":"3 Sentries","floor":8.0,"turns":6.0},{"damage":9.0,"enemies":"Large Slime","floor":12.0,"turns":6.0},{"damage":0.0,"enemies":"3 Louse","floor":14.0,"turns":4.0},{"damage":21.0,"enemies":"The Guardian","floor":16.0,"turns":11.0},{"damage":9.0,"enemies":"Chosen","floor":18.0,"turns":5.0},{"damage":0.0,"enemies":"3 Byrds","floor":20.0,"turns":2.0},{"damage":0.0,"enemies":"Snake Plant","floor":21.0,"turns":4.0},{"damage":0.0,"enemies":"Chosen and Byrds","floor":22.0,"turns":5.0},{"damage":15.0,"enemies":"Gremlin Leader","floor":23.0,"turns":7.0},{"damage":2.0,"enemies":"Slavers","floor":25.0,"turns":5.0},{"damage":2.0,"enemies":"Gremlin Leader","floor":28.0,"turns":7.0},{"damage":2.0,"enemies":"Centurion and Healer","floor":29.0,"turns":4.0},{"damage":4.0,"enemies":"Cultist and Chosen","floor":31.0,"turns":4.0},{"damage":3.0,"enemies":"Collector","floor":33.0,"turns":7.0},{"damage":0.0,"enemies":"3 Darklings","floor":35.0,"turns":4.0},{"damage":0.0,"enemies":"3 Shapes","floor":36.0,"turns":2.0},{"damage":0,"enemies":"Nemesis","floor":41,"turns":5},{"damage":0,"enemies":"Sphere and 2 Shapes","floor":42,"turns":5},{"damage":0,"enemies":"Reptomancer","floor":45,"turns":5},{"damage":0,"enemies":"Giant Head","floor":47,"turns":5},{"damage":0,"enemies":"Mind Bloom Boss Battle","floor":48,"turns":4},{"damage":12,"enemies":"Donu and Deca","floor":50,"turns":5}],"seed_played":"6142882008996983501","potions_obtained":[{"floor":2.0,"key":"Poison Potion"},{"floor":5.0,"key":"SteroidPotion"},{"floor":6.0,"key":"CunningPotion"},{"floor":12.0,"key":"LiquidBronze"},{"floor":18.0,"key":"AttackPotion"},{"floor":23.0,"key":"Block Potion"},{"floor":29.0,"key":"Dexterity Potion"},{"floor":31.0,"key":"Dexterity Potion"},{"floor":33.0,"key":"EssenceOfSteel"},{"floor":35.0,"key":"BlessingOfTheForge"},{"floor":42,"key":"CunningPotion"},{"floor":45,"key":"CultistPotion"}],"is_trial":false,"path_per_floor":["M","M","M","$","M","E","R","E","T","?","R","M","R","M","R","B",null,"M","$","M","M","M","E","R","E","T","R","E","M","?","M","R","B",null,"M","M","$","?","?","R","E","M","T","?","E","R","E","?","R","B",null],"character_chosen":"THE_SILENT","items_purchased":["Acrobatics","Noxious Fumes","Calculated Gamble","Energy Potion","Sling","Concentrate"],"campfire_rested":0,"item_purchase_floors":[4,4,19,19,37,37],"current_hp_per_floor":[59,59,57,57,57,35,35,28,28,28,28,21,21,23,23,4,46,39,39,41,43,45,32,32,32,32,32,32,32,32,30,30,29,52,54,56,56,56,46,46,48,50,50,50,52,52,54,56,56,46],"gold":124,"neow_bonus":"THREE_RARE_CARDS","is_daily":false,"chose_seed":false,"campfire_upgraded":10,"win_rate":0.0,"timestamp":1609932532,"path_taken":["M","M","M","$","M","E","R","E","T","?","R","M","R","M","R","BOSS","M","$","M","?","M","E","R","E","T","R","E","M","?","M","R","BOSS","M","M","$","?","?","R","E","M","T","?","E","R","E","?","R","BOSS"],"items_purchased_type":["Card","Card","Card","Potion","Relic","Card"],"build_version":"2020-12-22","purchased_purges":2,"victory":true,"max_hp_per_floor":[60,60,60,60,60,60,60,60,60,60,60,60,60,60,60,60,60,60,60,60,60,60,60,60,60,60,60,60,60,60,60,60,60,60,60,60,60,60,60,60,60,60,60,60,60,60,60,60,60,60],"relic_stats":{"counters":[27,130],"Astrolabe":["Burst","Accuracy","Quick Slash"],"HoveringKite":[69],"Tingsha":[30],"Smiling Mask":75,"Boot":[0],"Blood Vial":42,"Tough Bandages":[543],"Sundial":[0],"obtain_stats":[{"Astrolabe":34,"HoveringKite":17,"Vajra":28,"Tingsha":48,"Paper Crane":45,"Smiling Mask":9,"Sling":37,"Boot":41,"Blood Vial":8,"Tough Bandages":6,"CaptainsWheel":43,"HornCleat":23,"Sundial":47,"Red Mask":38,"InkBottle":25,"Unceasing Top":26,"Ring of the Snake":0},{"Astrolabe":19,"HoveringKite":9,"Vajra":16,"Tingsha":26,"Paper Crane":24,"Smiling Mask":6,"Sling":21,"Boot":22,"Blood Vial":6,"Tough Bandages":5,"CaptainsWheel":23,"HornCleat":14,"Sundial":25,"Red Mask":21,"InkBottle":15,"Unceasing Top":15,"Ring of the Snake":0},{"Astrolabe":95,"HoveringKite":45,"Vajra":80,"Tingsha":125,"Paper Crane":116,"Smiling Mask":24,"Sling":101,"Boot":106,"Blood Vial":24,"Tough Bandages":18,"CaptainsWheel":111,"HornCleat":68,"Sundial":121,"Red Mask":101,"InkBottle":73,"Unceasing Top":73,"Ring of the Snake":0}],"InkBottle":[34],"Unceasing Top":[44],"Ring of the Snake":[54]},"card_choices":[{"not_picked":["Die Die Die","Wraith Form v2"],"picked":"Glass Knife","floor":0.0},{"not_picked":["Cloak And Dagger","PiercingWail"],"picked":"Crippling Poison","floor":1.0},{"not_picked":["Acrobatics","Dagger Throw"],"picked":"Predator","floor":2.0},{"not_picked":["Deflect","Slice"],"picked":"Footwork","floor":3.0},{"not_picked":["Slice","Choke"],"picked":"PiercingWail","floor":5.0},{"not_picked":["Setup","Tactician"],"picked":"Backstab","floor":6.0},{"not_picked":["Backflip","Slice"],"picked":"Well Laid Plans","floor":8.0},{"not_picked":["Underhanded Strike","Well Laid Plans"],"picked":"Glass Knife","floor":12.0},{"not_picked":["Blade Dance","Sucker Punch","Dagger Spray"],"picked":"SKIP","floor":14.0},{"not_picked":["Blade Dance","Sucker Punch","Dagger Spray"],"picked":"SKIP","floor":14.0},{"not_picked":["A Thousand Cuts","Die Die Die"],"picked":"Corpse Explosion","floor":16.0},{"not_picked":["Slice","Dagger Spray","Sucker Punch"],"picked":"SKIP","floor":18.0},{"not_picked":["Underhanded Strike","All Out Attack","Blade Dance"],"picked":"SKIP","floor":20.0},{"not_picked":["Dodge and Roll","Flying Knee"],"picked":"Escape Plan","floor":21.0},{"not_picked":["Accuracy","Dagger Throw"],"picked":"Tools of the Trade","floor":22.0},{"not_picked":["Dagger Throw+1","Footwork"],"picked":"Night Terror","floor":23.0},{"not_picked":["After Image","Terror"],"picked":"PiercingWail","floor":25.0},{"not_picked":["Poisoned Stab","Backflip"],"picked":"Concentrate","floor":28.0},{"not_picked":["Leg Sweep","PiercingWail+1"],"picked":"Catalyst","floor":29.0},{"not_picked":["Flying Knee","Slice"],"picked":"Catalyst","floor":31.0},{"not_picked":["After Image","Corpse Explosion"],"picked":"Malaise","floor":33.0},{"not_picked":["Bane+1","Reflex"],"picked":"Deadly Poison+1","floor":35.0},{"not_picked":["Dagger Throw+1","Backflip"],"picked":"Acrobatics","floor":36.0},{"not_picked":["Mind Blast","Mayhem"],"picked":"Apotheosis","floor":39.0},{"not_picked":["Dramatic Entrance","Enlightenment"],"picked":"Secret Technique","floor":39.0},{"not_picked":["Underhanded Strike","Masterful Stab"],"picked":"Deflect+1","floor":41},{"not_picked":["Deadly Poison","Flying Knee"],"picked":"Terror","floor":42},{"not_picked":["Cloak And Dagger","Dagger Throw"],"picked":"Tactician+1","floor":45},{"not_picked":["Bane+1","Flying Knee+1","PiercingWail"],"picked":"SKIP","floor":47}],"player_experience":1238383,"relics_obtained":[{"floor":6.0,"key":"Tough Bandages"},{"floor":8.0,"key":"Blood Vial"},{"floor":9.0,"key":"Smiling Mask"},{"floor":23.0,"key":"HornCleat"},{"floor":25.0,"key":"InkBottle"},{"floor":26.0,"key":"Unceasing Top"},{"floor":28.0,"key":"Vajra"},{"floor":41,"key":"Boot"},{"floor":43,"key":"CaptainsWheel"},{"floor":45,"key":"Paper Crane"},{"floor":47,"key":"Sundial"},{"floor":48,"key":"Tingsha"}],"event_choices":[{"damage_healed":0.0,"max_hp_gain":0.0,"max_hp_loss":0.0,"gold_gain":0.0,"event_name":"Match and Keep!","player_choice":"0 cards matched","floor":10.0,"gold_loss":0.0,"damage_taken":0.0,"cards_obtained":[]},{"cards_removed":["Strike_G"],"damage_healed":0.0,"max_hp_gain":0.0,"max_hp_loss":0.0,"gold_gain":0.0,"event_name":"Purifier","player_choice":"Purged","floor":30.0,"gold_loss":0.0,"damage_taken":0.0},{"damage_healed":0.0,"max_hp_gain":0.0,"max_hp_loss":0.0,"gold_gain":0.0,"event_name":"Tomb of Lord Red Mask","player_choice":"Paid","floor":38.0,"gold_loss":25.0,"damage_taken":0.0,"relics_obtained":["Red Mask"]},{"damage_healed":0.0,"max_hp_gain":0.0,"max_hp_loss":0.0,"gold_gain":0.0,"event_name":"SensoryStone","player_choice":"Memory 3","floor":39.0,"gold_loss":0.0,"damage_taken":10.0},{"cards_removed":["Predator"],"damage_healed":0,"gold_gain":0,"player_choice":"Removed Attack","damage_taken":0,"max_hp_gain":0,"max_hp_loss":0,"event_name":"Falling","floor":44,"gold_loss":0},{"damage_healed":0,"gold_gain":0,"player_choice":"Fight","damage_taken":0,"max_hp_gain":0,"max_hp_loss":0,"event_name":"MindBloom","floor":48,"gold_loss":0}],"is_beta":false,"boss_relics":[{"not_picked":["Runic Dome","Busted Crown"],"picked":"HoveringKite"},{"not_picked":["Tiny House","Velvet Choker"],"picked":"Astrolabe"}],"items_purged_floors":[19,37],"is_endless":false,"potions_floor_spawned":[2,5,6,12,18,23,29,31,33,35,42,45],"ascension_level":15}}