{"host":"d2y4rmbezebiv8aj","time":1609914963,"event":{"mods":["AchievementEnabler","BaseMod","Bestiary","BetterRewards","Colored Map","Colored Powertips","Custom Start","Highlight Path","Minty Spire (QoL Compilation)","Quick Restart","Rare Cards Sparkle","Relic Sorter","Relic Stats","Shop Mod","Slay-I","StSLib","SuperFastMode"],"gold_per_floor":[109,109,126,142,157,184,203,237,237,237,253,253,279,28,28,130,130,141,152,166,1,12,12,29,29,105,131,142,142,159,188,188,290,290,302,357,357,1356,1373,1373,1373,1373,1398,455,0,15,41,56,56,56],"floor_reached":51,"playtime":2433,"items_purged":["Pain","Normality"],"score":1343,"play_id":"ba3c23f8-979f-4772-898c-030349d5f9f0","local_time":"20210106073603","is_ascension_mode":true,"campfire_choices":[{"floor":10,"key":"REST"},{"floor":15,"key":"REST"},{"floor":23,"key":"REST"},{"floor":29,"key":"REST"},{"data":"Envenom","floor":32,"key":"SMITH"},{"data":"Madness","floor":40,"key":"SMITH"},{"data":"Madness","floor":42,"key":"SMITH"},{"floor":49,"key":"REST"}],"circlet_count":0,"master_deck":["Strike_G","Strike_G","Strike_G","Strike_G","Strike_G","Defend_G","Defend_G","Defend_G","Defend_G","Defend_G","Survivor","Neutralize","Noxious Fumes","Bane","Flying Knee+1","Dagger Throw+1","PiercingWail","Backstab+1","Escape Plan","Dagger Spray+1","Corpse Explosion","Dodge and Roll","Bane+1","Sucker Punch+1","Backstab+1","A Thousand Cuts","Blade Dance","Cloak And Dagger+1","Envenom+1","Dramatic Entrance+1","Noxious Fumes","Flying Knee+1","Slice+1","Concentrate","Writhe","Backstab+1","Outmaneuver+1","Backstab+1","Malaise","Backflip","Madness+1","Madness+1","Normality","Decay","Injury","Panache","Noxious Fumes","Cloak And Dagger","PiercingWail","Blade Dance","Distraction"],"relics":["Ring of the Snake","Molten Egg 2","Strawberry","WarpedTongs","Gremlin Horn","Juzu Bracelet","Meat on the Bone","CultistMask","Paper Crane","Dream Catcher","Black Star","Ninja Scroll","Shuriken","Boot","Kunai","Bottled Flame","Thread and Needle","Cursed Key","Lizard Tail","Letter Opener","PreservedInsect","Toolbox","Bottled Lightning","Toy Ornithopter","Red Mask","Ornamental Fan","Mercury Hourglass"],"acts_visited":["Exordium","TheCity","TheBeyond"],"potions_floor_usage":[13,20,33,33,36,47,50],"damage_taken":[{"damage":0,"enemies":"Small Slimes","floor":1,"turns":3},{"damage":3,"enemies":"Cultist","floor":3,"turns":3},{"damage":3,"enemies":"2 Louse","floor":4,"turns":3},{"damage":3,"enemies":"Large Slime","floor":5,"turns":5},{"damage":16,"enemies":"Lagavulin","floor":6,"turns":6},{"damage":1,"enemies":"Exordium Wildlife","floor":7,"turns":3},{"damage":14,"enemies":"3 Sentries","floor":8,"turns":7},{"damage":0,"enemies":"Lots of Slimes","floor":11,"turns":1},{"damage":28,"enemies":"Lagavulin","floor":13,"turns":6},{"damage":13,"enemies":"Slime Boss","floor":16,"turns":7},{"damage":2,"enemies":"3 Byrds","floor":18,"turns":3},{"damage":16,"enemies":"Spheric Guardian","floor":19,"turns":4},{"damage":14,"enemies":"Centurion and Healer","floor":20,"turns":5},{"damage":9,"enemies":"Sentry and Sphere","floor":22,"turns":4},{"damage":12,"enemies":"Snecko","floor":24,"turns":4},{"damage":30,"enemies":"Book of Stabbing","floor":27,"turns":4},{"damage":0,"enemies":"Centurion and Healer","floor":28,"turns":2},{"damage":0,"enemies":"Shelled Parasite and Fungi","floor":30,"turns":1},{"damage":0,"enemies":"Gremlin Leader","floor":31,"turns":4},{"damage":35,"enemies":"Champ","floor":33,"turns":9},{"damage":0,"enemies":"Orb Walker","floor":35,"turns":1},{"damage":9,"enemies":"2 Orb Walkers","floor":36,"turns":3},{"damage":0,"enemies":"3 Darklings","floor":39,"turns":4},{"damage":11,"enemies":"Spire Growth","floor":46,"turns":4},{"damage":11,"enemies":"Giant Head","floor":47,"turns":6},{"damage":0,"enemies":"Maw","floor":48,"turns":6},{"damage":92,"enemies":"Awakened One","floor":50,"turns":12}],"seed_played":"989036851183153539","potions_obtained":[{"floor":6,"key":"FairyPotion"},{"floor":7,"key":"BlessingOfTheForge"},{"floor":8,"key":"Fire Potion"},{"floor":13,"key":"SkillPotion"},{"floor":20,"key":"CultistPotion"},{"floor":31,"key":"Block Potion"},{"floor":35,"key":"ColorlessPotion"},{"floor":39,"key":"EssenceOfSteel"}],"is_trial":false,"path_per_floor":["M","?","M","M","M","E","M","E","T","R","M","?","E","$","R","B",null,"M","M","M","$","M","R","M","?","T","E","M","R","M","E","R","B",null,"M","?","?","?","M","R","T","R","T","$","?","M","E","M","R","B",null],"character_chosen":"THE_SILENT","items_purchased":["Noxious Fumes","Gremlin Horn","Bane","Dream Catcher","Sucker Punch+1","Dramatic Entrance+1","Noxious Fumes","Toolbox","Bottled Lightning","Toy Ornithopter","Panache","PowerPotion","Noxious Fumes"],"campfire_rested":5,"item_purchase_floors":[0,0,0,14,14,21,21,44,44,44,44,44,44],"current_hp_per_floor":[58,58,55,52,49,40,39,25,25,48,48,48,32,32,55,42,68,66,50,48,48,39,62,50,50,50,32,44,67,67,67,67,44,69,69,60,50,50,50,50,50,50,50,50,50,39,45,45,68,35],"gold":56,"neow_bonus":"","is_daily":false,"chose_seed":false,"campfire_upgraded":3,"win_rate":0.0,"timestamp":1609914963,"path_taken":["M","?","M","M","M","E","M","E","T","R","M","?","E","?","R","BOSS","M","M","M","$","M","R","M","?","T","E","M","R","M","E","R","BOSS","M","?","?","?","M","R","?","R","T","$","?","M","E","M","R","BOSS"],"items_purchased_type":["Card","Relic","Card","Relic","Card","Card","Card","Relic","Relic","Relic","Card","Potion","Card"],"build_version":"2020-12-22","purchased_purges":2,"victory":true,"max_hp_per_floor":[70,70,70,70,70,77,77,77,77,77,77,77,77,77,77,77,77,77,77,77,77,77,77,77,77,77,77,77,77,77,77,77,77,77,77,77,77,77,77,77,77,77,77,77,77,77,77,77,77,77],"relic_stats":{"Gremlin Horn":[27,27],"counters":[99,488],"PreservedInsect":125,"Juzu Bracelet":1,"Letter Opener":[45],"Boot":[33],"Cursed Key":3,"WarpedTongs":[114],"Mercury Hourglass":[63],"Dream Catcher":4,"Lizard Tail":0,"Shuriken":[49],"Ornamental Fan":[56],"Black Star":3,"Kunai":[47],"obtain_stats":[{"Gremlin Horn":0,"Spirit Poop":3,"Boot":27,"Blood Vial":27,"Centennial Puzzle":3,"Lizard Tail":36,"Strawberry":6,"MealTicket":9,"Prayer Wheel":13,"Kunai":27,"Girya":26,"Happy Flower":14,"Oddly Smooth Stone":9,"Pen Nib":25,"Letter Opener":8,"Paper Crane":9,"WarpedTongs":2,"Bottled Flame":25,"Shuriken":26,"Bird Faced Urn":7,"Molten Egg 2":10,"CultistMask":12,"Nloth\u0027s Gift":19,"Black Star":17,"Meat on the Bone":9,"Darkstone Periapt":23,"Bag of Preparation":2,"Juzu Bracelet":8,"Cursed Key":17,"Smiling Mask":6,"Nunchaku":0,"Dream Catcher":14,"Tough Bandages":0,"WristBlade":17,"Mummified Hand":27,"Ninja Scroll":25,"Toolbox":44,"Tiny Chest":7,"Red Mask":45,"Ring of the Snake":0,"Golden Idol":2,"Thread and Needle":31,"PreservedInsect":43,"Omamori":19,"Orichalcum":14,"MawBank":9,"Mercury Hourglass":6,"CaptainsWheel":9,"Ornamental Fan":6,"Membership Card":14,"Bottled Lightning":44,"TungstenRod":27,"Toy Ornithopter":44},{"Gremlin Horn":72,"Spirit Poop":41,"Boot":88,"Blood Vial":37,"Centennial Puzzle":1,"Lizard Tail":94,"Strawberry":52,"MealTicket":5,"Prayer Wheel":62,"Kunai":88,"Girya":68,"Happy Flower":62,"Oddly Smooth Stone":13,"Pen Nib":22,"Letter Opener":53,"Paper Crane":27,"WarpedTongs":73,"Bottled Flame":37,"Shuriken":87,"Bird Faced Urn":60,"Molten Egg 2":53,"CultistMask":80,"Nloth\u0027s Gift":64,"Black Star":82,"Meat on the Bone":79,"Darkstone Periapt":21,"Bag of Preparation":1,"Juzu Bracelet":79,"Cursed Key":17,"Smiling Mask":43,"Nunchaku":0,"Dream Catcher":16,"Tough Bandages":55,"WristBlade":32,"Mummified Hand":22,"Ninja Scroll":87,"Toolbox":95,"Tiny Chest":13,"Red Mask":95,"Ring of the Snake":0,"Golden Idol":41,"Thread and Needle":91,"PreservedInsect":95,"Omamori":18,"Orichalcum":8,"MawBank":53,"Mercury Hourglass":26,"CaptainsWheel":60,"Ornamental Fan":4,"Membership Card":62,"Bottled Lightning":95,"TungstenRod":68,"Toy Ornithopter":95},{"Gremlin Horn":368,"Spirit Poop":199,"Boot":436,"Blood Vial":185,"Centennial Puzzle":8,"Lizard Tail":456,"Strawberry":254,"MealTicket":35,"Prayer Wheel":288,"Kunai":436,"Girya":332,"Happy Flower":288,"Oddly Smooth Stone":74,"Pen Nib":124,"Letter Opener":258,"Paper Crane":146,"WarpedTongs":371,"Bottled Flame":185,"Shuriken":432,"Bird Faced Urn":280,"Molten Egg 2":258,"CultistMask":399,"Nloth\u0027s Gift":311,"Black Star":412,"Meat on the Bone":398,"Darkstone Periapt":115,"Bag of Preparation":8,"Juzu Bracelet":398,"Cursed Key":94,"Smiling Mask":212,"Nunchaku":0,"Dream Catcher":84,"Tough Bandages":264,"WristBlade":166,"Mummified Hand":124,"Ninja Scroll":432,"Toolbox":460,"Tiny Chest":74,"Red Mask":460,"Ring of the Snake":0,"Golden Idol":199,"Thread and Needle":443,"PreservedInsect":460,"Omamori":97,"Orichalcum":49,"MawBank":258,"Mercury Hourglass":143,"CaptainsWheel":280,"Ornamental Fan":32,"Membership Card":288,"Bottled Lightning":460,"TungstenRod":332,"Toy Ornithopter":460}],"Toy Ornithopter":10,"Ring of the Snake":[180],"Meat on the Bone":84},"card_choices":[{"not_picked":["Dagger Throw+1","Outmaneuver"],"picked":"Flying Knee+1","floor":1},{"not_picked":["Flechettes+1","Blur"],"picked":"Dagger Throw+1","floor":3},{"not_picked":["Outmaneuver","Acrobatics"],"picked":"PiercingWail","floor":4},{"not_picked":["Deflect","Crippling Poison"],"picked":"Backstab+1","floor":5},{"not_picked":["Acrobatics","Eviscerate+1"],"picked":"Escape Plan","floor":6},{"not_picked":["Setup","Outmaneuver"],"picked":"Dagger Spray+1","floor":7},{"not_picked":["Acrobatics","Prepared"],"picked":"Corpse Explosion","floor":8},{"not_picked":["Caltrops","Deadly Poison"],"picked":"Dodge and Roll","floor":11},{"not_picked":["Footwork","Acrobatics"],"picked":"Bane+1","floor":13},{"not_picked":["Noxious Fumes","Calculated Gamble"],"picked":"Backstab+1","floor":15},{"not_picked":["Storm of Steel","Malaise"],"picked":"A Thousand Cuts","floor":16},{"not_picked":["Poisoned Stab+1","Cloak And Dagger"],"picked":"Blade Dance","floor":18},{"not_picked":["Bouncing Flask+1","Quick Slash+1"],"picked":"Cloak And Dagger+1","floor":19},{"not_picked":["Sucker Punch+1","Blade Dance+1"],"picked":"Envenom","floor":20},{"not_picked":["Dagger Throw+1","Underhanded Strike+1"],"picked":"Flying Knee+1","floor":22},{"not_picked":["Blur","Poisoned Stab+1"],"picked":"Slice+1","floor":23},{"not_picked":["Cloak And Dagger","Finisher+1"],"picked":"Concentrate","floor":24},{"not_picked":["Doppelganger","Escape Plan"],"picked":"Backstab+1","floor":27},{"not_picked":["Predator+1","Underhanded Strike+1"],"picked":"Outmaneuver+1","floor":28},{"not_picked":["Eviscerate+1","Backflip+1"],"picked":"Backstab+1","floor":29},{"not_picked":["Choke+1","Deadly Poison","Tactician"],"picked":"SKIP","floor":30},{"not_picked":["Skewer+1","Heel Hook+1","Underhanded Strike+1"],"picked":"SKIP","floor":31},{"not_picked":["Corpse Explosion","A Thousand Cuts"],"picked":"Malaise","floor":33},{"not_picked":["Poisoned Stab+1","Bane+1","Dodge and Roll"],"picked":"SKIP","floor":35},{"not_picked":["Acrobatics+1","Underhanded Strike+1"],"picked":"Backflip","floor":36},{"not_picked":["Acrobatics+1","Catalyst","Underhanded Strike+1"],"picked":"SKIP","floor":39},{"not_picked":["Flying Knee+1","Flechettes+1"],"picked":"Cloak And Dagger","floor":46},{"not_picked":["Endless Agony+1","Dagger Throw+1"],"picked":"PiercingWail","floor":47},{"not_picked":["Dash+1","Reflex+1"],"picked":"Blade Dance","floor":48},{"not_picked":["Poisoned Stab+1","Bane+1"],"picked":"Distraction","floor":49}],"player_experience":353096,"relics_obtained":[{"floor":6,"key":"Strawberry"},{"floor":8,"key":"Juzu Bracelet"},{"floor":9,"key":"Meat on the Bone"},{"floor":13,"key":"Paper Crane"},{"floor":26,"key":"Shuriken"},{"floor":27,"key":"Boot"},{"floor":27,"key":"Kunai"},{"floor":31,"key":"Bottled Flame"},{"floor":31,"key":"Thread and Needle"},{"floor":36,"key":"Lizard Tail"},{"floor":41,"key":"Letter Opener"},{"floor":43,"key":"PreservedInsect"},{"floor":47,"key":"Ornamental Fan"},{"floor":47,"key":"Mercury Hourglass"}],"event_choices":[{"damage_healed":0,"gold_gain":0,"player_choice":"Rummage","damage_taken":0,"relics_obtained":["WarpedTongs"],"max_hp_gain":0,"max_hp_loss":0,"event_name":"Accursed Blacksmith","floor":2,"gold_loss":0,"cards_obtained":["Pain"]},{"damage_healed":0,"gold_gain":0,"player_choice":"Trade","damage_taken":0,"relics_obtained":["CultistMask"],"max_hp_gain":0,"max_hp_loss":0,"event_name":"FaceTrader","floor":12,"gold_loss":0},{"damage_healed":0,"gold_gain":0,"player_choice":"Opened","damage_taken":0,"relics_obtained":["Ninja Scroll"],"max_hp_gain":0,"max_hp_loss":0,"event_name":"The Mausoleum","floor":25,"gold_loss":0,"cards_obtained":["Writhe"]},{"damage_healed":0,"gold_gain":0,"player_choice":"Fight","damage_taken":0,"max_hp_gain":0,"max_hp_loss":0,"event_name":"Mysterious Sphere","floor":36,"gold_loss":0},{"damage_healed":0,"gold_gain":0,"player_choice":"Embrace Madness","damage_taken":10,"max_hp_gain":0,"max_hp_loss":0,"event_name":"Winding Halls","floor":37,"gold_loss":0,"cards_obtained":["Madness","Madness"]},{"damage_healed":0,"gold_gain":999,"player_choice":"Gold","damage_taken":0,"max_hp_gain":0,"max_hp_loss":0,"event_name":"MindBloom","floor":38,"gold_loss":0,"cards_obtained":["Normality","Normality"]},{"damage_healed":0,"gold_gain":0,"player_choice":"Paid","damage_taken":0,"relics_obtained":["Red Mask"],"max_hp_gain":0,"max_hp_loss":0,"event_name":"Tomb of Lord Red Mask","floor":45,"gold_loss":455}],"is_beta":false,"boss_relics":[{"not_picked":["Coffee Dripper","Tiny House"],"picked":"Black Star"},{"not_picked":["Runic Dome","Philosopher\u0027s Stone"],"picked":"Cursed Key"}],"items_purged_floors":[14,44],"is_endless":false,"potions_floor_spawned":[6,7,8,13,16,20,24,28,31,35,39],"ascension_level":5}}