{"host":"ixtszv54kd1m8623","time":1609971924,"event":{"mods":["Act Like it!","Aspiration","Bard","BaseMod","Beaked The Cultist","ChefMod","Colored Map","Colored Powertips","Conspire","Downfall","Duelist Mod","Gensokyo","GifTheSpireLib","Halation","Hermit","Hubris","Infinite Spire","Jorbs\u0027s Wanderer Trilogy","Lobotomy","Minty Spire (QoL Compilation)","Replay The Spire","Robot Space Explorer","Shade Mod","StSLib","The Animator","The Blackbeard","The Bug Knight","The Cursed","The Disciple","The Dragon Tamer","The Marked","The Runesmith","The Servant 0.9.4"],"gold_per_floor":[139,139,139,150,165,165,199,209,209,48,48,60,60,90,90,193,193,165,175,175,193,193,193,193,221,221,221,122,122,147,159,159,257,257,274,207,227,227,227,227],"floor_reached":39,"playtime":2915,"items_purged":[],"score":630,"play_id":"783dc917-69a0-401c-87d3-88894253db4f","local_time":"20210106142524","is_ascension_mode":true,"campfire_choices":[{"data":"theDuelist:MillenniumGolem","floor":6,"key":"SMITH"},{"data":"theDuelist:FogKing","floor":11,"key":"SMITH"},{"floor":15,"key":"REST"},{"data":"theDuelist:WitchBlackRose","floor":23,"key":"SMITH"},{"floor":27,"key":"REST"},{"floor":29,"key":"REST"},{"data":"theDuelist:BlueDragonSummoner","floor":32,"key":"SMITH"}],"circlet_count":0,"master_deck":["theDuelist:CastleWalls","theDuelist:CastleWalls","theDuelist:DarkMagician","theDuelist:MysticalElf","theDuelist:MysticalElf","theDuelist:NeoMagic","theDuelist:NeoMagic","theDuelist:GateGuardian","theDuelist:MagicSparks+1","theDuelist:MillenniumGolem+1","theDuelist:GeminiElf","theDuelist:FrontierWiseman","theDuelist:AncientElf","theDuelist:Sparks+1","theDuelist:BlizzardWarrior","theDuelist:FogKing+1","theDuelist:DarkMagicianGirl","theDuelist:StatueAnguishPattern","theDuelist:WitchBlackRose+1","theDuelist:MagiciansRobe+1","theDuelist:FairyBox+1","theDuelist:GateGuardian","theDuelist:SwordsRevealing+1","theDuelist:MythicalBeast","theDuelist:Nameless:Power:KamionTimelord","hubris:Fate","theDuelist:FlyingSaucer","theDuelist:InjectionFairy","theDuelist:AlienTelepath","theDuelist:MagiciansRod+1","Pot Of Greed","Pot Of Greed","Pot Of Greed","theDuelist:BlueDragonSummoner+1","theDuelist:AncientElf","theDuelist:RainbowMagician","theDuelist:Sparks+1","theDuelist:Yami+1","theDuelist:MagiciansRobe","Pot Of Greed","theDuelist:BlackPendant+1"],"relics":["theDuelist:MillenniumPuzzle","theDuelist:CardPoolRelic","theDuelist:CardPoolBasicRelic","theDuelist:BoosterPackPoolRelic","theDuelist:CardPoolAddRelic","theDuelist:CardPoolMinusRelic","theDuelist:CardPoolSaveRelic","theDuelist:CardPoolOptionsRelic","Runesmith:AutoHammer","ReplayTheSpireMod:Shallot","theDuelist:MetronomeRelicD","Replay:Wax Seal","aspiration:Lifesprig","theDuelist:MillenniumKey","aspiration:ChemicalBlood","hubris:Metronome","Grinning Jar","hubris:GrandSneckoEye"],"acts_visited":["Exordium","TheCity","TheBeyond"],"potions_floor_usage":[16,30,35,35,39],"damage_taken":[{"damage":0,"enemies":"2 Louse","floor":1,"turns":3},{"damage":0,"enemies":"Cultist","floor":4,"turns":5},{"damage":7,"enemies":"Jaw Worm","floor":5,"turns":2},{"damage":7,"enemies":"Lagavulin","floor":7,"turns":3},{"damage":16,"enemies":"Exordium Wildlife","floor":8,"turns":7},{"damage":4,"enemies":"3 Louse","floor":12,"turns":2},{"damage":2,"enemies":"Replay:BlueRogue","floor":14,"turns":5},{"damage":0,"enemies":"The Guardian","floor":16,"turns":7},{"damage":15,"enemies":"2 Thieves","floor":18,"turns":5},{"damage":8,"enemies":"Chosen","floor":19,"turns":5},{"damage":4,"enemies":"Shelled Parasite and Fungi","floor":21,"turns":7},{"damage":19,"enemies":"Book of Stabbing","floor":25,"turns":5},{"damage":12,"enemies":"Gremlin Leader","floor":30,"turns":8},{"damage":0,"enemies":"Snake Plant","floor":31,"turns":2},{"damage":0,"enemies":"conspire:MysteriousRune","floor":33,"turns":8},{"damage":35,"enemies":"3 Shapes","floor":35,"turns":4},{"damage":9,"enemies":"Orb Walker","floor":37,"turns":6},{"damage":61,"enemies":"Transient","floor":39,"turns":4}],"seed_played":"6405765293884992369","potions_obtained":[{"floor":1,"key":"Dexterity Potion"},{"floor":12,"key":"theDuelist:BarricadePotion"},{"floor":14,"key":"SteroidPotion"},{"floor":21,"key":"theDuelist:DebuffArmorPotion"},{"floor":25,"key":"theDuelist:VampireVial"}],"is_trial":false,"path_per_floor":["M","?","?","M","M","R","E","M","T","$","R","M","?","E","R","B",null,"M","M","?","M","?","R","?","E","T","R","$","R","E","M","R","B",null,"M","?","M","?","M"],"character_chosen":"THE_DUELIST","items_purchased":["Replay:Wax Seal","theDuelist:FogKing","theDuelist:DarkMagicianGirl","theDuelist:InjectionFairy","theDuelist:AlienTelepath"],"campfire_rested":3,"item_purchase_floors":[10,10,10,28,28],"current_hp_per_floor":[80,68,68,68,61,61,54,38,38,38,38,34,34,32,56,56,80,65,57,57,53,53,53,33,14,14,38,38,62,54,54,54,60,80,45,45,36,44,0,0],"gold":227,"neow_bonus":"ONE_RANDOM_RARE_CARD","is_daily":false,"chose_seed":false,"campfire_upgraded":4,"win_rate":0.0,"timestamp":1609971924,"path_taken":["M","?","?","?","M","R","E","M","T","$","R","M","?","E","R","BOSS","M","M","?","M","?","R","?","E","T","R","$","R","E","M","R","BOSS","M","?","M","?","M"],"items_purchased_type":["Relic","Card","Card","Card","Card"],"build_version":"2020-12-22","purchased_purges":0,"victory":false,"max_hp_per_floor":[80,80,80,80,80,80,80,80,80,80,80,80,80,80,80,80,80,80,80,80,80,80,80,80,80,80,80,80,80,80,80,80,80,80,80,80,80,80,80,80],"card_choices":[{"not_picked":["theDuelist:DokiDoki","theDuelist:EvilswarmHeliotrope","theDuelist:LabyrinthWall","theDuelist:RainbowMagician"],"picked":"theDuelist:MillenniumGolem","floor":1},{"not_picked":["theDuelist:CharcoalInpachi","theDuelist:BlueDragonSummoner","theDuelist:InvitationDarkSleep","theDuelist:IcyCrevasse"],"picked":"theDuelist:GeminiElf","floor":4},{"not_picked":["theDuelist:BlackPendant","theDuelist:GilfordLegend","theDuelist:PotDichotomy","theDuelist:PreventRat"],"picked":"theDuelist:FrontierWiseman","floor":5},{"not_picked":["theDuelist:NeoMagic","theDuelist:DarkMagician","theDuelist:GeminiElf","theDuelist:Mudballman"],"picked":"theDuelist:AncientElf","floor":7},{"not_picked":["theDuelist:SpellShatteringArrow","theDuelist:NeoMagic","theDuelist:DarkMagician","theDuelist:ExodiaLA"],"picked":"theDuelist:BlizzardWarrior","floor":8},{"not_picked":["theDuelist:SpellShatteringArrow","theDuelist:InjectionFairy","theDuelist:CallAtlanteans","theDuelist:WhiteMagicalHat"],"picked":"theDuelist:MagiciansRod","floor":12},{"not_picked":["theDuelist:GateGuardian","theDuelist:BlizzardPrincess","theDuelist:DoomShaman","theDuelist:QueenDragunDjinn"],"picked":"theDuelist:WitchBlackRose","floor":14},{"not_picked":["theDuelist:ExodiaHead","theDuelist:GrandSpellbookTower","theDuelist:DarkPaladin","theDuelist:SangaWater"],"picked":"theDuelist:SwordsRevealing","floor":16},{"not_picked":["theDuelist:InfernoFireBlast","theDuelist:PowerKaishin+1","theDuelist:MagiciansRod","theDuelist:Yami"],"picked":"theDuelist:MagiciansRobe+1","floor":18},{"not_picked":["theDuelist:NeoMagic","theDuelist:ExodiaLL","theDuelist:Mudballman+1","theDuelist:DarkHorizon+1"],"picked":"theDuelist:FairyBox+1","floor":19},{"not_picked":["theDuelist:SangaWater","theDuelist:SangaEarth+1"],"picked":"theDuelist:MythicalBeast","floor":21},{"not_picked":["infinitespire:Oblivion","infinitespire:Punishment"],"picked":"hubris:Fate","floor":24},{"not_picked":["theDuelist:DarkMagician","theDuelist:SangaThunder","theDuelist:CallAtlanteans+1","theDuelist:OnslaughtFireKings"],"picked":"theDuelist:FlyingSaucer","floor":25},{"not_picked":["theDuelist:NeoMagic","theDuelist:DarkMagician","theDuelist:ExodiaRL","theDuelist:SangaEarth"],"picked":"theDuelist:BlueDragonSummoner","floor":30},{"not_picked":["theDuelist:ExodiaRA+1","theDuelist:SangaEarth","theDuelist:SpiritHarp","theDuelist:MindAir"],"picked":"theDuelist:AncientElf","floor":31},{"not_picked":["theDuelist:RainbowDarkDragon","theDuelist:IrisEarthMother","theDuelist:RainbowKuriboh","theDuelist:RainbowOverdragon"],"picked":"theDuelist:RainbowMagician","floor":33},{"not_picked":["theDuelist:SilentDoom+1","theDuelist:ContractExodia+1","theDuelist:VoidExpansion","theDuelist:MagicalBlast"],"picked":"theDuelist:Yami+1","floor":35},{"not_picked":["theDuelist:Sangan","theDuelist:DokiDoki","theDuelist:HammerShot+1","theDuelist:GaiaMidNightSun"],"picked":"theDuelist:BlackPendant+1","floor":37}],"player_experience":181589,"relics_obtained":[{"floor":7,"key":"ReplayTheSpireMod:Shallot"},{"floor":9,"key":"theDuelist:MetronomeRelicD"},{"floor":14,"key":"aspiration:Lifesprig"},{"floor":25,"key":"aspiration:ChemicalBlood"},{"floor":26,"key":"hubris:Metronome"},{"floor":30,"key":"Grinning Jar"}],"event_choices":[{"damage_healed":0,"gold_gain":0,"player_choice":"Success","damage_taken":12,"relics_obtained":["Runesmith:AutoHammer"],"max_hp_gain":0,"max_hp_loss":0,"event_name":"Scrap Ooze","floor":2,"gold_loss":0},{"damage_healed":0,"gold_gain":0,"player_choice":"Leave","duelist":true,"damage_taken":0,"max_hp_gain":0,"max_hp_loss":0,"event_name":"Relic Duplicator","floor":3,"gold_loss":0},{"damage_healed":0,"gold_gain":0,"player_choice":"Read","damage_taken":0,"max_hp_gain":0,"max_hp_loss":0,"event_name":"The Library","floor":20,"gold_loss":0,"cards_obtained":["theDuelist:GateGuardian"]},{"power_reward":4,"total_magic_score":50,"gold_gain":0,"duelist":true,"damage_taken":0,"relics_obtained":[],"points":11,"max_hp_gain":0,"max_hp_loss":0,"spent_points":{"magic":4,"greed":0,"war":0,"power":4,"hunger":0},"event_name":"Nameless Tomb","floor":22,"gold_loss":0,"cards_obtained":["theDuelist:Nameless:Power:KamionTimelord"]},{"power_reward":4,"total_magic_score":50,"gold_gain":0,"duelist":true,"damage_taken":0,"relics_obtained":[],"points":11,"max_hp_gain":0,"max_hp_loss":0,"spent_points":{"magic":4,"greed":0,"war":0,"power":4,"hunger":0},"event_name":"Nameless Tomb","floor":22,"gold_loss":0,"cards_obtained":["theDuelist:Nameless:Power:KamionTimelord"]},{"damage_healed":0,"gold_gain":0,"player_choice":"Purchased Magicians Robe for 67 Gold.","duelist":true,"damage_taken":0,"max_hp_gain":0,"max_hp_loss":0,"event_name":"Card Trader","floor":36,"gold_loss":0}],"is_beta":false,"boss_relics":[{"not_picked":["halation:Risk","Ectoplasm"],"picked":"theDuelist:MillenniumKey"},{"not_picked":["Runic Pyramid","hubris:VirtuousBlindfold"],"picked":"hubris:GrandSneckoEye"}],"items_purged_floors":[],"is_endless":false,"potions_floor_spawned":[1,12,14,21,25],"killed_by":"Transient","ascension_level":1}}