{"host":"kdt6w7ix8lwe69i9","time":1609902770,"event":{"mods":["100% Spire Juice","Bartender","BaseMod","ChefMod","Downfall","Fiend Mod","Jorbs\u0027s Wanderer Trilogy","Minty Spire (QoL Compilation)","Reimu（博丽灵梦）","Robot Space Explorer","StSLib","The Caster","The Cursed","The Disciple","The Dragon Tamer","The Druid","The Elementalist","The Forsaken","The Gatherer","The Marked","TheBandit"],"gold_per_floor":[119,66,82,82,96,96,112,11,11,11,21,33,33,45,45,148,148,165,165,55,34,34,61,61,75,125,142,142,22,50,50,50,146,146,163,163,163,163,163],"floor_reached":38,"playtime":2635,"items_purged":[],"score":431,"play_id":"e3d5af33-7c1d-4d67-be44-543707dfaf6d","local_time":"20210105221250","is_ascension_mode":false,"campfire_choices":[{"data":"Moonworks:CloudOfSeagulls","floor":6,"key":"SMITH"},{"floor":13,"key":"REST"},{"data":"Moonworks:IndiscriminateFireSupport","floor":15,"key":"SMITH"},{"data":"Moonworks:IndiscriminateFireSupport","floor":24,"key":"SMITH"},{"floor":32,"key":"REST"}],"circlet_count":0,"master_deck":["Moonworks:Ambush","Moonworks:LongDistanceShot","Moonworks:RocketCannon","Moonworks:FinalSurgery","Moonworks:IndiscriminateFireSupport+1","Moonworks:CloudOfSeagulls+1","Moonworks:Bloodlust","Moonworks:SakisCookie","Moonworks:UnluckyCharm","Moonworks:CookingTime","Moonworks:LulusLuckyEgg","Moonworks:StarBlastingFuse","Moonworks:Blazing","Moonworks:GoAway","Moonworks:Gamble","Moonworks:Assault","Moonworks:OutOfAmmo","Moonworks:BeyondHell","Moonworks:Bloodlust","Moonworks:LulusLuckyEgg","Moonworks:IndiscriminateFireSupport+1","Moonworks:BigMagnum+1","Moonworks:CompletionReward+1","Moonworks:Flamethrower","expansioncontent:TimeRipple","Moonworks:TreasureThief","Moonworks:AnotherUltimateWeapon","CurseOfTheBell","Moonworks:UnluckyCharm"],"relics":["Moonworks:BrokenBomb","Moonworks:Homemark","Mango","Pandora\u0027s Box","Question Card","theForsaken:Lifeblossom","Moonworks:LittleGull","FossilizedHelix","Calling Bell","WingedGreaves","Sundial","Smiling Mask","Bronze Scales"],"acts_visited":["Exordium","TheCity","TheBeyond"],"potions_floor_usage":[7,11,14,14,14,16,23,33,33],"damage_taken":[{"damage":0,"enemies":"2 Louse","floor":1,"turns":2},{"damage":0,"enemies":"Cultist","floor":3,"turns":2},{"damage":1,"enemies":"Small Slimes","floor":5,"turns":2},{"damage":13,"enemies":"3 Louse","floor":7,"turns":2},{"damage":30,"enemies":"Exordium Wildlife","floor":8,"turns":3},{"damage":29,"enemies":"Gremlin Gang","floor":11,"turns":3},{"damage":13,"enemies":"Red Slaver","floor":12,"turns":3},{"damage":0,"enemies":"Looter","floor":14,"turns":1},{"damage":53,"enemies":"The Guardian","floor":16,"turns":10},{"damage":16,"enemies":"Chosen","floor":18,"turns":5},{"damage":39,"enemies":"2 Thieves","floor":20,"turns":3},{"damage":26,"enemies":"Gremlin Leader","floor":23,"turns":6},{"damage":29,"enemies":"Cultist and Chosen","floor":25,"turns":5},{"damage":26,"enemies":"Snecko","floor":27,"turns":3},{"damage":53,"enemies":"Slavers","floor":30,"turns":3},{"damage":70,"enemies":"Champ","floor":33,"turns":7},{"damage":49,"enemies":"Orb Walker","floor":35,"turns":4},{"damage":9,"enemies":"3 Shapes","floor":38,"turns":1}],"seed_played":"-6003171879915048722","potions_obtained":[{"floor":1,"key":"GrandPatriotsElixir:ReiMu"},{"floor":4,"key":"hexamod:EctoCoolerPotion"},{"floor":4,"key":"sneckomod:MuddlingPotion"},{"floor":5,"key":"GrandPatriotsElixir:ReiMu"},{"floor":8,"key":"Swift Potion"},{"floor":12,"key":"AttackPotion"},{"floor":14,"key":"Swift Potion"},{"floor":20,"key":"Weak Potion"},{"floor":25,"key":"Moonworks:OneHundredPercentOrangeJuicePotion"},{"floor":30,"key":"Swift Potion"}],"is_trial":false,"path_per_floor":["M","?","M","?","M","R","M","M","T","$","M","M","R","M","R","B",null,"M","?","M","?","$","E","R","M","T","M","T","?","E","?","R","B",null,"M","?","?","M"],"character_chosen":"THE_STARBREAKER","items_purchased":[],"campfire_rested":2,"item_purchase_floors":[],"current_hp_per_floor":[54,54,54,54,53,53,40,20,34,34,23,18,38,42,42,10,68,62,62,48,48,48,60,60,45,45,36,36,36,13,13,33,1,68,31,31,31,0,0],"gold":163,"neow_bonus":"TRANSFORM_TWO_CARDS","is_daily":false,"chose_seed":false,"campfire_upgraded":3,"win_rate":0.0,"timestamp":1609902770,"path_taken":["M","?","M","?","?","R","M","M","T","$","M","M","R","M","R","BOSS","M","?","M","?","?","E","R","M","T","?","?","?","E","?","R","BOSS","M","?","?","?"],"items_purchased_type":[],"build_version":"2020-12-22","purchased_purges":0,"victory":false,"max_hp_per_floor":[54,54,54,54,54,54,54,54,68,68,68,68,68,68,68,68,68,68,68,68,68,68,68,68,68,68,68,68,68,68,68,68,68,68,68,68,68,68,68],"card_choices":[{"not_picked":["Moonworks:x16BigRocket","Moonworks:WindyEnchantment"],"picked":"Moonworks:IndiscriminateFireSupport","floor":1},{"not_picked":["Moonworks:DeployBits","Moonworks:SakisCookie"],"picked":"Moonworks:EvilSpyWorkPreparation","floor":3},{"not_picked":["Moonworks:ImOnFire","Moonworks:BindingChains"],"picked":"Moonworks:CloudOfSeagulls","floor":5},{"not_picked":["Moonworks:DeployBits","Moonworks:Assault"],"picked":"Moonworks:Bloodlust","floor":7},{"not_picked":["Moonworks:ForcedRevival","Moonworks:LulusLuckyEgg"],"picked":"Moonworks:SakisCookie","floor":8},{"not_picked":["Moonworks:ForcedRevival","Moonworks:NicePresent"],"picked":"Moonworks:UnluckyCharm","floor":11},{"not_picked":["Moonworks:ScrambledEve","Moonworks:AccelHyper"],"picked":"Moonworks:CookingTime","floor":12},{"not_picked":["Moonworks:ImOnFire","Moonworks:DeployBits"],"picked":"Moonworks:LulusLuckyEgg","floor":14},{"not_picked":["Moonworks:EvilMastermind","Moonworks:Gamble"],"picked":"Moonworks:StarBlastingFuse","floor":16},{"not_picked":["Moonworks:CloudOfSeagulls","Moonworks:SelfDestruct"],"picked":"Moonworks:Bloodlust","floor":18},{"not_picked":["Moonworks:FinalSurgery+1","Moonworks:ImOnFire"],"picked":"Moonworks:LulusLuckyEgg","floor":20},{"not_picked":["Moonworks:ImOnFire+1","Moonworks:SakisCookie"],"picked":"Moonworks:IndiscriminateFireSupport","floor":23},{"not_picked":["Moonworks:WindyEnchantment","Moonworks:ReproductionOfRecords+1","Moonworks:Poppoformation+1"],"picked":"Moonworks:BigMagnum+1","floor":25},{"not_picked":["Moonworks:JonathanRush+1","Moonworks:WindyEnchantment","Moonworks:ImOnFire"],"picked":"Moonworks:CompletionReward+1","floor":27},{"not_picked":["Moonworks:EvilSpyWorkPreparation","Moonworks:ForcedRevival+1","Moonworks:SinkOrSwim"],"picked":"Moonworks:Flamethrower","floor":30},{"not_picked":["Moonworks:SinkOrSwim","Moonworks:StarBlastingFuse","Moonworks:EvilMastermind"],"picked":"Moonworks:AnotherUltimateWeapon","floor":33},{"not_picked":["Moonworks:CloudOfSeagulls","Moonworks:x16BigRocket+1","Moonworks:NicePresent+1"],"picked":"Moonworks:UnluckyCharm","floor":35}],"player_experience":1685624,"relics_obtained":[{"floor":9,"key":"Mango"},{"floor":23,"key":"Question Card"},{"floor":26,"key":"theForsaken:Lifeblossom"},{"floor":28,"key":"Moonworks:LittleGull"},{"floor":30,"key":"FossilizedHelix"},{"floor":34,"key":"WingedGreaves"},{"floor":34,"key":"Sundial"},{"floor":34,"key":"Smiling Mask"}],"event_choices":[{"damage_healed":0,"gold_gain":67,"player_choice":"Gained Gold","damage_taken":0,"max_hp_gain":0,"max_hp_loss":0,"event_name":"Golden Wing","floor":2,"gold_loss":0},{"damage_healed":0,"gold_gain":0,"player_choice":"Got Potions","damage_taken":0,"max_hp_gain":0,"max_hp_loss":0,"event_name":"Lab","floor":4,"gold_loss":0},{"damage_healed":0,"gold_gain":99,"player_choice":"Stole From Cult","damage_taken":0,"max_hp_gain":0,"max_hp_loss":0,"event_name":"Nest","floor":21,"gold_loss":0},{"damage_healed":0,"gold_gain":0,"player_choice":"Ignored","damage_taken":0,"max_hp_gain":0,"max_hp_loss":0,"event_name":"Beggar","floor":29,"gold_loss":0},{"damage_healed":0,"gold_gain":0,"player_choice":"2 cards matched","damage_taken":0,"max_hp_gain":0,"max_hp_loss":0,"event_name":"Match and Keep!","floor":31,"gold_loss":0,"cards_obtained":["expansioncontent:TimeRipple","Moonworks:TreasureThief"]},{"cards_removed":["Moonworks:EvilSpyWorkPreparation"],"damage_healed":0,"gold_gain":0,"player_choice":"Gave Card","damage_taken":0,"relics_obtained":["Bronze Scales"],"max_hp_gain":0,"max_hp_loss":0,"event_name":"WeMeetAgain","floor":37,"gold_loss":0}],"is_beta":false,"boss_relics":[{"not_picked":["RedLine:ReiMu","Runic Pyramid"],"picked":"Pandora\u0027s Box"},{"not_picked":["theForsaken:PaleLantern","Silver_Glasses"],"picked":"Calling Bell"}],"items_purged_floors":[],"is_endless":false,"potions_floor_spawned":[1,5,8,12,14,20,25,30],"killed_by":"3 Shapes","ascension_level":0}}