{"host":"ur405gpummdrt5xj","time":1609910097,"event":{"mods":["BaseMod","Colored Map","Highlight Path","Minty Spire (QoL Compilation)","Quick Restart"],"gold_per_floor":[219,294,8,26,26,26,60,73,73,73,73],"floor_reached":10,"playtime":420,"items_purged":["Strike_G"],"score":99,"play_id":"fd5d32ee-27e5-42e6-bb8b-77368736df58","local_time":"20210105211457","is_ascension_mode":true,"campfire_choices":[{"data":"Noxious Fumes","floor":6.0,"key":"SMITH"}],"circlet_count":0,"master_deck":["AscendersBane","Strike_G","Strike_G","Strike_G","Strike_G","Defend_G","Defend_G","Defend_G","Defend_G","Defend_G","Survivor","Neutralize","Infinite Blades","Noxious Fumes+1","Malaise"],"relics":["Ring of the Snake","Strawberry","Ninja Scroll","Unceasing Top","Centennial Puzzle"],"acts_visited":[],"potions_floor_usage":[],"damage_taken":[{"damage":16.0,"enemies":"Jaw Worm","floor":1.0,"turns":7.0},{"damage":0.0,"enemies":"Cultist","floor":4.0,"turns":5.0},{"damage":23.0,"enemies":"Lagavulin","floor":7.0,"turns":7.0},{"damage":0.0,"enemies":"Small Slimes","floor":8.0,"turns":5.0},{"damage":38,"enemies":"Gremlin Nob","floor":10,"turns":4}],"seed_played":"4229164203083941568","potions_obtained":[{"floor":1.0,"key":"Fruit Juice"}],"is_trial":false,"path_per_floor":["M","?","$","M","T","R","E","M","T","E"],"character_chosen":"THE_SILENT","items_purchased":["Noxious Fumes","Strawberry"],"campfire_rested":0,"item_purchase_floors":[3,3],"current_hp_per_floor":[52,45,52,52,52,52,29,29,29,0,0],"gold":73,"neow_bonus":"HUNDRED_GOLD","is_daily":false,"chose_seed":false,"campfire_upgraded":1,"win_rate":0.0,"timestamp":1609910097,"path_taken":["M","?","$","?","?","R","E","M","T","E"],"items_purchased_type":["Card","Relic"],"build_version":"2020-12-22","purchased_purges":1,"victory":false,"max_hp_per_floor":[75,75,82,82,82,82,82,82,82,82,82],"card_choices":[{"not_picked":["Dagger Throw","Poisoned Stab"],"picked":"Infinite Blades","floor":1.0},{"not_picked":["Escape Plan","Sucker Punch","Bane"],"picked":"SKIP","floor":4.0},{"not_picked":["Dagger Spray","Bouncing Flask"],"picked":"Malaise","floor":7.0},{"not_picked":["Bouncing Flask","Endless Agony","Prepared"],"picked":"SKIP","floor":8.0}],"player_experience":517828,"relics_obtained":[{"floor":5.0,"key":"Ninja Scroll"},{"floor":7.0,"key":"Unceasing Top"},{"floor":9.0,"key":"Centennial Puzzle"}],"event_choices":[{"damage_healed":0.0,"max_hp_gain":0.0,"max_hp_loss":0.0,"gold_gain":75.0,"event_name":"FaceTrader","player_choice":"Touch","floor":2.0,"gold_loss":0.0,"damage_taken":7.0}],"is_beta":false,"boss_relics":[],"items_purged_floors":[3],"is_endless":false,"potions_floor_spawned":[1],"killed_by":"Gremlin Nob","ascension_level":10}}