{"host":"csp9nt53rootlkah","time":1609918243,"event":{"mods":["Act Like it!","BaseMod","Colored Powertips","Downfall","Friendly Minions","Gensokyo","Highlight Path","Minty Spire (QoL Compilation)","Quick Restart","Replay The Spire","StSLib","TestMod","The Factory","The Jungle","UnlockEverythingMod","【遗物卡牌】REMEMod"],"gold_per_floor":[99,118,37,437,367,385,411,428,448,469,493,493,533,533,557,686,686,611,644,667,700,730,730,780,780,780,829,829,522,568,568,598,708,708,633,664,731,754,754,430,505,534,566,566,597,641,99,139,168,179],"floor_reached":51,"playtime":3270,"items_purged":["Guardian:Strike_Guardian","Guardian:Gem_Blue"],"score":1073,"play_id":"26ab5780-d92f-4f83-b46c-67f81b06ad9a","local_time":"20210106153043","is_ascension_mode":false,"campfire_choices":[{"data":"Guardian:CurlUp","floor":1.0,"key":"SMITH"},{"data":"Guardian:PiercingHide","floor":12.0,"key":"SMITH"},{"data":"Guardian:BaubleBeam","floor":18.0,"key":"SMITH"},{"data":"Pot Of Greed","floor":23.0,"key":"SMITH"},{"data":"Guardian:TwinSlam","floor":44,"key":"SMITH"}],"circlet_count":0,"master_deck":["Guardian:CurlUp+1","Guardian:TwinSlam+1","Creative AI+1","Guardian:SentryBeam+1","Pot Of Greed+1","Guardian:PiercingHide+1","Guardian:BaubleBeam+1","Guardian:Gem_Red","Guardian:StasisStrike","Pot Of Greed+1","Guardian:StasisField","Guardian:Gem_Orange","Guardian:Gem_Orange"],"relics":["Guardian:ModeShifter","REME_ComplimentaryCards","testmod-DeterminationOfClimber","Grinning Jar","Astrolabe","downfall:HeartBlessingGreen","Sundial","Guardian:PickAxe","DollysMirror","Onion Ring","Omamori","Vajra","Kintsugi","downfall:HeartBlessingBlue","Mango","Thread and Needle","TheAbacus","ReplayTheSpireMod:Shallot","Toy Ornithopter","Pear","Regal Pillow","Frozen Eye","ReplayTheSpireMod:TigerMarble","Meat on the Bone"],"acts_visited":["Gensokyo:Gensokyo","Gensokyo:Gensokyoer","TheBeyond"],"potions_floor_usage":[],"damage_taken":[{"damage":5.0,"enemies":"Gensokyo:2_Kodama","floor":2.0,"turns":4.0},{"damage":0.0,"enemies":"downfall:FleeingMerchant","floor":3.0,"turns":4.0},{"damage":3.0,"enemies":"Gensokyo:Python","floor":6.0,"turns":2.0},{"damage":0.0,"enemies":"Gensokyo:Gryphon","floor":8.0,"turns":2.0},{"damage":0.0,"enemies":"Gensokyo:Python_and_Kodama","floor":9.0,"turns":3.0},{"damage":0.0,"enemies":"Gensokyo:5_Fairies","floor":10.0,"turns":3.0},{"damage":0.0,"enemies":"Gensokyo:Kitsune","floor":11.0,"turns":2.0},{"damage":0.0,"enemies":"Gensokyo:Cirno","floor":13.0,"turns":6.0},{"damage":0.0,"enemies":"Gensokyo:2_Rabbits","floor":15.0,"turns":2.0},{"damage":0.0,"enemies":"downfall:Silent","floor":16.0,"turns":4.0},{"damage":0.0,"enemies":"Gensokyo:3_Dogs","floor":19.0,"turns":2.0},{"damage":0.0,"enemies":"Gensokyo:2_Gloops","floor":20.0,"turns":1.0},{"damage":0.0,"enemies":"Gensokyo:Wraith","floor":21.0,"turns":3.0},{"damage":0.0,"enemies":"Gensokyo:Mirror_and_Dog","floor":22.0,"turns":1.0},{"damage":0.0,"enemies":"Gensokyo:Reisen","floor":27.0,"turns":3.0},{"damage":0.0,"enemies":"Gensokyo:Koishi","floor":30.0,"turns":3.0},{"damage":5,"enemies":"Gensokyo:Monolith_and_Dog","floor":32,"turns":2},{"damage":0,"enemies":"downfall:Ironclad","floor":33,"turns":1},{"damage":0,"enemies":"3 Darklings","floor":36,"turns":1},{"damage":0,"enemies":"2 Orb Walkers","floor":37,"turns":1},{"damage":0,"enemies":"Orb Walker","floor":38,"turns":1},{"damage":0,"enemies":"downfall:FleeingMerchant","floor":40,"turns":1},{"damage":0,"enemies":"Writhing Mass","floor":42,"turns":1},{"damage":0,"enemies":"Maw","floor":43,"turns":1},{"damage":0,"enemies":"Sphere and 2 Shapes","floor":45,"turns":1},{"damage":0,"enemies":"Nemesis","floor":46,"turns":1},{"damage":0,"enemies":"Transient","floor":48,"turns":1},{"damage":0,"enemies":"Maw","floor":49,"turns":1},{"damage":0,"enemies":"downfall:Defect","floor":50,"turns":1}],"seed_played":"-1584376007037511029","potions_obtained":[{"floor":8.0,"key":"EssenceOfSteel"},{"floor":9.0,"key":"Explosive Potion"},{"floor":13.0,"key":"Strength Potion"},{"floor":15.0,"key":"EntropicBrew"}],"is_trial":false,"path_per_floor":["R","M","$","?","?","M","T","M","M","M","M","R","E","?","M","B",null,"R","M","M","M","M","R","T","?","?","E","?","COS","E","?","M","B",null,"R","M","?","M","?","$","T","M","M","R","M","E","$","M","M","B",null],"character_chosen":"GUARDIAN","items_purchased":["TheAbacus","ReplayTheSpireMod:Shallot","Toy Ornithopter","Frozen Eye","ReplayTheSpireMod:TigerMarble","Meat on the Bone"],"campfire_rested":0,"item_purchase_floors":[40,40,40,47,47,47],"current_hp_per_floor":[80,80,80,80,80,77,77,80,80,80,80,80,80,80,80,80,80,80,80,80,80,80,80,80,74,74,74,74,74,74,74,74,74,74,84,98,98,98,98,98,108,108,108,108,108,108,108,108,108,108],"gold":179,"neow_bonus":"UPGRADE_CARD","is_daily":false,"chose_seed":false,"campfire_upgraded":5,"win_rate":0.0,"timestamp":1609918243,"path_taken":["R","M","?","?","?","M","T","M","M","M","?","R","E","?","M","BOSS","R","M","M","M","M","R","T","?","?","E","?","COS","E","?","M","BOSS","R","M","?","M","?","$","T","M","M","R","?","E","$","M","M","BOSS"],"items_purchased_type":["Relic","Relic","Relic","Relic","Relic","Relic"],"build_version":"2020-12-22","purchased_purges":2,"victory":true,"max_hp_per_floor":[80,80,80,80,80,80,80,80,80,80,80,80,80,80,80,80,80,80,80,80,80,80,80,80,74,74,74,74,74,74,74,74,74,74,84,98,98,98,98,98,108,108,108,108,108,108,108,108,108,108],"card_choices":[{"not_picked":["Guardian:BronzeArmor","Guardian:TimeCapacitor"],"picked":"Guardian:SentryBeam","floor":2.0},{"not_picked":["Guardian:Incinerate","Guardian:Recover","Guardian:ChargeCore"],"picked":"SKIP","floor":3.0},{"not_picked":["Guardian:Gem_Cyan","Guardian:TemporalShield","Guardian:CrystalBeam"],"picked":"SKIP","floor":6.0},{"not_picked":["Guardian:ChargeCore","Guardian:Incinerate"],"picked":"Guardian:Gem_Purple","floor":8.0},{"not_picked":["Guardian:TimeSifter","Guardian:Gem_Lightblue"],"picked":"Guardian:Gem_Red","floor":9.0},{"not_picked":["Guardian:Suspension","Guardian:Recover","Guardian:Planning"],"picked":"SKIP","floor":10.0},{"not_picked":["Guardian:Planning","Guardian:Gem_Lightblue"],"picked":"Guardian:PiercingHide","floor":11.0},{"not_picked":["Guardian:TimeCapacitor","Guardian:CrystalBeam"],"picked":"Guardian:Gem_Red","floor":13.0},{"not_picked":["Guardian:Clone","Guardian:PiercingHide"],"picked":"Guardian:Gem_White","floor":15.0},{"not_picked":["Guardian:TimeSifter","Guardian:HyperBeam_Guardian"],"picked":"Guardian:BaubleBeam","floor":16.0},{"not_picked":["Guardian:Recover","Guardian:PolyBeam"],"picked":"Guardian:Gem_Lightblue","floor":19.0},{"not_picked":["Guardian:RollAttack","Guardian:PiercingHide+1","Guardian:WalkerClaw"],"picked":"SKIP","floor":20.0},{"not_picked":["Guardian:Reroute","Guardian:Recover"],"picked":"Guardian:Gem_Red","floor":21.0},{"not_picked":["Guardian:Gem_Red","Guardian:PrimingBeam","Guardian:ShieldCharger"],"picked":"SKIP","floor":22.0},{"not_picked":["Guardian:Harden+1","Guardian:Reroute+1","Guardian:WalkerClaw+1"],"picked":"SKIP","floor":27.0},{"not_picked":["Guardian:CrystalBeam","Guardian:VentSteam+1","Guardian:PrimingBeam"],"picked":"SKIP","floor":30.0},{"not_picked":["Guardian:WalkerClaw+1","Guardian:RevengeProtocol","Guardian:Planning"],"picked":"SKIP","floor":32},{"not_picked":["Guardian:ExploitGems","Guardian:TimeSifter"],"picked":"Guardian:StasisField","floor":33},{"not_picked":["Guardian:Gem_Fragmented","Guardian:RefractedBeam","Guardian:BronzeOrb+1"],"picked":"SKIP","floor":36},{"not_picked":["Guardian:Gem_Red","Guardian:CrystalBeam","Guardian:Gem_Cyan"],"picked":"SKIP","floor":38},{"not_picked":["Guardian:Gem_Cyan","Guardian:RollAttack+1","Guardian:BronzeOrb"],"picked":"SKIP","floor":40},{"not_picked":["Guardian:ShieldSpikes+1","Guardian:PrimingBeam+1","Guardian:RollAttack"],"picked":"SKIP","floor":42},{"not_picked":["Guardian:Gem_Lightblue","Guardian:BronzeArmor","Guardian:Gem_Fragmented"],"picked":"SKIP","floor":43},{"not_picked":["Guardian:CrystalBeam+1","Guardian:Planning"],"picked":"Guardian:Gem_Orange","floor":45},{"not_picked":["Guardian:WalkerClaw+1","Guardian:Gem_Cyan","Guardian:BaubleBeam"],"picked":"SKIP","floor":46},{"not_picked":["Guardian:ChargeUp+1","Guardian:Harden","Guardian:TemporalStrike+1"],"picked":"SKIP","floor":48},{"not_picked":["Guardian:TemporalStrike+1","Guardian:PiercingHide","Guardian:Suspension"],"picked":"SKIP","floor":49}],"player_experience":119517,"relics_obtained":[{"floor":7.0,"key":"Grinning Jar"},{"floor":27.0,"key":"Guardian:PickAxe"},{"floor":30.0,"key":"Onion Ring"},{"floor":37,"key":"Thread and Needle"},{"floor":41,"key":"Pear"},{"floor":46,"key":"Regal Pillow"}],"event_choices":[{"damage_healed":0.0,"max_hp_gain":0.0,"max_hp_loss":0.0,"gold_gain":400.0,"event_name":"恩洛斯的盘子","player_choice":"Sell","floor":4.0,"relics_lost":["testmod-TestBox"],"gold_loss":0.0,"damage_taken":0.0},{"damage_healed":0,"gold_gain":0,"player_choice":"Fight","damage_taken":0,"max_hp_gain":0,"max_hp_loss":0,"event_name":"Mysterious Sphere","floor":37,"gold_loss":0},{"cards_removed":["Pot Of Greed"],"damage_healed":0,"gold_gain":0,"player_choice":"Purged","damage_taken":0,"max_hp_gain":0,"max_hp_loss":0,"event_name":"Purifier","floor":39,"gold_loss":0}],"is_beta":false,"boss_relics":[{"not_picked":["testmod-HarvestTotem","Abe\u0027s Treasure"],"picked":"Astrolabe"},{"not_picked":["Calling Bell","Busted Crown"],"picked":"Kintsugi"}],"items_purged_floors":[3,40],"is_endless":false,"potions_floor_spawned":[8,9,13,15,16,19,20,27,33,42,45,46,49],"ascension_level":0}}