{"host":"zcz0awyw9el3eccp","time":1609970367,"event":{"mods":["AchievementEnabler","BaseMod","Colored Powertips","Googly Eyes","Minty Spire (QoL Compilation)","Quick Restart","StSLib"],"gold_per_floor":[113,132,132,132,151,151,165,165,165,165,165,178,206,216,216,312,312,331,344,359,377,403,403,431,431,479,492,492,417,417,417,417,520,520,537,562,562,572,572,572,598,598,598,445,445,460,460,474,474,474,474,474,123,148,148],"floor_reached":56,"playtime":2736,"items_purged":["Strike_R","Strike_R"],"score":1190,"play_id":"549f6154-ca12-4449-9fb7-6efd0d057805","local_time":"20210106225927","is_ascension_mode":false,"campfire_choices":[{"floor":6,"key":"RECALL"},{"data":"Pommel Strike","floor":8,"key":"SMITH"},{"data":"Cleave","floor":10,"key":"SMITH"},{"data":"Barricade","floor":15,"key":"SMITH"},{"data":"Berserk","floor":23,"key":"SMITH"},{"data":"Shrug It Off","floor":25,"key":"SMITH"},{"data":"Shrug It Off","floor":28,"key":"SMITH"},{"data":"Pommel Strike","floor":32,"key":"SMITH"},{"data":"Ghostly Armor","floor":40,"key":"SMITH"},{"data":"Mayhem","floor":47,"key":"SMITH"},{"data":"Rampage","floor":49,"key":"SMITH"},{"data":"Disarm","floor":52,"key":"SMITH"}],"circlet_count":0,"master_deck":["Defend_R","Defend_R+1","Defend_R","Bash","Cleave+1","Pommel Strike+1","Shrug It Off+1","Iron Wave","Pommel Strike+1","Barricade+1","Disarm+1","Berserk+1","Shrug It Off+1","Body Slam+1","Shrug It Off+1","Body Slam+1","True Grit+1","Body Slam+1","Rampage+1","Ghostly Armor+1","Madness","Madness+1","Mayhem+1","Entrench+1","Shrug It Off+1","Juggernaut","Metallicize+1"],"relics":["Burning Blood","Centennial Puzzle","Bronze Scales","Letter Opener","CaptainsWheel","Velvet Choker","Red Mask","Question Card","Tiny Chest","Nilry\u0027s Codex","Philosopher\u0027s Stone","Smiling Mask","Happy Flower","Pocketwatch","War Paint","Bag of Marbles"],"acts_visited":["Exordium","TheCity","TheBeyond","TheEnding"],"potions_floor_usage":[22,33,55,55],"damage_taken":[{"damage":1,"enemies":"Cultist","floor":1,"turns":3},{"damage":11,"enemies":"Jaw Worm","floor":2,"turns":3},{"damage":0,"enemies":"2 Louse","floor":5,"turns":2},{"damage":13,"enemies":"Gremlin Gang","floor":7,"turns":4},{"damage":0,"enemies":"Looter","floor":12,"turns":3},{"damage":10,"enemies":"Gremlin Nob","floor":13,"turns":4},{"damage":0,"enemies":"Exordium Wildlife","floor":14,"turns":3},{"damage":30,"enemies":"The Guardian","floor":16,"turns":14},{"damage":0,"enemies":"Chosen","floor":18,"turns":4},{"damage":23,"enemies":"2 Thieves","floor":19,"turns":4},{"damage":10,"enemies":"Snake Plant","floor":20,"turns":5},{"damage":1,"enemies":"Centurion and Healer","floor":21,"turns":6},{"damage":10,"enemies":"Masked Bandits","floor":22,"turns":5},{"damage":9,"enemies":"Slavers","floor":24,"turns":7},{"damage":0,"enemies":"3 Cultists","floor":27,"turns":4},{"damage":22,"enemies":"Automaton","floor":33,"turns":9},{"damage":0,"enemies":"Orb Walker","floor":35,"turns":3},{"damage":17,"enemies":"3 Shapes","floor":38,"turns":3},{"damage":0,"enemies":"Maw","floor":46,"turns":6},{"damage":19,"enemies":"3 Darklings","floor":48,"turns":4},{"damage":35,"enemies":"Awakened One","floor":50,"turns":9},{"damage":26,"enemies":"Shield and Spear","floor":54,"turns":6},{"damage":54,"enemies":"The Heart","floor":55,"turns":9}],"seed_played":"-5989753657876043446","potions_obtained":[{"floor":5,"key":"SkillPotion"},{"floor":12,"key":"BloodPotion"},{"floor":18,"key":"AttackPotion"},{"floor":35,"key":"SneckoOil"},{"floor":46,"key":"FairyPotion"}],"is_trial":false,"path_per_floor":["M","M","T","?","M","R","M","R","T","R","?","M","E","M","R","B",null,"M","M","M","M","?","R","E","R","T","M","R","?","?","?","R","B",null,"M","T","?","M","?","R","T","?","T","$","?","M","R","M","R","B",null,"R","$","E","B",null],"character_chosen":"IRONCLAD","items_purchased":["HeartOfIron","Juggernaut","War Paint"],"campfire_rested":0,"item_purchase_floors":[44,53,53],"current_hp_per_floor":[80,75,75,63,69,69,62,62,62,62,62,68,64,70,70,46,80,80,63,59,64,60,60,57,57,57,63,63,63,47,47,47,31,80,80,80,80,69,59,59,59,59,59,59,59,65,65,52,52,23,80,80,80,60,28],"gold":148,"neow_bonus":"RANDOM_COMMON_RELIC","is_daily":false,"chose_seed":false,"campfire_upgraded":11,"win_rate":0.0,"timestamp":1609970367,"path_taken":["M","M","?","?","M","R","M","R","T","R","?","?","E","M","R","BOSS","M","M","M","M","?","R","E","R","T","M","R","?","?","?","R","BOSS","M","?","?","?","?","R","?","?","T","$","?","M","R","?","R","BOSS","R","$","E","BOSS"],"items_purchased_type":["Potion","Card","Relic"],"build_version":"2020-12-22","purchased_purges":2,"victory":true,"max_hp_per_floor":[80,80,80,80,80,80,80,80,80,80,80,80,80,80,80,80,80,80,80,80,80,80,80,80,80,80,80,80,80,80,80,80,80,80,80,80,80,80,80,80,80,80,80,80,80,80,80,80,80,80,80,80,80,80,80],"card_choices":[{"not_picked":["True Grit","Perfected Strike"],"picked":"Cleave","floor":1},{"not_picked":["Armaments","Perfected Strike"],"picked":"Pommel Strike","floor":2},{"not_picked":["Second Wind","Body Slam"],"picked":"Shrug It Off","floor":5},{"not_picked":["Warcry","Feel No Pain"],"picked":"Iron Wave","floor":7},{"not_picked":["Headbutt","Pummel"],"picked":"Pommel Strike","floor":12},{"not_picked":["Burning Pact","Warcry"],"picked":"Barricade","floor":13},{"not_picked":["Evolve","Headbutt"],"picked":"Disarm","floor":14},{"not_picked":["Corruption","Reaper"],"picked":"Berserk","floor":16},{"not_picked":["Iron Wave","Thunderclap+1"],"picked":"Shrug It Off","floor":18},{"not_picked":["Pommel Strike","Iron Wave","Headbutt"],"picked":"SKIP","floor":19},{"not_picked":["Armaments","Thunderclap+1"],"picked":"Body Slam+1","floor":20},{"not_picked":["Flame Barrier+1","Headbutt"],"picked":"Shrug It Off","floor":21},{"not_picked":["Burning Pact","Warcry"],"picked":"Body Slam+1","floor":22},{"not_picked":["Flame Barrier+1","Bludgeon","Impervious"],"picked":"SKIP","floor":24},{"not_picked":["Sword Boomerang","Heavy Blade","Warcry"],"picked":"True Grit+1","floor":27},{"not_picked":["Infernal Blade+1","Sword Boomerang+1","Power Through"],"picked":"Body Slam+1","floor":35},{"not_picked":["Armaments","Intimidate+1","Immolate"],"picked":"Ghostly Armor","floor":38},{"not_picked":["Swift Strike","Madness","Master of Strategy"],"picked":"Mayhem","floor":45},{"not_picked":["Wild Strike","Thunderclap+1","Dual Wield"],"picked":"Entrench+1","floor":46},{"not_picked":["Sword Boomerang+1","Heavy Blade","Evolve+1"],"picked":"Shrug It Off+1","floor":48},{"not_picked":["Twin Strike","Cleave","Thunderclap"],"picked":"Metallicize+1","floor":54}],"player_experience":94999,"relics_obtained":[{"floor":9,"key":"Letter Opener"},{"floor":13,"key":"CaptainsWheel"},{"floor":22,"key":"Red Mask"},{"floor":24,"key":"Question Card"},{"floor":26,"key":"Tiny Chest"},{"floor":30,"key":"Nilry\u0027s Codex"},{"floor":36,"key":"Smiling Mask"},{"floor":41,"key":"Happy Flower"},{"floor":43,"key":"Pocketwatch"},{"floor":54,"key":"Bag of Marbles"}],"event_choices":[{"damage_healed":0,"gold_gain":0,"player_choice":"Success","damage_taken":12,"relics_obtained":["Bronze Scales"],"max_hp_gain":0,"max_hp_loss":0,"event_name":"Scrap Ooze","floor":4,"gold_loss":0},{"damage_healed":0,"gold_gain":0,"player_choice":"Forge","damage_taken":0,"max_hp_gain":0,"max_hp_loss":0,"event_name":"Accursed Blacksmith","floor":11,"gold_loss":0,"cards_upgraded":["Shrug It Off"]},{"damage_healed":0,"gold_gain":0,"player_choice":"Fought Bandits","damage_taken":0,"max_hp_gain":0,"max_hp_loss":0,"event_name":"Masked Bandits","floor":22,"gold_loss":0},{"cards_removed":["Strike_R"],"damage_healed":0,"gold_gain":0,"player_choice":"Gave Gold","damage_taken":0,"max_hp_gain":0,"max_hp_loss":0,"event_name":"Beggar","floor":29,"gold_loss":75},{"damage_healed":0,"gold_gain":0,"player_choice":"Obtained Book","damage_taken":16,"max_hp_gain":0,"max_hp_loss":0,"event_name":"Cursed Tome","floor":30,"gold_loss":0},{"cards_removed":["Strike_R"],"damage_healed":0,"gold_gain":0,"player_choice":"Card Removal","damage_taken":0,"max_hp_gain":0,"max_hp_loss":0,"event_name":"Wheel of Change","floor":31,"gold_loss":0},{"damage_healed":0,"gold_gain":0,"cards_transformed":["Strike_R"],"player_choice":"Transformed","damage_taken":0,"max_hp_gain":0,"max_hp_loss":0,"event_name":"Transmorgrifier","floor":37,"gold_loss":0,"cards_obtained":["Rampage"]},{"damage_healed":0,"gold_gain":0,"player_choice":"Embrace Madness","damage_taken":10,"max_hp_gain":0,"max_hp_loss":0,"event_name":"Winding Halls","floor":39,"gold_loss":0,"cards_obtained":["Madness","Madness"]},{"cards_removed":["Defend_R"],"damage_healed":0,"gold_gain":0,"player_choice":"Removed Skill","damage_taken":0,"max_hp_gain":0,"max_hp_loss":0,"event_name":"Falling","floor":42,"gold_loss":0},{"damage_healed":0,"gold_gain":0,"player_choice":"Memory 1","damage_taken":0,"max_hp_gain":0,"max_hp_loss":0,"event_name":"SensoryStone","floor":45,"gold_loss":0}],"is_beta":false,"boss_relics":[{"not_picked":["Calling Bell","Runic Pyramid"],"picked":"Velvet Choker"},{"not_picked":["Sozu","Runic Cube"],"picked":"Philosopher\u0027s Stone"}],"items_purged_floors":[44,53],"is_endless":false,"potions_floor_spawned":[5,12,18,19,20,35,46],"ascension_level":0}}