{"host":"ktoxvvst1mwxww91","time":1609921817,"event":{"mods":["BaseMod","Hermit","Minty Spire (QoL Compilation)","StSLib","The Hierophant","The Mystic","The Necromancer"],"gold_per_floor":[114,189,189,199,36,36,64,64,64,64,75,75,93,69,69,148,148,165,17,30,30,50,50,50,60,83,94,94,55,154,154,154,229,229,248,248,248,264,164,179,179,198,280,74,74,89,89,115,115,115],"floor_reached":51,"playtime":4996,"items_purged":["Strike_G","Strike_G","Slice"],"score":1078,"play_id":"5529477a-d84e-48b5-990d-83f617f07ad1","local_time":"20210106093017","is_ascension_mode":true,"campfire_choices":[{"data":"Blade Dance","floor":6.0,"key":"SMITH"},{"data":"Footwork","floor":8.0,"key":"SMITH"},{"floor":10.0,"key":"REST"},{"data":"Wraith Form v2","floor":15.0,"key":"SMITH"},{"data":"After Image","floor":23.0,"key":"SMITH"},{"data":"Leg Sweep","floor":28.0,"key":"SMITH"},{"data":"Blade Dance","floor":32.0,"key":"SMITH"},{"data":"Wraith Form v2","floor":45.0,"key":"SMITH"},{"data":"Blade Dance","floor":47,"key":"SMITH"},{"data":"Wraith Form v2","floor":49,"key":"SMITH"}],"circlet_count":0,"master_deck":["AscendersBane","Defend_G","Defend_G","Defend_G","Defend_G","Defend_G","Survivor","Neutralize","Sucker Punch","Blur","Blade Dance+1","Footwork+1","PiercingWail","Sucker Punch","Wraith Form v2+1","After Image+1","Finisher","Quick Slash","Wraith Form v2+1","Blade Dance+1","Cloak And Dagger","Corpse Explosion","Dash","Leg Sweep+1","Tools of the Trade","Blur","A Thousand Cuts","Acrobatics","Wraith Form v2+1","Blade Dance+1","Blade Dance","Terror","Accuracy","Wraith Form v2+1"],"relics":["Ring of the Snake","Pantograph","Prayer Wheel","Mercury Hourglass","Snecko Eye","DollysMirror","Boot","Anchor","Empty Cage","Darkstone Periapt","Turnip"],"acts_visited":["Exordium","TheCity","TheBeyond"],"potions_floor_usage":[50,50],"damage_taken":[{"damage":3.0,"enemies":"Jaw Worm","floor":1.0,"turns":6.0},{"damage":0.0,"enemies":"Small Slimes","floor":4.0,"turns":5.0},{"damage":21.0,"enemies":"Lagavulin","floor":7.0,"turns":10.0},{"damage":0.0,"enemies":"2 Louse","floor":11.0,"turns":3.0},{"damage":0.0,"enemies":"2 Fungi Beasts","floor":13.0,"turns":3.0},{"damage":26.0,"enemies":"Hexaghost","floor":16.0,"turns":18.0},{"damage":0.0,"enemies":"Chosen","floor":18.0,"turns":8.0},{"damage":21.0,"enemies":"Spheric Guardian","floor":20.0,"turns":8.0},{"damage":2.0,"enemies":"Shelled Parasite and Fungi","floor":22.0,"turns":7.0},{"damage":0.0,"enemies":"Centurion and Healer","floor":25.0,"turns":4.0},{"damage":9.0,"enemies":"Snecko","floor":27.0,"turns":6.0},{"damage":6.0,"enemies":"Collector","floor":33.0,"turns":14.0},{"damage":0.0,"enemies":"3 Shapes","floor":35.0,"turns":3.0},{"damage":5.0,"enemies":"3 Darklings","floor":38.0,"turns":4.0},{"damage":4.0,"enemies":"Maw","floor":40.0,"turns":10.0},{"damage":2.0,"enemies":"Spire Growth","floor":42.0,"turns":7.0},{"damage":3,"enemies":"Jaw Worm Horde","floor":46,"turns":5},{"damage":9,"enemies":"Giant Head","floor":48,"turns":8},{"damage":22,"enemies":"Awakened One","floor":50,"turns":12}],"seed_played":"362066884401673271","potions_obtained":[{"floor":13.0,"key":"Weak Potion"},{"floor":16.0,"key":"FearPotion"},{"floor":22.0,"key":"Explosive Potion"},{"floor":38.0,"key":"Weak Potion"},{"floor":40.0,"key":"Fire Potion"}],"is_trial":false,"path_per_floor":["M","?","?","M","$","R","E","R","T","R","M","?","M","$","R","B",null,"M","$","M","?","M","R","?","M","T","M","R","$","?","?","R","B",null,"M","?","?","M","$","M","?","M","T","$","R","M","R","E","R","B",null],"character_chosen":"THE_SILENT","items_purchased":["Blade Dance","Footwork","Slice","DollysMirror","Blur","Accuracy"],"campfire_rested":1,"item_purchase_floors":[5,5,14,19,29,44],"current_hp_per_floor":[60,49,49,49,49,49,28,28,28,49,49,24,24,24,24,23,58,58,58,37,37,35,35,35,35,35,26,26,26,26,26,26,45,64,64,64,64,59,59,55,55,53,53,53,53,50,50,41,41,44],"gold":115,"neow_bonus":"REMOVE_CARD","is_daily":false,"chose_seed":false,"campfire_upgraded":9,"win_rate":0.0,"timestamp":1609921817,"path_taken":["M","?","?","M","$","R","E","R","T","R","M","?","?","$","R","BOSS","M","$","M","?","M","R","?","M","T","M","R","$","?","?","R","BOSS","M","?","?","?","$","M","?","?","T","$","R","M","R","E","R","BOSS"],"items_purchased_type":["Card","Card","Card","Relic","Card","Card"],"build_version":"2020-12-22","purchased_purges":3,"victory":true,"max_hp_per_floor":[70,70,70,70,70,70,70,70,70,70,70,70,70,70,70,70,70,70,70,70,70,70,70,70,70,70,70,70,70,70,70,70,70,70,70,70,70,70,70,70,70,70,70,70,70,70,70,70,70,70],"card_choices":[{"not_picked":["Dodge and Roll","Dagger Spray"],"picked":"Sucker Punch","floor":1.0},{"not_picked":["Flying Knee","Distraction"],"picked":"Blur","floor":4.0},{"not_picked":["Eviscerate","Flechettes"],"picked":"PiercingWail","floor":7.0},{"not_picked":["All Out Attack","Dagger Throw"],"picked":"Sucker Punch","floor":11.0},{"not_picked":["Quick Slash","Bane"],"picked":"Slice","floor":11.0},{"not_picked":["Poisoned Stab","Accuracy"],"picked":"Wraith Form v2","floor":13.0},{"not_picked":["PiercingWail","Crippling Poison","Underhanded Strike"],"picked":"SKIP","floor":13.0},{"not_picked":["Die Die Die","Unload"],"picked":"After Image","floor":16.0},{"not_picked":["Eviscerate","Deadly Poison"],"picked":"Finisher","floor":18.0},{"not_picked":["Dodge and Roll","Slice"],"picked":"Quick Slash","floor":18.0},{"not_picked":["Poisoned Stab","PiercingWail"],"picked":"Dash","floor":20.0},{"not_picked":["Bane","Underhanded Strike","Distraction"],"picked":"SKIP","floor":20.0},{"not_picked":["Dagger Throw","Finisher"],"picked":"Cloak And Dagger","floor":22.0},{"not_picked":["Backflip","Tactician"],"picked":"Corpse Explosion","floor":22.0},{"not_picked":["Flying Knee+1","Dagger Spray"],"picked":"Dash","floor":25.0},{"not_picked":["Sucker Punch","Skewer","Expertise"],"picked":"SKIP","floor":25.0},{"not_picked":["Bane","Flechettes"],"picked":"Leg Sweep","floor":27.0},{"not_picked":["Distraction","Dagger Spray"],"picked":"Tools of the Trade","floor":27.0},{"not_picked":["Glass Knife","Corpse Explosion"],"picked":"A Thousand Cuts","floor":33.0},{"not_picked":["Dagger Throw","Tactician","Sucker Punch"],"picked":"SKIP","floor":35.0},{"not_picked":["Outmaneuver+1","Masterful Stab","Underhanded Strike"],"picked":"SKIP","floor":35.0},{"not_picked":["Outmaneuver","Bane"],"picked":"Acrobatics","floor":38.0},{"not_picked":["Setup","Slice+1"],"picked":"Wraith Form v2","floor":38.0},{"not_picked":["Crippling Poison","Dodge and Roll+1"],"picked":"Blade Dance","floor":40.0},{"not_picked":["Underhanded Strike","Dodge and Roll"],"picked":"Blade Dance","floor":40.0},{"not_picked":["Dagger Throw+1","All Out Attack","Endless Agony"],"picked":"SKIP","floor":42.0},{"not_picked":["Sucker Punch+1","Prepared","Dagger Throw"],"picked":"SKIP","floor":42.0},{"not_picked":["Terror","Bane+1","Endless Agony+1"],"picked":"SKIP","floor":46},{"not_picked":["Prepared","Expertise","Dodge and Roll"],"picked":"SKIP","floor":46},{"not_picked":["Footwork","Bane"],"picked":"Wraith Form v2","floor":48}],"player_experience":972024,"relics_obtained":[{"floor":7.0,"key":"Pantograph"},{"floor":9.0,"key":"Prayer Wheel"},{"floor":26.0,"key":"Boot"},{"floor":43.0,"key":"Darkstone Periapt"},{"floor":48,"key":"Turnip"}],"event_choices":[{"damage_healed":0.0,"max_hp_gain":0.0,"max_hp_loss":0.0,"gold_gain":75.0,"event_name":"World of Goop","player_choice":"Gather Gold","floor":2.0,"gold_loss":0.0,"damage_taken":11.0},{"cards_removed":["Strike_G"],"damage_healed":0.0,"max_hp_gain":0.0,"max_hp_loss":0.0,"gold_gain":0.0,"event_name":"Living Wall","player_choice":"Forget","floor":3.0,"gold_loss":0.0,"damage_taken":0.0},{"damage_healed":0.0,"max_hp_gain":0.0,"max_hp_loss":0.0,"gold_gain":0.0,"event_name":"Scrap Ooze","player_choice":"Success","floor":12.0,"gold_loss":0.0,"damage_taken":25.0,"relics_obtained":["Mercury Hourglass"]},{"damage_healed":0.0,"max_hp_gain":0.0,"max_hp_loss":0.0,"gold_gain":0.0,"event_name":"The Library","player_choice":"Read","floor":21.0,"gold_loss":0.0,"damage_taken":0.0,"cards_obtained":["Blade Dance"]},{"damage_healed":0.0,"max_hp_gain":0.0,"max_hp_loss":0.0,"gold_gain":0.0,"event_name":"Vampires","player_choice":"Ignored","floor":24.0,"gold_loss":0.0,"damage_taken":0.0},{"damage_healed":0.0,"max_hp_gain":0.0,"max_hp_loss":0.0,"gold_gain":99.0,"event_name":"Nest","player_choice":"Stole From Cult","floor":30.0,"gold_loss":0.0,"damage_taken":0.0},{"damage_healed":0.0,"max_hp_gain":0.0,"max_hp_loss":0.0,"gold_gain":0.0,"event_name":"The Mausoleum","player_choice":"Opened","floor":31.0,"gold_loss":0.0,"damage_taken":0.0,"relics_obtained":["Anchor"],"cards_obtained":["Writhe"]},{"cards_removed":["Dash"],"damage_healed":0.0,"max_hp_gain":0.0,"max_hp_loss":0.0,"gold_gain":0.0,"event_name":"Falling","player_choice":"Removed Attack","floor":36.0,"gold_loss":0.0,"damage_taken":0.0},{"damage_healed":0.0,"max_hp_gain":0.0,"max_hp_loss":0.0,"gold_gain":0.0,"event_name":"Mysterious Sphere","player_choice":"Ignored","floor":37.0,"gold_loss":0.0,"damage_taken":0.0},{"damage_healed":0.0,"max_hp_gain":0.0,"max_hp_loss":0.0,"gold_gain":0.0,"cards_transformed":["Slice"],"event_name":"Transmorgrifier","player_choice":"Transformed","floor":41.0,"gold_loss":0.0,"damage_taken":0.0,"cards_obtained":["Terror"]}],"is_beta":false,"boss_relics":[{"not_picked":["Cursed Key","Coffee Dripper"],"picked":"Snecko Eye"},{"not_picked":["Pandora\u0027s Box","Velvet Choker"],"picked":"Empty Cage"}],"items_purged_floors":[5,39,44],"is_endless":false,"potions_floor_spawned":[13,16,22,38,40],"ascension_level":13}}