{"host":"bh8a33xhefk4gdoh","time":1609947740,"event":{"mods":["ATMod(阿瑾Mod)","Act Like it!","Alarm Clock","Ascension Reborn","BaseMod","Chinese 32Bit Patch","Colored Powertips","Defuse TimeMaze Blight","Easy Mod","Friendly Minions","Minty Spire (QoL Compilation)","MostiFishMod","Nova Terra(诺娃・泰拉)","Quick Restart","Relic Stats","RumiaBox-露米娅的神秘盒子","Shop Mod","Spicy Shops","StSLib","TestMod","【功能Mod】Neow奖励","【功能Mod】混沌之环修复补丁","【遗物Mod】简单游戏","【遗物卡牌】REMEMod","篝火指南"],"gold_per_floor":[113,125,125,200,200,228,228,263,263,275,65,65,75,405,110,213,225,253,265,260,34,34,34,49,49,49,59,72,72,91,116,116,212,212,227,9,23,43,60,55,55,82,82,112,82,95,270,390,390,410],"floor_reached":51,"playtime":3251,"items_purged":["AT_HeatAcrobatics","NovaMod:GhostOps"],"score":1004,"play_id":"ddebfa57-93e4-4c0e-b9b6-7fcacbd04ed2","local_time":"20210106234220","is_ascension_mode":true,"campfire_choices":[{"floor":7.0,"key":"REST"},{"floor":12.0,"key":"REST"},{"data":"NovaMod:RadiationShooting","floor":23,"key":"SMITH"},{"data":"NovaMod:SwiftChop","floor":25,"key":"SMITH"},{"floor":29,"key":"REST"},{"data":"NovaMod:Basic_Strike_Nova","floor":32,"key":"SMITH"},{"data":"NovaMod:ScienceVessel","floor":49,"key":"SMITH"}],"circlet_count":0,"master_deck":["NovaMod:Basic_Strike_Nova+1","NovaMod:Basic_Strike_Nova+1","NovaMod:Basic_Strike_Nova+1","NovaMod:Basic_Strike_Nova+1","NovaMod:Basic_Defend_Nova+1","NovaMod:Basic_Defend_Nova+1","NovaMod:Basic_Defend_Nova+1","NovaMod:Basic_Defend_Nova+1","NovaMod:Snipe+1","NovaMod:PenetratingBlast+1","NovaMod:WaitingGame+1","NovaMod:QuickResponse+1","NovaMod:SuperStimPack+1","NovaMod:StimPack+1","NovaMod:Chaos+1","NovaMod:RadioactiveSource+1","NovaMod:RadiationWarrior+1","NovaMod:Bioaugmentation+1","NovaMod:RadiationShooting+1","NovaMod:RadioactiveSource+1","NovaMod:SwiftChop+1","NovaMod:Upgrade+1","NovaMod:RadiationShield+1","NovaMod:QuickResponse+1","NovaMod:Pollution","NovaMod:NuclearFactory+","NovaMod:Detonation","NovaMod:ScienceVessel+1","NovaMod:TacticalNuke+"],"relics":["NovaMod:GhostSuit","EasyRelic","REME_ComplimentaryCards","AT_ATBox","DaveBox","testmod-TestBox","testmod-BloodSacrificeSpiritualization","ShadowXiaoBlade","NeowsBlessing","SynthV:TestCard","testmod-Alchemist","EasyMod:Easy_1","GodSword1","Eternal Feather","MerchantsRug","AT_SeraphEmbrace","AT_EbonyIvory","SacredBark","Happy Flower","ClockworkSouvenir","Bag of Preparation","Blood Vial","Ccalipers","xbg","ChaoDraw","ZombieArmy","Anchor","Boot","GodSword5","testmod-Antiphasic","Membership Card","EasyMod:Easy_7","EasyMod:Easy_6"],"acts_visited":["Exordium","TheCity","TheBeyond"],"potions_floor_usage":[30,40,40],"damage_taken":[{"damage":8.0,"enemies":"2 Louse","floor":1.0,"turns":1.0},{"damage":8.0,"enemies":"Jaw Worm","floor":2.0,"turns":1.0},{"damage":8.0,"enemies":"3 Sentries","floor":6.0,"turns":1.0},{"damage":11.0,"enemies":"Lagavulin","floor":8.0,"turns":3.0},{"damage":8.0,"enemies":"Cultist","floor":10.0,"turns":2.0},{"damage":16.0,"enemies":"2 Fungi Beasts","floor":13.0,"turns":3.0},{"damage":34.0,"enemies":"Gremlin Nob","floor":14.0,"turns":3.0},{"damage":19.0,"enemies":"Hexaghost","floor":16.0,"turns":5.0},{"damage":14,"enemies":"Shell Parasite","floor":18,"turns":4},{"damage":12,"enemies":"2 Thieves","floor":20,"turns":4},{"damage":19,"enemies":"Shelled Parasite and Fungi","floor":24,"turns":4},{"damage":18,"enemies":"Centurion and Healer","floor":27,"turns":6},{"damage":14,"enemies":"3 Cultists","floor":28,"turns":4},{"damage":8,"enemies":"Sentry and Sphere","floor":30,"turns":3},{"damage":15,"enemies":"Slavers","floor":31,"turns":2},{"damage":8,"enemies":"Champ","floor":33,"turns":7},{"damage":34,"enemies":"3 Darklings","floor":35,"turns":3},{"damage":11,"enemies":"3 Shapes","floor":37,"turns":2},{"damage":8,"enemies":"Sphere and 2 Shapes","floor":38,"turns":1},{"damage":9,"enemies":"Spire Growth","floor":39,"turns":4},{"damage":14,"enemies":"Nemesis","floor":40,"turns":3},{"damage":11,"enemies":"Giant Head","floor":42,"turns":4},{"damage":8,"enemies":"Reptomancer","floor":44,"turns":3},{"damage":8,"enemies":"Writhing Mass","floor":46,"turns":3},{"damage":8,"enemies":"Maw","floor":47,"turns":4},{"damage":8,"enemies":"Sphere and 2 Shapes","floor":48,"turns":1},{"damage":40,"enemies":"Donu and Deca","floor":50,"turns":5}],"seed_played":"-5102675865177276549","potions_obtained":[{"floor":1.0,"key":"ColorlessPotion"},{"floor":10.0,"key":"Weak Potion"},{"floor":16.0,"key":"PowerPotion"},{"floor":18,"key":"FearPotion"},{"floor":28,"key":"FearPotion"},{"floor":30,"key":"testmod-SpacePotion"},{"floor":39,"key":"REME_GoldPotion"},{"floor":42,"key":"FearPotion"},{"floor":44,"key":"Regen Potion"},{"floor":48,"key":"Dexterity Potion"}],"is_trial":false,"path_per_floor":["M","M","?","?","?","E","R","E","T","M","$","R","M","E","R","B",null,"M","?","M","$","?","R","M","R","T","M","M","R","M","E","R","B",null,"M","$","M","M","M","E","?","E","T","E","R","M","M","M","R","B",null],"character_chosen":"NOVA","items_purchased":["MerchantsRug","AT_ArchangelStaff","AT_EbonyIvory","testmod-SpacePotion","Happy Flower","ClockworkSouvenir","ChaoDraw","Membership Card","EasyMod:Easy_7"],"campfire_rested":3,"item_purchase_floors":[11,15,15,15,21,21,36,45,45],"current_hp_per_floor":[72,64,57,46,39,31,55,44,44,36,36,69,53,19,28,9,80,66,66,54,54,54,66,52,64,64,46,39,75,67,52,64,65,80,46,46,37,31,24,12,80,69,69,63,80,72,66,68,80,40],"gold":410,"neow_bonus":"THREE_ENEMY_KILL","is_daily":false,"chose_seed":false,"campfire_upgraded":4,"win_rate":0.0,"timestamp":1609947740,"path_taken":["M","M","?","?","?","E","R","E","T","M","$","R","M","E","R","BOSS","M","?","M","?","?","R","M","R","T","M","M","R","M","E","R","BOSS","M","$","M","M","M","E","?","E","T","E","R","?","M","M","R","BOSS"],"items_purchased_type":["Relic","Relic","Relic","Potion","Relic","Relic","Relic","Relic","Relic"],"build_version":"2020-12-22","purchased_purges":2,"victory":true,"max_hp_per_floor":[80,80,80,80,80,80,80,80,80,80,80,80,80,80,80,80,80,80,80,80,80,80,80,80,80,80,80,80,80,80,80,80,80,80,80,80,80,80,80,80,80,80,80,80,80,80,80,80,80,80],"relic_stats":{"Blood Vial":16,"Happy Flower":[19],"counters":[27,86],"Eternal Feather":95,"Bag of Preparation":[30],"Boot":[0],"obtain_stats":[{"AT_SeraphEmbrace":39,"AT_ATBox":0,"DaveBox":0,"SacredBark":17,"Bag of Preparation":27,"testmod-BloodSacrificeSpiritualization":0,"AT_ArchangelStaff":15,"Boot":42,"EasyMod:Easy_1":6,"Old Coin":14,"ClockworkSouvenir":21,"Blood Vial":31,"testmod-Alchemist":5,"EasyMod:Easy_6":46,"EasyMod:Easy_7":45,"Ccalipers":33,"NovaMod:GhostSuit":0,"ZombieArmy":40,"MerchantsRug":11,"testmod-TestBox":0,"NeowsBlessing":0,"Happy Flower":21,"ShadowXiaoBlade":0,"Eternal Feather":9,"AT_EbonyIvory":15,"MawBank":16,"ChaoDraw":36,"EasyRelic":0,"testmod-Antiphasic":44,"Anchor":40,"SynthV:TestCard":1,"Molten Egg 2":26,"GodSword5":43,"Membership Card":45,"xbg":34,"REME_ComplimentaryCards":0,"GodSword1":8},{"AT_SeraphEmbrace":20,"AT_ATBox":0,"DaveBox":0,"SacredBark":8,"Bag of Preparation":12,"testmod-BloodSacrificeSpiritualization":0,"AT_ArchangelStaff":7,"Boot":22,"EasyMod:Easy_1":3,"Old Coin":7,"ClockworkSouvenir":10,"Blood Vial":15,"testmod-Alchemist":2,"EasyMod:Easy_6":24,"EasyMod:Easy_7":23,"Ccalipers":16,"NovaMod:GhostSuit":0,"ZombieArmy":21,"MerchantsRug":5,"testmod-TestBox":0,"NeowsBlessing":0,"Happy Flower":10,"ShadowXiaoBlade":0,"Eternal Feather":4,"AT_EbonyIvory":7,"MawBank":8,"ChaoDraw":17,"EasyRelic":0,"testmod-Antiphasic":23,"Anchor":21,"SynthV:TestCard":1,"Molten Egg 2":11,"GodSword5":22,"Membership Card":23,"xbg":16,"REME_ComplimentaryCards":0,"GodSword1":4},{"AT_SeraphEmbrace":61,"AT_ATBox":0,"DaveBox":0,"SacredBark":19,"Bag of Preparation":37,"testmod-BloodSacrificeSpiritualization":0,"AT_ArchangelStaff":14,"Boot":70,"EasyMod:Easy_1":3,"Old Coin":14,"ClockworkSouvenir":27,"Blood Vial":46,"testmod-Alchemist":2,"EasyMod:Easy_6":76,"EasyMod:Easy_7":73,"Ccalipers":53,"NovaMod:GhostSuit":0,"ZombieArmy":66,"MerchantsRug":8,"testmod-TestBox":0,"NeowsBlessing":0,"Happy Flower":27,"ShadowXiaoBlade":0,"Eternal Feather":6,"AT_EbonyIvory":14,"MawBank":19,"ChaoDraw":56,"EasyRelic":0,"testmod-Antiphasic":73,"Anchor":66,"SynthV:TestCard":1,"Molten Egg 2":31,"GodSword5":70,"Membership Card":73,"xbg":53,"REME_ComplimentaryCards":0,"GodSword1":6}]},"card_choices":[{"not_picked":["NovaMod:FastGuidance","NovaMod:Mediatation"],"picked":"NovaMod:WaitingGame","floor":1.0},{"not_picked":["NovaMod:ArmorPenetration","NovaMod:SmartServos","NovaMod:Snipe","NovaMod:Mediatation"],"picked":"NovaMod:QuickResponse","floor":2.0},{"not_picked":["NovaMod:WidowMine","NovaMod:Thor","NovaMod:SabotageDrone","NovaMod:SmartServos"],"picked":"NovaMod:SuperStimPack","floor":6.0},{"not_picked":["NovaMod:Pollution","NovaMod:Standby","NovaMod:MechanicalArmor","NovaMod:Thor"],"picked":"NovaMod:AssaultMode","floor":8.0},{"not_picked":["NovaMod:Thor","NovaMod:TechLab","NovaMod:AirDrop","NovaMod:CovertOps"],"picked":"NovaMod:StimPack","floor":10.0},{"not_picked":["NovaMod:GhostAcademy","NovaMod:FastGuidance","NovaMod:Snipe","NovaMod:SmartServos"],"picked":"NovaMod:Chaos","floor":13.0},{"not_picked":["NovaMod:PenetratingBlast","NovaMod:StimPack","NovaMod:GhostAcademy","NovaMod:BarrageShooting"],"picked":"NovaMod:RadioactiveSource","floor":14.0},{"not_picked":["NovaMod:WeaknessInsights","NovaMod:GhostOps","NovaMod:InfernalIgniter","NovaMod:ExtremeReovery"],"picked":"NovaMod:RadiationWarrior","floor":16.0},{"not_picked":["NovaMod:Mediatation","NovaMod:ArmorPenetration","NovaMod:Barrier","NovaMod:PrecsionAssembly"],"picked":"NovaMod:Bioaugmentation+1","floor":18},{"not_picked":["NovaMod:Pollution","NovaMod:MechanicalArmor","NovaMod:MonomolecularBlade","NovaMod:BarrageShooting"],"picked":"NovaMod:RadiationShooting","floor":20},{"not_picked":["NovaMod:HoloDecoy","NovaMod:MultilayerArmor","NovaMod:PredatorMissile","NovaMod:PenetratingBlast"],"picked":"NovaMod:SwiftChop","floor":24},{"not_picked":["NovaMod:Bioaugmentation","NovaMod:SwiftChop+1","NovaMod:RaidArtillery+1","NovaMod:PredatorMissile"],"picked":"NovaMod:Upgrade+1","floor":27},{"not_picked":["NovaMod:RadiationWarrior","NovaMod:JetAssault+1","NovaMod:AirDrop","NovaMod:PredatorMissile","NovaMod:BarrageShooting+1"],"picked":"SKIP","floor":28},{"not_picked":["NovaMod:Standby","NovaMod:WaitingGame","NovaMod:CovertOps+1","NovaMod:ArmorPenetration","NovaMod:SuperStimPack+1"],"picked":"SKIP","floor":30},{"not_picked":["NovaMod:Barrier+1","NovaMod:RadiationWarrior","NovaMod:AirDrop","NovaMod:MonomolecularBlade+1"],"picked":"NovaMod:RadiationShield","floor":31},{"not_picked":["NovaMod:WidowMine+1","NovaMod:Thor+1","NovaMod:BarrageShooting+1","NovaMod:PulseGrenade+1","NovaMod:SuperStimPack"],"picked":"SKIP","floor":35},{"not_picked":["NovaMod:MagrailMunitions+1","NovaMod:Upgrade+1","NovaMod:Blink","NovaMod:PsychicShield+1"],"picked":"NovaMod:QuickResponse+1","floor":37},{"not_picked":["NovaMod:MagrailMunitions+1","NovaMod:Upgrade+1","NovaMod:JetAssault+1","NovaMod:Chaos"],"picked":"NovaMod:Pollution","floor":38},{"not_picked":["NovaMod:MagrailMunitions","NovaMod:Snipe","NovaMod:SuppressionShells","NovaMod:PredatorMissile"],"picked":"NovaMod:NuclearFactory+","floor":39},{"not_picked":["NovaMod:Blink+1","NovaMod:GhostAcademy+1","NovaMod:WidowMine+1","NovaMod:WaitingGame+1"],"picked":"NovaMod:Detonation","floor":40},{"not_picked":["NovaMod:StimPack","NovaMod:PulseGrenade","NovaMod:ArmorPenetration","NovaMod:MechanicalArmor+1","NovaMod:PenetratingBlast"],"picked":"SKIP","floor":42},{"not_picked":["NovaMod:Upgrade","NovaMod:CovertOps+1","NovaMod:TripleTap","NovaMod:StimPack+1"],"picked":"NovaMod:ScienceVessel","floor":44},{"not_picked":["NovaMod:MultilayerArmor","NovaMod:Bioaugmentation+1","NovaMod:Chaos","NovaMod:GhostAcademy+1","NovaMod:Barrier+1"],"picked":"SKIP","floor":46},{"not_picked":["NovaMod:GhostAcademy+1","NovaMod:QuickResponse+1","NovaMod:MultilayerArmor+1","NovaMod:TripleTap+1","NovaMod:MechanicalArmor"],"picked":"SKIP","floor":47},{"not_picked":["NovaMod:InfernalIgniter","NovaMod:Barrier","NovaMod:Standby+1","NovaMod:Snipe","NovaMod:SmartServos+1"],"picked":"SKIP","floor":48}],"player_experience":203781,"relics_obtained":[{"floor":1.0,"key":"SynthV:TestCard"},{"floor":6.0,"key":"EasyMod:Easy_1"},{"floor":8.0,"key":"GodSword1"},{"floor":9.0,"key":"Eternal Feather"},{"floor":14.0,"key":"Old Coin"},{"floor":16.0,"key":"MawBank"},{"floor":26,"key":"Molten Egg 2"},{"floor":27,"key":"Bag of Preparation"},{"floor":31,"key":"Blood Vial"},{"floor":33,"key":"Ccalipers"},{"floor":40,"key":"ZombieArmy"},{"floor":40,"key":"Anchor"},{"floor":42,"key":"Boot"},{"floor":43,"key":"GodSword5"},{"floor":44,"key":"testmod-Antiphasic"},{"floor":46,"key":"EasyMod:Easy_6"}],"event_choices":[{"cards_removed":["EasyMod:card_1"],"damage_healed":0.0,"max_hp_gain":0.0,"max_hp_loss":0.0,"gold_gain":0.0,"event_name":"Golden Wing","player_choice":"Card Removal","floor":3.0,"gold_loss":0.0,"damage_taken":7.0},{"damage_healed":0.0,"max_hp_gain":0.0,"max_hp_loss":0.0,"gold_gain":75.0,"event_name":"World of Goop","player_choice":"Gather Gold","floor":4.0,"gold_loss":0.0,"damage_taken":11.0},{"damage_healed":0.0,"max_hp_gain":0.0,"max_hp_loss":0.0,"gold_gain":0.0,"event_name":"Scrap Ooze","player_choice":"Success","floor":5.0,"gold_loss":0.0,"damage_taken":7.0,"relics_obtained":["testmod-Alchemist"]},{"damage_healed":0,"gold_gain":0,"player_choice":"Upgraded","damage_taken":0,"max_hp_gain":0,"max_hp_loss":0,"event_name":"Upgrade Shrine","floor":19,"gold_loss":0,"cards_upgraded":["NovaMod:WaitingGame"]},{"cards_removed":["NovaMod:AssaultMode"],"damage_healed":68,"gold_gain":0,"player_choice":"Offered Uncommon","damage_taken":0,"max_hp_gain":0,"max_hp_loss":0,"event_name":"Bonfire Elementals","floor":41,"gold_loss":0}],"is_beta":false,"boss_relics":[{"not_picked":["testmod-CardMagician","testmod-Prudence"],"picked":"SacredBark"},{"not_picked":["Cursed Key","Busted Crown"],"picked":"xbg"}],"items_purged_floors":[11,21],"is_endless":false,"potions_floor_spawned":[1,10,16,18,28,30,39,42,44,48],"ascension_level":0}}