{"host":"u21q392b5xaj11fl","time":1609960755,"event":{"mods":["2.2 Compatiblity","Bard","BaseMod","Better Note","Colored Map","Colored Powertips","Conspire","Custom Start","Downfall","Faster Ascension Climbing","Friendly Minions","GifTheSpireLib","Glutton Mod","Gremlin Skip","Highlight Path","Hubris","Infinite Spire","Mad Scientist","Marisa????????","Mimic Mod","Minty Spire (QoL Compilation)","Permanent Neow","Potionbrewer","Quick Restart","READ ME - Guardian Mod","Relic Sorter","Replay The Spire","Shop Mod","Somnambulant","StSLib","Stuff the Spire","SuperFastMode","The Blue Laboratory","The Construct","The Disciple","The Mystic","The Servant 0.9.4","vexMod"],"gold_per_floor":[116,66,66,66,66,96,113,113,113,132,198,226,226,237,237,314,314],"floor_reached":16,"playtime":1920,"items_purged":[],"score":429,"play_id":"5211c736-a239-4d17-9812-2a09cb067854","local_time":"20210106131915","is_ascension_mode":true,"campfire_choices":[{"data":"infinitespire:TheBestDefense","floor":8,"key":"SMITH"},{"data":"construct:Hazardproof","floor":15,"key":"SMITH"}],"circlet_count":0,"master_deck":["AscendersBane","construct:Strike_Gold","construct:Strike_Gold","construct:Strike_Gold","construct:Strike_Gold","construct:Strike_Gold","construct:Defend_Gold","construct:Defend_Gold","construct:Defend_Gold+1","construct:Defend_Gold+1","construct:AttackMode","construct:DefenseMode","construct:Hazardproof+1","infinitespire:Collect","infinitespire:TheBestDefense+1","potionbrewer:Transmute","construct:Zapper","ReplayTheSpireMod:Dual Polarity","Acceleration","construct:Overcharge+1","WindUp"],"relics":["construct:ClockworkPhoenix","Blood Vial","PrismaticShard","hubris:SlimyHat","hubris:MobiusCoin","StuffTheSpire:Tea"],"acts_visited":["Exordium"],"potions_floor_usage":[10,11,14,16,16],"damage_taken":[{"damage":0.0,"enemies":"Jaw Worm","floor":1.0,"turns":3.0},{"damage":19,"enemies":"3 Sentries","floor":6,"turns":9},{"damage":0,"enemies":"2 Louse","floor":7,"turns":4},{"damage":0,"enemies":"Small Slimes","floor":10,"turns":4},{"damage":1,"enemies":"Blue Slaver","floor":11,"turns":4},{"damage":4,"enemies":"Replay:BlueRogue","floor":12,"turns":8},{"damage":2,"enemies":"Exordium Thugs","floor":14,"turns":4},{"damage":20,"enemies":"Slime Boss","floor":16,"turns":17}],"seed_played":"-4805241547942001763","potions_obtained":[{"floor":1.0,"key":"potionbrewer:DiscountPotion"},{"floor":12,"key":"Guardian:BlockOnCardUsePotion"},{"floor":16,"key":"blueLaboratory:HorrorPotion"}],"is_trial":false,"path_per_floor":["M","?","?","AVR","?","E","M","R","T","M","M","E","?","M","R","B"],"character_chosen":"THE_CONSTRUCT_MOD","items_purchased":[],"campfire_rested":0,"item_purchase_floors":[],"current_hp_per_floor":[79,79,79,79,62,45,47,47,47,49,50,48,48,48,48,32,32],"gold":314,"neow_bonus":"RANDOM_COMMON_RELIC","is_daily":false,"chose_seed":false,"campfire_upgraded":2,"win_rate":0.0,"timestamp":1609960755,"path_taken":["M","?","?","AVR","?","E","M","R","T","M","?","E","?","M","R","BOSS"],"items_purchased_type":[],"build_version":"2020-12-22","purchased_purges":0,"victory":false,"max_hp_per_floor":[85,85,85,85,85,85,85,85,85,85,85,85,85,85,85,87,87],"card_choices":[{"not_picked":["construct:Analyze","construct:Enhance"],"picked":"construct:Hazardproof","floor":1.0},{"not_picked":["mysticmod:Shield","construct:SaveState"],"picked":"potionbrewer:Transmute","floor":6},{"not_picked":["Slimebound:SlimeSpikes","champ:DefensiveShout"],"picked":"Dagger Throw","floor":7},{"not_picked":["Clothesline","GrandCross"],"picked":"construct:Zapper","floor":10},{"not_picked":["Sucker Punch","GalacticHalo"],"picked":"ReplayTheSpireMod:Dual Polarity","floor":11},{"not_picked":["Glutton:Revivification","ShootingEcho"],"picked":"Acceleration","floor":12},{"not_picked":["Glutton:Regurgitate","somnambulantmod: HeadSmack"],"picked":"WindUp","floor":14}],"player_experience":145905,"relics_obtained":[{"floor":6,"key":"hubris:SlimyHat"},{"floor":9,"key":"hubris:MobiusCoin"},{"floor":12,"key":"StuffTheSpire:Tea"}],"event_choices":[{"cards_removed":["construct:Defend_Gold"],"damage_healed":0.0,"max_hp_gain":0.0,"max_hp_loss":0.0,"gold_gain":0.0,"event_name":"The Cleric","player_choice":"Card Removal","floor":2.0,"gold_loss":50.0,"damage_taken":0.0},{"damage_healed":0,"gold_gain":0,"player_choice":"Entered Light","damage_taken":17,"max_hp_gain":0,"max_hp_loss":0,"event_name":"Shining Light","floor":5,"gold_loss":0,"cards_upgraded":["construct:Defend_Gold","construct:Defend_Gold"]}],"is_beta":false,"boss_relics":[],"items_purged_floors":[],"is_endless":false,"potions_floor_spawned":[1,12,16],"killed_by":"Slime Boss","ascension_level":13}}