{"host":"ifhtq4ixo5m3h13u","time":1609934608,"event":{"mods":["BaseMod","Minty Spire (QoL Compilation)","StSLib","Waifu the Spire","vexMod","¡¾ÒÅÎï¿¨ÅÆ¡¿REMEMod"],"gold_per_floor":[113,113,133,145,160,335,355,355,405,405,405],"floor_reached":10,"playtime":274,"items_purged":[],"score":60,"play_id":"3f54c8e8-697c-4c2a-9e84-34b4f070e80d","local_time":"20210106200328","is_ascension_mode":false,"campfire_choices":[{"floor":8,"key":"REST"}],"circlet_count":0,"master_deck":["Strike_B","Strike_B","Strike_B","Strike_B","Defend_B","Defend_B","Defend_B","Defend_B","Zap","Dualcast","REME_BattleFury","Conserve Battery","Loop","Doubt","Beam Cell"],"relics":["Cracked Core","REME_ComplimentaryCards","NeowsBlessing","Bag of Marbles"],"acts_visited":["Exordium"],"potions_floor_usage":[],"damage_taken":[{"damage":0,"enemies":"Jaw Worm","floor":1,"turns":1},{"damage":0,"enemies":"Small Slimes","floor":3,"turns":1},{"damage":0,"enemies":"2 Louse","floor":4,"turns":1},{"damage":38,"enemies":"Exordium Thugs","floor":5,"turns":5},{"damage":12,"enemies":"Blue Slaver","floor":7,"turns":3},{"damage":52,"enemies":"Gremlin Nob","floor":10,"turns":4}],"seed_played":"2609472581913984772","potions_obtained":[{"floor":4,"key":"FearPotion"},{"floor":5,"key":"PotionOfCapacity"}],"is_trial":false,"path_per_floor":["M","?","M","M","M","?","M","R","T","E"],"character_chosen":"DEFECT","items_purchased":[],"campfire_rested":1,"item_purchase_floors":[],"current_hp_per_floor":[75,75,75,75,37,37,25,47,47,0,0],"gold":405,"neow_bonus":"THREE_ENEMY_KILL","is_daily":false,"chose_seed":false,"campfire_upgraded":0,"win_rate":0.0,"timestamp":1609934608,"path_taken":["M","?","M","M","M","?","M","R","T","E"],"items_purchased_type":[],"build_version":"2020-12-22","purchased_purges":0,"victory":false,"max_hp_per_floor":[75,75,75,75,75,75,75,75,75,75,75],"card_choices":[{"not_picked":["Sweeping Beam","Tempest","Rebound"],"picked":"SKIP","floor":1},{"not_picked":["Redo","Steam"],"picked":"Conserve Battery","floor":3},{"not_picked":["Steam","Sweeping Beam","REME_Compress"],"picked":"SKIP","floor":4},{"not_picked":["Gash","Undo"],"picked":"Loop","floor":5},{"not_picked":["Double Energy","Streamline"],"picked":"Beam Cell","floor":7}],"player_experience":39476,"relics_obtained":[{"floor":9,"key":"Bag of Marbles"}],"event_choices":[{"damage_healed":0,"gold_gain":0,"player_choice":"Ignored","damage_taken":0,"max_hp_gain":0,"max_hp_loss":0,"event_name":"Shining Light","floor":2,"gold_loss":0},{"damage_healed":0,"gold_gain":175,"player_choice":"AGREE","damage_taken":0,"max_hp_gain":0,"max_hp_loss":0,"event_name":"Liars Game","floor":6,"gold_loss":0,"cards_obtained":["Doubt"]}],"is_beta":false,"boss_relics":[],"items_purged_floors":[],"is_endless":false,"potions_floor_spawned":[4,5],"killed_by":"Gremlin Nob","ascension_level":0}}