{"host":"b995t17pt6d05w8c","time":1609939965,"event":{"mods":["AchievementEnabler","BaseMod","Colored Map","Minty Spire (QoL Compilation)","SuperFastMode"],"gold_per_floor":[15,31,44,57,67,92,92,92,92,106,381,412,425,39,39,160,160,174,190,460,485,208,208,208,208,232,232,232,273,288,304,304,433,433,451,464,286,311,311,311,355,375,425,425,425,31,31,56,56,56],"floor_reached":51,"playtime":1381,"items_purged":["Strike_P","Strike_P","FollowUp","Defend_P"],"score":992,"play_id":"b8b13f56-4c48-46db-8dfa-77736cc31922","local_time":"20210106223245","is_ascension_mode":true,"campfire_choices":[{"data":"Eruption","floor":7.0,"key":"SMITH"},{"data":"TalkToTheHand","floor":15.0,"key":"SMITH"},{"data":"Tantrum","floor":23.0,"key":"SMITH"},{"data":"Protect","floor":25.0,"key":"SMITH"},{"floor":27.0,"key":"REST"},{"data":"Vigilance","floor":32.0,"key":"SMITH"},{"data":"Scrawl","floor":40.0,"key":"SMITH"},{"data":"ClearTheMind","floor":45.0,"key":"SMITH"},{"floor":49.0,"key":"REST"}],"circlet_count":0,"master_deck":["Defend_P","Eruption+1","Vigilance+1","Tantrum+1","ClearTheMind+1","CarveReality","TalkToTheHand+1","Establishment+1","InnerPeace+1","Adaptation+1","MentalFortress+1","Scrawl+1","Adaptation+1","Fasting2+1"],"relics":["PureWater","Omamori","Golden Idol","White Beast Statue","Mercury Hourglass","Frozen Egg 2","Empty Cage","Membership Card","Ancient Tea Set","Nloth\u0027s Gift","Letter Opener","Runic Pyramid","OrangePellets","Boot","Bag of Preparation","TheAbacus","HornCleat","Toy Ornithopter"],"acts_visited":["Exordium","TheCity","TheBeyond"],"potions_floor_usage":[50],"damage_taken":[{"damage":0.0,"enemies":"2 Louse","floor":1.0,"turns":4.0},{"damage":7.0,"enemies":"Small Slimes","floor":2.0,"turns":3.0},{"damage":0.0,"enemies":"Cultist","floor":3.0,"turns":2.0},{"damage":0.0,"enemies":"2 Fungi Beasts","floor":4.0,"turns":2.0},{"damage":4.0,"enemies":"Red Slaver","floor":5.0,"turns":2.0},{"damage":0.0,"enemies":"Lagavulin","floor":6.0,"turns":3.0},{"damage":4.0,"enemies":"Exordium Wildlife","floor":10.0,"turns":2.0},{"damage":0.0,"enemies":"Gremlin Nob","floor":12.0,"turns":2.0},{"damage":2.0,"enemies":"Gremlin Gang","floor":13.0,"turns":2.0},{"damage":13.0,"enemies":"The Guardian","floor":16.0,"turns":8.0},{"damage":1.0,"enemies":"3 Byrds","floor":18.0,"turns":4.0},{"damage":1.0,"enemies":"Spheric Guardian","floor":19.0,"turns":3.0},{"damage":17.0,"enemies":"Centurion and Healer","floor":21.0,"turns":4.0},{"damage":0.0,"enemies":"Gremlin Leader","floor":29.0,"turns":2.0},{"damage":3.0,"enemies":"Sentry and Sphere","floor":30.0,"turns":3.0},{"damage":4.0,"enemies":"Cultist and Chosen","floor":31.0,"turns":3.0},{"damage":15.0,"enemies":"Champ","floor":33.0,"turns":7.0},{"damage":0.0,"enemies":"3 Shapes","floor":35.0,"turns":3.0},{"damage":4.0,"enemies":"Orb Walker","floor":36.0,"turns":2.0},{"damage":0.0,"enemies":"Writhing Mass","floor":38.0,"turns":4.0},{"damage":0.0,"enemies":"Nemesis","floor":41.0,"turns":3.0},{"damage":0.0,"enemies":"Sphere and 2 Shapes","floor":42.0,"turns":3.0},{"damage":0.0,"enemies":"Spire Growth","floor":48.0,"turns":2.0},{"damage":0,"enemies":"Time Eater","floor":50,"turns":3}],"seed_played":"5610854808041673635","potions_obtained":[{"floor":1.0,"key":"FearPotion"},{"floor":2.0,"key":"EssenceOfSteel"},{"floor":10.0,"key":"FearPotion"},{"floor":12.0,"key":"Block Potion"},{"floor":13.0,"key":"LiquidBronze"},{"floor":16.0,"key":"Regen Potion"},{"floor":18.0,"key":"Swift Potion"},{"floor":21.0,"key":"FearPotion"},{"floor":29.0,"key":"StancePotion"},{"floor":30.0,"key":"ColorlessPotion"},{"floor":31.0,"key":"LiquidBronze"},{"floor":33.0,"key":"GamblersBrew"},{"floor":35.0,"key":"PowerPotion"},{"floor":36.0,"key":"Fruit Juice"},{"floor":38.0,"key":"Energy Potion"},{"floor":41.0,"key":"CultistPotion"}],"is_trial":false,"path_per_floor":["M","M","M","M","M","E","R","?","T","M","?","E","M","$","R","B",null,"M","M","?","M","$","R","?","R","T","R","?","E","M","M","R","B",null,"M","M","$","M","?","R","E","M","T","?","R","$","?","M","R","B",null],"character_chosen":"WATCHER","items_purchased":["Frozen Egg 2","Protect","Membership Card","Ancient Tea Set","Adaptation+1","OrangePellets","TheAbacus","Fasting2+1","HornCleat","Toy Ornithopter"],"campfire_rested":2,"item_purchase_floors":[14,14,22,22,37,37,46,46,46,46],"current_hp_per_floor":[72,65,65,65,61,61,61,61,61,57,57,57,55,55,55,42,72,71,70,43,38,38,38,38,38,38,59,59,59,56,52,52,37,72,72,68,73,73,73,73,73,73,73,73,73,73,63,63,77,77],"gold":56,"neow_bonus":"REMOVE_TWO","is_daily":false,"chose_seed":false,"campfire_upgraded":7,"win_rate":0.0,"timestamp":1609939965,"path_taken":["M","M","M","M","M","E","R","?","T","M","?","E","M","$","R","BOSS","M","?","?","?","?","R","?","R","T","R","?","E","M","?","R","BOSS","M","M","$","M","?","R","E","M","T","?","R","$","?","M","R","BOSS"],"items_purchased_type":["Relic","Card","Relic","Relic","Card","Relic","Relic","Card","Relic","Relic"],"build_version":"2020-12-22","purchased_purges":4,"victory":true,"max_hp_per_floor":[72,72,72,72,72,72,72,72,72,72,72,72,72,72,72,72,72,72,72,72,72,72,72,72,72,72,72,72,72,72,72,72,72,72,72,72,77,77,77,77,77,77,77,77,77,77,77,77,77,77],"card_choices":[{"not_picked":["Pray","Indignation"],"picked":"Tantrum","floor":1.0},{"not_picked":["CrushJoints","ClearTheMind"],"picked":"FollowUp","floor":2.0},{"not_picked":["Evaluate","Crescendo"],"picked":"ClearTheMind","floor":3.0},{"not_picked":["LikeWater","CrushJoints"],"picked":"CarveReality","floor":4.0},{"not_picked":["FollowUp","CrushJoints","Evaluate"],"picked":"SKIP","floor":5.0},{"not_picked":["EmptyBody","ForeignInfluence","Crescendo"],"picked":"SKIP","floor":6.0},{"not_picked":["WreathOfFlame","FlyingSleeves","Blasphemy"],"picked":"SKIP","floor":10.0},{"not_picked":["BowlingBash","Perseverance","Swivel"],"picked":"SKIP","floor":12.0},{"not_picked":["ThirdEye","Vengeance"],"picked":"TalkToTheHand","floor":13.0},{"not_picked":["Alpha","Blasphemy"],"picked":"Establishment+1","floor":16.0},{"not_picked":["Collect","Prostrate"],"picked":"InnerPeace+1","floor":18.0},{"not_picked":["JustLucky","SandsOfTime"],"picked":"Adaptation+1","floor":19.0},{"not_picked":["JustLucky","Halt","BattleHymn+1"],"picked":"SKIP","floor":21.0},{"not_picked":["Nirvana+1","Blasphemy","BowlingBash"],"picked":"SKIP","floor":29.0},{"not_picked":["Consecrate","EmptyMind","Weave+1"],"picked":"SKIP","floor":30.0},{"not_picked":["FollowUp+1","Study+1"],"picked":"MentalFortress+1","floor":31.0},{"not_picked":["Brilliance","Omniscience"],"picked":"Scrawl","floor":33.0},{"not_picked":["Halt","ThirdEye+1","Pray+1"],"picked":"SKIP","floor":35.0},{"not_picked":["BattleHymn+1","ForeignInfluence","SandsOfTime+1"],"picked":"SKIP","floor":36.0},{"not_picked":["SashWhip","PathToVictory","Prostrate+1"],"picked":"SKIP","floor":38.0},{"not_picked":["Evaluate","DevaForm+1","Vengeance+1"],"picked":"SKIP","floor":41.0},{"not_picked":["EmptyBody+1","JustLucky+1","Indignation"],"picked":"SKIP","floor":42.0},{"not_picked":["ClearTheMind","CutThroughFate","Sanctity"],"picked":"SKIP","floor":48.0}],"player_experience":19264,"relics_obtained":[{"floor":6.0,"key":"Omamori"},{"floor":9.0,"key":"White Beast Statue"},{"floor":12.0,"key":"Mercury Hourglass"},{"floor":26.0,"key":"Juzu Bracelet"},{"floor":29.0,"key":"Letter Opener"},{"floor":41.0,"key":"Boot"},{"floor":43.0,"key":"Bag of Preparation"}],"event_choices":[{"damage_healed":0.0,"max_hp_gain":0.0,"max_hp_loss":0.0,"gold_gain":0.0,"event_name":"Golden Idol","player_choice":"Take Wound","floor":8.0,"gold_loss":0.0,"damage_taken":0.0,"relics_obtained":["Golden Idol"],"cards_obtained":["Injury"]},{"damage_healed":0.0,"max_hp_gain":0.0,"max_hp_loss":0.0,"gold_gain":275.0,"event_name":"Golden Shrine","player_choice":"Desecrate","floor":11.0,"gold_loss":0.0,"damage_taken":0.0,"cards_obtained":["Regret"]},{"damage_healed":0.0,"max_hp_gain":0.0,"max_hp_loss":0.0,"gold_gain":270.0,"event_name":"Knowing Skull","player_choice":"GOLD GOLD GOLD ","floor":20.0,"potions_obtained":[],"gold_loss":0.0,"damage_taken":27.0,"cards_obtained":[]},{"damage_healed":0.0,"max_hp_gain":0.0,"max_hp_loss":0.0,"gold_gain":0.0,"event_name":"The Woman in Blue","player_choice":"Bought 0 Potions","floor":24.0,"gold_loss":0.0,"damage_taken":0.0},{"damage_healed":0.0,"max_hp_gain":0.0,"max_hp_loss":0.0,"gold_gain":0.0,"event_name":"N\u0027loth","player_choice":"Traded Relic","floor":28.0,"relics_lost":["Juzu Bracelet"],"gold_loss":0.0,"damage_taken":0.0,"relics_obtained":["Nloth\u0027s Gift"]},{"cards_removed":["Protect"],"damage_healed":0.0,"max_hp_gain":0.0,"max_hp_loss":0.0,"gold_gain":0.0,"event_name":"Falling","player_choice":"Removed Skill","floor":39.0,"gold_loss":0.0,"damage_taken":0.0},{"damage_healed":0.0,"max_hp_gain":0.0,"max_hp_loss":0.0,"gold_gain":0.0,"event_name":"Tomb of Lord Red Mask","player_choice":"Ignored","floor":44.0,"gold_loss":0.0,"damage_taken":0.0},{"damage_healed":0.0,"max_hp_gain":0.0,"max_hp_loss":0.0,"gold_gain":0.0,"event_name":"SensoryStone","player_choice":"Memory 3","floor":47.0,"gold_loss":0.0,"damage_taken":10.0}],"is_beta":false,"boss_relics":[{"not_picked":["Philosopher\u0027s Stone","SacredBark"],"picked":"Empty Cage"},{"not_picked":["SlaversCollar","Runic Dome"],"picked":"Runic Pyramid"}],"items_purged_floors":[14,22,37,46],"is_endless":false,"potions_floor_spawned":[1,2,10,12,13,16,18,19,21,29,30,31,33,35,36,38,41,42,48],"ascension_level":2}}