{"host":"7k7fhzlbqzyu5ijh","time":1609903695,"event":{"mods":["AchievementEnabler","BaseMod","Bestiary","Colored Powertips","Filter the Spire","Highlight Path","Minty Spire (QoL Compilation)","Potion Indicator Mod","RNG Fix","Relic Stats"],"gold_per_floor":[118,138,153,168,168,168,201,201,201,226,244,21,21,36,36,139,139,151,66,30,59,75,75,75,75],"floor_reached":24,"playtime":1272,"items_purged":["Strike_B"],"score":258,"play_id":"faa86ba6-8a5c-4b0d-89d8-d9ee372f7d35","local_time":"20210105222815","is_ascension_mode":true,"campfire_choices":[{"data":"White Noise","floor":6,"key":"SMITH"},{"floor":13,"key":"REST"},{"floor":15,"key":"REST"},{"floor":23,"key":"REST"}],"circlet_count":0,"master_deck":["Strike_B","Strike_B","Strike_B","Defend_B","Defend_B","Defend_B","Defend_B","Zap","Dualcast","White Noise+1","Barrage","Reinforced Body","Lockon","Rainbow","Sweeping Beam","Coolheaded","Cold Snap","Ball Lightning","Echo Form","Defragment","Compile Driver","Undo+1","Turbo"],"relics":["FrozenCore","Juzu Bracelet","Dream Catcher","Pear","Ice Cream","MealTicket","Bag of Marbles","Red Mask"],"acts_visited":["Exordium","TheCity"],"potions_floor_usage":[7,7,16,21],"damage_taken":[{"damage":2.0,"enemies":"Jaw Worm","floor":1.0,"turns":3.0},{"damage":0.0,"enemies":"2 Louse","floor":2.0,"turns":2.0},{"damage":1.0,"enemies":"Cultist","floor":3.0,"turns":3.0},{"damage":6,"enemies":"Looter","floor":4,"turns":4},{"damage":10,"enemies":"Lagavulin","floor":7,"turns":5},{"damage":52,"enemies":"Gremlin Nob","floor":10,"turns":5},{"damage":0,"enemies":"Blue Slaver","floor":11,"turns":3},{"damage":9,"enemies":"3 Louse","floor":14,"turns":3},{"damage":13,"enemies":"Slime Boss","floor":16,"turns":11},{"damage":19,"enemies":"Spheric Guardian","floor":18,"turns":7},{"damage":63,"enemies":"Masked Bandits","floor":21,"turns":6},{"damage":6,"enemies":"Chosen","floor":22,"turns":4},{"damage":31,"enemies":"Slavers","floor":24,"turns":3}],"seed_played":"4135876029632037087","potions_obtained":[{"floor":2.0,"key":"Energy Potion"},{"floor":3.0,"key":"Fire Potion"},{"floor":14,"key":"Explosive Potion"},{"floor":16,"key":"SkillPotion"}],"is_trial":false,"path_per_floor":["M","M","M","M","?","R","E","T","T","E","M","$","R","M","R","B",null,"M","?","$","?","M","R","E"],"character_chosen":"DEFECT","items_purchased":["MealTicket","Defragment"],"campfire_rested":3,"item_purchase_floors":[12,20],"current_hp_per_floor":[73,73,72,66,66,66,56,66,66,14,14,14,39,30,55,42,74,55,55,70,7,1,26,0,0],"gold":75,"neow_bonus":"RANDOM_COMMON_RELIC","is_daily":false,"chose_seed":false,"campfire_upgraded":1,"win_rate":0.0,"timestamp":1609903695,"path_taken":["M","M","M","M","?","R","E","?","T","E","M","$","R","M","R","BOSS","M","?","$","?","M","R","E"],"items_purchased_type":["Relic","Card"],"build_version":"2020-12-22","purchased_purges":1,"victory":false,"max_hp_per_floor":[75,75,75,75,75,75,75,85,85,85,85,85,85,85,85,85,85,85,85,85,85,85,85,85,85],"relic_stats":{"Dream Catcher":3,"counters":[13,59],"MealTicket":15,"Juzu Bracelet":1,"obtain_stats":[{"Ice Cream":9,"Dream Catcher":7,"Pear":8,"MealTicket":12,"Juzu Bracelet":0,"Bag of Marbles":19,"Red Mask":21,"Cracked Core":0,"FrozenCore":17},{"Ice Cream":5,"Dream Catcher":5,"Pear":5,"MealTicket":7,"Juzu Bracelet":0,"Bag of Marbles":10,"Red Mask":11,"Cracked Core":0,"FrozenCore":9},{"Ice Cream":17,"Dream Catcher":17,"Pear":17,"MealTicket":25,"Juzu Bracelet":0,"Bag of Marbles":46,"Red Mask":52,"Cracked Core":0,"FrozenCore":39}],"FrozenCore":[4]},"card_choices":[{"not_picked":["Recycle","Compile Driver"],"picked":"White Noise","floor":1.0},{"not_picked":["Stack","Reprogram"],"picked":"Barrage","floor":2.0},{"not_picked":["Heatsinks","Blizzard"],"picked":"Reinforced Body","floor":3.0},{"not_picked":["Beam Cell","Ball Lightning"],"picked":"Lockon","floor":4},{"not_picked":["BootSequence","Capacitor"],"picked":"Rainbow","floor":7},{"not_picked":["Leap","Go for the Eyes"],"picked":"Sweeping Beam","floor":10},{"not_picked":["Conserve Battery","Barrage"],"picked":"Coolheaded","floor":11},{"not_picked":["BootSequence","Reprogram"],"picked":"Cold Snap","floor":13},{"not_picked":["Steam","Stack","Leap"],"picked":"SKIP","floor":14},{"not_picked":["Static Discharge","Thunder Strike"],"picked":"Ball Lightning","floor":15},{"not_picked":["Core Surge","Amplify"],"picked":"Echo Form","floor":16},{"not_picked":["Rebound","Go for the Eyes","Aggregate"],"picked":"SKIP","floor":18},{"not_picked":["Rebound","Go for the Eyes"],"picked":"Compile Driver","floor":21},{"not_picked":["Consume+1","Chaos+1"],"picked":"Undo+1","floor":22},{"not_picked":["White Noise","Sweeping Beam"],"picked":"Turbo","floor":23}],"player_experience":379022,"relics_obtained":[{"floor":7,"key":"Dream Catcher"},{"floor":8,"key":"Pear"},{"floor":9,"key":"Ice Cream"},{"floor":21,"key":"Red Mask"}],"event_choices":[{"damage_healed":0,"gold_gain":0,"player_choice":"Ignored","damage_taken":0,"max_hp_gain":0,"max_hp_loss":0,"event_name":"Liars Game","floor":5,"gold_loss":0},{"damage_healed":0,"gold_gain":0,"player_choice":"Obtained Relic","damage_taken":0,"relics_obtained":["Bag of Marbles"],"max_hp_gain":0,"max_hp_loss":0,"event_name":"Addict","floor":19,"gold_loss":85},{"damage_healed":0,"gold_gain":0,"player_choice":"Fought Bandits","damage_taken":0,"max_hp_gain":0,"max_hp_loss":0,"event_name":"Masked Bandits","floor":21,"gold_loss":0}],"is_beta":false,"boss_relics":[{"not_picked":["SlaversCollar","Velvet Choker"],"picked":"FrozenCore"}],"items_purged_floors":[12],"is_endless":false,"potions_floor_spawned":[2,3,14,16],"killed_by":"Slavers","ascension_level":5}}