{"host":"4cz9gr89nglr7k8k","time":1609971735,"event":{"mods":["BaseMod","Minty Spire (QoL Compilation)","Relic Stats","Slay-I"],"gold_per_floor":[119,129,37,187,28,28,62,77,101,119,138,151,186,200,200,271,271,287,212,212,228,228,258,268,268,347,347,347,347,347,398,398,474,474,494,57,332,342,342,370,370,390,415,445,471,483,495,14,14,14,14],"floor_reached":50,"playtime":1473,"items_purged":["Doubt"],"score":1175,"play_id":"9ea60683-ce9d-4b3c-8722-34d3e429767d","local_time":"20210106232215","is_ascension_mode":true,"campfire_choices":[{"data":"Inflame","floor":6,"key":"SMITH"},{"data":"Heavy Blade","floor":15,"key":"SMITH"},{"floor":25,"key":"REST"},{"floor":27,"key":"REST"},{"floor":30,"key":"REST"},{"data":"Demon Form","floor":32,"key":"SMITH"},{"floor":41,"key":"REST"},{"floor":49,"key":"REST"}],"circlet_count":0,"master_deck":["AscendersBane","Strike_R","Strike_R","Defend_R","Defend_R","Defend_R","Bash","Rampage","Twin Strike","Inflame+1","Heavy Blade+1","Sword Boomerang","Anger","Cleave","Shrug It Off+1","Flex","Dropkick","Demon Form+1","Hemokinesis+1","Rage+1","Bludgeon+1","Inflame+1","Rampage+1","Anger","Thunderclap","Necronomicurse","Reaper","Cleave","Rupture","Regret","Heavy Blade","Wild Strike+1","Havoc+1","Flame Barrier","Anger","Apotheosis","Shrug It Off"],"relics":["Burning Blood","NeowsBlessing","Lantern","Anchor","War Paint","Astrolabe","Ornamental Fan","HornCleat","Nunchaku","Necronomicon","Happy Flower","Sozu","Bird Faced Urn","Kunai","Red Skull","MawBank","Membership Card","Magic Flower","Bottled Tornado"],"acts_visited":["Exordium","TheCity","TheBeyond"],"potions_floor_usage":[16,23,33,33],"damage_taken":[{"damage":0,"enemies":"Cultist","floor":1,"turns":1},{"damage":0,"enemies":"Small Slimes","floor":2,"turns":1},{"damage":0,"enemies":"Lagavulin","floor":7,"turns":1},{"damage":6,"enemies":"2 Louse","floor":8,"turns":3},{"damage":11,"enemies":"Looter","floor":10,"turns":3},{"damage":6,"enemies":"Lots of Slimes","floor":11,"turns":3},{"damage":12,"enemies":"Exordium Thugs","floor":12,"turns":4},{"damage":5,"enemies":"3 Sentries","floor":13,"turns":7},{"damage":0,"enemies":"Large Slime","floor":14,"turns":3},{"damage":38,"enemies":"Hexaghost","floor":16,"turns":9},{"damage":7,"enemies":"2 Thieves","floor":18,"turns":3},{"damage":28,"enemies":"Chosen","floor":21,"turns":5},{"damage":42,"enemies":"Book of Stabbing","floor":23,"turns":4},{"damage":25,"enemies":"Snecko","floor":24,"turns":4},{"damage":61,"enemies":"Champ","floor":33,"turns":7},{"damage":12,"enemies":"3 Darklings","floor":35,"turns":4},{"damage":11,"enemies":"3 Shapes","floor":38,"turns":2},{"damage":73,"enemies":"Nemesis","floor":40,"turns":7},{"damage":14,"enemies":"Jaw Worm Horde","floor":42,"turns":3},{"damage":65,"enemies":"4 Shapes","floor":44,"turns":6},{"damage":18,"enemies":"Transient","floor":45,"turns":6},{"damage":90,"enemies":"Donu and Deca","floor":50,"turns":6}],"seed_played":"7337006078123305099","potions_obtained":[{"floor":8,"key":"Dexterity Potion"},{"floor":10,"key":"ColorlessPotion"},{"floor":11,"key":"Block Potion"},{"floor":13,"key":"Fire Potion"},{"floor":21,"key":"ColorlessPotion"},{"floor":24,"key":"Strength Potion"}],"is_trial":false,"path_per_floor":["M","M","$","?","$","R","E","M","T","M","M","M","E","M","R","B",null,"M","?","?","M","?","E","M","R","T","R","T","?","R","T","R","B",null,"M","$","?","M","?","E","R","M","T","M","M","?","?","$","R","B"],"character_chosen":"IRONCLAD","items_purchased":["Rage","Cleave","Inflame","Bird Faced Urn","Rupture","Membership Card","Magic Flower","Bottled Tornado","Shrug It Off"],"campfire_rested":5,"item_purchase_floors":[3,3,5,36,36,48,48,48,48],"current_hp_per_floor":[74,75,75,75,75,75,75,75,75,70,70,64,65,71,71,39,66,65,65,65,43,75,39,20,42,42,64,64,43,65,65,65,10,59,71,71,71,75,75,13,35,31,31,16,58,58,58,58,75,0,0],"gold":14,"neow_bonus":"THREE_ENEMY_KILL","is_daily":false,"chose_seed":false,"campfire_upgraded":3,"win_rate":0.0,"timestamp":1609971735,"path_taken":["M","?","$","?","$","R","E","M","T","M","M","M","E","M","R","BOSS","M","?","?","M","?","E","?","R","T","R","?","?","R","?","R","BOSS","M","$","?","?","?","E","R","?","T","M","M","?","?","$","R","BOSS"],"items_purchased_type":["Card","Card","Card","Relic","Card","Relic","Relic","Relic","Card"],"build_version":"2020-12-22","purchased_purges":1,"victory":false,"max_hp_per_floor":[75,75,75,75,75,75,75,75,75,75,75,75,75,75,75,75,75,75,75,75,75,75,75,75,75,75,75,75,75,75,75,75,75,75,75,75,75,75,75,75,75,75,75,75,75,75,75,75,75,75,75],"relic_stats":{"Happy Flower":[13],"counters":[22,92],"Astrolabe":["Hemokinesis","Rage","Bludgeon"],"Magic Flower":[2],"War Paint":["Shrug It Off","Rage"],"MawBank":60,"Burning Blood":109,"Sozu":6,"Nunchaku":[9],"Ornamental Fan":[76],"Bird Faced Urn":[27],"Necronomicon":[19],"Kunai":[10],"obtain_stats":[{"Lantern":7,"NeowsBlessing":0,"Happy Flower":31,"Astrolabe":17,"Magic Flower":48,"War Paint":13,"Bottled Tornado":48,"MawBank":43,"Burning Blood":0,"Sozu":34,"Anchor":9,"Nunchaku":28,"HornCleat":26,"Ornamental Fan":23,"Bird Faced Urn":36,"Necronomicon":29,"Kunai":39,"Membership Card":48,"Red Skull":40},{"Lantern":3,"NeowsBlessing":0,"Happy Flower":14,"Astrolabe":10,"Magic Flower":21,"War Paint":8,"Bottled Tornado":21,"MawBank":19,"Burning Blood":0,"Sozu":15,"Anchor":4,"Nunchaku":14,"HornCleat":14,"Ornamental Fan":13,"Bird Faced Urn":16,"Necronomicon":14,"Kunai":17,"Membership Card":21,"Red Skull":18},{"Lantern":3,"NeowsBlessing":0,"Happy Flower":51,"Astrolabe":35,"Magic Flower":86,"War Paint":23,"Bottled Tornado":86,"MawBank":74,"Burning Blood":0,"Sozu":58,"Anchor":6,"Nunchaku":51,"HornCleat":51,"Ornamental Fan":47,"Bird Faced Urn":62,"Necronomicon":51,"Kunai":64,"Membership Card":86,"Red Skull":71}]},"card_choices":[{"not_picked":["Perfected Strike","Flame Barrier"],"picked":"Rampage","floor":1},{"not_picked":["Intimidate","Sword Boomerang"],"picked":"Twin Strike","floor":2},{"not_picked":["Armaments","Combust"],"picked":"Heavy Blade","floor":7},{"not_picked":["Warcry","Armaments"],"picked":"Sword Boomerang","floor":8},{"not_picked":["Exhume","Shrug It Off"],"picked":"Anger","floor":10},{"not_picked":["Dropkick","Headbutt"],"picked":"Cleave","floor":11},{"not_picked":["Dual Wield","Clothesline"],"picked":"Shrug It Off","floor":12},{"not_picked":["Wild Strike","Warcry"],"picked":"Flex","floor":13},{"not_picked":["Shrug It Off","Seeing Red"],"picked":"Dropkick","floor":14},{"not_picked":["Offering","Juggernaut"],"picked":"Demon Form","floor":16},{"not_picked":["Thunderclap","Perfected Strike+1"],"picked":"Inflame+1","floor":18},{"not_picked":["Clothesline","Sword Boomerang"],"picked":"Rampage+1","floor":21},{"not_picked":["Armaments","Corruption"],"picked":"Anger","floor":23},{"not_picked":["Rupture","Perfected Strike+1"],"picked":"Thunderclap","floor":24},{"not_picked":["Impervious","Offering"],"picked":"Reaper","floor":33},{"not_picked":["Entrench","Body Slam"],"picked":"Cleave","floor":35},{"not_picked":["Cleave","Shrug It Off"],"picked":"Heavy Blade","floor":38},{"not_picked":["Barricade","Perfected Strike"],"picked":"Wild Strike+1","floor":40},{"not_picked":["Shrug It Off","Perfected Strike"],"picked":"Havoc+1","floor":42},{"not_picked":["Rage","Clash"],"picked":"Flame Barrier","floor":44},{"not_picked":["Armaments","Clothesline"],"picked":"Anger","floor":45},{"not_picked":["Metamorphosis","PanicButton"],"picked":"Apotheosis","floor":46}],"player_experience":1479845,"relics_obtained":[{"floor":7,"key":"Lantern"},{"floor":9,"key":"Anchor"},{"floor":13,"key":"War Paint"},{"floor":23,"key":"Ornamental Fan"},{"floor":26,"key":"HornCleat"},{"floor":28,"key":"Nunchaku"},{"floor":29,"key":"Necronomicon"},{"floor":31,"key":"Happy Flower"},{"floor":40,"key":"Red Skull"},{"floor":43,"key":"MawBank"}],"event_choices":[{"damage_healed":0,"gold_gain":150,"player_choice":"AGREE","damage_taken":0,"max_hp_gain":0,"max_hp_loss":0,"event_name":"Liars Game","floor":4,"gold_loss":0,"cards_obtained":["Doubt"]},{"cards_removed":["Strike_R"],"damage_healed":0,"gold_gain":0,"player_choice":"Gave Gold","damage_taken":0,"max_hp_gain":0,"max_hp_loss":0,"event_name":"Beggar","floor":19,"gold_loss":75},{"damage_healed":0,"gold_gain":0,"player_choice":"Ignored","damage_taken":0,"max_hp_gain":0,"max_hp_loss":0,"event_name":"Vampires","floor":20,"gold_loss":0},{"cards_removed":["Rage"],"damage_healed":32,"gold_gain":0,"player_choice":"Offered Uncommon","damage_taken":0,"max_hp_gain":0,"max_hp_loss":0,"event_name":"Bonfire Elementals","floor":22,"gold_loss":0},{"damage_healed":0,"gold_gain":0,"player_choice":"Obtained Book","damage_taken":21,"max_hp_gain":0,"max_hp_loss":0,"event_name":"Cursed Tome","floor":29,"gold_loss":0},{"damage_healed":0,"gold_gain":275,"player_choice":"Desecrate","damage_taken":0,"max_hp_gain":0,"max_hp_loss":0,"event_name":"Golden Shrine","floor":37,"gold_loss":0,"cards_obtained":["Regret"]},{"cards_removed":["Cleave"],"damage_healed":0,"gold_gain":0,"player_choice":"Gave Card","damage_taken":0,"relics_obtained":["Kunai"],"max_hp_gain":0,"max_hp_loss":0,"event_name":"WeMeetAgain","floor":39,"gold_loss":0},{"damage_healed":0,"gold_gain":0,"player_choice":"Memory 1","damage_taken":0,"max_hp_gain":0,"max_hp_loss":0,"event_name":"SensoryStone","floor":46,"gold_loss":0},{"damage_healed":0,"gold_gain":0,"player_choice":"Got Potions","damage_taken":0,"max_hp_gain":0,"max_hp_loss":0,"event_name":"Lab","floor":47,"gold_loss":0}],"is_beta":false,"boss_relics":[{"not_picked":["Tiny House","SacredBark"],"picked":"Astrolabe"},{"not_picked":["Velvet Choker","Black Star"],"picked":"Sozu"}],"items_purged_floors":[5],"is_endless":false,"potions_floor_spawned":[8,10,11,13,21,24,35,38,42,44],"killed_by":"Donu and Deca","ascension_level":20}}