{"host":"rylkjufw9dlhr07b","time":1609941995,"event":{"mods":["AchievementEnabler","BaseMod","Better Note","BetterRewards","Hubris","Minty Spire (QoL Compilation)","Quick Restart","Replay The Spire","StSLib"],"gold_per_floor":[110,110,121,141,154,180,14,24,48,48,48,67,25,25,25,115,115,98,98,121,134,157,157,172,172,172,152,152,152,2,15,15,106,106,119,119,138,138,138],"floor_reached":38,"playtime":1518,"items_purged":["hubris:Despair"],"score":1003,"play_id":"6f8d873c-8afd-4d23-b51e-9ee17b8305aa","local_time":"20210106150635","is_ascension_mode":true,"campfire_choices":[{"data":"Fire Breathing","floor":11.0,"key":"SMITH"},{"floor":15.0,"key":"DIG"},{"floor":28,"key":"DIG"},{"floor":32,"key":"DIG"}],"circlet_count":0,"master_deck":["AscendersBane","Strike_R","Strike_R","Strike_R","Strike_R","Defend_R+1","Defend_R","Defend_R","Defend_R+1","Bash","Fire Breathing+1","Wild Strike","Sentinel+1","Sever Soul","ReplayTheSpireMod:Strike From Hell","Clash","Wild Strike","Run Through","Ghostly Armor","Sword Boomerang","Dark Embrace","Feel No Pain","ReplayTheSpireMod:Muscle Training","hubris:StunningStrike+1","CurseOfTheBell","Carnage","True Grit","Replay:Undeath\u0027s Touch","Wild Strike","hubris:CleavingFinish","Apotheosis+1","Feed+1","Rage","ReplayTheSpireMod:Limb From Limb"],"relics":["Burning Blood","Kunai","Eternal Feather","Meat on the Bone","Replay:Baseball","War Paint","Golden Idol","ReplayTheSpireMod:CursedCoin","Akabeko","Golden Egg","Calling Bell","Bronze Scales","HornCleat","Replay:Multitool","FaceOfCleric","ReplayTheSpireMod:Ring of Exchange","ReplayTheSpireMod:Ring of Collecting","ReplayTheSpireMod:Shallot","The Courier","hubris:Metronome","Mark of Pain"],"acts_visited":["Exordium","TheCity","TheBeyond"],"potions_floor_usage":[21,21,22,31,33],"damage_taken":[{"damage":0.0,"enemies":"2 Louse","floor":1.0,"turns":3.0},{"damage":0.0,"enemies":"Cultist","floor":3.0,"turns":3.0},{"damage":1.0,"enemies":"Small Slimes","floor":4.0,"turns":3.0},{"damage":4.0,"enemies":"Red Slaver","floor":5.0,"turns":3.0},{"damage":26.0,"enemies":"Lagavulin","floor":6.0,"turns":7.0},{"damage":1.0,"enemies":"3 Louse","floor":8.0,"turns":3.0},{"damage":3.0,"enemies":"2 Fungi Beasts","floor":12.0,"turns":3.0},{"damage":43.0,"enemies":"Hexaghost","floor":16.0,"turns":11.0},{"damage":5.0,"enemies":"2 Thieves","floor":18.0,"turns":5.0},{"damage":32,"enemies":"Shell Parasite","floor":20,"turns":5},{"damage":5,"enemies":"Snecko","floor":21,"turns":4},{"damage":11,"enemies":"Snake Plant","floor":22,"turns":3},{"damage":33,"enemies":"Cultist and Chosen","floor":24,"turns":8},{"damage":12,"enemies":"Chosen and Byrds","floor":31,"turns":7},{"damage":73,"enemies":"Collector","floor":33,"turns":9},{"damage":56,"enemies":"3 Darklings","floor":35,"turns":6},{"damage":20,"enemies":"Orb Walker","floor":37,"turns":3},{"damage":31,"enemies":"Jaw Worm Horde","floor":38,"turns":3}],"seed_played":"7938445742178212115","potions_obtained":[{"floor":3.0,"key":"Reflective Coating"},{"floor":6.0,"key":"DistilledChaos"},{"floor":8.0,"key":"Regen Potion"},{"floor":12.0,"key":"Adrenaline Potion"},{"floor":20,"key":"EntropicBrew"},{"floor":21,"key":"SkillPotion"},{"floor":27,"key":"ColorlessPotion"},{"floor":37,"key":"SpeedPotion"}],"is_trial":false,"path_per_floor":["M","?","M","M","M","E","$","M","T","?","R","M","$","?","R","B",null,"M","?","M","M","M","R","M","?","T","?","R","?","$","M","R","B",null,"M","?","M","M"],"character_chosen":"IRONCLAD","items_purchased":["Kunai","Eternal Feather","Fire Breathing","Wild Strike","Sentinel+1","Sever Soul","Replay:Baseball","ReplayTheSpireMod:CursedCoin","Feel No Pain","ReplayTheSpireMod:Muscle Training","Apotheosis"],"campfire_rested":0,"item_purchase_floors":[0,0,0,0,0,0,7,13,13,13,30],"current_hp_per_floor":[40,40,46,51,53,33,33,50,50,50,62,65,65,39,51,41,67,68,68,55,57,53,71,57,57,57,57,72,72,72,67,80,26,67,30,30,29,0,0],"gold":138,"neow_bonus":"","is_daily":false,"chose_seed":false,"campfire_upgraded":1,"win_rate":0.0,"timestamp":1609941995,"path_taken":["M","?","M","?","?","E","?","?","T","?","R","M","$","?","R","BOSS","M","?","M","?","M","R","M","?","T","?","R","?","$","M","R","BOSS","M","?","?","M"],"items_purchased_type":["Relic","Relic","Card","Card","Card","Card","Relic","Relic","Card","Card","Card"],"build_version":"2020-12-22","purchased_purges":1,"victory":false,"max_hp_per_floor":[75,75,75,75,75,75,75,75,75,75,75,75,75,75,75,75,75,75,75,76,77,78,78,79,79,79,79,79,79,79,80,80,81,81,82,82,83,83,83],"card_choices":[{"not_picked":["Warcry","Twin Strike"],"picked":"ReplayTheSpireMod:Strike From Hell","floor":1.0},{"not_picked":["Spot Weakness","hubris:ReadiedAction"],"picked":"Clash","floor":3.0},{"not_picked":["Twin Strike","Clothesline"],"picked":"Wild Strike","floor":4.0},{"not_picked":["Brutality","Heavy Blade"],"picked":"Run Through","floor":5.0},{"not_picked":["Rage","ReplayTheSpireMod:Corrosion Curse"],"picked":"Ghostly Armor","floor":6.0},{"not_picked":["Twin Strike","Clash"],"picked":"Sword Boomerang","floor":8.0},{"not_picked":["Perfected Strike","Pommel Strike"],"picked":"Dark Embrace","floor":12.0},{"not_picked":["Exhume","Hemogenesis"],"picked":"hubris:StunningStrike","floor":16.0},{"not_picked":["Reckless Charge","Rupture"],"picked":"Carnage","floor":18.0},{"not_picked":["Run Through","Life Link"],"picked":"True Grit","floor":20},{"not_picked":["Massacre","Clash"],"picked":"Replay:Undeath\u0027s Touch","floor":21},{"not_picked":["hubris:SharpeningStone","Second Wind"],"picked":"Wild Strike","floor":22},{"not_picked":["Warcry","Spot Weakness","hubris:ReadiedAction"],"picked":"SKIP","floor":24},{"not_picked":["Armaments+1","Havoc","Bludgeon"],"picked":"SKIP","floor":31},{"not_picked":["Immolate","Offering"],"picked":"Feed","floor":33},{"not_picked":["Havoc","Run Through"],"picked":"Rage","floor":35},{"not_picked":["Shrug It Off","Wild Strike+1"],"picked":"ReplayTheSpireMod:Limb From Limb","floor":37}],"player_experience":519296,"relics_obtained":[{"floor":6.0,"key":"Meat on the Bone"},{"floor":9.0,"key":"War Paint"},{"floor":15.0,"key":"Golden Egg"},{"floor":17.0,"key":"Bronze Scales"},{"floor":17.0,"key":"HornCleat"},{"floor":17.0,"key":"Replay:Multitool"},{"floor":23,"key":"ReplayTheSpireMod:Ring of Exchange"},{"floor":23,"key":"ReplayTheSpireMod:Ring of Collecting"},{"floor":26,"key":"ReplayTheSpireMod:Shallot"},{"floor":28,"key":"The Courier"},{"floor":32,"key":"hubris:Metronome"}],"event_choices":[{"cards_removed":["Strike_R"],"damage_healed":0.0,"max_hp_gain":0.0,"max_hp_loss":0.0,"gold_gain":0.0,"event_name":"Purifier","player_choice":"Purged","floor":2.0,"gold_loss":0.0,"damage_taken":0.0},{"damage_healed":0.0,"max_hp_gain":0.0,"max_hp_loss":0.0,"gold_gain":0.0,"event_name":"Golden Idol","player_choice":"Take Wound","floor":10.0,"gold_loss":0.0,"damage_taken":0.0,"relics_obtained":["Golden Idol"],"cards_obtained":["Injury"]},{"damage_healed":0.0,"max_hp_gain":0.0,"max_hp_loss":0.0,"gold_gain":0.0,"event_name":"Scrap Ooze","player_choice":"Success","floor":14.0,"gold_loss":0.0,"damage_taken":26.0,"relics_obtained":["Akabeko"]},{"damage_healed":0.0,"max_hp_gain":0.0,"max_hp_loss":0.0,"gold_gain":0.0,"event_name":"FaceTrader","player_choice":"Trade","floor":19.0,"gold_loss":0.0,"damage_taken":0.0,"relics_obtained":["FaceOfCleric"]},{"cards_removed":["Injury"],"damage_healed":0,"gold_gain":0,"player_choice":"Removed Curses","damage_taken":0,"max_hp_gain":0,"max_hp_loss":0,"event_name":"Fountain of Cleansing","floor":25,"gold_loss":0},{"damage_healed":0,"gold_gain":0,"player_choice":"Bought 1 Potion","damage_taken":0,"max_hp_gain":0,"max_hp_loss":0,"event_name":"The Woman in Blue","floor":27,"gold_loss":0},{"damage_healed":0,"gold_gain":0,"player_choice":"1 cards matched","damage_taken":0,"max_hp_gain":0,"max_hp_loss":0,"event_name":"Match and Keep!","floor":29,"gold_loss":0,"cards_obtained":["hubris:CleavingFinish"]},{"damage_healed":0,"gold_gain":0,"player_choice":"Ignored","damage_taken":0,"max_hp_gain":0,"max_hp_loss":0,"event_name":"SecretPortal","floor":36,"gold_loss":0}],"is_beta":false,"boss_relics":[{"not_picked":["Snecko Eye","Replay:Ancient Bell"],"picked":"Calling Bell"},{"not_picked":["Chemical X","Kintsugi"],"picked":"Mark of Pain"}],"items_purged_floors":[13],"is_endless":false,"potions_floor_spawned":[3,6,8,12,20,21,37],"killed_by":"Jaw Worm Horde","ascension_level":18}}