{"host":"v0dnu0zs4qo0v13s","time":1609894265,"event":{"mods":["BaseMod","Colored Map","Colored Powertips","Minty Spire (QoL Compilation)","Relic Stats","StSLib","SuperFastMode","everything is the same but u backflip on backflip"],"gold_per_floor":[116,66,85,85,101,101,139,139,139,159,62,83,83,97,97,226,226,246,6,6,6,31,75,0,0,0,0,20,20,20,56,56,185,485,509,509,42,105,121,121,454,486,486,486,486,11,11,26,26,26],"floor_reached":51,"playtime":24714,"items_purged":["Writhe","Nirvana"],"score":1151,"play_id":"a9f914e8-37a6-4952-89da-e4405e16fb7d","local_time":"20210105195105","is_ascension_mode":true,"campfire_choices":[{"data":"MentalFortress","floor":6.0,"key":"SMITH"},{"data":"Ragnarok","floor":8.0,"key":"SMITH"},{"floor":13.0,"key":"REST"},{"data":"Fasting2","floor":15.0,"key":"SMITH"},{"floor":25,"key":"REST"},{"floor":27,"key":"REST"},{"floor":32,"key":"REST"},{"data":"ClearTheMind","floor":40,"key":"SMITH"},{"data":"MasterReality","floor":45,"key":"SMITH"},{"data":"Eruption","floor":47,"key":"SMITH"},{"floor":49,"key":"REST"}],"circlet_count":0,"master_deck":["AscendersBane","Eruption+1","Vigilance+1","Ragnarok+1","SandsOfTime+1","Collect+1","WreathOfFlame","Fasting2+1","WaveOfTheHand+1","Devotion+1","FlyingSleeves+1","Meditate+1","EmptyFist+1","MentalFortress+1","Crescendo+1","LessonLearned+1","PanicButton","EmptyBody","InnerPeace","MasterReality+1","ClearTheMind+1","Wallop+1","Necronomicurse","EmptyMind+1","ConjureBlade+1","CurseOfTheBell","LikeWater+1","FearNoEvil+1","FlurryOfBlows+1","MentalFortress+1","Tantrum+1","Adaptation"],"relics":["Pandora\u0027s Box","Bottled Tornado","White Beast Statue","Black Star","Molten Egg 2","Pear","Toy Ornithopter","Necronomicon","Art of War","Toxic Egg 2","Calling Bell","Lantern","Kunai","Old Coin","Singing Bowl","CloakClasp","MealTicket","Yang","Shuriken","Bronze Scales","Strawberry"],"acts_visited":["Exordium","TheCity","TheBeyond"],"potions_floor_usage":[23,23,31,33,33,35,35,37,39,42,42,50,50],"damage_taken":[{"damage":0.0,"enemies":"Cultist","floor":1.0,"turns":3.0},{"damage":0.0,"enemies":"2 Louse","floor":3.0,"turns":2.0},{"damage":0.0,"enemies":"Jaw Worm","floor":5.0,"turns":4.0},{"damage":12.0,"enemies":"Gremlin Nob","floor":7.0,"turns":3.0},{"damage":5.0,"enemies":"Gremlin Gang","floor":10.0,"turns":2.0},{"damage":0.0,"enemies":"Large Slime","floor":12.0,"turns":4.0},{"damage":0.0,"enemies":"2 Fungi Beasts","floor":14.0,"turns":2.0},{"damage":0.0,"enemies":"Slime Boss","floor":16.0,"turns":2.0},{"damage":6.0,"enemies":"3 Byrds","floor":18.0,"turns":5.0},{"damage":22.0,"enemies":"2 Thieves","floor":22.0,"turns":4.0},{"damage":32,"enemies":"Slavers","floor":23,"turns":7},{"damage":6,"enemies":"Centurion and Healer","floor":28,"turns":4},{"damage":19,"enemies":"Book of Stabbing","floor":31,"turns":5},{"damage":4,"enemies":"Collector","floor":33,"turns":9},{"damage":46,"enemies":"3 Darklings","floor":35,"turns":9},{"damage":8,"enemies":"Mind Bloom Boss Battle","floor":38,"turns":7},{"damage":10,"enemies":"Orb Walker","floor":39,"turns":3},{"damage":0,"enemies":"Reptomancer","floor":42,"turns":9},{"damage":42,"enemies":"Writhing Mass","floor":48,"turns":5},{"damage":44,"enemies":"Donu and Deca","floor":50,"turns":7}],"seed_played":"5837929833074666972","potions_obtained":[{"floor":7.0,"key":"SneckoOil"},{"floor":10.0,"key":"Fire Potion"},{"floor":12.0,"key":"SkillPotion"},{"floor":14.0,"key":"Regen Potion"},{"floor":16.0,"key":"AttackPotion"},{"floor":18.0,"key":"FearPotion"},{"floor":22.0,"key":"Weak Potion"},{"floor":23,"key":"Ancient Potion"},{"floor":28,"key":"Energy Potion"},{"floor":31,"key":"Strength Potion"},{"floor":33,"key":"GamblersBrew"},{"floor":35,"key":"AttackPotion"},{"floor":38,"key":"Regen Potion"},{"floor":39,"key":"LiquidMemories"},{"floor":42,"key":"SteroidPotion"},{"floor":48,"key":"Strength Potion"}],"is_trial":false,"path_per_floor":["M","$","M","?","M","R","E","R","T","M","$","M","R","M","R","B",null,"M","$","?","?","M","E","?","R","T","R","M","?","$","E","R","B",null,"M","?","$","?","M","R","?","E","T","?","R","$","R","M","R","B",null],"character_chosen":"WATCHER","items_purchased":["EmptyFist","PanicButton","Molten Egg 2","FearNoEvil+1","Singing Bowl","Fruit Juice","Tantrum+1","Bronze Scales","Strawberry"],"campfire_rested":5,"item_purchase_floors":[2,11,19,37,37,37,46,46,46],"current_hp_per_floor":[65,65,65,65,65,65,53,53,53,48,48,48,67,67,67,67,67,61,61,61,61,48,26,26,49,49,72,66,50,50,36,59,65,74,31,50,60,54,60,60,60,70,70,70,70,92,92,50,77,43],"gold":26,"neow_bonus":"BOSS_RELIC","is_daily":false,"chose_seed":false,"campfire_upgraded":6,"win_rate":0.0,"timestamp":1609894265,"path_taken":["M","$","M","?","M","R","E","R","T","M","$","M","R","M","R","BOSS","M","$","?","?","?","E","?","R","T","R","M","?","?","E","R","BOSS","M","?","$","?","M","R","?","E","T","?","R","$","R","M","R","BOSS"],"items_purchased_type":["Card","Card","Relic","Card","Relic","Potion","Card","Relic","Relic"],"build_version":"2020-12-22","purchased_purges":2,"victory":true,"max_hp_per_floor":[72,72,72,67,67,67,67,67,67,67,67,67,67,67,67,67,67,67,67,67,67,67,77,77,77,77,77,77,77,77,77,77,77,77,77,77,82,84,86,86,86,86,86,86,86,93,93,93,93,93],"relic_stats":{"Singing Bowl":4,"counters":[20,96],"Yang":[26],"CloakClasp":[89],"Shuriken":[5],"Bronze Scales":[30],"Pandora\u0027s Box":["Ragnarok","SandsOfTime","Collect","WreathOfFlame","Fasting2","WaveOfTheHand","Devotion","FlyingSleeves"],"MealTicket":15,"Black Star":3,"Necronomicon":[22],"Art of War":[16],"Kunai":[12],"obtain_stats":[{"Lantern":34,"Pear":23,"Singing Bowl":37,"Golden Idol":4,"Yang":42,"CloakClasp":38,"Bottled Tornado":7,"White Beast Statue":9,"Old Coin":34,"Calling Bell":34,"Shuriken":43,"Bronze Scales":46,"Strawberry":46,"Pandora\u0027s Box":0,"Molten Egg 2":19,"MealTicket":42,"Black Star":17,"Necronomicon":29,"Art of War":31,"Kunai":34,"PureWater":0,"Toxic Egg 2":31,"Toy Ornithopter":26},{"Lantern":14,"Pear":11,"Singing Bowl":15,"Golden Idol":2,"Yang":18,"CloakClasp":16,"Bottled Tornado":4,"White Beast Statue":4,"Old Coin":14,"Calling Bell":14,"Shuriken":18,"Bronze Scales":18,"Strawberry":18,"Pandora\u0027s Box":0,"Molten Egg 2":9,"MealTicket":18,"Black Star":8,"Necronomicon":12,"Art of War":13,"Kunai":14,"PureWater":0,"Toxic Egg 2":13,"Toy Ornithopter":11},{"Lantern":56,"Pear":38,"Singing Bowl":65,"Golden Idol":5,"Yang":84,"CloakClasp":72,"Bottled Tornado":12,"White Beast Statue":12,"Old Coin":56,"Calling Bell":56,"Shuriken":84,"Bronze Scales":84,"Strawberry":84,"Pandora\u0027s Box":0,"Molten Egg 2":27,"MealTicket":84,"Black Star":22,"Necronomicon":42,"Art of War":47,"Kunai":56,"PureWater":0,"Toxic Egg 2":47,"Toy Ornithopter":38}],"Toy Ornithopter":48},"card_choices":[{"not_picked":["FollowUp","ClearTheMind"],"picked":"Meditate","floor":1.0},{"not_picked":["Weave","SashWhip"],"picked":"MentalFortress","floor":3.0},{"not_picked":["Collect","JustLucky"],"picked":"Crescendo","floor":5.0},{"not_picked":["PathToVictory","Meditate"],"picked":"LessonLearned","floor":7.0},{"not_picked":["Conclude","Evaluate","EmptyFist"],"picked":"SKIP","floor":10.0},{"not_picked":["Crescendo","Prostrate"],"picked":"EmptyBody","floor":12.0},{"not_picked":["Blasphemy","Crescendo"],"picked":"InnerPeace","floor":14.0},{"not_picked":["Brilliance","Blasphemy"],"picked":"MasterReality","floor":16.0},{"not_picked":["WindmillStrike","FlyingSleeves+1","Collect"],"picked":"SKIP","floor":18.0},{"not_picked":["WheelKick+1","EmptyFist+1"],"picked":"ClearTheMind","floor":22.0},{"not_picked":["SashWhip+1","Consecrate+1"],"picked":"Wallop+1","floor":23},{"not_picked":["EmptyBody","FollowUp+1"],"picked":"Nirvana","floor":28},{"not_picked":["ReachHeaven+1","DeceiveReality+1"],"picked":"EmptyMind+1","floor":31},{"not_picked":["Brilliance+1","MasterReality"],"picked":"ConjureBlade+1","floor":33},{"not_picked":["SashWhip+1","Halt+1"],"picked":"LikeWater+1","floor":35},{"not_picked":["SashWhip+1","EmptyBody+1","ClearTheMind+1"],"picked":"Singing Bowl","floor":38},{"not_picked":["CrushJoints+1","WindmillStrike+1","MasterReality"],"picked":"Singing Bowl","floor":39},{"not_picked":["CrushJoints+1","JustLucky+1"],"picked":"FlurryOfBlows+1","floor":42},{"not_picked":["Pray+1","CrushJoints+1"],"picked":"Adaptation","floor":48}],"player_experience":655261,"relics_obtained":[{"floor":7.0,"key":"Bottled Tornado"},{"floor":9.0,"key":"White Beast Statue"},{"floor":23,"key":"Pear"},{"floor":26,"key":"Toy Ornithopter"},{"floor":29,"key":"Necronomicon"},{"floor":31,"key":"Art of War"},{"floor":31,"key":"Toxic Egg 2"},{"floor":34,"key":"Lantern"},{"floor":34,"key":"Kunai"},{"floor":34,"key":"Old Coin"},{"floor":38,"key":"CloakClasp"},{"floor":42,"key":"MealTicket"},{"floor":42,"key":"Yang"},{"floor":43,"key":"Shuriken"}],"event_choices":[{"damage_healed":0.0,"max_hp_gain":0.0,"max_hp_loss":5.0,"gold_gain":0.0,"event_name":"Golden Idol","player_choice":"Lose Max HP","floor":4.0,"gold_loss":0.0,"damage_taken":0.0,"relics_obtained":["Golden Idol"]},{"damage_healed":0.0,"max_hp_gain":0.0,"max_hp_loss":0.0,"gold_gain":0.0,"event_name":"Ghosts","player_choice":"Ignored","floor":20.0,"gold_loss":0.0,"damage_taken":0.0},{"damage_healed":0.0,"max_hp_gain":0.0,"max_hp_loss":0.0,"gold_gain":0.0,"event_name":"Accursed Blacksmith","player_choice":"Forge","floor":21.0,"gold_loss":0.0,"damage_taken":0.0,"cards_upgraded":["SandsOfTime"]},{"damage_healed":0,"gold_gain":0,"player_choice":"Paid Fearfully","damage_taken":0,"max_hp_gain":0,"max_hp_loss":0,"event_name":"Masked Bandits","floor":24,"gold_loss":75},{"damage_healed":0,"gold_gain":0,"player_choice":"Obtained Book","damage_taken":16,"max_hp_gain":0,"max_hp_loss":0,"event_name":"Cursed Tome","floor":29,"gold_loss":0},{"damage_healed":19,"gold_gain":0,"player_choice":"Writhe","damage_taken":0,"max_hp_gain":0,"max_hp_loss":0,"event_name":"Winding Halls","floor":36,"gold_loss":0,"cards_obtained":["Writhe"]},{"damage_healed":0,"gold_gain":0,"player_choice":"Fight","damage_taken":0,"max_hp_gain":0,"max_hp_loss":0,"event_name":"MindBloom","floor":38,"gold_loss":0},{"damage_healed":0,"gold_gain":333,"player_choice":"Gave Idol","damage_taken":0,"max_hp_gain":0,"max_hp_loss":0,"event_name":"The Moai Head","floor":41,"relics_lost":["Golden Idol"],"gold_loss":0},{"damage_healed":0,"gold_gain":0,"player_choice":"Copied","damage_taken":0,"max_hp_gain":0,"max_hp_loss":0,"event_name":"Duplicator","floor":44,"gold_loss":0,"cards_obtained":["MentalFortress"]}],"is_beta":false,"boss_relics":[{"not_picked":["Astrolabe","Philosopher\u0027s Stone"],"picked":"Black Star"},{"not_picked":["VioletLotus","Fusion Hammer"],"picked":"Calling Bell"}],"items_purged_floors":[37,46],"is_endless":false,"potions_floor_spawned":[7,10,12,14,16,18,22,23,28,31,33,35,38,39,42,48],"ascension_level":10}}