{"host":"69bxgjr0sv0a6xc4","time":1609957273,"event":{"mods":["Act Like it!","BaseMod","Better Altar","Better Match","Better Note","Better Sensory Stone","Better Skull","Better Third Choice","BetterRewards","DeckTracker","Friendly Minions","Jorbs\u0027s Wanderer Trilogy","Lobotomy","LobotomyExtend","Minty Spire (QoL Compilation)","Relic Stats","Spicy Shops","StSLib","The Bladedancer","Unceasing Turn Reminder"],"gold_per_floor":[117,127,127,142,142,173,173,173,173],"floor_reached":8,"playtime":425,"items_purged":[],"score":98,"play_id":"d0a856f1-277e-4743-a481-a726d73754a7","local_time":"20210106192113","is_ascension_mode":true,"campfire_choices":[{"data":"Deadly Poison","floor":7,"key":"SMITH"}],"circlet_count":0,"master_deck":["AscendersBane","Strike_G","Strike_G","Strike_G","Strike_G","Strike_G","Defend_G","Defend_G","Defend_G","Defend_G","Defend_G","Survivor","Neutralize","Infinite Blades","Deadly Poison+1","Laetitia","FairyFestival"],"relics":["Ring of the Snake","CogitoBucket","LetterFromLob","Bottled Lightning","Ornamental Fan"],"acts_visited":["Exordium"],"potions_floor_usage":[],"damage_taken":[{"damage":19,"enemies":"Cultist","floor":1,"turns":7},{"damage":0,"enemies":"Jaw Worm","floor":2,"turns":6},{"damage":0,"enemies":"2 Louse","floor":4,"turns":3},{"damage":51,"enemies":"Lagavulin","floor":6,"turns":8},{"damage":15,"enemies":"3 Sentries","floor":8,"turns":2}],"seed_played":"497097360976389290","potions_obtained":[{"floor":1,"key":"Explosive Potion"},{"floor":2,"key":"FairyPotion"}],"is_trial":false,"path_per_floor":["M","M","?","M","T","E","R","E"],"character_chosen":"THE_SILENT","items_purchased":[],"campfire_rested":0,"item_purchase_floors":[],"current_hp_per_floor":[40,40,40,40,40,12,12,0,0],"gold":173,"neow_bonus":"","is_daily":false,"chose_seed":false,"campfire_upgraded":1,"win_rate":0.0,"timestamp":1609957273,"path_taken":["M","M","?","M","?","E","R","E"],"items_purchased_type":[],"build_version":"2020-12-22","purchased_purges":0,"victory":false,"max_hp_per_floor":[66,66,66,66,66,66,66,66,66],"relic_stats":{"counters":[5,26],"Ornamental Fan":[0],"obtain_stats":[{"CogitoBucket":0,"Ornamental Fan":6,"LetterFromLob":1,"Bottled Lightning":5,"Ring of the Snake":0},{"CogitoBucket":0,"Ornamental Fan":4,"LetterFromLob":1,"Bottled Lightning":3,"Ring of the Snake":0},{"CogitoBucket":0,"Ornamental Fan":24,"LetterFromLob":7,"Bottled Lightning":16,"Ring of the Snake":0}],"Ring of the Snake":[10]},"card_choices":[{"not_picked":["Distraction","Acrobatics"],"picked":"Infinite Blades","floor":1},{"not_picked":["Backflip","Outmaneuver"],"picked":"Deadly Poison","floor":2},{"not_picked":["UniverseFragment","Wellcheers"],"picked":"Laetitia","floor":4},{"not_picked":["Dodge and Roll","Dagger Spray","Slice"],"picked":"SKIP","floor":4},{"not_picked":["PunishingBird","MHz"],"picked":"FairyFestival","floor":6},{"not_picked":["Flying Knee","Dodge and Roll","Backflip"],"picked":"SKIP","floor":6}],"player_experience":861377,"relics_obtained":[{"floor":1,"key":"LetterFromLob"},{"floor":5,"key":"Bottled Lightning"},{"floor":6,"key":"Ornamental Fan"}],"event_choices":[{"damage_healed":40,"gold_gain":0,"player_choice":"Leave","damage_taken":0,"max_hp_gain":0,"max_hp_loss":66,"event_name":"betterThird:BetterShining","floor":3,"gold_loss":0}],"is_beta":false,"boss_relics":[],"items_purged_floors":[],"is_endless":false,"potions_floor_spawned":[1,2],"killed_by":"3 Sentries","ascension_level":15}}