{"host":"uflv0e3ja7hvnij7","time":1609939587,"event":{"mods":["Aspiration","BaseMod","Better Altar","Better Match","Better Note","Better Sensory Stone","Better Skull","Better Third Choice","Conspire","Hubris","Minty Spire (QoL Compilation)","Permanent Neow","Replay The Spire","Shop Mod","StSLib"],"gold_per_floor":[126,154,181,203,203,203,248,248,274,297,297,297,297,297,373,485,485,505,505,505,625,625,625,641,670,670,684,684,684],"floor_reached":28,"playtime":1538,"items_purged":[],"score":321,"play_id":"46460173-123d-4953-97b1-a9a383c6589c","local_time":"20210106082627","is_ascension_mode":true,"campfire_choices":[{"data":"Flying Knee","floor":6,"key":"SMITH"},{"data":"Setup","floor":8,"key":"SMITH"},{"floor":13,"key":"REST"},{"floor":23,"key":"REST"}],"circlet_count":0,"master_deck":["Strike_R","Strike_R","Strike_R","Strike_R","Strike_R","Defend_R","Defend_R","Defend_R","Bash+1","Setup+1","Whirlwind","Flying Knee+1","Deflect+1","Pommel Strike","conspire:HitWhereItHurts","Flying Knee+1","Dodge and Roll","Cleave"],"relics":["Burning Blood","aspiration:SilentSkillbook","aspiration:FetidBarrel","Boot","hubris:Icosahedron","Sozu","Onion Ring","Gremlin Food","Chameleon Ring"],"acts_visited":["Exordium","TheCity"],"potions_floor_usage":[7,16,18,25],"damage_taken":[{"damage":2.0,"enemies":"2 Louse","floor":1.0,"turns":3.0},{"damage":14.0,"enemies":"Small Slimes","floor":2.0,"turns":4.0},{"damage":8,"enemies":"Jaw Worm","floor":3,"turns":4},{"damage":7,"enemies":"2 Fungi Beasts","floor":4,"turns":3},{"damage":21,"enemies":"3 Sentries","floor":7,"turns":8},{"damage":13,"enemies":"Looter","floor":10,"turns":3},{"damage":63,"enemies":"The Guardian","floor":16,"turns":11},{"damage":12,"enemies":"3 Byrds","floor":18,"turns":3},{"damage":21,"enemies":"2 Thieves","floor":21,"turns":3},{"damage":6,"enemies":"Sentry and Sphere","floor":24,"turns":3},{"damage":46,"enemies":"Slavers","floor":25,"turns":6},{"damage":14,"enemies":"Centurion and Healer","floor":27,"turns":4}],"seed_played":"-7139716141939085082","potions_obtained":[{"floor":1.0,"key":"FearPotion"},{"floor":2.0,"key":"Toxic Potion"},{"floor":4,"key":"BlessingOfTheForge"},{"floor":10,"key":"Regen Potion"}],"is_trial":false,"path_per_floor":["M","M","M","M","?","R","E","R","T","M","?","?","R","?","R","B",null,"M","?","?","M","?","R","M","E","T","M","$"],"character_chosen":"IRONCLAD","items_purchased":[],"campfire_rested":2,"item_purchase_floors":[],"current_hp_per_floor":[76,68,66,65,65,65,50,50,50,43,43,27,51,51,51,9,62,56,56,56,41,41,65,65,25,25,17,17,17],"gold":684,"neow_bonus":"CURSED_BOSS_RELIC","is_daily":false,"chose_seed":false,"campfire_upgraded":2,"win_rate":0.0,"timestamp":1609939587,"path_taken":["M","M","M","M","?","R","E","R","T","M","?","?","R","?","R","BOSS","M","?","?","M","?","R","M","E","T","M","$"],"items_purchased_type":[],"build_version":"2020-12-22","purchased_purges":0,"victory":false,"max_hp_per_floor":[80,80,80,80,80,80,80,80,80,80,80,80,80,80,80,80,80,80,80,80,80,80,80,80,80,80,80,80,80],"card_choices":[{"not_picked":["Burning Pact","Run Through","Havoc"],"picked":"Setup","floor":1.0},{"not_picked":["Deadly Poison","Replay:Undeath\u0027s Touch","Perfected Strike"],"picked":"Whirlwind","floor":2.0},{"not_picked":["Intimidate","Flex","Armaments"],"picked":"Flying Knee","floor":3},{"not_picked":["ReplayTheSpireMod:Scrap Shanks","Sentinel","Sword Boomerang"],"picked":"Deflect","floor":4},{"not_picked":["Brutality","Dual Wield","Flex"],"picked":"Pommel Strike","floor":7},{"not_picked":["Dagger Throw","ReplayTheSpireMod:Limb From Limb","Clothesline","Cloak And Dagger"],"picked":"SKIP","floor":10},{"not_picked":["Wraith Form v2","Brutality","Venomology"],"picked":"conspire:HitWhereItHurts","floor":16},{"not_picked":["Flex+1","Armaments","Hidden Blade"],"picked":"Cloak And Dagger","floor":18},{"not_picked":["Anger+1","Twin Strike","Sneak Up"],"picked":"Flying Knee+1","floor":21},{"not_picked":["Dagger Throw","hubris:Sniper","Heavy Blade+1"],"picked":"Dodge and Roll","floor":24},{"not_picked":["ReplayTheSpireMod:Shiv Toss+1","Dagger Throw","Tools of the Trade","Sentinel+1"],"picked":"SKIP","floor":25},{"not_picked":["Replay:Poison Smokescreen","Heavy Blade+1","Footwork"],"picked":"Cleave","floor":27}],"player_experience":492916,"relics_obtained":[{"floor":7,"key":"aspiration:FetidBarrel"},{"floor":9,"key":"Boot"},{"floor":25,"key":"Gremlin Food"},{"floor":26,"key":"Chameleon Ring"}],"event_choices":[{"damage_healed":43,"gold_gain":0,"player_choice":"Upgrade","damage_taken":16,"max_hp_gain":0,"max_hp_loss":80,"event_name":"betterThird:BetterShining","floor":12,"gold_loss":0,"cards_upgraded":["Deflect","Bash"]},{"cards_removed":["Cloak And Dagger"],"damage_healed":0,"gold_gain":0,"player_choice":"Gave Card","damage_taken":0,"relics_obtained":["Onion Ring"],"max_hp_gain":0,"max_hp_loss":0,"event_name":"WeMeetAgain","floor":19,"gold_loss":0},{"damage_healed":0,"gold_gain":0,"player_choice":"Got Potions","damage_taken":0,"max_hp_gain":0,"max_hp_loss":0,"event_name":"Lab","floor":20,"gold_loss":0},{"cards_removed":["hubris:Greed","hubris:Greed"],"damage_healed":0,"gold_gain":0,"player_choice":"Removed Curses","damage_taken":0,"max_hp_gain":0,"max_hp_loss":0,"event_name":"Fountain of Cleansing","floor":22,"gold_loss":0}],"is_beta":false,"boss_relics":[{"not_picked":["conspire:SlowCooker","Painkiller Herb"],"picked":"Sozu"}],"items_purged_floors":[],"is_endless":false,"potions_floor_spawned":[1,2,4,10,18,21,27],"ascension_level":7}}