{"host":"vvif2fx2jgfi5h35","time":1609904540,"event":{"mods":["AchievementEnabler","BaseMod","Colored Powertips","Minty Spire (QoL Compilation)","Quick Restart","Replay The Spire","StSLib"],"gold_per_floor":[118,118,137,150,168,198,198,198,278,278,311,325,343,360,360,360,360],"floor_reached":16,"playtime":982,"items_purged":[],"score":114,"play_id":"ca4c90a1-8d08-4544-a888-1c2dfbe53092","local_time":"20210105214220","is_ascension_mode":false,"campfire_choices":[{"floor":15,"key":"REST"}],"circlet_count":0,"master_deck":["Strike_R","Strike_R","Strike_R","Strike_R+1","Strike_R","Defend_R","Defend_R","Defend_R","Defend_R","Bash","Sword Boomerang","Whirlwind+1","Shrug It Off","Shrug It Off","Metallicize","Barricade","Armaments","Cleave","Combust"],"relics":["Burning Blood","Lantern","Du-Vu Doll","ReplayTheSpireMod:Ninjato","Smiling Mask"],"acts_visited":["Exordium"],"potions_floor_usage":[6,6,11,16,16],"damage_taken":[{"damage":0,"enemies":"2 Louse","floor":1,"turns":2},{"damage":0,"enemies":"Small Slimes","floor":3,"turns":3},{"damage":6,"enemies":"Cultist","floor":4,"turns":3},{"damage":8,"enemies":"Large Slime","floor":5,"turns":6},{"damage":17,"enemies":"Gremlin Nob","floor":6,"turns":5},{"damage":23,"enemies":"3 Sentries","floor":11,"turns":8},{"damage":0,"enemies":"3 Louse","floor":12,"turns":1},{"damage":11,"enemies":"Exordium Wildlife","floor":13,"turns":3},{"damage":10,"enemies":"Gremlin Gang","floor":14,"turns":3},{"damage":77,"enemies":"The Guardian","floor":16,"turns":11}],"seed_played":"-2648501327794484318","potions_obtained":[{"floor":1,"key":"Block Potion"},{"floor":3,"key":"Elixir"},{"floor":4,"key":"Languid Potion"},{"floor":6,"key":"SneckoOil"},{"floor":13,"key":"Explosive Potion"}],"is_trial":false,"path_per_floor":["M","?","M","M","M","E","?","?","T","?","E","M","M","M","R","B"],"character_chosen":"IRONCLAD","items_purchased":[],"campfire_rested":1,"item_purchase_floors":[],"current_hp_per_floor":[80,80,80,80,78,67,72,72,72,72,55,61,56,52,77,0,0],"gold":360,"neow_bonus":"RANDOM_COMMON_RELIC","is_daily":false,"chose_seed":false,"campfire_upgraded":0,"win_rate":0.0,"timestamp":1609904540,"path_taken":["M","?","M","M","M","E","?","?","T","?","E","M","M","?","R","BOSS"],"items_purchased_type":[],"build_version":"2020-12-22","purchased_purges":0,"victory":false,"max_hp_per_floor":[80,80,80,80,80,80,85,85,85,85,85,85,85,85,85,85,85],"card_choices":[{"not_picked":["Intimidate","Wild Strike"],"picked":"Sword Boomerang","floor":1},{"not_picked":["ReplayTheSpireMod:Corrosion Curse","Rampage"],"picked":"Whirlwind","floor":3},{"not_picked":["Defy Death","Heavy Blade"],"picked":"Shrug It Off","floor":4},{"not_picked":["Hemokinesis","Clash"],"picked":"Shrug It Off","floor":5},{"not_picked":["Replay:Undeath\u0027s Touch","Whirlwind"],"picked":"Metallicize","floor":6},{"not_picked":["Sword Boomerang","Flex"],"picked":"Barricade","floor":11},{"not_picked":["ReplayTheSpireMod:Stacked","Blood for Blood"],"picked":"Armaments","floor":12},{"not_picked":["Anger","Headbutt"],"picked":"Cleave","floor":13},{"not_picked":["Hemokinesis","Life Link"],"picked":"Combust","floor":14}],"player_experience":58221,"relics_obtained":[{"floor":6,"key":"Du-Vu Doll"},{"floor":9,"key":"ReplayTheSpireMod:Ninjato"},{"floor":11,"key":"Smiling Mask"}],"event_choices":[{"damage_healed":0,"gold_gain":0,"player_choice":"Leave","damage_taken":0,"max_hp_gain":0,"max_hp_loss":0,"event_name":"The Cleric","floor":2,"gold_loss":0},{"damage_healed":0,"gold_gain":0,"player_choice":"Donut","damage_taken":0,"max_hp_gain":5,"max_hp_loss":0,"event_name":"Big Fish","floor":7,"gold_loss":0},{"damage_healed":0,"gold_gain":0,"player_choice":"Forge","damage_taken":0,"max_hp_gain":0,"max_hp_loss":0,"event_name":"Accursed Blacksmith","floor":10,"gold_loss":0,"cards_upgraded":["Whirlwind"]}],"is_beta":false,"boss_relics":[],"items_purged_floors":[],"is_endless":false,"potions_floor_spawned":[1,3,4,6,13],"killed_by":"The Guardian","ascension_level":0}}