{"host":"CKW","time":1609934035,"event":{"mods":["AchievementEnabler","BaseMod","Card Forge","Colored Powertips","Gold Saver","Googly Eyes","Highlight Path","Marisa£¨Ùöéë¡¡Øª×âÞÞ£©","Minty Spire (QoL Compilation)","Permanent Neow","Quick Restart","Rare Cards Sparkle","Shop Mod","StSLib","SuperFastMode"],"gold_per_floor":[117,65,76,76,90,125,90,117,156,203,226,252,264,310,322,434,446,478,490,601,613,645,667,679,725,789,821,833,874,886,924,936,1046,1058,1089,696,696,750,750,780,813,841,841,857,882,213,238,238,238,238,238,238,327,352,352],"floor_reached":56,"playtime":6761,"items_purged":["BinaryStars+1"],"score":1847,"play_id":"5b40a71d-b77b-432b-94dd-4db31d30144c","local_time":"20210106205355","is_ascension_mode":true,"campfire_choices":[{"data":"UnstableBomb","floor":13.0,"key":"SMITH"},{"data":"OortCloud","floor":15.0,"key":"SMITH"},{"data":"OortCloud","floor":24.0,"key":"SMITH"},{"data":"UltimateShortwave","floor":28.0,"key":"SMITH"},{"floor":32.0,"key":"RECALL"},{"data":"GasGiant","floor":49,"key":"SMITH"},{"floor":52,"key":"REST"}],"circlet_count":0,"master_deck":["WitchLeyline+1","WitchLeyline+1","UltimateShortwave+1","OortCloud+1","EnergyFlow+1","GasGiant+1","GasGiant+1","UnstableBomb+1","OortCloud+1","MachineGunSpark+1","SuperNova+1","Orbital+1","UnstableBomb+1","OortCloud+1","OortCloud+1","UltimateShortwave+1","Parasite","Parasite","SuperNova+1","EscapeVelocity+1","GasGiant+1","Wraith"],"relics":["MiniHakkero","Hammer of Thor","Seething Fire","Anvil of the Gods","Lantern","Tiny Chest","Juzu Bracelet","Mummified Hand","Blue Candle","Sozu","Pantograph","Centennial Puzzle","Orichalcum","MutagenicStrength","ShroomBag","Philosopher\u0027s Stone","Singing Bowl","Bottled Tornado","Thread and Needle","AmplifyWand","Shuriken","Blood Vial","HornCleat","StoneCalendar","Unceasing Top","PreservedInsect","MerchantsRug","Ornamental Fan"],"acts_visited":["Exordium","TheCity","TheBeyond","TheEnding"],"potions_floor_usage":[],"damage_taken":[{"damage":5.0,"enemies":"Small Slimes","floor":1.0,"turns":3.0},{"damage":0.0,"enemies":"Jaw Worm","floor":3.0,"turns":2.0},{"damage":0.0,"enemies":"2 Louse","floor":5.0,"turns":1.0},{"damage":10.0,"enemies":"3 Sentries","floor":6.0,"turns":5.0},{"damage":0.0,"enemies":"Lagavulin","floor":8.0,"turns":3.0},{"damage":0.0,"enemies":"3 Sentries","floor":10.0,"turns":5.0},{"damage":0.0,"enemies":"Looter","floor":11.0,"turns":2.0},{"damage":0.0,"enemies":"Exordium Thugs","floor":12.0,"turns":3.0},{"damage":0.0,"enemies":"Gremlin Nob","floor":14.0,"turns":2.0},{"damage":0.0,"enemies":"Slime Boss","floor":16.0,"turns":3.0},{"damage":0.0,"enemies":"3 Byrds","floor":18.0,"turns":5.0},{"damage":10.0,"enemies":"2 Thieves","floor":22.0,"turns":4.0},{"damage":0.0,"enemies":"Snake Plant","floor":23.0,"turns":3.0},{"damage":0.0,"enemies":"Gremlin Leader","floor":25.0,"turns":5.0},{"damage":0.0,"enemies":"Snecko","floor":27.0,"turns":4.0},{"damage":0.0,"enemies":"Slavers","floor":29.0,"turns":5.0},{"damage":0.0,"enemies":"Book of Stabbing","floor":31.0,"turns":3.0},{"damage":2.0,"enemies":"Collector","floor":33.0,"turns":4.0},{"damage":15.0,"enemies":"3 Shapes","floor":35.0,"turns":2.0},{"damage":22.0,"enemies":"2 Orb Walkers","floor":38.0,"turns":3.0},{"damage":3,"enemies":"Nemesis","floor":40,"turns":3},{"damage":6,"enemies":"Reptomancer","floor":41,"turns":3},{"damage":2,"enemies":"Giant Head","floor":42,"turns":4},{"damage":2,"enemies":"3 Darklings","floor":44,"turns":2},{"damage":9,"enemies":"Nemesis","floor":45,"turns":5},{"damage":21,"enemies":"Reptomancer","floor":47,"turns":3},{"damage":5,"enemies":"Time Eater","floor":50,"turns":4},{"damage":4,"enemies":"Shield and Spear","floor":54,"turns":4},{"damage":57,"enemies":"The Heart","floor":55,"turns":8}],"seed_played":"-6230145522611777930","potions_obtained":[{"floor":3.0,"key":"Ancient Potion"},{"floor":8.0,"key":"DuplicationPotion"},{"floor":11.0,"key":"AttackPotion"}],"is_trial":false,"path_per_floor":["M","$","M","?","M","E","?","E","T","E","M","M","R","E","R","B",null,"M","?","?","T","M","M","R","E","T","M","R","E","?","E","R","B",null,"M","$","?","?","T","E","E","E","T","M","E","$","E","?","R","B",null,"R","$","E","B",null],"character_chosen":"MARISA","items_purchased":["WitchLeyline","Singing Bowl","EscapeVelocity","StoneCalendar","Unceasing Top","MerchantsRug"],"campfire_rested":1,"item_purchase_floors":[2,36,36,46,46,53],"current_hp_per_floor":[49,49,49,42,42,32,50,50,50,50,50,50,50,50,50,50,75,75,75,75,75,65,65,65,65,65,65,65,65,65,65,65,74,75,66,66,66,48,48,61,81,85,85,89,90,90,81,81,81,98,100,100,100,101,49],"gold":352,"neow_bonus":"TRANSFORM_TWO_CARDS","is_daily":false,"chose_seed":false,"campfire_upgraded":5,"win_rate":0.0,"timestamp":1609934035,"path_taken":["M","$","M","?","M","E","?","E","T","E","M","M","R","E","R","BOSS","M","?","?","?","M","M","R","E","T","M","R","E","?","E","R","BOSS","M","$","?","?","?","E","E","E","T","M","E","$","E","?","R","BOSS","R","$","E","BOSS"],"items_purchased_type":["Card","Relic","Card","Relic","Relic","Relic"],"build_version":"2020-12-18","purchased_purges":1,"victory":true,"max_hp_per_floor":[75,75,75,75,75,75,75,75,75,75,75,75,75,75,75,75,75,75,75,75,75,75,75,75,75,75,75,75,75,75,75,75,75,75,75,75,75,77,77,79,94,96,96,96,98,98,100,100,100,100,100,100,100,102,102],"card_choices":[{"not_picked":["LuminesStrike","DeepEcoloBomb","Robbery"],"picked":"SKIP","floor":1.0},{"not_picked":["PulseMagic","DarkSpark","IllusionStar"],"picked":"SKIP","floor":3.0},{"not_picked":["GravityBeat","MysteriousBeam","FinalSpark"],"picked":"SKIP","floor":5.0},{"not_picked":["StarBarrage","DoubleSpark","MagicAbsorber"],"picked":"SKIP","floor":6.0},{"not_picked":["UnstableBomb","EarthLightRay","AsteroidBelt"],"picked":"SKIP","floor":8.0},{"not_picked":["ManaConvection","NonDirectionalLaser"],"picked":"UnstableBomb","floor":10.0},{"not_picked":["DeepEcoloBomb","ChargeUpSpray","DoubleSpark"],"picked":"SKIP","floor":11.0},{"not_picked":["EventHorizon","GravityBeat","MilkyWay"],"picked":"SKIP","floor":12.0},{"not_picked":["AsteroidBelt","MaximisePower"],"picked":"OortCloud","floor":14.0},{"not_picked":["DoubleSpark+1","UnstableBomb","Singularity"],"picked":"SKIP","floor":18.0},{"not_picked":["LuminesStrike","WitchOfGreed","MilkyWay"],"picked":"SKIP","floor":22.0},{"not_picked":["Singularity+1","PowerUp+1","GrandCross+1"],"picked":"SKIP","floor":23.0},{"not_picked":["GrandCross+1","ShootingEcho","GalacticHalo+1"],"picked":"SKIP","floor":25.0},{"not_picked":["SporeBomb+1","GrandCross"],"picked":"UltimateShortwave","floor":27.0},{"not_picked":["NonDirectionalLaser","OpenUniverse","OneTimeOff"],"picked":"SKIP","floor":29.0},{"not_picked":["CollectingQuirk","DeepEcoloBomb+1","MachineGunSpark+1"],"picked":"SKIP","floor":31.0},{"not_picked":["CollectingQuirk","MaximisePower"],"picked":"SuperNova","floor":33.0},{"not_picked":["ShootingEcho+1","RefractionSpark","ChargingUp"],"picked":"SKIP","floor":35.0},{"not_picked":["MysteriousBeam+1","PropBag+1","WitchLeyline"],"picked":"Singing Bowl","floor":38.0},{"not_picked":["TreasureHunter","PowerUp+1","LuminesStrike+1"],"picked":"Singing Bowl","floor":40},{"not_picked":["DC","BigCrunch","LuminesStrike+1"],"picked":"Singing Bowl","floor":41},{"not_picked":["Orbital","SprinkleStarSeal+1","UnstableBomb+1"],"picked":"Singing Bowl","floor":42},{"not_picked":["PowerUp+1","DoubleSpark+1"],"picked":"GasGiant","floor":44},{"not_picked":["NonDirectionalLaser","LuminesStrike+1","BlazingStar"],"picked":"Singing Bowl","floor":45},{"not_picked":["MagicChant+1","GrandCross+1","DC"],"picked":"Singing Bowl","floor":47},{"not_picked":["MeteoricShower+1","DoubleSpark","DarkMatter"],"picked":"Singing Bowl","floor":54}],"player_experience":221813,"relics_obtained":[{"floor":6.0,"key":"Tiny Chest"},{"floor":8.0,"key":"MawBank"},{"floor":9.0,"key":"Juzu Bracelet"},{"floor":10.0,"key":"Mummified Hand"},{"floor":14.0,"key":"Blue Candle"},{"floor":21.0,"key":"Pantograph"},{"floor":25.0,"key":"Centennial Puzzle"},{"floor":26.0,"key":"Orichalcum"},{"floor":29.0,"key":"WingedGreaves"},{"floor":31.0,"key":"ShroomBag"},{"floor":38.0,"key":"Thread and Needle"},{"floor":39.0,"key":"BreadOfAWashokuLover"},{"floor":40,"key":"AmplifyWand"},{"floor":41,"key":"Shuriken"},{"floor":42,"key":"Blood Vial"},{"floor":45,"key":"HornCleat"},{"floor":47,"key":"PreservedInsect"},{"floor":54,"key":"Ornamental Fan"}],"event_choices":[{"damage_healed":0.0,"max_hp_gain":0.0,"max_hp_loss":0.0,"gold_gain":0.0,"event_name":"Scrap Ooze","player_choice":"Success","floor":4.0,"gold_loss":0.0,"damage_taken":7.0,"relics_obtained":["Lantern"]},{"damage_healed":18.0,"max_hp_gain":0.0,"max_hp_loss":0.0,"gold_gain":0.0,"event_name":"The Cleric","player_choice":"Healed","floor":7.0,"gold_loss":35.0,"damage_taken":0.0},{"damage_healed":0.0,"max_hp_gain":0.0,"max_hp_loss":0.0,"gold_gain":0.0,"event_name":"The Library","player_choice":"Read","floor":19.0,"gold_loss":0.0,"damage_taken":0.0,"cards_obtained":["OortCloud"]},{"damage_healed":0.0,"max_hp_gain":0.0,"max_hp_loss":0.0,"gold_gain":99.0,"event_name":"Nest","player_choice":"Stole From Cult","floor":20.0,"gold_loss":0.0,"damage_taken":0.0},{"damage_healed":0.0,"max_hp_gain":0.0,"max_hp_loss":0.0,"gold_gain":0.0,"event_name":"Drug Dealer","player_choice":"Inject Mutagens","floor":30.0,"gold_loss":0.0,"damage_taken":0.0,"relics_obtained":["MutagenicStrength"]},{"cards_removed":["Orbital"],"damage_healed":0.0,"max_hp_gain":0.0,"max_hp_loss":0.0,"gold_gain":0.0,"event_name":"Falling","player_choice":"Removed Skill","floor":37.0,"gold_loss":0.0,"damage_taken":0.0},{"damage_healed":0.0,"max_hp_gain":0.0,"max_hp_loss":0.0,"gold_gain":0.0,"event_name":"Mysterious Sphere","player_choice":"Fight","floor":38.0,"gold_loss":0.0,"damage_taken":0.0},{"damage_healed":0,"gold_gain":0,"player_choice":"Ignored","damage_taken":0,"max_hp_gain":0,"max_hp_loss":0,"event_name":"OrinTheCat","floor":48,"gold_loss":0}],"is_beta":true,"boss_relics":[{"not_picked":["Runic Pyramid","Calling Bell"],"picked":"Sozu"},{"not_picked":["Cursed Key","Pandora\u0027s Box"],"picked":"Philosopher\u0027s Stone"}],"items_purged_floors":[46],"is_endless":false,"potions_floor_spawned":[3,8,11,16,23,29,33,40,41,45,47,54],"ascension_level":1}}