{"host":"ye7mfqqt9ljtnqit","time":1609927562,"event":{"mods":["BaseMod","Colored Map","Downfall","Marisa£®ÏF”Í°°ƒß¿Ì…≥£©","Minty Spire (QoL Compilation)","StSLib","SuperFastMode","The Servant 0.9.4"],"gold_per_floor":[99,99,199,199,199,228,228,73,73,98,118,32,43,61,78,180,180,30,43,28,40,40,25,25,44,244,169,186,219,246,261,278,375,375,375,391,403,417,429,456,468,105,105,105,120,120,136,155,173,173,173,199,29,29,29],"floor_reached":56,"playtime":6250,"items_purged":["Regret"],"score":1376,"play_id":"55de9fad-390b-46c7-bab6-6f244f8e1c99","local_time":"20210106180602","is_ascension_mode":false,"campfire_choices":[{"floor":1.0,"key":"RECALL"},{"data":"sneckomod:MorePower","floor":18.0,"key":"SMITH"},{"data":"sneckomod:Restock","floor":27.0,"key":"SMITH"},{"data":"sneckomod:Restock","floor":35,"key":"SMITH"},{"data":"sneckomod:TrashToTreasure","floor":44,"key":"SMITH"},{"data":"sneckomod:SnekBeam","floor":46,"key":"SMITH"},{"floor":54,"key":"REST"}],"circlet_count":0,"master_deck":["sneckomod:Defend","sneckomod:Defend","sneckomod:Defend","sneckomod:TailWhip","sneckomod:SnekBite","sneckomod:Unknown","sneckomod:Unknown","sneckomod:UnknownClassBLUE","sneckomod:QuickMove","sneckomod:CheapStock","sneckomod:UnknownUncommonPower","sneckomod:SlitherStrike","sneckomod:UnknownCommonSkill","sneckomod:UnknownUncommonPower","sneckomod:ImprovisedGuard","sneckomod:SerpentIdol","sneckomod:MorePower+1","sneckomod:UnknownRarePower+1","sneckomod:Unknown3Cost","sneckomod:UnknownRareAttack+1","sneckomod:UnknownWeak+1","sneckomod:UnknownRarePower+1","sneckomod:UnknownUncommonAttack","sneckomod:UnknownDexterity+1","sneckomod:SoulDraw","RitualDagger+1","sneckomod:SerpentIdol+1","sneckomod:Unknown3Cost+1","sneckomod:TrashToTreasure+1","sneckomod:Restock+1","hexamod:Haunted","sneckomod:Unknown3Cost+1","sneckomod:UnknownUncommonPower","sneckomod:UnknownRareAttack+1","sneckomod:UnknownClassTHE_CHAMP_GRAY+1","sneckomod:UnknownClassGREEN+1","sneckomod:UnknownWeak+1","sneckomod:UnknownClassGREEN+1","sneckomod:Unknown0Cost","sneckomod:UnknownUncommonSkill+1","sneckomod:Restock+1","sneckomod:UnknownClassSILVER+1","sneckomod:QuickMove+1","sneckomod:CheapStock+1","sneckomod:UnknownRareSkill+1","sneckomod:Unknown0Cost+1","sneckomod:SnekBeam+1","sneckomod:UnknownClassGUARDIAN+1","sneckomod:UnknownClassTHE_CHAMP_GRAY+1","sneckomod:UnknownRareAttack+1","sneckomod:SoulRoll+1","sneckomod:UnknownRareAttack+1","sneckomod:CheapStock","sneckomod:UnknownClassPURPLE+1","sneckomod:UnknownExhaust+1","sneckomod:UnknownClassTHE_CHAMP_GRAY+1","sneckomod:UnknownClassMARISA_COLOR","sneckomod:UnknownUncommonPower","sneckomod:Restock+1","sneckomod:UnknownRarePower","sneckomod:UnknownExhaust+1","sneckomod:UnknownClassRED+1","sneckomod:UnknownEthereal","sneckomod:QuickBite+1","sneckomod:SoulDraw","sneckomod:QuickMove"],"relics":["sneckomod:SneckoSoul","downfall:HeartsMalice","Vajra","Blood Vial","Question Card","sneckomod:LoadedDie","SlaversCollar","downfall:HeartBlessingGreen","downfall:HeartBlessingRed","downfall:HeartBlessingBlue","Bag of Marbles","Centennial Puzzle","Astrolabe","MawBank","Meat on the Bone","Letter Opener","Kunai","Chemical X","Happy Flower","Medical Kit"],"acts_visited":["Exordium","TheCity","TheBeyond","TheEnding"],"potions_floor_usage":[31,33,50,52],"damage_taken":[{"damage":0.0,"enemies":"Cultist","floor":2.0,"turns":1.0},{"damage":0.0,"enemies":"Gremlin Nob","floor":6.0,"turns":1.0},{"damage":0.0,"enemies":"downfall:FleeingMerchant","floor":8.0,"turns":1.0},{"damage":7.0,"enemies":"Jaw Worm","floor":11.0,"turns":4.0},{"damage":10.0,"enemies":"downfall:FleeingMerchant","floor":12.0,"turns":4.0},{"damage":14.0,"enemies":"2 Louse","floor":13.0,"turns":3.0},{"damage":27.0,"enemies":"Large Slime","floor":14.0,"turns":12.0},{"damage":0.0,"enemies":"Blue Slaver","floor":15.0,"turns":4.0},{"damage":30.0,"enemies":"downfall:Watcher","floor":16.0,"turns":16.0},{"damage":40.0,"enemies":"3 Byrds","floor":19.0,"turns":7.0},{"damage":10.0,"enemies":"downfall:FleeingMerchant","floor":20.0,"turns":4.0},{"damage":12.0,"enemies":"Spheric Guardian","floor":21.0,"turns":4.0},{"damage":6.0,"enemies":"downfall:FleeingMerchant","floor":23.0,"turns":4.0},{"damage":26.0,"enemies":"Snake Plant","floor":25.0,"turns":4.0},{"damage":10.0,"enemies":"Snecko","floor":28.0,"turns":4.0},{"damage":41.0,"enemies":"Book of Stabbing","floor":29.0,"turns":7.0},{"damage":1,"enemies":"Cultist and Chosen","floor":31,"turns":8},{"damage":7,"enemies":"Chosen and Byrds","floor":32,"turns":5},{"damage":15,"enemies":"downfall:Silent","floor":33,"turns":7},{"damage":7,"enemies":"Orb Walker","floor":36,"turns":5},{"damage":28,"enemies":"3 Darklings","floor":37,"turns":5},{"damage":21,"enemies":"Jaw Worm Horde","floor":38,"turns":5},{"damage":45,"enemies":"Spire Growth","floor":39,"turns":5},{"damage":17,"enemies":"Reptomancer","floor":40,"turns":9},{"damage":6,"enemies":"downfall:FleeingMerchant","floor":42,"turns":3},{"damage":9,"enemies":"Sphere and 2 Shapes","floor":45,"turns":3},{"damage":0,"enemies":"4 Shapes","floor":47,"turns":1},{"damage":0,"enemies":"3 Darklings","floor":48,"turns":1},{"damage":27,"enemies":"Transient","floor":49,"turns":5},{"damage":28,"enemies":"downfall:Ironclad","floor":50,"turns":9},{"damage":111,"enemies":"downfall:CharBossMerchant","floor":52,"turns":10},{"damage":26,"enemies":"downfall:NeowBoss","floor":55,"turns":16}],"seed_played":"4567534701631360645","potions_obtained":[{"floor":13.0,"key":"LiquidBronze"},{"floor":14.0,"key":"ColorlessPotion"},{"floor":15.0,"key":"BlessingOfTheForge"},{"floor":19.0,"key":"Strength Potion"},{"floor":22.0,"key":"CultistPotion"},{"floor":25.0,"key":"Fire Potion"},{"floor":31,"key":"BlessingOfTheForge"},{"floor":36,"key":"PowerPotion"},{"floor":40,"key":"AttackPotion"}],"is_trial":false,"path_per_floor":["R","M","?","?","?","E","T","$","?","T","M","$","M","M","M","B",null,"R","M","$","M","?","$","T","M","?","R","M","E","T","M","M","B",null,"R","M","M","M","M","E","T","$","?","R","M","R","M","M","M","B",null,"E","$","R","B",null],"character_chosen":"THE_SNECKO","items_purchased":["sneckomod:UnknownUncommonPower","sneckomod:UnknownUncommonPower","Letter Opener","Kunai","Chemical X","sneckomod:UnknownUncommonPower","Medical Kit","sneckomod:QuickMove"],"campfire_rested":1,"item_purchase_floors":[8,12,42,42,42,42,53,53],"current_hp_per_floor":[90,91,91,91,91,91,91,92,92,92,89,83,71,56,58,32,96,96,62,56,47,47,43,43,20,20,30,24,12,12,15,19,9,122,122,117,93,81,79,66,66,77,77,77,72,72,75,78,71,67,137,46,46,88,86],"gold":29,"neow_bonus":"THREE_ENEMY_KILL","is_daily":false,"chose_seed":false,"campfire_upgraded":5,"win_rate":0.0,"timestamp":1609927562,"path_taken":["R","M","?","?","?","E","T","$","?","?","?","$","M","M","M","BOSS","R","M","$","M","?","$","T","M","?","R","M","E","?","M","M","BOSS","R","M","M","M","M","E","T","$","?","R","M","R","M","?","M","BOSS","E","$","R","BOSS"],"items_purchased_type":["Card","Card","Relic","Relic","Relic","Card","Relic","Card"],"build_version":"2020-12-22","purchased_purges":1,"victory":true,"max_hp_per_floor":[90,91,91,91,91,91,91,92,92,92,92,94,94,94,94,96,96,96,98,100,101,101,101,101,102,102,112,114,116,116,118,120,121,122,122,124,126,127,128,130,130,133,133,133,135,135,136,137,137,137,137,141,141,141,141],"card_choices":[{"not_picked":["sneckomod:UnknownCommonSkill","sneckomod:UnknownStrike"],"picked":"sneckomod:UnknownClassBLUE","floor":2.0},{"not_picked":["sneckomod:UnknownEthereal","sneckomod:SnekBeam"],"picked":"sneckomod:QuickMove","floor":6.0},{"not_picked":["sneckomod:QuickMove","sneckomod:UnknownClassBLUE","sneckomod:UnknownEthereal"],"picked":"sneckomod:CheapStock","floor":8.0},{"not_picked":["sneckomod:SoulRoll","sneckomod:UnknownEthereal","sneckomod:UnknownClassSLIMEBOUND"],"picked":"sneckomod:SlitherStrike","floor":11.0},{"not_picked":["sneckomod:QuickBite","sneckomod:CheapStock","sneckomod:UnknownWeak"],"picked":"sneckomod:UnknownCommonSkill","floor":12.0},{"not_picked":["sneckomod:IronFang","sneckomod:UnknownBlock","sneckomod:TrashToTreasure"],"picked":"sneckomod:ImprovisedGuard","floor":13.0},{"not_picked":["sneckomod:Nope","sneckomod:UnknownClassMARISA_COLOR","sneckomod:Unknown1Cost"],"picked":"sneckomod:SerpentIdol","floor":14.0},{"not_picked":["sneckomod:UnknownCommonAttack","sneckomod:Unknown2Cost","sneckomod:QuickMove"],"picked":"sneckomod:MorePower","floor":15.0},{"not_picked":["sneckomod:UnknownRareAttack+1","sneckomod:UnknownUncommonSkill+1","sneckomod:Unknown1Cost+1"],"picked":"sneckomod:UnknownRarePower+1","floor":16.0},{"not_picked":["sneckomod:UnlimitedRolls","sneckomod:Mudshield","sneckomod:SoulExchange"],"picked":"sneckomod:Unknown3Cost","floor":16.0},{"not_picked":["sneckomod:UnknownStrike+1","sneckomod:UnknownClassPURPLE+1","sneckomod:UnknownClassGUARDIAN+1"],"picked":"sneckomod:UnknownRareAttack+1","floor":19.0},{"not_picked":["sneckomod:QuickBite","sneckomod:Nope","sneckomod:QuickMove"],"picked":"sneckomod:UnknownWeak+1","floor":19.0},{"not_picked":["sneckomod:UnknownStrike+1","sneckomod:UnknownEthereal+1","sneckomod:UnknownUncommonSkill+1"],"picked":"sneckomod:UnknownRarePower+1","floor":20.0},{"not_picked":["sneckomod:UnknownCommonAttack","sneckomod:UnknownStrike","sneckomod:IronFang"],"picked":"sneckomod:UnknownUncommonAttack","floor":20.0},{"not_picked":["sneckomod:UnknownClassSLIMEBOUND+1","sneckomod:UnknownX+1","sneckomod:UnknownUncommonSkill+1"],"picked":"sneckomod:UnknownDexterity+1","floor":21.0},{"not_picked":["sneckomod:IronFang","sneckomod:UnknownCommonSkill+1","sneckomod:Unknown0Cost+1"],"picked":"sneckomod:SoulDraw","floor":21.0},{"not_picked":["sneckomod:UnknownCommonSkill","sneckomod:UnknownEthereal","sneckomod:UnknownClassGUARDIAN"],"picked":"sneckomod:SerpentIdol+1","floor":23.0},{"not_picked":["sneckomod:UnknownUncommonSkill+1","sneckomod:UnknownUncommonPower+1","sneckomod:UnknownRareAttack+1"],"picked":"sneckomod:Unknown3Cost+1","floor":25.0},{"not_picked":["sneckomod:DiceCrush","sneckomod:UnknownUncommonPower","sneckomod:UnknownClassRED"],"picked":"sneckomod:TrashToTreasure","floor":25.0},{"not_picked":["sneckomod:UnknownClassGREEN","sneckomod:QuickBite+1","sneckomod:UnknownClassGUARDIAN"],"picked":"sneckomod:Restock","floor":25.0},{"not_picked":["sneckomod:UnknownUncommonAttack+1","sneckomod:UnknownClassMARISA_DERIVATIONS+1","sneckomod:UnknownVulnerable+1"],"picked":"sneckomod:Unknown3Cost+1","floor":28.0},{"not_picked":["sneckomod:DiceBoulder","sneckomod:UnknownBlock+1","sneckomod:UnknownStrike"],"picked":"sneckomod:UnknownUncommonPower","floor":28.0},{"not_picked":["sneckomod:UnknownUncommonSkill+1","sneckomod:UnknownStrike+1","sneckomod:UnknownClassSILVER+1"],"picked":"sneckomod:UnknownRareAttack+1","floor":29.0},{"not_picked":["sneckomod:SnekBeam+1","sneckomod:QuickMove","sneckomod:DiceBoulder"],"picked":"sneckomod:UnknownClassTHE_CHAMP_GRAY+1","floor":29.0},{"not_picked":["sneckomod:UnknownClassBLUE+1","sneckomod:UnknownCommonAttack+1","sneckomod:UnknownClassMARISA_DERIVATIONS+1"],"picked":"sneckomod:UnknownClassGREEN+1","floor":31},{"not_picked":["sneckomod:IronFang+1","sneckomod:UnknownVulnerable+1","sneckomod:UnknownCommonSkill"],"picked":"sneckomod:UnknownWeak+1","floor":31},{"not_picked":["sneckomod:UnknownBlock+1","sneckomod:Unknown1Cost+1","sneckomod:UnknownClassTHE_CHAMP_GRAY+1"],"picked":"sneckomod:UnknownClassGREEN+1","floor":32},{"not_picked":["sneckomod:UnknownClassRED","sneckomod:UnknownWeak","sneckomod:UnknownCommonSkill"],"picked":"sneckomod:Unknown0Cost","floor":32},{"not_picked":["sneckomod:Unknown+1","sneckomod:UnknownClassSLIMEBOUND+1","sneckomod:UnknownWeak+1"],"picked":"sneckomod:UnknownUncommonSkill+1","floor":33},{"not_picked":["sneckomod:DangerNoodle","sneckomod:UnknownRareAttack","sneckomod:Unknown3Cost"],"picked":"sneckomod:Restock","floor":33},{"not_picked":["sneckomod:Unknown+1","sneckomod:UnknownDexterity+1","sneckomod:UnknownClassSILVER+1"],"picked":"sneckomod:UnknownRareSkill+1","floor":36},{"not_picked":["sneckomod:UnknownClassMARISA_DERIVATIONS","sneckomod:IronFang","sneckomod:UnknownEthereal+1"],"picked":"sneckomod:Unknown0Cost+1","floor":36},{"not_picked":["sneckomod:QuickBite+1","sneckomod:WideSting","sneckomod:UnknownWeak+1"],"picked":"sneckomod:SnekBeam","floor":36},{"not_picked":["sneckomod:UnknownRareAttack+1","sneckomod:UnknownBlock+1","sneckomod:UnknownX+1"],"picked":"sneckomod:UnknownClassGUARDIAN+1","floor":37},{"not_picked":["sneckomod:SerpentIdol","sneckomod:Nope+1","sneckomod:Unknown1Cost"],"picked":"sneckomod:UnknownClassTHE_CHAMP_GRAY+1","floor":37},{"not_picked":["sneckomod:UnknownVulnerable+1","sneckomod:UnknownClassSILVER+1","sneckomod:UnknownCommonAttack+1"],"picked":"sneckomod:UnknownRareAttack+1","floor":38},{"not_picked":["sneckomod:UnknownStrike","sneckomod:UnknownBlock+1","sneckomod:Unknown0Cost+1"],"picked":"sneckomod:SoulRoll+1","floor":38},{"not_picked":["sneckomod:UnknownWeak+1","sneckomod:UnknownClassTHE_CHAMP_GRAY+1","sneckomod:UnknownUncommonSkill+1"],"picked":"sneckomod:UnknownRareAttack+1","floor":39},{"not_picked":["sneckomod:UnknownStrike+1","sneckomod:SoulDraw","sneckomod:SlitherStrike+1"],"picked":"sneckomod:CheapStock","floor":39},{"not_picked":["sneckomod:UnknownClassSILVER+1","sneckomod:UnknownExhaust+1","sneckomod:UnknownUncommonSkill+1"],"picked":"sneckomod:UnknownClassPURPLE+1","floor":40},{"not_picked":["sneckomod:UnknownStrike","sneckomod:UnknownClassSLIMEBOUND","sneckomod:IronFang"],"picked":"sneckomod:UnknownExhaust+1","floor":40},{"not_picked":["sneckomod:UnknownClassPURPLE+1","sneckomod:UnknownClassMARISA_DERIVATIONS+1","sneckomod:UnknownVulnerable+1"],"picked":"sneckomod:UnknownClassTHE_CHAMP_GRAY+1","floor":42},{"not_picked":["sneckomod:DiceBlock+1","sneckomod:WideSting+1","sneckomod:RainOfDice"],"picked":"sneckomod:UnknownClassMARISA_COLOR","floor":42},{"not_picked":["sneckomod:UnknownClassHEXA_GHOST_PURPLE+1","sneckomod:UnknownClassBLUE+1","sneckomod:SerpentIdol"],"picked":"sneckomod:UnknownRarePower","floor":45},{"not_picked":["sneckomod:DiceCrush+1","sneckomod:UnknownCommonAttack+1","sneckomod:Nope"],"picked":"sneckomod:UnknownExhaust+1","floor":45},{"not_picked":["sneckomod:UnknownVulnerable","sneckomod:SoulRoll","sneckomod:QuickBite+1"],"picked":"sneckomod:UnknownClassRED+1","floor":47},{"not_picked":["sneckomod:Unknown1Cost","sneckomod:UnknownCommonAttack","sneckomod:UnknownClassSILVER"],"picked":"sneckomod:UnknownEthereal","floor":48},{"not_picked":["sneckomod:MasterEye","sneckomod:SoulRoll","sneckomod:UnknownExhaust"],"picked":"sneckomod:QuickBite+1","floor":49},{"not_picked":["sneckomod:UnknownClassGREEN","sneckomod:MorePower","sneckomod:Unknown2Cost"],"picked":"sneckomod:SoulDraw","floor":52}],"player_experience":124501,"relics_obtained":[{"floor":6.0,"key":"Blood Vial"},{"floor":7.0,"key":"Question Card"},{"floor":10.0,"key":"sneckomod:LoadedDie"},{"floor":29.0,"key":"Bag of Marbles"},{"floor":30.0,"key":"Centennial Puzzle"},{"floor":40,"key":"MawBank"},{"floor":41,"key":"Meat on the Bone"},{"floor":52,"key":"Happy Flower"}],"event_choices":[{"damage_healed":0.0,"max_hp_gain":0.0,"max_hp_loss":0.0,"gold_gain":0.0,"event_name":"Big Fish","player_choice":"Box","floor":5.0,"gold_loss":0.0,"damage_taken":0.0,"relics_obtained":["Vajra"],"cards_obtained":["Regret"]},{"damage_healed":0,"gold_gain":0,"player_choice":"Copied","damage_taken":0,"max_hp_gain":0,"max_hp_loss":0,"event_name":"Duplicator","floor":43,"gold_loss":0,"cards_obtained":["sneckomod:Restock"]}],"is_beta":false,"boss_relics":[{"not_picked":["SacredBark","Calling Bell"],"picked":"SlaversCollar"},{"not_picked":["Runic Pyramid","sneckomod:SuperSneckoSoul"],"picked":"Astrolabe"}],"items_purged_floors":[8],"is_endless":false,"potions_floor_spawned":[13,14,15,19,21,25,28,31,36,39,40,45,49],"ascension_level":0}}