{"host":"68ypu360vyldwzrz","time":1609951476,"event":{"mods":["Act Like it!","BaseMod","Better Third Choice","Better Vampires","BetterRewards","CapriCore","Downfall","Friendly Minions","GifTheSpireLib","Hermit","Hubris","Jorbs\u0027s Wanderer Trilogy","Luminous","Marisa????????","Minty Spire (QoL Compilation)","Quick Restart","Relic Stats","Remilia??????","Shade Mod","Shop Mod","StSLib","Td1madao Mod","The Administrix","The Alterego","The Cursed","The Hierophant","The Immortal","The Necromancer","The Senshi","The Servant 0.9.4","TheVacant","Wandering Minibosses"],"gold_per_floor":[109,127,138,213,213,213,230,245,245,245,245,265,265,265,265,369,369,350,136,136,136,136,136,163,174,174,75,93,93,16,16,16,120,120,134,183,183,183,199,199,234,86,86,86,86,119,135,135,135,135,135],"floor_reached":50,"playtime":5903,"items_purged":[],"score":604,"play_id":"8e255790-7d31-4415-8271-7b66eaab7cbe","local_time":"20210106104436","is_ascension_mode":false,"campfire_choices":[{"data":"Plague_Bolt","floor":6.0,"key":"SMITH"},{"data":"Negative_Energy_Shield","floor":10.0,"key":"SMITH"},{"floor":13.0,"key":"REST"},{"data":"Death_March_Dance","floor":15.0,"key":"SMITH"},{"floor":23.0,"key":"REST"},{"floor":29.0,"key":"REST"},{"floor":32.0,"key":"REST"},{"data":"Negative_Energy_Shield","floor":40.0,"key":"SMITH"},{"data":"Grasp_Heart","floor":49.0,"key":"SMITH"}],"circlet_count":0,"master_deck":["Defend_W","Defend_W","Defend_W","Defend_W","Negative_Energy_Arrows","Bone_Wall","Vampiric_Strike","Spectral_Walk","Plague_Bolt+1","Negative_Energy_Javelin","Negative_Energy_Shield+1","Death_March_Dance+1","Blood_Whip+1","Requiem","Shackles_Of_Pain","Summon_Undead_Army","Apotheosis","Negative_Energy_Mist+1","Negative_Energy_Javelin","Negative_Energy_Shield+1","Bone_Armor+1","Siphon_Strength","Bite","Bite","Bite","Detonate_Bones+1","Corrupt","Toxic_Smoke_Screen+1","Stop_Heart","Negative_Energy_Mist","Summon_Undead+1","Summon_Lich+1","Grasp_Heart+1","Corrupt","Blood_Curse+1","Acid_Javelin"],"relics":["Vampire_Amulet","StoneCalendar","hubris:Icosahedron","hubris:Backtick","Lantern","Juzu Bracelet","Lizard Tail","Nilry\u0027s Codex","CaptainsWheel","Ornamental Fan","hubris:BlackHole","CatCart","Centennial Puzzle","Orrery","Unceasing Top","hubris:Towel","Whetstone"],"acts_visited":["Exordium","TheCity","TheBeyond"],"potions_floor_usage":[],"damage_taken":[{"damage":0.0,"enemies":"Small Slimes","floor":1.0,"turns":4.0},{"damage":9.0,"enemies":"Jaw Worm","floor":2.0,"turns":4.0},{"damage":0.0,"enemies":"2 Louse","floor":3.0,"turns":3.0},{"damage":4.0,"enemies":"Looter","floor":7.0,"turns":3.0},{"damage":14.0,"enemies":"Large Slime","floor":8.0,"turns":6.0},{"damage":10.0,"enemies":"Gremlin Gang","floor":12.0,"turns":6.0},{"damage":58.0,"enemies":"The Guardian","floor":16.0,"turns":19.0},{"damage":25.0,"enemies":"2 Thieves","floor":18.0,"turns":4.0},{"damage":71.0,"enemies":"Gremlin Leader","floor":24.0,"turns":7.0},{"damage":21.0,"enemies":"3 Byrds","floor":25.0,"turns":5.0},{"damage":23.0,"enemies":"Snake Plant","floor":28.0,"turns":5.0},{"damage":135.0,"enemies":"Champ","floor":33.0,"turns":15.0},{"damage":9.0,"enemies":"3 Shapes","floor":35.0,"turns":5.0},{"damage":20.0,"enemies":"Orin","floor":36.0,"turns":10.0},{"damage":0.0,"enemies":"Orb Walker","floor":39.0,"turns":3.0},{"damage":87.0,"enemies":"Giant Head","floor":41.0,"turns":10.0},{"damage":2.0,"enemies":"Nemesis","floor":46.0,"turns":1.0},{"damage":2.0,"enemies":"Spire Growth","floor":47.0,"turns":1.0},{"damage":145,"enemies":"Awakened One","floor":50,"turns":8}],"seed_played":"-4457906656797462927","potions_obtained":[{"floor":1.0,"key":"FairyPotion"},{"floor":2.0,"key":"Regen Potion"},{"floor":3.0,"key":"ColorlessPotion"},{"floor":25.0,"key":"DistilledChaos"},{"floor":33.0,"key":"Dexterity Potion"},{"floor":35.0,"key":"Weak Potion"},{"floor":39.0,"key":"Strength Potion"},{"floor":47.0,"key":"Swift Potion"}],"is_trial":false,"path_per_floor":["M","M","M","?","?","R","M","M","T","R","?","M","R","?","R","B",null,"M","$","?","?","?","R","E","M","T","$","M","R","$","?","R","B",null,"M","?","?","?","M","R","E","$","T","?","?","E","M","?","R","B"],"character_chosen":"NECROMANCER","items_purchased":["Summon_Undead_Army","Juzu Bracelet","Regen Potion","Negative_Energy_Shield","Siphon_Strength","Orrery"],"campfire_rested":4,"item_purchase_floors":[19,19,27,27,30,42],"current_hp_per_floor":[82,75,82,71,76,76,74,67,67,67,67,69,87,87,87,33,87,64,64,64,48,48,74,21,21,21,21,15,41,41,41,62,29,71,62,65,65,65,71,71,37,37,37,37,37,48,52,71,71,0,0],"gold":135,"neow_bonus":"TEN_PERCENT_HP_BONUS","is_daily":false,"chose_seed":false,"campfire_upgraded":5,"win_rate":0.0,"timestamp":1609951476,"path_taken":["M","M","M","?","?","R","M","M","T","R","?","M","R","?","R","BOSS","M","$","?","?","?","R","E","M","T","$","M","R","$","?","R","BOSS","M","?","?","?","M","R","E","$","T","?","?","E","M","?","R","BOSS"],"items_purchased_type":["Card","Relic","Potion","Card","Card","Relic"],"build_version":"2020-12-22","purchased_purges":0,"victory":false,"max_hp_per_floor":[82,82,82,82,87,87,87,87,87,87,87,87,87,87,87,87,87,87,87,87,87,87,87,87,87,87,87,87,87,87,71,71,71,71,71,71,71,71,71,71,71,71,71,71,71,71,71,71,71,71,71],"relic_stats":{"Lizard Tail":35,"Centennial Puzzle":[8],"counters":[19,119],"Ornamental Fan":[88],"StoneCalendar":[265],"Juzu Bracelet":2,"Whetstone":["Blood_Whip","Detonate_Bones"],"obtain_stats":[{"Lantern":17,"Nilry\u0027s Codex":21,"StoneCalendar":9,"Juzu Bracelet":19,"Whetstone":46,"hubris:Towel":44,"hubris:BlackHole":34,"Lizard Tail":20,"CaptainsWheel":24,"Centennial Puzzle":41,"hubris:Icosahedron":11,"hubris:Backtick":17,"Ornamental Fan":26,"Orrery":42,"Vampire_Amulet":0,"CatCart":36,"Unceasing Top":43},{"Lantern":7,"Nilry\u0027s Codex":8,"StoneCalendar":5,"Juzu Bracelet":8,"Whetstone":17,"hubris:Towel":16,"hubris:BlackHole":12,"Lizard Tail":8,"CaptainsWheel":9,"Centennial Puzzle":16,"hubris:Icosahedron":5,"hubris:Backtick":7,"Ornamental Fan":10,"Orrery":16,"Vampire_Amulet":0,"CatCart":14,"Unceasing Top":16},{"Lantern":45,"Nilry\u0027s Codex":49,"StoneCalendar":20,"Juzu Bracelet":49,"Whetstone":110,"hubris:Towel":109,"hubris:BlackHole":81,"Lizard Tail":49,"CaptainsWheel":56,"Centennial Puzzle":109,"hubris:Icosahedron":20,"hubris:Backtick":45,"Ornamental Fan":61,"Orrery":109,"Vampire_Amulet":0,"CatCart":96,"Unceasing Top":109}],"Unceasing Top":[75]},"card_choices":[{"not_picked":["Death_Knell","Thousand_Bone_Knives"],"picked":"Vampiric_Strike","floor":1.0},{"not_picked":["Negative_Energy_Mist","Chill_Blood"],"picked":"Spectral_Walk","floor":2.0},{"not_picked":["Bones_to_Steel","Siphon_Strength"],"picked":"Plague_Bolt","floor":3.0},{"not_picked":["Bone_Spikes","Shackles_Of_Pain"],"picked":"Negative_Energy_Javelin","floor":7.0},{"not_picked":["Toxic_Smoke_Screen","Negative_Energy_Javelin"],"picked":"Negative_Energy_Shield","floor":8.0},{"not_picked":["Life_Drain","Death_Knell"],"picked":"Death_March_Dance","floor":12.0},{"not_picked":["Reap_The_Weak","Detonate_Bones"],"picked":"Requiem","floor":16.0},{"not_picked":["Bone_Armory","Violent_Necrosis"],"picked":"Shackles_Of_Pain","floor":18.0},{"not_picked":["Bone_Armory+1","Bone_Bullets+1"],"picked":"Negative_Energy_Mist+1","floor":24.0},{"not_picked":["Life_Drain","Necromantic_Selection"],"picked":"Negative_Energy_Javelin","floor":25.0},{"not_picked":["Bones_to_Steel+1","Blood_for_Blood+1"],"picked":"Bone_Armor+1","floor":28.0},{"not_picked":["Negative_Energy_Bomb","Blood_Magic"],"picked":"Detonate_Bones","floor":33.0},{"not_picked":["Violent_Necrosis+1","Flesh_Made_Foul+1"],"picked":"Corrupt","floor":35.0},{"not_picked":["Negative_Energy_Javelin+1","Negative_Energy_Burst+1"],"picked":"Toxic_Smoke_Screen","floor":36.0},{"not_picked":["Negative_Energy_Javelin+1","Death_Coil"],"picked":"Negative_Energy_Mist","floor":39.0},{"not_picked":["Death_March_Dance+1","Consume_Illness+1"],"picked":"Summon_Undead+1","floor":41.0},{"not_picked":["Blood_Wake","Bone_Shift+1"],"picked":"Life_Drain+1","floor":42.0},{"not_picked":["Blood_Magic","Negative_Energy_Burst+1"],"picked":"Summon_Lich+1","floor":42.0},{"not_picked":["Bone_Spikes+1","Scare"],"picked":"Grasp_Heart","floor":42.0},{"not_picked":["Death_Coil+1","Death_Knell+1"],"picked":"Corrupt","floor":42.0},{"not_picked":["Death_Coil","Bones_to_Steel+1"],"picked":"Blood_Curse+1","floor":42.0},{"not_picked":["Negative_Energy_Sphere","Life_Drain+1"],"picked":"Acid_Javelin","floor":46.0},{"not_picked":["Spectral_Armor+1","Shackles_Of_Pain+1"],"picked":"Death_Knell+1","floor":47.0}],"player_experience":356288,"relics_obtained":[{"floor":9.0,"key":"StoneCalendar"},{"floor":21.0,"key":"Nilry\u0027s Codex"},{"floor":24.0,"key":"CaptainsWheel"},{"floor":26.0,"key":"Ornamental Fan"},{"floor":36.0,"key":"CatCart"},{"floor":41.0,"key":"Centennial Puzzle"},{"floor":43.0,"key":"Unceasing Top"},{"floor":46.0,"key":"Whetstone"}],"event_choices":[{"damage_healed":0.0,"max_hp_gain":0.0,"max_hp_loss":0.0,"gold_gain":75.0,"event_name":"betterThird:BetterGoop","player_choice":"Gold","floor":4.0,"gold_loss":0.0,"damage_taken":11.0},{"damage_healed":0.0,"max_hp_gain":5.0,"max_hp_loss":0.0,"gold_gain":0.0,"event_name":"Big Fish","player_choice":"Donut","floor":5.0,"gold_loss":0.0,"damage_taken":0.0},{"damage_healed":0.0,"max_hp_gain":0.0,"max_hp_loss":0.0,"gold_gain":0.0,"cards_transformed":["Strike_W"],"event_name":"Living Wall","player_choice":"Change","floor":14.0,"gold_loss":0.0,"damage_taken":0.0,"cards_obtained":["Blood_Whip"]},{"damage_healed":0.0,"max_hp_gain":0.0,"max_hp_loss":0.0,"gold_gain":0.0,"event_name":"The Mausoleum","player_choice":"Opened","floor":20.0,"gold_loss":0.0,"damage_taken":0.0,"relics_obtained":["Lizard Tail"]},{"damage_healed":0.0,"max_hp_gain":0.0,"max_hp_loss":0.0,"gold_gain":0.0,"event_name":"Cursed Tome","player_choice":"Obtained Book","floor":21.0,"gold_loss":0.0,"damage_taken":16.0},{"damage_healed":0.0,"max_hp_gain":0.0,"max_hp_loss":16.0,"gold_gain":0.0,"event_name":"Vampires","player_choice":"Became a vampire","floor":31.0,"gold_loss":0.0,"damage_taken":0.0,"cards_obtained":["Bite","Bite","Bite"]},{"damage_healed":0.0,"max_hp_gain":0.0,"max_hp_loss":0.0,"gold_gain":0.0,"event_name":"OrinTheCat","player_choice":"Fight","floor":36.0,"gold_loss":0.0,"damage_taken":0.0},{"damage_healed":0.0,"max_hp_gain":0.0,"max_hp_loss":0.0,"gold_gain":0.0,"event_name":"Accursed Blacksmith","player_choice":"Forge","floor":38.0,"gold_loss":0.0,"damage_taken":0.0,"cards_upgraded":["Toxic_Smoke_Screen"]},{"cards_removed":["Life_Drain"],"damage_healed":0.0,"max_hp_gain":0.0,"max_hp_loss":0.0,"gold_gain":0.0,"event_name":"Falling","player_choice":"Removed Attack","floor":45.0,"gold_loss":0.0,"damage_taken":0.0},{"cards_removed":["Death_Knell"],"damage_healed":19.0,"max_hp_gain":0.0,"max_hp_loss":0.0,"gold_gain":0.0,"event_name":"Bonfire Elementals","player_choice":"Offered Uncommon","floor":48.0,"gold_loss":0.0,"damage_taken":0.0}],"is_beta":false,"boss_relics":[{"not_picked":["Sozu","hubris:VirtuousBlindfold"],"picked":"hubris:Backtick"},{"not_picked":["Runic Dome","Busted Crown"],"picked":"hubris:BlackHole"}],"items_purged_floors":[],"is_endless":false,"potions_floor_spawned":[1,2,3,25,33,35,39,47],"killed_by":"Awakened One","ascension_level":0}}