{"host":"s5t6tedanf5l3voc","time":1609921771,"event":{"mods":["BaseMod","BetterRewards","Colored Powertips","Duelist Mod","GifTheSpireLib","Googly Eyes","Infinite Spire","Minty Spire (QoL Compilation)","Shop Mod","StSLib"],"gold_per_floor":[141,141,156,121,121,151,151,183,209,223,223,223,223,256,256,349,349,368,383,383,426,426,464,485,509,509,553,567,581,581,581],"floor_reached":30,"playtime":2538,"items_purged":[],"score":768,"play_id":"9c516cea-286b-43dd-8a15-1d22343bdf47","local_time":"20210106002931","is_ascension_mode":true,"campfire_choices":[{"floor":7,"key":"REST"},{"data":"Apotheosis","floor":7,"key":"SMITH"},{"floor":15,"key":"REST"},{"data":"theDuelist:PotGreed","floor":15,"key":"SMITH"}],"circlet_count":0,"master_deck":["AscendersBane","theDuelist:BabyDragon","theDuelist:CastleWalls","theDuelist:CastleWalls","theDuelist:CaveDragon","theDuelist:CaveDragon","theDuelist:LesserDragon","theDuelist:LesserDragon","theDuelist:Sparks","theDuelist:Sparks","theDuelist:YamataDragon","theDuelist:BlasterDragonInfernos","Apotheosis+1","theDuelist:SeismicShockwave","theDuelist:WhiteHornDragon","theDuelist:DragonZombie","theDuelist:ArmedDragon5","theDuelist:ViceDragon","theDuelist:PotGreed+1","theDuelist:FangCritias","theDuelist:BarrelDragon","theDuelist:VeilDarkness","Injury","theDuelist:SnowDragon","theDuelist:DoomkaiserDragon","theDuelist:DefenseDraw","theDuelist:MythicWaterDragon","theDuelist:PotGreed+1","theDuelist:DragonMastery","theDuelist:ArmageddonDragonEmp+1","theDuelist:ForbiddenLance","theDuelist:MaskedDragon","theDuelist:GuardragonJusticia"],"relics":["theDuelist:MillenniumPuzzle","theDuelist:CardPoolRelic","theDuelist:CardPoolBasicRelic","theDuelist:BoosterPackPoolRelic","theDuelist:CardPoolAddRelic","theDuelist:CardPoolMinusRelic","theDuelist:CardPoolSaveRelic","theDuelist:CardPoolOptionsRelic","Lantern","theDuelist:CardRewardRelicG","FossilizedHelix","infinitespire:SolderingIron","theDuelist:DragonBurnRelic","Vajra","infinitespire:Magic Flask","PreservedInsect","Calipers","Toy Ornithopter","theDuelist:DuelistTeaSet","Golden Idol","Orichalcum","SlaversCollar","Letter Opener","Red Mask","theDuelist:ZombieRelic","Sozu","infinitespire:PuzzleCube","theDuelist:DuelistOrichalcum"],"acts_visited":["Exordium","TheCity"],"potions_floor_usage":[6,6,14,19,21,21,27],"damage_taken":[{"damage":0,"enemies":"Small Slimes","floor":1,"turns":1},{"damage":0,"enemies":"Jaw Worm","floor":3,"turns":3},{"damage":3,"enemies":"Lagavulin","floor":6,"turns":4},{"damage":0,"enemies":"3 Sentries","floor":8,"turns":2},{"damage":0,"enemies":"2 Louse","floor":10,"turns":1},{"damage":0,"enemies":"Lagavulin","floor":14,"turns":3},{"damage":6,"enemies":"The Guardian","floor":16,"turns":10},{"damage":0,"enemies":"3 Byrds","floor":18,"turns":6},{"damage":11,"enemies":"Shell Parasite","floor":19,"turns":5},{"damage":21,"enemies":"Masked Bandits","floor":21,"turns":6},{"damage":0,"enemies":"Gremlin Leader","floor":23,"turns":6},{"damage":8,"enemies":"Snecko","floor":24,"turns":5},{"damage":4,"enemies":"Cultist and Chosen","floor":25,"turns":6},{"damage":0,"enemies":"theDuelist:KaibaA2","floor":27,"turns":3},{"damage":10,"enemies":"Centurion and Healer","floor":28,"turns":4},{"damage":0,"enemies":"Shelled Parasite and Fungi","floor":29,"turns":2},{"damage":35,"enemies":"Slavers","floor":30,"turns":3}],"seed_played":"5591337587224528356","potions_obtained":[{"floor":6,"key":"theDuelist:FireBottle"},{"floor":10,"key":"theDuelist:FireBottle"},{"floor":14,"key":"Ancient Potion"},{"floor":19,"key":"theDuelist:CoolBottle"},{"floor":21,"key":"theDuelist:OrbBottle"}],"is_trial":false,"path_per_floor":["M","?","M","?","?","E","R","E","T","M","?","?","?","E","R","B",null,"M","M","T","?","AVR","E","M","M","T","E","M","M","E"],"character_chosen":"THE_DUELIST","items_purchased":["Lantern","theDuelist:BlasterDragonInfernos","Apotheosis","theDuelist:CardRewardRelicG","theDuelist:WhiteHornDragon","infinitespire:SolderingIron","theDuelist:DragonZombie","theDuelist:ArmedDragon5","Vajra","PreservedInsect","PowerPotion","theDuelist:VampireVial"],"campfire_rested":2,"item_purchase_floors":[0,0,0,0,0,0,0,0,0,0,0,0],"current_hp_per_floor":[21,3,3,20,20,17,38,38,38,38,38,38,38,43,64,58,67,67,59,59,48,48,48,40,36,36,41,31,31,0,0],"gold":581,"neow_bonus":"","is_daily":false,"chose_seed":false,"campfire_upgraded":2,"win_rate":0.0,"timestamp":1609921771,"path_taken":["M","?","M","?","?","E","R","E","T","?","?","?","?","E","R","BOSS","M","?","?","?","AVR","E","M","M","T","E","M","M","E"],"items_purchased_type":["Relic","Card","Card","Relic","Card","Relic","Card","Card","Relic","Relic","Potion","Potion"],"build_version":"2020-12-22","purchased_purges":0,"victory":false,"max_hp_per_floor":[70,70,70,70,70,70,70,70,70,70,70,70,70,70,70,70,70,70,70,70,70,70,70,70,70,70,70,70,70,70,70],"card_choices":[{"not_picked":["theDuelist:BlackPtera","theDuelist:CloudianGhost","theDuelist:BusterDrake","theDuelist:CyberValley"],"picked":"theDuelist:ViceDragon","floor":1},{"not_picked":["theDuelist:BigFire","theDuelist:GreenGraveOni","theDuelist:BigKoala","theDuelist:MagicalStone"],"picked":"theDuelist:PotGreed","floor":3},{"not_picked":["theDuelist:CyberneticOverflow","theDuelist:CyberEmergency","theDuelist:BusterDrake","theDuelist:ArtifactIgnition"],"picked":"theDuelist:FangCritias","floor":6},{"not_picked":["theDuelist:TrihornedDragon","theDuelist:MadSwordBeast","theDuelist:GiantRex","theDuelist:MadFlameKaiju"],"picked":"theDuelist:BarrelDragon","floor":8},{"not_picked":["theDuelist:TrihornedDragon","theDuelist:BlackVeloci","theDuelist:DarkHorus","theDuelist:BlackBrutdrago"],"picked":"theDuelist:VeilDarkness","floor":10},{"not_picked":["theDuelist:Pyrorex","theDuelist:AquaDolphin","theDuelist:AncientPixieDragon","theDuelist:JurassicImpact"],"picked":"theDuelist:SnowDragon","floor":14},{"not_picked":["theDuelist:WingedDragonRa","theDuelist:QueenDragunDjinn","theDuelist:CyberDragonInfinity","theDuelist:BlasterDragonInfernos"],"picked":"theDuelist:DoomkaiserDragon","floor":16},{"not_picked":["theDuelist:ThreateningRoar","theDuelist:StarlightRoad+1","theDuelist:CyberneticOverflow","theDuelist:BackupSoldier"],"picked":"theDuelist:DefenseDraw","floor":18},{"not_picked":["theDuelist:SauropodBrachion","theDuelist:Pyrorex","theDuelist:MadSwordBeast","theDuelist:Hydrogeddon","theDuelist:Babycerasaurus"],"picked":"SKIP","floor":19},{"not_picked":["theDuelist:ViceDragon","theDuelist:LesserDragon","theDuelist:BlackBrutdrago","theDuelist:ArmedDragon5"],"picked":"theDuelist:MythicWaterDragon","floor":21},{"not_picked":["theDuelist:LightningDarts","theDuelist:RainbowOverdragon","theDuelist:ReinforcementsArmy","theDuelist:PurplePainOni"],"picked":"theDuelist:PotGreed+1","floor":23},{"not_picked":["theDuelist:StampingDestruction","theDuelist:SpiralSpearStrike","theDuelist:Scapegoat","theDuelist:AncientRules"],"picked":"theDuelist:DragonMastery","floor":24},{"not_picked":["theDuelist:TailSwipe","theDuelist:SurvivalFittest","theDuelist:LostWorld","theDuelist:BSkullDragon"],"picked":"theDuelist:ArmageddonDragonEmp+1","floor":25},{"not_picked":["theDuelist:BattleguardKing","theDuelist:BigFire","theDuelist:LightningDarts","theDuelist:RainbowOverdragon"],"picked":"theDuelist:ForbiddenLance","floor":27},{"not_picked":["theDuelist:TwinBarrelDragon","theDuelist:LesserDragon","theDuelist:Earthquake","theDuelist:BlackStego"],"picked":"theDuelist:MaskedDragon","floor":28},{"not_picked":["theDuelist:RedEyes","theDuelist:ArmageddonDragonEmp","theDuelist:AmuletDragon","theDuelist:DoomkaiserDragon"],"picked":"theDuelist:GuardragonJusticia","floor":29}],"player_experience":421568,"relics_obtained":[{"floor":6,"key":"Toy Ornithopter"},{"floor":8,"key":"theDuelist:DuelistTeaSet"},{"floor":14,"key":"Orichalcum"},{"floor":20,"key":"Letter Opener"},{"floor":21,"key":"Red Mask"},{"floor":23,"key":"infinitespire:PuzzleCube"},{"floor":27,"key":"theDuelist:DuelistOrichalcum"}],"event_choices":[{"damage_healed":0,"gold_gain":0,"player_choice":"Fled","damage_taken":18,"max_hp_gain":0,"max_hp_loss":0,"event_name":"Scrap Ooze","floor":2,"gold_loss":0},{"damage_healed":17,"gold_gain":0,"player_choice":"Healed","damage_taken":0,"max_hp_gain":0,"max_hp_loss":0,"event_name":"The Cleric","floor":4,"gold_loss":35},{"damage_healed":0,"gold_gain":0,"player_choice":"Take Wound","damage_taken":0,"relics_obtained":["Golden Idol"],"max_hp_gain":0,"max_hp_loss":0,"event_name":"Golden Idol","floor":12,"gold_loss":0,"cards_obtained":["Injury"]},{"damage_healed":0,"gold_gain":0,"player_choice":"Leave","duelist":true,"damage_taken":0,"max_hp_gain":0,"max_hp_loss":0,"event_name":"Tomb of the Nameless","floor":13,"gold_loss":0},{"damage_healed":0,"gold_gain":0,"player_choice":"Fought Bandits","damage_taken":0,"max_hp_gain":0,"max_hp_loss":0,"event_name":"Masked Bandits","floor":21,"gold_loss":0}],"is_beta":false,"boss_relics":[{"not_picked":["Cursed Key","Philosopher\u0027s Stone"],"picked":"SlaversCollar"}],"items_purged_floors":[],"is_endless":false,"potions_floor_spawned":[3,6,10,14,16,19,21,24,28],"killed_by":"Slavers","ascension_level":17}}