{"host":"udyc8f81k2jocuhg","time":1609945218,"event":{"mods":["2.2 Compatiblity","BaseMod","Better Third Choice","Colored Powertips","Conspire","Custom Start","GifTheSpireLib","Hermit","Minty Spire (QoL Compilation)","Permanent Neow","Quick Restart","Relic Filter","Relic Stats","Replay The Spire","Shop Mod","Spikes Relics","StSLib","Stuff the Spire"],"gold_per_floor":[119,136,152,162,173,202,167,195,220,240,40,58,58,58],"floor_reached":13,"playtime":596,"items_purged":["ReplayTheSpireMod:Doomed"],"score":173,"play_id":"cbb8e67c-3d49-4f89-afad-1aa6cfc3643d","local_time":"20210106160018","is_ascension_mode":true,"campfire_choices":[],"circlet_count":0,"master_deck":["AscendersBane","Strike_G","Strike_G","Strike_G","Strike_G","Strike_G","Defend_G","Defend_G","Defend_G","Defend_G","Defend_G","Survivor","Neutralize","Noxious Fumes","StuffTheSpire:Sprint","Fluid Movement","PiercingWail","Replay:Poison Smokescreen","PiercingWail","PiercingWail","Footwork"],"relics":["conspire:SpecialSausage","MiniBlackHole","Mercury Hourglass","ReplayTheSpireMod:CursedCoin","Lantern"],"acts_visited":["Exordium"],"potions_floor_usage":[13],"damage_taken":[{"damage":0.0,"enemies":"Small Slimes","floor":1.0,"turns":5.0},{"damage":9.0,"enemies":"Jaw Worm","floor":2.0,"turns":4.0},{"damage":6.0,"enemies":"2 Louse","floor":3.0,"turns":3.0},{"damage":5.0,"enemies":"Exordium Wildlife","floor":4.0,"turns":5.0},{"damage":8.0,"enemies":"2 Fungi Beasts","floor":5.0,"turns":7.0},{"damage":13.0,"enemies":"Lagavulin","floor":6.0,"turns":11.0},{"damage":33.0,"enemies":"Gremlin Nob","floor":8.0,"turns":6.0},{"damage":0.0,"enemies":"Looter","floor":10.0,"turns":4.0},{"damage":0.0,"enemies":"Red Slaver","floor":12.0,"turns":5.0},{"damage":2,"enemies":"Lagavulin","floor":13,"turns":4}],"seed_played":"261755288767370503","potions_obtained":[{"floor":2.0,"key":"AttackPotion"},{"floor":6.0,"key":"SpeedPotion"},{"floor":10.0,"key":"Ancient Potion"},{"floor":12.0,"key":"AttackPotion"}],"is_trial":false,"path_per_floor":["M","M","M","M","M","E","?","E","T","M","$","M","E"],"character_chosen":"THE_SILENT","items_purchased":["ReplayTheSpireMod:CursedCoin","Footwork","Lantern","ColorlessPotion"],"campfire_rested":0,"item_purchase_floors":[11,11,11,11],"current_hp_per_floor":[59,50,44,39,31,18,34,1,1,1,1,1,0,0],"gold":58,"neow_bonus":"BOSS_RELIC","is_daily":false,"chose_seed":false,"campfire_upgraded":0,"win_rate":0.0,"timestamp":1609945218,"path_taken":["M","M","M","M","M","E","?","E","T","M","$","M","E"],"items_purchased_type":["Relic","Card","Relic","Potion"],"build_version":"2020-12-22","purchased_purges":1,"victory":false,"max_hp_per_floor":[66,66,66,66,66,66,66,66,66,66,66,66,66,66],"relic_stats":{"counters":[10,54],"obtain_stats":[{"Lantern":11,"ReplayTheSpireMod:CursedCoin":11,"MiniBlackHole":6,"conspire:SpecialSausage":0,"Ring of the Snake":0,"Mercury Hourglass":8},{"Lantern":8,"ReplayTheSpireMod:CursedCoin":8,"MiniBlackHole":6,"conspire:SpecialSausage":0,"Ring of the Snake":0,"Mercury Hourglass":7},{"Lantern":45,"ReplayTheSpireMod:CursedCoin":45,"MiniBlackHole":35,"conspire:SpecialSausage":0,"Ring of the Snake":0,"Mercury Hourglass":41}],"Mercury Hourglass":[33]},"card_choices":[{"not_picked":["Underhanded Strike","Slice"],"picked":"Noxious Fumes","floor":1.0},{"not_picked":["StuffTheSpire:Injection","StuffTheSpire:Python"],"picked":"StuffTheSpire:Sprint","floor":2.0},{"not_picked":["StuffTheSpire:ClusterCrunch","Poisoned Stab","Terror"],"picked":"SKIP","floor":3.0},{"not_picked":["Slice","Dodge and Roll"],"picked":"Fluid Movement","floor":4.0},{"not_picked":["Dodge and Roll","Cloak And Dagger"],"picked":"PiercingWail","floor":5.0},{"not_picked":["Backflip","Dagger Spray"],"picked":"Replay:Poison Smokescreen","floor":6.0},{"not_picked":["Bane","Outmaneuver"],"picked":"PiercingWail","floor":8.0},{"not_picked":["Terror","Draining Mist"],"picked":"PiercingWail","floor":10.0},{"not_picked":["Quick Slash","StuffTheSpire:Fury","Heel Hook"],"picked":"SKIP","floor":12.0}],"player_experience":1946944,"relics_obtained":[{"floor":6.0,"key":"MiniBlackHole"},{"floor":8.0,"key":"Mercury Hourglass"}],"event_choices":[{"damage_healed":16.0,"max_hp_gain":0.0,"max_hp_loss":0.0,"gold_gain":0.0,"event_name":"The Cleric","player_choice":"Healed","floor":7.0,"gold_loss":35.0,"damage_taken":0.0}],"is_beta":false,"boss_relics":[],"items_purged_floors":[11],"is_endless":false,"potions_floor_spawned":[2,6,10,12],"killed_by":"Lagavulin","ascension_level":15}}