{"host":"pletss163z7s8pvv","time":1609903875,"event":{"mods":["AchievementEnabler","BaseMod","Colored Map","Colored Powertips","Minty Spire (QoL Compilation)"],"gold_per_floor":[114,129,144,144,159,159,174,189,264,264,264,264,114,144,144,244,244,259,274,274,289,289,289,304,319,344,344,44,59,89,104,104,204,204,219,219,234,249,264,264,25,61,111,126,126,141,141,171,171,171,171],"floor_reached":50,"playtime":1645,"items_purged":[],"score":722,"play_id":"a21eb55e-22ed-4abb-a1a9-870385926ed3","local_time":"20210105213115","daily_mods":["Cursed Run","Uncertain Future","Binary"],"is_ascension_mode":false,"campfire_choices":[{"data":"Eruption","floor":6,"key":"SMITH"},{"data":"PathToVictory","floor":11,"key":"SMITH"},{"data":"Vigilance","floor":15,"key":"SMITH"},{"data":"ConjureBlade","floor":23,"key":"SMITH"},{"data":"ClearTheMind","floor":32,"key":"SMITH"},{"floor":45,"key":"REST"},{"data":"Dramatic Entrance","floor":47,"key":"SMITH"},{"data":"ReachHeaven","floor":49,"key":"SMITH"}],"circlet_count":0,"master_deck":["Defend_P","Defend_P","Defend_P+1","Eruption+1","Vigilance+1","EmptyFist","PathToVictory+1","Consecrate","PathToVictory+1","Protect+1","FollowUp+1","Pain","ConjureBlade+1","Wireheading+1","ForeignInfluence+1","LessonLearned+1","EmptyBody+1","EmptyFist","Parasite","Consecrate","Writhe","Tantrum+1","ClearTheMind+1","Injury","Bite","Bite","Bite+1","Bite","Bite","Conclude+1","ReachHeaven+1","FlurryOfBlows","Injury","Ragnarok+1","Dramatic Entrance+1","Doubt"],"relics":["Cursed Key","Darkstone Periapt","Du-Vu Doll","Matryoshka","Spirit Poop","Vajra","PreservedInsect","Astrolabe","Oddly Smooth Stone","Eternal Feather","Happy Flower","Bottled Lightning","Pen Nib","Mango","Regal Pillow","Busted Crown","Art of War","Unceasing Top","Whetstone","Strawberry"],"acts_visited":["Exordium","TheCity","TheBeyond"],"potions_floor_usage":[33,33,50,50,50],"damage_taken":[{"damage":0,"enemies":"Small Slimes","floor":1,"turns":2},{"damage":0,"enemies":"2 Louse","floor":2,"turns":3},{"damage":0,"enemies":"Cultist","floor":3,"turns":2},{"damage":0,"enemies":"2 Fungi Beasts","floor":5,"turns":2},{"damage":2,"enemies":"Blue Slaver","floor":7,"turns":3},{"damage":1,"enemies":"Exordium Wildlife","floor":8,"turns":2},{"damage":14,"enemies":"Lagavulin","floor":14,"turns":4},{"damage":20,"enemies":"The Guardian","floor":16,"turns":8},{"damage":19,"enemies":"Spheric Guardian","floor":18,"turns":3},{"damage":4,"enemies":"3 Byrds","floor":19,"turns":5},{"damage":10,"enemies":"Snecko","floor":21,"turns":4},{"damage":12,"enemies":"Sentry and Sphere","floor":24,"turns":4},{"damage":0,"enemies":"3 Cultists","floor":25,"turns":3},{"damage":18,"enemies":"Centurion and Healer","floor":29,"turns":3},{"damage":14,"enemies":"Gremlin Leader","floor":30,"turns":3},{"damage":19,"enemies":"Snake Plant","floor":31,"turns":3},{"damage":49,"enemies":"Automaton","floor":33,"turns":6},{"damage":0,"enemies":"Orb Walker","floor":35,"turns":2},{"damage":4,"enemies":"3 Shapes","floor":37,"turns":3},{"damage":9,"enemies":"3 Darklings","floor":38,"turns":2},{"damage":31,"enemies":"Sphere and 2 Shapes","floor":39,"turns":5},{"damage":31,"enemies":"2 Orb Walkers","floor":42,"turns":3},{"damage":4,"enemies":"Transient","floor":44,"turns":5},{"damage":0,"enemies":"Jaw Worm Horde","floor":46,"turns":1},{"damage":4,"enemies":"Reptomancer","floor":48,"turns":3},{"damage":116,"enemies":"Awakened One","floor":50,"turns":5}],"seed_played":"-5218424555718163201","potions_obtained":[{"floor":2,"key":"Regen Potion"},{"floor":3,"key":"Ancient Potion"},{"floor":7,"key":"Fire Potion"},{"floor":14,"key":"StancePotion"},{"floor":24,"key":"Ancient Potion"},{"floor":31,"key":"Block Potion"},{"floor":38,"key":"ColorlessPotion"},{"floor":42,"key":"AttackPotion"}],"is_trial":false,"path_per_floor":["M","M","M","?","M","R","M","M","T","?","R","?","$","E","R","B",null,"M","M","T","M","?","R","M","M","T","?","$","M","E","M","R","B",null,"M","?","M","M","M","?","$","?","T","M","R","M","R","E","R","B"],"character_chosen":"WATCHER","items_purchased":["Vajra","Mango","Art of War","Dramatic Entrance"],"campfire_rested":1,"item_purchase_floors":[13,28,41,41],"current_hp_per_floor":[72,72,72,77,77,77,75,74,80,80,80,80,80,66,66,52,89,70,66,72,62,68,80,68,68,74,74,88,72,66,53,71,36,94,94,94,91,82,55,55,55,26,32,34,100,100,100,107,107,0,0],"gold":171,"neow_bonus":"","is_daily":true,"chose_seed":false,"campfire_upgraded":7,"win_rate":0.0,"timestamp":1609903875,"path_taken":["M","M","M","?","M","R","M","M","T","?","R","?","$","E","R","BOSS","M","M","?","M","?","R","M","M","T","?","$","M","E","M","R","BOSS","M","?","M","M","M","?","$","?","T","M","R","M","R","E","R","BOSS"],"items_purchased_type":["Relic","Relic","Relic","Card"],"build_version":"2020-12-22","purchased_purges":0,"victory":false,"max_hp_per_floor":[72,72,72,77,77,77,77,77,83,83,83,83,83,83,83,89,89,89,89,95,95,101,101,101,101,107,74,88,88,88,88,88,94,94,94,94,94,94,94,94,94,94,100,100,100,100,100,107,107,107,107],"card_choices":[{"not_picked":["CutThroughFate"],"picked":"EmptyFist","floor":1},{"not_picked":["Sanctity"],"picked":"PathToVictory","floor":2},{"not_picked":["ThirdEye"],"picked":"Consecrate","floor":3},{"not_picked":["Indignation"],"picked":"PathToVictory","floor":5},{"not_picked":["Indignation"],"picked":"Protect","floor":7},{"not_picked":["Brilliance","WheelKick"],"picked":"SKIP","floor":8},{"not_picked":["Halt"],"picked":"FollowUp","floor":14},{"not_picked":["Omniscience"],"picked":"ConjureBlade","floor":16},{"not_picked":["Consecrate+1"],"picked":"EmptyBody","floor":18},{"not_picked":["Collect"],"picked":"EmptyFist","floor":19},{"not_picked":["EmptyBody"],"picked":"Consecrate","floor":21},{"not_picked":["JustLucky"],"picked":"Tantrum","floor":24},{"not_picked":["FlyingSleeves"],"picked":"ClearTheMind","floor":25},{"not_picked":["BowlingBash"],"picked":"Conclude","floor":29},{"not_picked":["FlyingSleeves"],"picked":"ReachHeaven","floor":30},{"not_picked":["Prostrate"],"picked":"FlurryOfBlows","floor":31},{"not_picked":["DevaForm"],"picked":"Ragnarok","floor":33}],"player_experience":408562,"relics_obtained":[{"floor":9,"key":"Matryoshka"},{"floor":14,"key":"PreservedInsect"},{"floor":20,"key":"Oddly Smooth Stone"},{"floor":20,"key":"Eternal Feather"},{"floor":26,"key":"Bottled Lightning"},{"floor":26,"key":"Pen Nib"},{"floor":30,"key":"Regal Pillow"},{"floor":42,"key":"Unceasing Top"},{"floor":43,"key":"Whetstone"},{"floor":48,"key":"Strawberry"}],"event_choices":[{"damage_healed":0,"gold_gain":0,"player_choice":"Donut","damage_taken":0,"max_hp_gain":5,"max_hp_loss":0,"event_name":"Big Fish","floor":4,"gold_loss":0},{"damage_healed":0,"gold_gain":0,"player_choice":"Grow","damage_taken":0,"max_hp_gain":0,"max_hp_loss":0,"event_name":"Living Wall","floor":10,"gold_loss":0,"cards_upgraded":["PathToVictory"]},{"cards_removed":["Clumsy"],"damage_healed":0,"gold_gain":0,"player_choice":"Offered Curse","damage_taken":0,"relics_obtained":["Spirit Poop"],"max_hp_gain":0,"max_hp_loss":0,"event_name":"Bonfire Elementals","floor":12,"gold_loss":0},{"damage_healed":0,"gold_gain":0,"player_choice":"Opened","damage_taken":0,"relics_obtained":["Happy Flower"],"max_hp_gain":0,"max_hp_loss":0,"event_name":"The Mausoleum","floor":22,"gold_loss":0,"cards_obtained":["Writhe"]},{"damage_healed":0,"gold_gain":0,"player_choice":"Became a vampire","damage_taken":0,"max_hp_gain":0,"max_hp_loss":33,"event_name":"Vampires","floor":27,"gold_loss":0,"cards_obtained":["Bite","Bite","Bite","Bite","Bite"]},{"damage_healed":0,"gold_gain":0,"player_choice":"Ignored","damage_taken":0,"max_hp_gain":0,"max_hp_loss":0,"event_name":"Tomb of Lord Red Mask","floor":36,"gold_loss":0},{"damage_healed":0,"gold_gain":0,"player_choice":"Memory 1","damage_taken":0,"max_hp_gain":0,"max_hp_loss":0,"event_name":"SensoryStone","floor":40,"gold_loss":0},{"damage_healed":0,"gold_gain":0,"player_choice":"Fight","damage_taken":0,"max_hp_gain":0,"max_hp_loss":0,"event_name":"Mysterious Sphere","floor":42,"gold_loss":0}],"is_beta":false,"boss_relics":[{"not_picked":["Philosopher\u0027s Stone","Fusion Hammer"],"picked":"Astrolabe"},{"not_picked":["Snecko Eye","Sozu"],"picked":"Busted Crown"}],"items_purged_floors":[],"is_endless":false,"potions_floor_spawned":[2,3,7,14,16,19,24,29,31,38,42,44,48],"killed_by":"Awakened One","ascension_level":0}}