{"host":"gl7gfqdgzaxu5sie","time":1609929967,"event":{"mods":["AchievementEnabler","BaseMod","Colored Map","DeckTracker","Minty Spire (QoL Compilation)"],"gold_per_floor":[109,121,132,147,78,107,123,153,153,153,153,185,195,208,208,208,208],"floor_reached":16,"playtime":703,"items_purged":[],"score":186,"play_id":"94dc79f8-7fb0-4ecf-8059-0329d62c9019","local_time":"20210106194607","is_ascension_mode":true,"campfire_choices":[{"data":"Uppercut","floor":11,"key":"SMITH"},{"data":"Bash","floor":15,"key":"SMITH"}],"circlet_count":0,"master_deck":["AscendersBane","Strike_R","Strike_R","Strike_R","Strike_R","Strike_R","Defend_R","Defend_R","Defend_R","Defend_R+1","Bash+1","Flex","Dropkick","Dropkick","Uppercut+1","Impervious+1","Corruption","Warcry","Exhume","Power Through"],"relics":["Burning Blood","Anchor","HornCleat","War Paint","Matryoshka"],"acts_visited":["Exordium"],"potions_floor_usage":[14,16,16],"damage_taken":[{"damage":1,"enemies":"Cultist","floor":1,"turns":3},{"damage":5,"enemies":"Small Slimes","floor":2,"turns":4},{"damage":4,"enemies":"Jaw Worm","floor":3,"turns":3},{"damage":12,"enemies":"Exordium Wildlife","floor":4,"turns":5},{"damage":25,"enemies":"Lagavulin","floor":6,"turns":6},{"damage":1,"enemies":"Blue Slaver","floor":7,"turns":4},{"damage":20,"enemies":"Gremlin Nob","floor":8,"turns":4},{"damage":29,"enemies":"3 Sentries","floor":12,"turns":11},{"damage":0,"enemies":"Red Slaver","floor":13,"turns":4},{"damage":9,"enemies":"Exordium Wildlife","floor":14,"turns":6},{"damage":29,"enemies":"Slime Boss","floor":16,"turns":3}],"seed_played":"-8323855407416630347","potions_obtained":[{"floor":2,"key":"EssenceOfSteel"},{"floor":7,"key":"DistilledChaos"},{"floor":8,"key":"Block Potion"}],"is_trial":false,"path_per_floor":["M","M","M","M","$","E","M","E","T","?","R","E","M","M","R","B"],"character_chosen":"IRONCLAD","items_purchased":["Impervious"],"campfire_rested":0,"item_purchase_floors":[5],"current_hp_per_floor":[77,78,80,74,74,55,60,46,46,46,46,23,29,26,26,0,0],"gold":208,"neow_bonus":"RANDOM_COMMON_RELIC","is_daily":false,"chose_seed":false,"campfire_upgraded":2,"win_rate":0.0,"timestamp":1609929967,"path_taken":["M","M","M","M","?","E","M","E","T","?","R","E","M","M","R","BOSS"],"items_purchased_type":["Card"],"build_version":"2020-12-22","purchased_purges":0,"victory":false,"max_hp_per_floor":[80,80,80,80,80,80,80,80,80,80,80,80,80,80,80,80,80],"card_choices":[{"not_picked":["True Grit","Heavy Blade"],"picked":"Flex","floor":1},{"not_picked":["Twin Strike","Sentinel"],"picked":"Dropkick","floor":2},{"not_picked":["Clothesline","Pommel Strike"],"picked":"Dropkick","floor":3},{"not_picked":["Heavy Blade","Iron Wave"],"picked":"Uppercut","floor":4},{"not_picked":["Headbutt","Wild Strike","Searing Blow"],"picked":"SKIP","floor":6},{"not_picked":["Hemokinesis","Flex"],"picked":"Corruption","floor":7},{"not_picked":["Clash","Perfected Strike"],"picked":"Warcry","floor":8},{"not_picked":["Heavy Blade","Headbutt","Iron Wave"],"picked":"SKIP","floor":12},{"not_picked":["Havoc","Perfected Strike"],"picked":"Exhume","floor":13},{"not_picked":["Headbutt","Heavy Blade"],"picked":"Power Through","floor":14}],"player_experience":570590,"relics_obtained":[{"floor":6,"key":"HornCleat"},{"floor":8,"key":"War Paint"},{"floor":12,"key":"Matryoshka"}],"event_choices":[{"damage_healed":0,"gold_gain":0,"player_choice":"Bought 0 Potions","damage_taken":0,"max_hp_gain":0,"max_hp_loss":0,"event_name":"The Woman in Blue","floor":10,"gold_loss":0}],"is_beta":false,"boss_relics":[],"items_purged_floors":[],"is_endless":false,"potions_floor_spawned":[2,7,8,13],"killed_by":"Slime Boss","ascension_level":10}}