{"host":"52m1o8iwwagurbjs","time":1609905913,"event":{"mods":["AchievementEnabler","BaseMod","Bestiary","Colored Powertips","GifTheSpireLib","Minty Spire (QoL Compilation)","Quick Restart","RNG Fix","Relic Stats","StSLib"],"gold_per_floor":[114,130,149,159,170,170,170],"floor_reached":6,"playtime":235,"items_purged":[],"score":78,"play_id":"57fbd5e7-03f4-453b-8dce-ea5e71e16ecd","local_time":"20210105230513","is_ascension_mode":true,"campfire_choices":[],"circlet_count":0,"master_deck":["AscendersBane","Strike_B","Strike_B","Strike_B","Strike_B","Defend_B","Defend_B","Defend_B","Defend_B","Zap","Dualcast","Genetic Algorithm","Compile Driver","Seek","Loop","Sweeping Beam"],"relics":["Cracked Core","Potion Belt"],"acts_visited":["Exordium"],"potions_floor_usage":[5],"damage_taken":[{"damage":2.0,"enemies":"Jaw Worm","floor":1.0,"turns":4.0},{"damage":7.0,"enemies":"Small Slimes","floor":2.0,"turns":3.0},{"damage":2.0,"enemies":"2 Louse","floor":3.0,"turns":2.0},{"damage":0.0,"enemies":"2 Fungi Beasts","floor":4.0,"turns":2.0},{"damage":13,"enemies":"3 Louse","floor":5,"turns":3},{"damage":43,"enemies":"3 Sentries","floor":6,"turns":4}],"seed_played":"7329951311735710871","potions_obtained":[{"floor":3.0,"key":"Energy Potion"},{"floor":4.0,"key":"Block Potion"}],"is_trial":false,"path_per_floor":["M","M","M","M","M","E"],"character_chosen":"DEFECT","items_purchased":[],"campfire_rested":0,"item_purchase_floors":[],"current_hp_per_floor":[62,55,53,53,40,0,0],"gold":170,"neow_bonus":"RANDOM_COMMON_RELIC","is_daily":false,"chose_seed":false,"campfire_upgraded":0,"win_rate":0.0,"timestamp":1609905913,"path_taken":["M","M","M","M","M","E"],"items_purchased_type":[],"build_version":"2020-12-22","purchased_purges":0,"victory":false,"max_hp_per_floor":[71,71,71,71,71,71,71],"relic_stats":{"counters":[6,18],"obtain_stats":[{"Potion Belt":0,"Cracked Core":0},{"Potion Belt":0,"Cracked Core":0},{"Potion Belt":0,"Cracked Core":0}]},"card_choices":[{"not_picked":["Gash","Sweeping Beam"],"picked":"Genetic Algorithm","floor":1.0},{"not_picked":["Sweeping Beam","Go for the Eyes"],"picked":"Compile Driver","floor":2.0},{"not_picked":["Conserve Battery","Go for the Eyes"],"picked":"Seek","floor":3.0},{"not_picked":["Hologram","Melter"],"picked":"Loop","floor":4.0},{"not_picked":["Beam Cell","Barrage"],"picked":"Sweeping Beam","floor":5}],"player_experience":1096957,"relics_obtained":[],"event_choices":[],"is_beta":false,"boss_relics":[],"items_purged_floors":[],"is_endless":false,"potions_floor_spawned":[3,4],"killed_by":"3 Sentries","ascension_level":19}}