{"host":"l60rmjjsfi0fipmi","time":1609900257,"event":{"mods":["BaseMod","Colored Map","DeckTracker","Highlight Path","Minty Spire (QoL Compilation)"],"gold_per_floor":[119,119,142,115,136,136,21,57,80,80,30,48,48,48,48,172,172,192,35,59,59,59,70,88,88,88,88,4,4,4,20,20,119,119,139,159,159,29,65,65,94,94,94],"floor_reached":42,"playtime":2701,"items_purged":["Strike_G","Strike_G","Strike_G","Strike_G","Defend_G"],"score":439,"play_id":"6fea142c-9622-45f9-89fe-cc4504780481","local_time":"20210105213057","is_ascension_mode":false,"campfire_choices":[{"data":"Cloak And Dagger","floor":6,"key":"SMITH"},{"data":"Cloak And Dagger","floor":10,"key":"SMITH"},{"data":"Footwork","floor":13,"key":"SMITH"},{"floor":15,"key":"REST"},{"floor":27,"key":"REST"},{"floor":30,"key":"REST"},{"data":"Noxious Fumes","floor":32,"key":"SMITH"},{"floor":40,"key":"REST"}],"circlet_count":0,"master_deck":["Defend_G","Survivor","Neutralize","Backflip","Cloak And Dagger+1","Backflip","Cloak And Dagger+1","Caltrops","Footwork+1","Corpse Explosion","Noxious Fumes+1","PiercingWail","Infinite Blades+1","Blade Dance+1","Sucker Punch","Accuracy","RitualDagger","Burst","Acrobatics+1","Flying Knee+1","Riddle With Holes+1","Footwork+1","Jack Of All Trades","Well Laid Plans"],"relics":["Ring of the Snake","Odd Mushroom","Smiling Mask","HoveringKite","Torii","Nloth\u0027s Gift","Ornamental Fan","Astrolabe","CaptainsWheel"],"acts_visited":["Exordium","TheCity","TheBeyond"],"potions_floor_usage":[16,16,23,33,33,39],"damage_taken":[{"damage":11,"enemies":"Jaw Worm","floor":1,"turns":8},{"damage":5,"enemies":"Small Slimes","floor":3,"turns":4},{"damage":2,"enemies":"Cultist","floor":5,"turns":7},{"damage":14,"enemies":"The Mushroom Lair","floor":8,"turns":7},{"damage":6,"enemies":"3 Louse","floor":12,"turns":3},{"damage":28,"enemies":"Hexaghost","floor":16,"turns":15},{"damage":20,"enemies":"3 Byrds","floor":18,"turns":4},{"damage":25,"enemies":"2 Thieves","floor":20,"turns":4},{"damage":10,"enemies":"Centurion and Healer","floor":23,"turns":7},{"damage":2,"enemies":"3 Cultists","floor":24,"turns":6},{"damage":0,"enemies":"Shelled Parasite and Fungi","floor":31,"turns":7},{"damage":21,"enemies":"Collector","floor":33,"turns":9},{"damage":23,"enemies":"Orb Walker","floor":35,"turns":5},{"damage":4,"enemies":"3 Darklings","floor":36,"turns":4},{"damage":25,"enemies":"Sphere and 2 Shapes","floor":39,"turns":8},{"damage":26,"enemies":"Nemesis","floor":41,"turns":7},{"damage":17,"enemies":"Transient","floor":42,"turns":1}],"seed_played":"-5717785213576274854","potions_obtained":[{"floor":3,"key":"Regen Potion"},{"floor":8,"key":"SteroidPotion"},{"floor":16,"key":"Fire Potion"},{"floor":23,"key":"Poison Potion"},{"floor":24,"key":"Block Potion"},{"floor":31,"key":"FearPotion"},{"floor":33,"key":"DistilledChaos"},{"floor":41,"key":"Swift Potion"}],"is_trial":false,"path_per_floor":["M","?","M","?","M","R","$","?","T","R","$","M","R","$","R","B",null,"M","$","M","?","?","M","M","?","T","R","$","?","R","M","R","B",null,"M","M","?","$","M","R","E","M"],"character_chosen":"THE_SILENT","items_purchased":["Caltrops","Noxious Fumes","PiercingWail","Accuracy","Well Laid Plans"],"campfire_rested":4,"item_purchase_floors":[7,19,19,28,38],"current_hp_per_floor":[59,59,54,54,52,52,52,38,38,38,38,32,32,32,51,38,65,45,45,20,20,20,10,8,8,8,27,27,21,40,40,40,19,65,42,38,38,38,13,32,6,0,0],"gold":94,"neow_bonus":"THREE_CARDS","is_daily":false,"chose_seed":false,"campfire_upgraded":4,"win_rate":0.0,"timestamp":1609900257,"path_taken":["M","?","M","?","M","R","$","?","T","R","$","M","R","$","R","BOSS","M","$","M","?","?","?","M","?","T","R","?","?","R","M","R","BOSS","M","M","?","$","M","R","E","M"],"items_purchased_type":["Card","Card","Card","Card","Card"],"build_version":"2020-12-22","purchased_purges":5,"victory":false,"max_hp_per_floor":[70,65,65,65,65,65,65,65,65,65,65,65,65,65,65,65,65,65,65,65,65,65,65,65,65,65,65,65,65,65,65,65,65,65,65,65,65,65,65,65,65,65,65],"card_choices":[{"not_picked":["Tactician","Escape Plan"],"picked":"Backflip","floor":0},{"not_picked":["PiercingWail","Finisher"],"picked":"Cloak And Dagger","floor":1},{"not_picked":["Deflect","Bane"],"picked":"Backflip","floor":3},{"not_picked":["Dagger Throw","Sucker Punch"],"picked":"Cloak And Dagger","floor":5},{"not_picked":["Leg Sweep","Corpse Explosion"],"picked":"Footwork","floor":12},{"not_picked":["Envenom","Doppelganger"],"picked":"Corpse Explosion","floor":16},{"not_picked":["Dagger Throw","Deadly Poison","Riddle With Holes"],"picked":"SKIP","floor":18},{"not_picked":["Blade Dance","Heel Hook"],"picked":"Infinite Blades+1","floor":20},{"not_picked":["All Out Attack","Acrobatics"],"picked":"Blade Dance+1","floor":23},{"not_picked":["Footwork","Flying Knee","Bane"],"picked":"SKIP","floor":24},{"not_picked":["Eviscerate+1","Endless Agony","Outmaneuver"],"picked":"SKIP","floor":31},{"not_picked":["Doppelganger","Envenom"],"picked":"Burst","floor":33},{"not_picked":["Cloak And Dagger","Deflect"],"picked":"Footwork+1","floor":35},{"not_picked":["Reflex","Predator","Bane+1"],"picked":"SKIP","floor":36},{"not_picked":["Magnetism","Master of Strategy"],"picked":"Jack Of All Trades","floor":37},{"not_picked":["Tools of the Trade","Prepared+1","All Out Attack+1"],"picked":"SKIP","floor":39},{"not_picked":["Venomology","Glass Knife","Corpse Explosion"],"picked":"SKIP","floor":41}],"player_experience":244752,"relics_obtained":[{"floor":8,"key":"Odd Mushroom"},{"floor":9,"key":"Smiling Mask"},{"floor":26,"key":"Ornamental Fan"},{"floor":41,"key":"CaptainsWheel"}],"event_choices":[{"damage_healed":0,"gold_gain":0,"player_choice":"Lose Max HP","damage_taken":0,"relics_obtained":["Golden Idol"],"max_hp_gain":0,"max_hp_loss":5,"event_name":"Golden Idol","floor":2,"gold_loss":0},{"damage_healed":0,"gold_gain":0,"player_choice":"Left Gold","damage_taken":0,"max_hp_gain":0,"max_hp_loss":0,"event_name":"World of Goop","floor":4,"gold_loss":27},{"damage_healed":0,"gold_gain":0,"player_choice":"Fought Mushrooms","damage_taken":0,"max_hp_gain":0,"max_hp_loss":0,"event_name":"Mushrooms","floor":8,"gold_loss":0},{"damage_healed":0,"gold_gain":0,"player_choice":"Opened","damage_taken":0,"relics_obtained":["Torii"],"max_hp_gain":0,"max_hp_loss":0,"event_name":"The Mausoleum","floor":21,"gold_loss":0},{"damage_healed":0,"gold_gain":0,"player_choice":"Traded Relic","damage_taken":0,"relics_obtained":["Nloth\u0027s Gift"],"max_hp_gain":0,"max_hp_loss":0,"event_name":"N\u0027loth","floor":22,"relics_lost":["Golden Idol"],"gold_loss":0},{"damage_healed":0,"gold_gain":0,"cards_transformed":["Strike_G"],"player_choice":"Transformed","damage_taken":0,"max_hp_gain":0,"max_hp_loss":0,"event_name":"Transmorgrifier","floor":25,"gold_loss":0,"cards_obtained":["Sucker Punch"]},{"damage_healed":0,"gold_gain":0,"player_choice":"Joined the Cult","damage_taken":6,"max_hp_gain":0,"max_hp_loss":0,"event_name":"Nest","floor":29,"gold_loss":0,"cards_obtained":["RitualDagger"]},{"damage_healed":0,"gold_gain":0,"player_choice":"Memory 1","damage_taken":0,"max_hp_gain":0,"max_hp_loss":0,"event_name":"SensoryStone","floor":37,"gold_loss":0}],"is_beta":false,"boss_relics":[{"not_picked":["Philosopher\u0027s Stone","Coffee Dripper"],"picked":"HoveringKite"},{"not_picked":["Calling Bell","Pandora\u0027s Box"],"picked":"Astrolabe"}],"items_purged_floors":[7,11,19,28,38],"is_endless":false,"potions_floor_spawned":[3,8,16,23,24,31,33,41],"killed_by":"Transient","ascension_level":0}}