{"host":"s41rn2jhghpwfrvz","time":1609909033,"event":{"mods":["BaseMod","Minty Spire (QoL Compilation)","Quick Restart","Relic Stats","SuperFastMode"],"gold_per_floor":[113,37,57,57,74,74,99,116,197,197,226,226,258,258,258,329,329,345,345,345,361,361,389,400,431,431,464,564,579,612,537,537,614,614,633,658,658,677,511,511,539,572,572,592,627,646,170,183,183,183,183,183,183,26,55,55],"floor_reached":57,"playtime":1710,"items_purged":["Disarm"],"score":3697,"play_id":"48bbb7bf-cac4-437a-9173-8633f2bfba0f","local_time":"20210106065713","daily_mods":["SealedDeck","Diverse","DeadlyEvents"],"is_ascension_mode":true,"campfire_choices":[{"data":"TalkToTheHand","floor":6,"key":"SMITH"},{"data":"Blade Dance","floor":12,"key":"SMITH"},{"data":"Skim","floor":15,"key":"SMITH"},{"floor":32,"key":"RECALL"},{"data":"Seeing Red","floor":40,"key":"SMITH"},{"data":"Panacea","floor":49,"key":"SMITH"},{"data":"Evolve","floor":53,"key":"SMITH"}],"circlet_count":0,"master_deck":["AscendersBane","Sweeping Beam","Conserve Battery+1","PiercingWail","Skim+1","Seeing Red+1","Blade Dance+1","Evolve+1","TalkToTheHand+1","Adrenaline+1","Panacea+1"],"relics":["Burning Blood","Charon\u0027s Ashes","Strawberry","Tiny Chest","Coffee Dripper","Meat on the Bone","Ornamental Fan","Potion Belt","War Paint","Thread and Needle","Incense Burner","StrikeDummy","Vajra","Busted Crown","Toy Ornithopter","Boot","Bronze Scales","White Beast Statue","Mercury Hourglass","Self Forming Clay","Cauldron","Art of War"],"acts_visited":["Exordium","TheCity","TheBeyond","TheEnding"],"potions_floor_usage":[21,56,56,56,56],"damage_taken":[{"damage":0,"enemies":"Cultist","floor":1,"turns":3},{"damage":2,"enemies":"2 Louse","floor":3,"turns":3},{"damage":2,"enemies":"Small Slimes","floor":5,"turns":3},{"damage":0,"enemies":"Lagavulin","floor":7,"turns":5},{"damage":9,"enemies":"Exordium Thugs","floor":8,"turns":3},{"damage":13,"enemies":"3 Sentries","floor":11,"turns":3},{"damage":0,"enemies":"Lagavulin","floor":13,"turns":3},{"damage":0,"enemies":"Slime Boss","floor":16,"turns":4},{"damage":0,"enemies":"3 Byrds","floor":18,"turns":1},{"damage":0,"enemies":"Chosen","floor":21,"turns":2},{"damage":0,"enemies":"Slavers","floor":23,"turns":2},{"damage":0,"enemies":"Snecko","floor":24,"turns":4},{"damage":0,"enemies":"Book of Stabbing","floor":25,"turns":3},{"damage":0,"enemies":"Gremlin Leader","floor":27,"turns":3},{"damage":6,"enemies":"Colosseum Slavers","floor":28,"turns":2},{"damage":0,"enemies":"Colosseum Nobs","floor":28,"turns":2},{"damage":0,"enemies":"Snake Plant","floor":29,"turns":3},{"damage":0,"enemies":"Slavers","floor":30,"turns":2},{"damage":0,"enemies":"Collector","floor":33,"turns":4},{"damage":0,"enemies":"Orb Walker","floor":35,"turns":2},{"damage":0,"enemies":"3 Shapes","floor":38,"turns":1},{"damage":0,"enemies":"Nemesis","floor":41,"turns":3},{"damage":0,"enemies":"Reptomancer","floor":42,"turns":2},{"damage":0,"enemies":"Transient","floor":44,"turns":6},{"damage":0,"enemies":"Giant Head","floor":45,"turns":4},{"damage":0,"enemies":"Spire Growth","floor":46,"turns":3},{"damage":0,"enemies":"3 Darklings","floor":48,"turns":2},{"damage":29,"enemies":"Awakened One","floor":50,"turns":8},{"damage":2,"enemies":"Donu and Deca","floor":51,"turns":4},{"damage":0,"enemies":"Shield and Spear","floor":55,"turns":3},{"damage":11,"enemies":"The Heart","floor":56,"turns":6}],"seed_played":"9008733580745281900","potions_obtained":[{"floor":3,"key":"Fruit Juice"},{"floor":5,"key":"GamblersBrew"},{"floor":21,"key":"SpeedPotion"},{"floor":27,"key":"CultistPotion"},{"floor":28,"key":"LiquidMemories"},{"floor":54,"key":"Ancient Potion"},{"floor":55,"key":"DuplicationPotion"}],"is_trial":true,"path_per_floor":["M","$","M","?","M","R","E","M","T","$","E","R","E","?","R","B",null,"M","$","?","M","T","E","M","E","T","E","?","M","E","$","R","B",null,"M","T","?","M","$","R","E","E","T","M","E","M","$","M","R","B","B",null,"R","$","E","B",null],"character_chosen":"IRONCLAD","items_purchased":["TalkToTheHand","Boot","Self Forming Clay","Ancient Potion","Panacea","Cauldron"],"campfire_rested":0,"item_purchase_floors":[2,39,47,47,47,54],"current_hp_per_floor":[74,74,75,68,72,72,75,72,72,72,72,72,78,78,78,82,82,82,82,82,87,87,87,87,87,87,87,87,87,87,87,87,87,87,87,87,87,87,87,87,87,87,87,87,87,87,87,87,87,64,68,82,82,82,87,84],"gold":55,"neow_bonus":"","is_daily":false,"chose_seed":false,"campfire_upgraded":6,"win_rate":0.0,"timestamp":1609909033,"path_taken":["M","?","M","?","M","R","E","?","T","$","E","R","?","?","R","BOSS","M","$","?","?","?","E","M","E","T","E","?","M","?","?","R","BOSS","M","?","?","M","?","R","?","E","T","M","E","M","$","M","R","BOSS","BOSS","R","$","E","BOSS"],"items_purchased_type":["Card","Relic","Relic","Potion","Card","Relic"],"build_version":"2020-12-22","purchased_purges":1,"victory":true,"max_hp_per_floor":[75,75,75,75,75,75,75,75,75,75,82,82,82,82,82,82,82,82,82,82,87,87,87,87,87,87,87,87,87,87,87,87,87,87,87,87,87,87,87,87,87,87,87,87,87,87,87,87,87,87,87,87,87,87,87,87],"relic_stats":{"counters":[31,99],"Self Forming Clay":[30],"Charon\u0027s Ashes":[2865],"War Paint":["Adrenaline","Conserve Battery"],"Boot":[59],"Burning Blood":69,"Mercury Hourglass":[99],"Busted Crown":20,"Ornamental Fan":[660],"Bronze Scales":[174],"Tiny Chest":2,"Art of War":[0],"obtain_stats":[{"Potion Belt":25,"Self Forming Clay":47,"Vajra":30,"Thread and Needle":27,"Charon\u0027s Ashes":7,"Incense Burner":28,"War Paint":26,"Boot":39,"Burning Blood":0,"White Beast Statue":42,"Mercury Hourglass":45,"Cauldron":54,"Busted Crown":34,"Ornamental Fan":23,"Strawberry":11,"Bronze Scales":41,"Tiny Chest":13,"Coffee Dripper":17,"Art of War":55,"StrikeDummy":28,"Toy Ornithopter":36,"Meat on the Bone":22},{"Potion Belt":13,"Self Forming Clay":26,"Vajra":18,"Thread and Needle":14,"Charon\u0027s Ashes":4,"Incense Burner":16,"War Paint":13,"Boot":21,"Burning Blood":0,"White Beast Statue":23,"Mercury Hourglass":25,"Cauldron":29,"Busted Crown":19,"Ornamental Fan":11,"Strawberry":6,"Bronze Scales":22,"Tiny Chest":7,"Coffee Dripper":8,"Art of War":30,"StrikeDummy":16,"Toy Ornithopter":20,"Meat on the Bone":10},{"Potion Belt":39,"Self Forming Clay":76,"Vajra":51,"Thread and Needle":42,"Charon\u0027s Ashes":14,"Incense Burner":46,"War Paint":39,"Boot":58,"Burning Blood":0,"White Beast Statue":63,"Mercury Hourglass":73,"Cauldron":90,"Busted Crown":55,"Ornamental Fan":32,"Strawberry":20,"Bronze Scales":61,"Tiny Chest":23,"Coffee Dripper":27,"Art of War":93,"StrikeDummy":46,"Toy Ornithopter":57,"Meat on the Bone":30}],"Toy Ornithopter":2,"Meat on the Bone":0},"card_choices":[{"not_picked":["Combust","Halt","Deflect"],"picked":"SKIP","floor":1},{"not_picked":["Battle Trance","Melter","Collect"],"picked":"SKIP","floor":3},{"not_picked":["Wallop","Thunderclap","Clothesline"],"picked":"SKIP","floor":5},{"not_picked":["Rainbow","FlurryOfBlows","Backstab"],"picked":"SKIP","floor":7},{"not_picked":["EmptyMind","Outmaneuver","Sword Boomerang"],"picked":"SKIP","floor":8},{"not_picked":["SashWhip","Judgement","Tempest"],"picked":"SKIP","floor":11},{"not_picked":["Brilliance","Catalyst","Blade Dance"],"picked":"SKIP","floor":13},{"not_picked":["MasterReality","Exhume"],"picked":"Adrenaline","floor":16},{"not_picked":["Dagger Throw","Leg Sweep","Outmaneuver"],"picked":"SKIP","floor":18},{"not_picked":["Consecrate","Nirvana","Outmaneuver"],"picked":"SKIP","floor":21},{"not_picked":["Heavy Blade","Streamline","ThirdEye"],"picked":"SKIP","floor":23},{"not_picked":["Hologram","Underhanded Strike","Cold Snap"],"picked":"SKIP","floor":24},{"not_picked":["FlurryOfBlows","Protect+1","Hello World"],"picked":"SKIP","floor":25},{"not_picked":["Battle Trance","FearNoEvil","Reinforced Body+1"],"picked":"SKIP","floor":27},{"not_picked":["Weave","All Out Attack","Iron Wave"],"picked":"SKIP","floor":29},{"not_picked":["Malaise","Anger","Tempest"],"picked":"SKIP","floor":30},{"not_picked":["Anger"],"picked":"SKIP","floor":35},{"not_picked":["Noxious Fumes+1"],"picked":"SKIP","floor":38},{"not_picked":["Anger"],"picked":"SKIP","floor":41},{"not_picked":["Poisoned Stab"],"picked":"SKIP","floor":42},{"not_picked":["SignatureMove"],"picked":"SKIP","floor":44},{"not_picked":["Coolheaded+1"],"picked":"SKIP","floor":45},{"not_picked":["Wild Strike"],"picked":"SKIP","floor":46},{"not_picked":["SashWhip+1"],"picked":"SKIP","floor":48},{"not_picked":["Dagger Throw+1"],"picked":"SKIP","floor":55}],"player_experience":1654380,"relics_obtained":[{"floor":7,"key":"Charon\u0027s Ashes"},{"floor":11,"key":"Strawberry"},{"floor":13,"key":"Tiny Chest"},{"floor":22,"key":"Meat on the Bone"},{"floor":23,"key":"Ornamental Fan"},{"floor":25,"key":"Potion Belt"},{"floor":26,"key":"War Paint"},{"floor":27,"key":"Thread and Needle"},{"floor":28,"key":"Incense Burner"},{"floor":28,"key":"StrikeDummy"},{"floor":30,"key":"Vajra"},{"floor":36,"key":"Toy Ornithopter"},{"floor":41,"key":"Bronze Scales"},{"floor":42,"key":"White Beast Statue"},{"floor":45,"key":"Mercury Hourglass"},{"floor":55,"key":"Art of War"}],"event_choices":[{"cards_removed":["PiercingWail"],"damage_healed":0,"gold_gain":0,"player_choice":"Card Removal","damage_taken":7,"max_hp_gain":0,"max_hp_loss":0,"event_name":"Golden Wing","floor":4,"gold_loss":0},{"damage_healed":0,"gold_gain":0,"player_choice":"Ignored","damage_taken":0,"max_hp_gain":0,"max_hp_loss":0,"event_name":"Liars Game","floor":14,"gold_loss":0},{"cards_removed":["Beam Cell"],"damage_healed":0,"gold_gain":0,"player_choice":"Elegance","damage_taken":0,"max_hp_gain":0,"max_hp_loss":0,"event_name":"Back to Basics","floor":20,"gold_loss":0},{"damage_healed":0,"gold_gain":0,"player_choice":"Fight","damage_taken":0,"max_hp_gain":0,"max_hp_loss":0,"event_name":"Colosseum","floor":28,"gold_loss":0},{"damage_healed":0,"gold_gain":0,"player_choice":"Fought Nobs","damage_taken":0,"max_hp_gain":0,"max_hp_loss":0,"event_name":"Colosseum","floor":28,"gold_loss":0},{"damage_healed":0,"gold_gain":0,"player_choice":"Ignored","damage_taken":0,"max_hp_gain":0,"max_hp_loss":0,"event_name":"Tomb of Lord Red Mask","floor":37,"gold_loss":0}],"is_beta":false,"boss_relics":[{"not_picked":["Runic Cube","Astrolabe"],"picked":"Coffee Dripper"},{"not_picked":["Sozu","Empty Cage"],"picked":"Busted Crown"}],"items_purged_floors":[31],"is_endless":false,"potions_floor_spawned":[3,5,8,21,27,28,29,41,44,45,46,48,55],"ascension_level":20}}