{"host":"4rvakrj1idbgia3f","time":1609935405,"event":{"mods":["BaseMod","Colored Map","Colored Powertips","DeckTracker","Highlight Path","Minty Spire (QoL Compilation)","Random Character Button","StSLib"],"gold_per_floor":[117,136,136,19,32,32,67,67,67,98,117,117,117,138,138,237,237,216,216],"floor_reached":18,"playtime":602,"items_purged":["Strike_R"],"score":344,"play_id":"d8d86a48-4de2-4a0f-86ba-440e680f99c2","local_time":"20210106211645","is_ascension_mode":true,"campfire_choices":[{"data":"Bash","floor":6,"key":"SMITH"},{"data":"Shockwave","floor":12,"key":"SMITH"},{"data":"Sword Boomerang","floor":15,"key":"SMITH"}],"circlet_count":0,"master_deck":["AscendersBane","Strike_R","Strike_R","Strike_R","Strike_R","Defend_R","Defend_R","Defend_R","Defend_R","Bash+1","Battle Trance","Sword Boomerang","Battle Trance","Iron Wave","Spot Weakness","Sword Boomerang+1","Shockwave+1","Exhume","CurseOfTheBell","Feel No Pain"],"relics":["Burning Blood","Golden Idol","Champion Belt","Shovel","Sundial","FaceOfCleric","Calling Bell","Bronze Scales","Mercury Hourglass","TungstenRod"],"acts_visited":["Exordium","TheCity"],"potions_floor_usage":[7,16],"damage_taken":[{"damage":5,"enemies":"2 Louse","floor":1,"turns":4},{"damage":7,"enemies":"Cultist","floor":2,"turns":4},{"damage":1,"enemies":"Small Slimes","floor":5,"turns":5},{"damage":21,"enemies":"Gremlin Nob","floor":7,"turns":4},{"damage":20,"enemies":"3 Sentries","floor":10,"turns":9},{"damage":5,"enemies":"Red Slaver","floor":11,"turns":3},{"damage":8,"enemies":"Large Slime","floor":14,"turns":5},{"damage":39,"enemies":"The Guardian","floor":16,"turns":8},{"damage":20,"enemies":"2 Thieves","floor":18,"turns":4}],"seed_played":"-7069198765065991984","potions_obtained":[{"floor":1,"key":"FearPotion"},{"floor":14,"key":"Explosive Potion"},{"floor":16,"key":"GamblersBrew"},{"floor":18,"key":"ColorlessPotion"}],"is_trial":false,"path_per_floor":["M","M","?","$","M","R","E","?","T","E","M","R","?","M","R","B",null,"M"],"character_chosen":"IRONCLAD","items_purchased":["Battle Trance"],"campfire_rested":0,"item_purchase_floors":[4],"current_hp_per_floor":[65,64,64,64,69,69,54,59,59,45,46,46,46,45,45,13,69,56,56],"gold":216,"neow_bonus":"TWENTY_PERCENT_HP_BONUS","is_daily":false,"chose_seed":false,"campfire_upgraded":3,"win_rate":0.0,"timestamp":1609935405,"path_taken":["M","M","?","$","M","R","E","?","T","E","M","R","?","M","R","BOSS","M"],"items_purchased_type":["Card"],"build_version":"2020-12-22","purchased_purges":1,"victory":false,"max_hp_per_floor":[89,89,81,81,81,81,81,86,86,86,86,86,86,87,87,88,88,89,89],"card_choices":[{"not_picked":["Pommel Strike","Heavy Blade"],"picked":"Battle Trance","floor":1},{"not_picked":["Body Slam","Clash"],"picked":"Sword Boomerang","floor":2},{"not_picked":["Rage","Headbutt"],"picked":"Iron Wave","floor":5},{"not_picked":["Cleave","Reaper"],"picked":"Spot Weakness","floor":7},{"not_picked":["True Grit","Twin Strike"],"picked":"Sword Boomerang","floor":10},{"not_picked":["Perfected Strike","Sword Boomerang"],"picked":"Shockwave","floor":11},{"not_picked":["Anger","Combust","Thunderclap"],"picked":"SKIP","floor":14},{"not_picked":["Double Tap","Juggernaut"],"picked":"Exhume","floor":16},{"not_picked":["Flex","Sever Soul"],"picked":"Feel No Pain","floor":18}],"player_experience":1956042,"relics_obtained":[{"floor":7,"key":"Champion Belt"},{"floor":9,"key":"Shovel"},{"floor":10,"key":"Sundial"},{"floor":17,"key":"Bronze Scales"},{"floor":17,"key":"Mercury Hourglass"},{"floor":17,"key":"TungstenRod"}],"event_choices":[{"damage_healed":0,"gold_gain":0,"player_choice":"Lose Max HP","damage_taken":0,"relics_obtained":["Golden Idol"],"max_hp_gain":0,"max_hp_loss":8,"event_name":"Golden Idol","floor":3,"gold_loss":0},{"damage_healed":0,"gold_gain":0,"player_choice":"Donut","damage_taken":0,"max_hp_gain":5,"max_hp_loss":0,"event_name":"Big Fish","floor":8,"gold_loss":0},{"damage_healed":0,"gold_gain":0,"player_choice":"Trade","damage_taken":0,"relics_obtained":["FaceOfCleric"],"max_hp_gain":0,"max_hp_loss":0,"event_name":"FaceTrader","floor":13,"gold_loss":0}],"is_beta":false,"boss_relics":[{"not_picked":["Fusion Hammer","Runic Pyramid"],"picked":"Calling Bell"}],"items_purged_floors":[4],"is_endless":false,"potions_floor_spawned":[1,14,16,18],"killed_by":"2 Thieves","ascension_level":20}}