{"host":"csp9nt53rootlkah","time":1609936387,"event":{"mods":["Act Like it!","BaseMod","Colored Powertips","Friendly Minions","Gensokyo","Highlight Path","Marisa£®ÏF”Í°°ƒß¿Ì…≥£©","Minty Spire (QoL Compilation)","Quick Restart","Replay The Spire","StSLib","TestMod","The Factory","The Jungle","UnlockEverythingMod","°æ“≈ŒÔø®≈∆°øREMEMod"],"gold_per_floor":[363,363,288,300,200,200,375,392,392,421,421,456,456,484,484,579,579,595,595,595,595,609,609,636,636,636,662,683,716,77,123,123,250,250,265,323,323,344,41,84,84,108,133,165,190,190,206,246,246,261],"floor_reached":51,"playtime":2911,"items_purged":["Defend_MRS","Strike_MRS","Doubt","Defend_MRS"],"score":1583,"play_id":"ebf26b2c-94b1-4b7e-9ede-ece8884da46b","local_time":"20210106203307","is_ascension_mode":true,"campfire_choices":[{"data":"testmod-Wormhole","floor":6.0,"key":"SMITH"},{"data":"FairyDestructionRay","floor":11.0,"key":"SMITH"},{"data":"UpSweep","floor":13.0,"key":"SMITH"},{"data":"OneTimeOff","floor":15.0,"key":"SMITH"},{"data":"GalacticHalo","floor":23.0,"key":"SMITH"},{"data":"MasterSpark","floor":25.0,"key":"SMITH"},{"data":"testmod-TreasureHunter","floor":32.0,"key":"SMITH"},{"data":"FinalSpark","floor":41.0,"key":"SMITH"},{"data":"GrandCross","floor":46,"key":"SMITH"},{"data":"Orbital","floor":49,"key":"SMITH"}],"circlet_count":0,"master_deck":["Strike_MRS","Strike_MRS","Defend_MRS+1","Defend_MRS","MasterSpark+1","UpSweep+1","testmod-Wormhole+1","GrandCross+1","ManaConvection+1","FairyDestructionRay+1","OneTimeOff+1","GalacticHalo+1","Orbital+1","Acceleration+1","testmod-TreasureHunter+1","PulseMagic+1","FinalSpark+1","ChargingUp+1"],"relics":["MiniHakkero","testmod-TestBox","REME_ComplimentaryCards","testmod-CrystalShield","Gremlin Horn","Regal Pillow","War Paint","Matryoshka","Busted Crown","testmod-Acrobat","Tiny Chest","Meat on the Bone","Ice Cream","Anchor","Black Star","Counterbalance","MagicBroom","PreservedInsect","testmod-AssaultLearning","Singing Bowl","Blue Doll","ReplayTheSpireMod:TigerMarble","Vajra","Toy Ornithopter","testmod-Muramasa","Replay:Rubber Ducky","Bag of Marbles","REME_HandOfSuture"],"acts_visited":["Exordium","TheCity","TheBeyond"],"potions_floor_usage":[50],"damage_taken":[{"damage":0.0,"enemies":"2 Louse","floor":1.0,"turns":2.0},{"damage":1.0,"enemies":"Cultist","floor":4.0,"turns":3.0},{"damage":0.0,"enemies":"Small Slimes","floor":8.0,"turns":3.0},{"damage":11.0,"enemies":"Replay:BlueRogue","floor":10.0,"turns":5.0},{"damage":21.0,"enemies":"Gremlin Nob","floor":12.0,"turns":4.0},{"damage":8.0,"enemies":"Lagavulin","floor":14.0,"turns":6.0},{"damage":0.0,"enemies":"Slime Boss","floor":16.0,"turns":5.0},{"damage":0.0,"enemies":"Chosen","floor":18.0,"turns":3.0},{"damage":0.0,"enemies":"Spheric Guardian","floor":22.0,"turns":3.0},{"damage":2.0,"enemies":"Book of Stabbing","floor":24.0,"turns":5.0},{"damage":0.0,"enemies":"Centurion and Healer","floor":27.0,"turns":5.0},{"damage":12.0,"enemies":"Snake Plant","floor":28.0,"turns":4.0},{"damage":2.0,"enemies":"Replay:Snechameleon","floor":29.0,"turns":4.0},{"damage":0.0,"enemies":"REME_1_Revenger","floor":31.0,"turns":5.0},{"damage":6.0,"enemies":"Pondfish","floor":33.0,"turns":13.0},{"damage":0.0,"enemies":"3 Shapes","floor":35.0,"turns":2.0},{"damage":4.0,"enemies":"2 Orb Walkers","floor":36.0,"turns":4.0},{"damage":0.0,"enemies":"Orb Walker","floor":38.0,"turns":3.0},{"damage":28.0,"enemies":"Reptomancer","floor":40.0,"turns":7.0},{"damage":0.0,"enemies":"Nemesis","floor":44.0,"turns":3.0},{"damage":0.0,"enemies":"Maw","floor":45.0,"turns":4.0},{"damage":0,"enemies":"Sphere and 2 Shapes","floor":47,"turns":1},{"damage":0,"enemies":"Giant Head","floor":48,"turns":6},{"damage":20,"enemies":"Awakened One","floor":50,"turns":5}],"seed_played":"-1113276683434474304","potions_obtained":[{"floor":1.0,"key":"SpeedPotion"},{"floor":14.0,"key":"BlessingOfTheForge"},{"floor":22.0,"key":"Fire Potion"},{"floor":27.0,"key":"Fire Potion"},{"floor":28.0,"key":"BlessingOfTheForge"},{"floor":38.0,"key":"Doom Potion"},{"floor":40.0,"key":"Regen Potion"},{"floor":44.0,"key":"Fire Potion"}],"is_trial":false,"path_per_floor":["M","?","$","M","$","R","?","M","T","E","R","E","R","E","R","B",null,"M","?","?","?","M","R","E","R","T","M","M","E","$","E","R","B",null,"M","?","?","M","$","E","R","T","T","E","M","R","M","E","R","B",null],"character_chosen":"MARISA","items_purchased":["Acceleration+1","Ice Cream","testmod-TreasureHunter","PreservedInsect"],"campfire_rested":0,"item_purchase_floors":[30,30,30,39],"current_hp_per_floor":[54,54,54,53,53,53,53,53,53,42,42,21,21,13,13,13,75,75,75,75,61,61,61,59,59,59,59,47,45,45,45,45,51,80,80,76,76,76,76,50,50,50,50,50,56,56,58,60,60,57],"gold":261,"neow_bonus":"TWO_FIFTY_GOLD","is_daily":false,"chose_seed":false,"campfire_upgraded":10,"win_rate":0.0,"timestamp":1609936387,"path_taken":["M","?","$","M","?","R","?","M","T","E","R","E","R","E","R","BOSS","M","?","?","?","?","R","E","R","T","?","M","E","$","E","R","BOSS","M","?","?","M","$","E","R","?","T","E","?","R","M","E","R","BOSS"],"items_purchased_type":["Card","Relic","Card","Relic"],"build_version":"2020-12-22","purchased_purges":4,"victory":true,"max_hp_per_floor":[75,75,75,75,75,75,75,75,75,75,75,75,75,75,75,75,75,75,75,75,80,80,80,80,80,80,80,80,80,80,80,80,80,80,80,80,80,80,80,82,82,82,82,82,84,84,86,88,88,88],"card_choices":[{"not_picked":["MysteriousBeam","DoubleSpark"],"picked":"GrandCross","floor":1.0},{"not_picked":["MeteoricShower","DoubleSpark","NonDirectionalLaser"],"picked":"SKIP","floor":4.0},{"not_picked":["GravityBeat","6A","WitchLeyline"],"picked":"SKIP","floor":8.0},{"not_picked":["OrrerysSun","SprinkleStarSeal"],"picked":"FairyDestructionRay","floor":10.0},{"not_picked":["WitchLeyline","OrrerysSun","LuminesStrike"],"picked":"SKIP","floor":12.0},{"not_picked":["GravityBeat","NonDirectionalLaser"],"picked":"OneTimeOff","floor":14.0},{"not_picked":[],"picked":"GalacticHalo","floor":18.0},{"not_picked":["FairyDestructionRay"],"picked":"SKIP","floor":22.0},{"not_picked":["FairyDestructionRay"],"picked":"SKIP","floor":22.0},{"not_picked":["DragonMeteor"],"picked":"SKIP","floor":24.0},{"not_picked":["DoubleSpark"],"picked":"SKIP","floor":27.0},{"not_picked":[],"picked":"Orbital","floor":28.0},{"not_picked":["MysteriousBeam"],"picked":"SKIP","floor":29.0},{"not_picked":["ShootingEcho"],"picked":"SKIP","floor":31.0},{"not_picked":["GrandCross+1"],"picked":"SKIP","floor":35.0},{"not_picked":[],"picked":"PulseMagic+1","floor":38.0},{"not_picked":["PowerUp+1"],"picked":"Singing Bowl","floor":40.0},{"not_picked":[],"picked":"ChargingUp+1","floor":44.0},{"not_picked":["MilkyWay+1"],"picked":"Singing Bowl","floor":45.0},{"not_picked":["WitchLeyline+1"],"picked":"Singing Bowl","floor":47},{"not_picked":["6A+1"],"picked":"Singing Bowl","floor":48}],"player_experience":118391,"relics_obtained":[{"floor":9.0,"key":"Gremlin Horn"},{"floor":10.0,"key":"Regal Pillow"},{"floor":12.0,"key":"War Paint"},{"floor":14.0,"key":"Matryoshka"},{"floor":24.0,"key":"testmod-Acrobat"},{"floor":26.0,"key":"Tiny Chest"},{"floor":29.0,"key":"Meat on the Bone"},{"floor":31.0,"key":"Anchor"},{"floor":36.0,"key":"Counterbalance"},{"floor":40.0,"key":"testmod-AssaultLearning"},{"floor":40.0,"key":"Singing Bowl"},{"floor":42.0,"key":"Blue Doll"},{"floor":42.0,"key":"ReplayTheSpireMod:TigerMarble"},{"floor":43.0,"key":"Vajra"},{"floor":44.0,"key":"Toy Ornithopter"},{"floor":44.0,"key":"testmod-Muramasa"},{"floor":48,"key":"Replay:Rubber Ducky"},{"floor":48,"key":"Bag of Marbles"},{"floor":48,"key":"REME_HandOfSuture"}],"event_choices":[{"damage_healed":0.0,"max_hp_gain":0.0,"max_hp_loss":0.0,"gold_gain":0.0,"cards_transformed":["Strike_MRS"],"event_name":"Transmorgrifier","player_choice":"Transformed","floor":2.0,"gold_loss":0.0,"damage_taken":0.0,"cards_obtained":["ManaConvection"]},{"damage_healed":0.0,"max_hp_gain":0.0,"max_hp_loss":0.0,"gold_gain":175.0,"event_name":"Liars Game","player_choice":"AGREE","floor":7.0,"gold_loss":0.0,"damage_taken":0.0,"cards_obtained":["Doubt"]},{"damage_healed":0.0,"max_hp_gain":0.0,"max_hp_loss":0.0,"gold_gain":0.0,"event_name":"Cursed Tome","player_choice":"Ignored","floor":19.0,"gold_loss":0.0,"damage_taken":0.0},{"damage_healed":0.0,"max_hp_gain":5.0,"max_hp_loss":0.0,"gold_gain":0.0,"event_name":"Forgotten Altar","player_choice":"Shed Blood","floor":21.0,"gold_loss":0.0,"damage_taken":19.0},{"damage_healed":0.0,"max_hp_gain":0.0,"max_hp_loss":0.0,"gold_gain":0.0,"event_name":"Mysterious Sphere","player_choice":"Fight","floor":36.0,"gold_loss":0.0,"damage_taken":0.0},{"damage_healed":0.0,"max_hp_gain":0.0,"max_hp_loss":0.0,"gold_gain":0.0,"event_name":"WeMeetAgain","player_choice":"Gave Potion","floor":37.0,"gold_loss":0.0,"damage_taken":0.0,"relics_obtained":["MagicBroom"]}],"is_beta":false,"boss_relics":[{"not_picked":["SacredBark","Velvet Choker"],"picked":"Busted Crown"},{"not_picked":["Replay:Fungal Core","Runic Pyramid"],"picked":"Black Star"}],"items_purged_floors":[3,5,30,39],"is_endless":false,"potions_floor_spawned":[1,14,22,27,28,33,38,40,44,45],"ascension_level":2}}