{"host":"t0r9wuv4zaiwets7","time":1609910553,"event":{"mods":["BaseMod","Bestiary","Colored Map","Colored Powertips","Highlight Path","Minty Spire (QoL Compilation)","StSLib"],"gold_per_floor":[115,125,142,153,228,228,258,258,258,292,309,323,333,7,7,104,104,114,127,227,247,267,267,283,300,300,331,9,9,37,57,57,156,156,167,167,184,198,216,249,249,280,280,314,314,314,340,0,0,0],"floor_reached":51,"playtime":2731,"items_purged":["Strike_P","Strike_P"],"score":1191,"play_id":"07d743b6-3599-48a3-bdbb-7c726583e596","local_time":"20210105212233","is_ascension_mode":true,"campfire_choices":[{"data":"Eruption","floor":6.0,"key":"SMITH"},{"data":"FlurryOfBlows","floor":15.0,"key":"SMITH"},{"data":"FlurryOfBlows","floor":23.0,"key":"SMITH"},{"data":"FlurryOfBlows","floor":32.0,"key":"SMITH"},{"floor":41,"key":"REST"},{"floor":46,"key":"DIG"},{"floor":49,"key":"REST"}],"circlet_count":0,"master_deck":["Strike_P","Strike_P","Defend_P","Defend_P","Defend_P","Defend_P","Eruption+1","Vigilance","FlurryOfBlows+1","EmptyFist","InnerPeace","FlurryOfBlows+1","Swivel+1","FlurryOfBlows+1","Evaluate+1","EmptyBody+1","Ragnarok+1","Crescendo+1","Vengeance+1","FlurryOfBlows+1","EmptyBody+1","DeusExMachina+1","InnerPeace+1","Bandage Up+1","BowlingBash+1","Panacea+1","Scrawl+1","CarveReality+1","CutThroughFate+1","Ragnarok+1","Evaluate+1","EmptyFist+1","Sanctity+1","Crescendo+1","SpiritShield+1","Fasting2+1","Panache+1","Flash of Steel+1","Mind Blast+1","ClearTheMind+1","FlurryOfBlows+1","Deep Breath+1"],"relics":["PureWater","Ancient Tea Set","HornCleat","Toxic Egg 2","Molten Egg 2","SlaversCollar","WingedGreaves","Mummified Hand","Membership Card","Ornamental Fan","Pantograph","Black Star","Frozen Egg 2","Damaru","Shovel","Sundial","Meat on the Bone","Centennial Puzzle","Regal Pillow","Vajra","Lantern","FossilizedHelix","OrangePellets","Bronze Scales","Strawberry"],"acts_visited":["Exordium","TheCity","TheBeyond"],"potions_floor_usage":[38,38,44],"damage_taken":[{"damage":0.0,"enemies":"2 Louse","floor":1.0,"turns":2.0},{"damage":0.0,"enemies":"Cultist","floor":2.0,"turns":2.0},{"damage":4.0,"enemies":"Jaw Worm","floor":3.0,"turns":3.0},{"damage":4.0,"enemies":"Red Slaver","floor":4.0,"turns":2.0},{"damage":15.0,"enemies":"3 Sentries","floor":7.0,"turns":5.0},{"damage":0.0,"enemies":"Gremlin Nob","floor":10.0,"turns":2.0},{"damage":6.0,"enemies":"Looter","floor":11.0,"turns":3.0},{"damage":2.0,"enemies":"Exordium Thugs","floor":12.0,"turns":3.0},{"damage":0.0,"enemies":"Red Slaver","floor":13.0,"turns":3.0},{"damage":21.0,"enemies":"Hexaghost","floor":16.0,"turns":8.0},{"damage":7.0,"enemies":"Chosen","floor":18.0,"turns":3.0},{"damage":2.0,"enemies":"2 Thieves","floor":19.0,"turns":2.0},{"damage":7.0,"enemies":"Snecko","floor":21.0,"turns":3.0},{"damage":3.0,"enemies":"Centurion and Healer","floor":22.0,"turns":3.0},{"damage":2.0,"enemies":"Chosen and Byrds","floor":24.0,"turns":4.0},{"damage":3.0,"enemies":"Snecko","floor":25.0,"turns":4.0},{"damage":0.0,"enemies":"Book of Stabbing","floor":27.0,"turns":3.0},{"damage":23.0,"enemies":"Gremlin Leader","floor":30.0,"turns":2.0},{"damage":0.0,"enemies":"Sentry and Sphere","floor":31.0,"turns":3.0},{"damage":0.0,"enemies":"Automaton","floor":33.0,"turns":6.0},{"damage":32.0,"enemies":"3 Shapes","floor":35.0,"turns":3.0},{"damage":0.0,"enemies":"Orb Walker","floor":37.0,"turns":1.0},{"damage":0,"enemies":"4 Shapes","floor":38,"turns":2},{"damage":40,"enemies":"Writhing Mass","floor":39,"turns":4},{"damage":0,"enemies":"Giant Head","floor":40,"turns":5},{"damage":8,"enemies":"Nemesis","floor":42,"turns":3},{"damage":25,"enemies":"Reptomancer","floor":44,"turns":4},{"damage":0,"enemies":"Nemesis","floor":47,"turns":1},{"damage":56,"enemies":"Time Eater","floor":50,"turns":6}],"seed_played":"-6401649674072127781","potions_obtained":[{"floor":4.0,"key":"Fruit Juice"},{"floor":7.0,"key":"Dexterity Potion"},{"floor":10.0,"key":"DistilledChaos"},{"floor":12.0,"key":"BlessingOfTheForge"},{"floor":18.0,"key":"Block Potion"},{"floor":19.0,"key":"SpeedPotion"},{"floor":33.0,"key":"FairyPotion"},{"floor":39,"key":"SpeedPotion"},{"floor":40,"key":"SpeedPotion"},{"floor":42,"key":"Fire Potion"}],"is_trial":false,"path_per_floor":["M","M","M","M","?","R","E","?","T","E","M","M","M","$","R","B",null,"M","M","?","M","M","R","M","M","T","E","$","?","E","M","R","B",null,"M","?","M","M","M","E","R","E","T","E","?","R","E","$","R","B",null],"character_chosen":"WATCHER","items_purchased":["Molten Egg 2","Membership Card","Ornamental Fan","Bandage Up+1","FlurryOfBlows+1","Deep Breath+1","OrangePellets","Bronze Scales","Strawberry"],"campfire_rested":2,"item_purchase_floors":[14,28,28,28,48,48,48,48,48],"current_hp_per_floor":[79,79,75,71,60,60,45,50,50,50,44,42,42,42,42,26,84,77,75,75,68,65,65,63,60,60,60,60,60,43,43,43,74,84,58,58,58,64,30,36,61,59,59,46,36,36,48,55,91,47],"gold":0,"neow_bonus":"TEN_PERCENT_HP_BONUS","is_daily":false,"chose_seed":false,"campfire_upgraded":4,"win_rate":0.0,"timestamp":1609910553,"path_taken":["M","M","M","M","?","R","E","?","T","E","?","M","M","$","R","BOSS","M","M","?","?","M","R","M","M","T","E","$","?","E","M","R","BOSS","M","?","?","M","?","E","R","E","T","E","?","R","E","$","R","BOSS"],"items_purchased_type":["Relic","Relic","Relic","Card","Card","Card","Relic","Relic","Relic"],"build_version":"2020-12-22","purchased_purges":2,"victory":true,"max_hp_per_floor":[79,79,79,79,79,79,79,79,79,79,79,79,79,79,79,84,84,84,84,84,84,84,84,84,84,84,84,84,84,84,84,84,84,84,84,84,84,84,84,84,84,84,84,84,84,84,84,91,91,91],"card_choices":[{"not_picked":["SashWhip","Evaluate"],"picked":"FlurryOfBlows","floor":1.0},{"not_picked":["CrushJoints","BowlingBash"],"picked":"EmptyFist","floor":2.0},{"not_picked":["FearNoEvil","JustLucky"],"picked":"InnerPeace","floor":3.0},{"not_picked":["CrushJoints","Protect"],"picked":"FlurryOfBlows","floor":4.0},{"not_picked":["ClearTheMind","Wish"],"picked":"EmptyBody","floor":7.0},{"not_picked":["EmptyFist","BowlingBash"],"picked":"Swivel+1","floor":10.0},{"not_picked":["Consecrate","Halt+1"],"picked":"FlurryOfBlows","floor":11.0},{"not_picked":["WindmillStrike","EmptyFist"],"picked":"Evaluate+1","floor":12.0},{"not_picked":["DeceiveReality+1","WindmillStrike"],"picked":"EmptyBody+1","floor":13.0},{"not_picked":["ConjureBlade+1","Brilliance+1"],"picked":"Ragnarok+1","floor":16.0},{"not_picked":["Worship+1","Halt+1"],"picked":"Crescendo+1","floor":18.0},{"not_picked":["Halt+1","FearNoEvil+1"],"picked":"Vengeance+1","floor":19.0},{"not_picked":["WaveOfTheHand+1","CutThroughFate+1"],"picked":"FlurryOfBlows+1","floor":21.0},{"not_picked":["Collect+1","CrushJoints+1"],"picked":"EmptyBody+1","floor":22.0},{"not_picked":["ForeignInfluence+1","BowlingBash+1"],"picked":"DeusExMachina+1","floor":24.0},{"not_picked":["FearNoEvil+1","BowlingBash+1"],"picked":"InnerPeace+1","floor":25.0},{"not_picked":["JustLucky+1","Consecrate+1","CrushJoints+1"],"picked":"SKIP","floor":27.0},{"not_picked":["LessonLearned+1","ConjureBlade+1"],"picked":"CarveReality+1","floor":30.0},{"not_picked":["CrushJoints+1","Meditate+1"],"picked":"CutThroughFate+1","floor":31.0},{"not_picked":["Wish+1","Blasphemy+1"],"picked":"Ragnarok+1","floor":33.0},{"not_picked":["Indignation+1","EmptyFist+1","FlyingSleeves+1"],"picked":"SKIP","floor":35.0},{"not_picked":["Halt+1","CrushJoints+1"],"picked":"EmptyFist+1","floor":37.0},{"not_picked":["Vengeance+1","Prostrate+1"],"picked":"Sanctity+1","floor":38},{"not_picked":["FlyingSleeves+1","ThirdEye+1"],"picked":"Crescendo+1","floor":39},{"not_picked":["CarveReality+1","FlyingSleeves+1"],"picked":"SpiritShield+1","floor":40},{"not_picked":["LikeWater+1","Halt+1"],"picked":"Fasting2+1","floor":42},{"not_picked":["CrushJoints+1","Wallop+1","EmptyBody+1"],"picked":"SKIP","floor":44},{"not_picked":["Blind+1","Swift Strike+1"],"picked":"Panache+1","floor":45},{"not_picked":["Transmutation+1","Mind Blast+1"],"picked":"Flash of Steel+1","floor":45},{"not_picked":["Purity+1","Transmutation+1"],"picked":"Mind Blast+1","floor":45},{"not_picked":["Study+1","CarveReality+1"],"picked":"ClearTheMind+1","floor":47}],"player_experience":140802,"relics_obtained":[{"floor":7.0,"key":"Ancient Tea Set"},{"floor":9.0,"key":"HornCleat"},{"floor":10.0,"key":"Toxic Egg 2"},{"floor":26.0,"key":"WingedGreaves"},{"floor":27.0,"key":"Mummified Hand"},{"floor":30.0,"key":"Pantograph"},{"floor":40,"key":"Frozen Egg 2"},{"floor":40,"key":"Damaru"},{"floor":42,"key":"Shovel"},{"floor":42,"key":"Sundial"},{"floor":43,"key":"Meat on the Bone"},{"floor":44,"key":"Centennial Puzzle"},{"floor":44,"key":"Regal Pillow"},{"floor":46,"key":"Vajra"},{"floor":47,"key":"Lantern"},{"floor":47,"key":"FossilizedHelix"}],"event_choices":[{"damage_healed":0.0,"max_hp_gain":0.0,"max_hp_loss":0.0,"gold_gain":75.0,"event_name":"World of Goop","player_choice":"Gather Gold","floor":5.0,"gold_loss":0.0,"damage_taken":11.0},{"cards_removed":["EmptyBody"],"damage_healed":5.0,"max_hp_gain":0.0,"max_hp_loss":0.0,"gold_gain":0.0,"event_name":"Bonfire Elementals","player_choice":"Offered Common","floor":8.0,"gold_loss":0.0,"damage_taken":0.0},{"cards_removed":["EmptyBody"],"damage_healed":5.0,"max_hp_gain":0.0,"max_hp_loss":0.0,"gold_gain":0.0,"event_name":"Bonfire Elementals","player_choice":"Offered Special","floor":8.0,"gold_loss":0.0,"damage_taken":0.0},{"damage_healed":0.0,"max_hp_gain":0.0,"max_hp_loss":0.0,"gold_gain":100.0,"event_name":"Golden Shrine","player_choice":"Pray","floor":20.0,"gold_loss":0.0,"damage_taken":0.0},{"damage_healed":0.0,"max_hp_gain":0.0,"max_hp_loss":0.0,"gold_gain":0.0,"event_name":"Match and Keep!","player_choice":"3 cards matched","floor":29.0,"gold_loss":0.0,"damage_taken":0.0,"cards_obtained":["BowlingBash","Panacea","Scrawl"]},{"damage_healed":0.0,"max_hp_gain":0.0,"max_hp_loss":0.0,"gold_gain":0.0,"event_name":"Duplicator","player_choice":"Copied","floor":36.0,"gold_loss":0.0,"damage_taken":0.0,"cards_obtained":["Evaluate"]},{"damage_healed":0,"gold_gain":0,"player_choice":"Memory 3","damage_taken":10,"max_hp_gain":0,"max_hp_loss":0,"event_name":"SensoryStone","floor":45,"gold_loss":0}],"is_beta":false,"boss_relics":[{"not_picked":["Sozu","Empty Cage"],"picked":"SlaversCollar"},{"not_picked":["Velvet Choker","Coffee Dripper"],"picked":"Black Star"}],"items_purged_floors":[14,48],"is_endless":false,"potions_floor_spawned":[4,7,10,12,18,19,27,33,39,40,42],"ascension_level":2}}