{"host":"5hj512uv6i1x1iks","time":1609917530,"event":{"mods":["BaseMod","Block Reminder","Colored Powertips","Minty Spire (QoL Compilation)","Random Character Button","Rare Cards Sparkle","Relic Stats","StSLib","ojb\u0027s Better Paths Mod","ojb\u0027s Info Mod"],"gold_per_floor":[99,99,99,99,99,99,99,99,99,99,99,99,99,99,99,99,99,99,99,99,99,10,10,10,10,10,10,10,10,10,10,10,10,10,10,10,10,10,10,10,10,10,10,10,10,10,10,10,10,10],"floor_reached":51,"playtime":1961,"items_purged":["Defend_G"],"score":1123,"play_id":"538b2dbd-2a81-4517-a2d4-74e3530ef5ab","local_time":"20210106011850","is_ascension_mode":true,"campfire_choices":[{"data":"Sucker Punch","floor":6,"key":"SMITH"},{"data":"Blade Dance","floor":8,"key":"SMITH"},{"data":"Accuracy","floor":15,"key":"SMITH"},{"data":"After Image","floor":23,"key":"SMITH"},{"data":"Finisher","floor":28,"key":"SMITH"},{"data":"Cloak And Dagger","floor":32,"key":"SMITH"},{"floor":40,"key":"REST"},{"data":"Accuracy","floor":44,"key":"SMITH"},{"floor":49,"key":"REST"}],"circlet_count":0,"master_deck":["AscendersBane","Strike_G","Strike_G","Strike_G","Strike_G","Defend_G+1","Defend_G+1","Defend_G","Defend_G","Survivor","Neutralize","Cloak And Dagger+1","Bane","Sucker Punch+1","Blade Dance+1","PiercingWail","Accuracy+1","Blade Dance","After Image+1","Predator","Dash","Finisher+1","Accuracy+1","Calculated Gamble","Blade Dance","Backflip","Dodge and Roll+1","Cloak And Dagger+1","Parasite"],"relics":["Ectoplasm","The Courier","Ninja Scroll","Potion Belt","Golden Idol","SacredBark","Happy Flower","Singing Bowl","Ancient Tea Set","Red Mask","WristBlade","Tough Bandages","War Paint","Pocketwatch"],"acts_visited":["Exordium","TheCity","TheBeyond"],"potions_floor_usage":[33,36,50,50,50,50],"damage_taken":[{"damage":0,"enemies":"Cultist","floor":1,"turns":4},{"damage":0,"enemies":"Jaw Worm","floor":2,"turns":5},{"damage":0,"enemies":"2 Louse","floor":4,"turns":3},{"damage":2,"enemies":"Exordium Wildlife","floor":5,"turns":5},{"damage":4,"enemies":"2 Fungi Beasts","floor":7,"turns":3},{"damage":12,"enemies":"3 Sentries","floor":11,"turns":8},{"damage":1,"enemies":"Blue Slaver","floor":13,"turns":3},{"damage":10,"enemies":"Large Slime","floor":14,"turns":6},{"damage":9,"enemies":"Hexaghost","floor":16,"turns":9},{"damage":0,"enemies":"3 Byrds","floor":18,"turns":6},{"damage":6,"enemies":"Gremlin Leader","floor":24,"turns":8},{"damage":0,"enemies":"Spheric Guardian","floor":25,"turns":3},{"damage":0,"enemies":"Centurion and Healer","floor":27,"turns":4},{"damage":2,"enemies":"3 Cultists","floor":29,"turns":5},{"damage":0,"enemies":"Masked Bandits","floor":30,"turns":5},{"damage":4,"enemies":"Snake Plant","floor":31,"turns":5},{"damage":37,"enemies":"Collector","floor":33,"turns":10},{"damage":0,"enemies":"Orb Walker","floor":35,"turns":2},{"damage":0,"enemies":"Mind Bloom Boss Battle","floor":36,"turns":1},{"damage":14,"enemies":"3 Darklings","floor":37,"turns":4},{"damage":30,"enemies":"Spire Growth","floor":39,"turns":4},{"damage":13,"enemies":"Maw","floor":41,"turns":6},{"damage":0,"enemies":"4 Shapes","floor":42,"turns":3},{"damage":23,"enemies":"Reptomancer","floor":45,"turns":5},{"damage":6,"enemies":"Sphere and 2 Shapes","floor":46,"turns":4},{"damage":7,"enemies":"3 Darklings","floor":47,"turns":6},{"damage":41,"enemies":"Writhing Mass","floor":48,"turns":6},{"damage":17,"enemies":"Awakened One","floor":50,"turns":7}],"seed_played":"-2742886034931687201","potions_obtained":[{"floor":2,"key":"Fire Potion"},{"floor":11,"key":"Dexterity Potion"},{"floor":13,"key":"Dexterity Potion"},{"floor":14,"key":"SkillPotion"},{"floor":30,"key":"GhostInAJar"},{"floor":37,"key":"Strength Potion"},{"floor":42,"key":"FairyPotion"},{"floor":47,"key":"LiquidBronze"}],"is_trial":false,"path_per_floor":["M","M","T","M","M","R","M","R","T","?","E","?","M","M","R","B",null,"M","?","?","T","$","R","E","M","T","M","R","M","?","M","R","B",null,"M","?","M","?","M","R","M","M","T","R","E","M","M","M","R","B",null],"character_chosen":"THE_SILENT","items_purchased":["Finisher"],"campfire_rested":2,"item_purchase_floors":[22],"current_hp_per_floor":[63,63,63,63,61,61,57,57,57,50,38,38,37,27,27,18,53,53,53,53,53,53,53,49,49,49,51,51,51,53,49,49,14,60,62,62,50,50,20,43,30,32,32,32,9,5,51,12,38,21],"gold":10,"neow_bonus":"BOSS_RELIC","is_daily":false,"chose_seed":false,"campfire_upgraded":7,"win_rate":0.0,"timestamp":1609917530,"path_taken":["M","M","?","M","M","R","M","R","T","?","E","?","?","M","R","BOSS","M","?","?","?","?","R","E","M","T","?","R","M","?","M","R","BOSS","M","?","M","?","M","R","M","M","T","R","E","?","?","M","R","BOSS"],"items_purchased_type":["Card"],"build_version":"2020-12-22","purchased_purges":1,"victory":true,"max_hp_per_floor":[70,70,70,70,70,70,70,70,70,70,70,65,65,65,65,65,65,65,65,65,65,65,65,67,67,67,69,69,71,73,73,73,75,75,77,77,79,79,79,79,79,81,81,81,81,83,85,87,87,87],"relic_stats":{"Tough Bandages":[39],"Happy Flower":[29],"Singing Bowl":22,"counters":[28,140],"Golden Idol":166,"Ectoplasm":1053,"War Paint":["Defend_G","Defend_G"],"obtain_stats":[{"Potion Belt":11,"Happy Flower":21,"Singing Bowl":24,"Golden Idol":12,"SacredBark":17,"The Courier":3,"War Paint":43,"Ancient Tea Set":26,"Tough Bandages":36,"WristBlade":34,"Ninja Scroll":9,"Ectoplasm":0,"Red Mask":30,"Ring of the Snake":0,"Pocketwatch":45},{"Potion Belt":6,"Happy Flower":10,"Singing Bowl":11,"Golden Idol":6,"SacredBark":9,"The Courier":2,"War Paint":23,"Ancient Tea Set":12,"Tough Bandages":19,"WristBlade":17,"Ninja Scroll":5,"Ectoplasm":0,"Red Mask":15,"Ring of the Snake":0,"Pocketwatch":24},{"Potion Belt":28,"Happy Flower":52,"Singing Bowl":60,"Golden Idol":28,"SacredBark":46,"The Courier":9,"War Paint":112,"Ancient Tea Set":63,"Tough Bandages":95,"WristBlade":92,"Ninja Scroll":20,"Ectoplasm":0,"Red Mask":77,"Ring of the Snake":0,"Pocketwatch":117}],"Pocketwatch":[3]},"card_choices":[{"not_picked":["Flying Knee","Flechettes"],"picked":"Cloak And Dagger","floor":1},{"not_picked":["Expertise","PiercingWail","Setup"],"picked":"SKIP","floor":2},{"not_picked":["Wraith Form v2","Acrobatics"],"picked":"Bane","floor":4},{"not_picked":["Backflip","Well Laid Plans"],"picked":"Sucker Punch","floor":5},{"not_picked":["Quick Slash","Backflip"],"picked":"Blade Dance","floor":7},{"not_picked":["Sucker Punch","Deflect"],"picked":"PiercingWail","floor":11},{"not_picked":["Flying Knee","Deadly Poison"],"picked":"Accuracy","floor":13},{"not_picked":["Bullet Time","Poisoned Stab"],"picked":"Blade Dance","floor":14},{"not_picked":["Wraith Form v2","Adrenaline"],"picked":"After Image","floor":16},{"not_picked":["Terror","Caltrops"],"picked":"Predator","floor":18},{"not_picked":["Dagger Throw","Masterful Stab","Eviscerate"],"picked":"Singing Bowl","floor":24},{"not_picked":["Quick Slash","PiercingWail"],"picked":"Accuracy","floor":25},{"not_picked":["Accuracy","Deadly Poison","Dagger Spray+1"],"picked":"Singing Bowl","floor":27},{"not_picked":["Masterful Stab","Outmaneuver","Prepared"],"picked":"Singing Bowl","floor":29},{"not_picked":["Sucker Punch","Heel Hook","Bouncing Flask"],"picked":"Singing Bowl","floor":30},{"not_picked":["Outmaneuver","All Out Attack"],"picked":"Calculated Gamble","floor":31},{"not_picked":["Envenom","Corpse Explosion","Doppelganger"],"picked":"Singing Bowl","floor":33},{"not_picked":["Poisoned Stab","Cloak And Dagger","Skewer+1"],"picked":"Singing Bowl","floor":35},{"not_picked":["Acrobatics","Prepared"],"picked":"Blade Dance","floor":36},{"not_picked":["Blade Dance","PiercingWail+1","Dodge and Roll"],"picked":"Singing Bowl","floor":37},{"not_picked":["Accuracy","Flechettes"],"picked":"Backflip","floor":39},{"not_picked":["Crippling Poison","Sucker Punch"],"picked":"Dodge and Roll+1","floor":41},{"not_picked":["Glass Knife","PiercingWail","Heel Hook+1"],"picked":"Singing Bowl","floor":42},{"not_picked":["Outmaneuver","Dagger Spray"],"picked":"Cloak And Dagger+1","floor":45},{"not_picked":["Bane+1","Expertise+1","Bouncing Flask+1"],"picked":"Singing Bowl","floor":46},{"not_picked":["Predator","Slice","Flying Knee"],"picked":"Singing Bowl","floor":47},{"not_picked":["Dagger Throw","Acrobatics","Prepared"],"picked":"Singing Bowl","floor":48}],"player_experience":557897,"relics_obtained":[{"floor":3,"key":"The Courier"},{"floor":9,"key":"Ninja Scroll"},{"floor":11,"key":"Potion Belt"},{"floor":21,"key":"Happy Flower"},{"floor":24,"key":"Singing Bowl"},{"floor":26,"key":"Ancient Tea Set"},{"floor":30,"key":"Red Mask"},{"floor":36,"key":"Tough Bandages"},{"floor":43,"key":"War Paint"},{"floor":45,"key":"Pocketwatch"}],"event_choices":[{"cards_removed":["Strike_G"],"damage_healed":0,"gold_gain":0,"player_choice":"Card Removal","damage_taken":7,"max_hp_gain":0,"max_hp_loss":0,"event_name":"Golden Wing","floor":10,"gold_loss":0},{"damage_healed":0,"gold_gain":0,"player_choice":"Lose Max HP","damage_taken":0,"relics_obtained":["Golden Idol"],"max_hp_gain":0,"max_hp_loss":5,"event_name":"Golden Idol","floor":12,"gold_loss":0},{"damage_healed":0,"gold_gain":0,"player_choice":"Read","damage_taken":0,"max_hp_gain":0,"max_hp_loss":0,"event_name":"The Library","floor":19,"gold_loss":0,"cards_obtained":["Dash"]},{"damage_healed":0,"gold_gain":99,"player_choice":"Stole From Cult","damage_taken":0,"max_hp_gain":0,"max_hp_loss":0,"event_name":"Nest","floor":20,"gold_loss":0},{"damage_healed":0,"gold_gain":0,"player_choice":"Fought Bandits","damage_taken":0,"max_hp_gain":0,"max_hp_loss":0,"event_name":"Masked Bandits","floor":30,"gold_loss":0},{"damage_healed":0,"gold_gain":0,"player_choice":"Fight","damage_taken":0,"max_hp_gain":0,"max_hp_loss":0,"event_name":"MindBloom","floor":36,"gold_loss":0},{"damage_healed":0,"gold_gain":0,"player_choice":"Ignored","damage_taken":0,"max_hp_gain":0,"max_hp_loss":0,"event_name":"The Moai Head","floor":38,"gold_loss":0}],"is_beta":false,"boss_relics":[{"not_picked":["Sozu","Cursed Key"],"picked":"SacredBark"},{"not_picked":["Coffee Dripper","Black Star"],"picked":"WristBlade"}],"items_purged_floors":[22],"is_endless":false,"potions_floor_spawned":[2,11,13,14,16,30,31,37,42,45,46,47,48],"ascension_level":12}}