{"host":"2se5dq1do2gp0x9k","time":1609951480,"event":{"mods":["BaseMod","Block Reminder","Colored Map","Colored Powertips","Minty Spire (QoL Compilation)","Relic Stats","StSLib","SuperFastMode","Synergy Search"],"gold_per_floor":[109,5,21,35,52,52,87,87,87,102,102,134,153,153,153,230,230,250,71,71,71,90,90,118,129,129,163,3,16,51,51,51,126,126,137,150,160,382,393,393,424,424,450,470,498,517,527,370,370,370,370],"floor_reached":50,"playtime":2946,"items_purged":["Defend_B","Defend_B"],"score":1358,"play_id":"3f1e9809-708c-4c98-840b-859f00d83521","local_time":"20210106084440","is_ascension_mode":true,"campfire_choices":[{"data":"Streamline","floor":6.0,"key":"SMITH"},{"data":"Beam Cell","floor":8.0,"key":"SMITH"},{"floor":15.0,"key":"REST"},{"data":"Apotheosis","floor":23.0,"key":"SMITH"},{"data":"Seek","floor":32.0,"key":"SMITH"},{"floor":40.0,"key":"RECALL"},{"data":"Ghostly","floor":42.0,"key":"SMITH"},{"data":"Coolheaded","floor":49,"key":"SMITH"}],"circlet_count":0,"master_deck":["AscendersBane","Zap","Dualcast","Transmutation","Rebound+1","Streamline+1","Beam Cell+1","Conserve Battery","Ball Lightning+1","Reinforced Body","Coolheaded","Recycle+1","Hologram","Conserve Battery","All For One+1","Gash+1","Apotheosis+1","Bite+1","Bite+1","Bite+1","Bite+1","Bite+1","Ghostly","Ghostly","Ghostly+1","Go for the Eyes+1","Skim","Glacier","Reinforced Body","Gash+1","Seek+1","Machine Learning","Multi-Cast","All For One+1","Coolheaded+1","Hologram","Sunder+1","Consume+1","Compile Driver+1","Hologram"],"relics":["Cracked Core","MealTicket","Oddly Smooth Stone","Molten Egg 2","Nuclear Battery","Cables","Mango","Red Mask","Dead Branch","Inserter","Gremlin Horn","Whetstone"],"acts_visited":["TheCity","TheBeyond"],"potions_floor_usage":[50,50,50],"damage_taken":[{"damage":7.0,"enemies":"Cultist","floor":1.0,"turns":4.0},{"damage":2.0,"enemies":"Jaw Worm","floor":3.0,"turns":3.0},{"damage":0.0,"enemies":"2 Louse","floor":4.0,"turns":2.0},{"damage":6.0,"enemies":"Exordium Wildlife","floor":5.0,"turns":3.0},{"damage":8.0,"enemies":"Gremlin Nob","floor":7.0,"turns":3.0},{"damage":0.0,"enemies":"Looter","floor":10.0,"turns":4.0},{"damage":8.0,"enemies":"3 Sentries","floor":12.0,"turns":7.0},{"damage":6.0,"enemies":"3 Louse","floor":13.0,"turns":2.0},{"damage":0.0,"enemies":"The Mushroom Lair","floor":14.0,"turns":1.0},{"damage":0.0,"enemies":"Slime Boss","floor":16.0,"turns":5.0},{"damage":15.0,"enemies":"3 Byrds","floor":18.0,"turns":6.0},{"damage":0.0,"enemies":"Spheric Guardian","floor":22.0,"turns":5.0},{"damage":12.0,"enemies":"Slavers","floor":24.0,"turns":7.0},{"damage":12.0,"enemies":"Snake Plant","floor":25.0,"turns":3.0},{"damage":11.0,"enemies":"Masked Bandits","floor":27.0,"turns":8.0},{"damage":0.0,"enemies":"Centurion and Healer","floor":29.0,"turns":8.0},{"damage":16.0,"enemies":"Book of Stabbing","floor":30.0,"turns":6.0},{"damage":17.0,"enemies":"Champ","floor":33.0,"turns":8.0},{"damage":1.0,"enemies":"3 Darklings","floor":35.0,"turns":5.0},{"damage":0.0,"enemies":"3 Shapes","floor":36.0,"turns":5.0},{"damage":16.0,"enemies":"Jaw Worm Horde","floor":37.0,"turns":6.0},{"damage":2.0,"enemies":"4 Shapes","floor":39.0,"turns":7.0},{"damage":0.0,"enemies":"Nemesis","floor":41.0,"turns":7.0},{"damage":8.0,"enemies":"Transient","floor":44.0,"turns":6.0},{"damage":27.0,"enemies":"Reptomancer","floor":45.0,"turns":8.0},{"damage":1,"enemies":"Maw","floor":46,"turns":8},{"damage":9,"enemies":"Jaw Worm Horde","floor":47,"turns":5},{"damage":69,"enemies":"Awakened One","floor":50,"turns":4}],"seed_played":"-1443865906175530786","potions_obtained":[{"floor":1.0,"key":"Fire Potion"},{"floor":4.0,"key":"SmokeBomb"},{"floor":12.0,"key":"Regen Potion"},{"floor":16.0,"key":"FocusPotion"},{"floor":18.0,"key":"GamblersBrew"},{"floor":29.0,"key":"Dexterity Potion"},{"floor":33.0,"key":"FearPotion"},{"floor":35.0,"key":"LiquidMemories"},{"floor":39.0,"key":"SpeedPotion"},{"floor":41.0,"key":"EntropicBrew"}],"is_trial":false,"path_per_floor":["M","$","M","M","M","R","E","R","T","M","?","E","M","?","R","B",null,"M","$","?","?","M","R","E","M","T","?","$","M","E","?","R","B",null,"M","M","M","?","M","R","E","R","T","M","E","M","M","$","R","B"],"character_chosen":"DEFECT","items_purchased":["Streamline","Beam Cell","Apotheosis","Reinforced Body","Hologram"],"campfire_rested":1,"item_purchase_floors":[2,2,19,28,48],"current_hp_per_floor":[39,39,37,37,31,31,23,23,23,23,23,15,9,9,30,44,64,49,64,49,24,24,24,17,11,25,23,38,38,34,34,34,38,38,38,38,28,28,36,36,38,38,38,33,18,32,35,38,38,0,0],"gold":370,"neow_bonus":"RANDOM_COLORLESS_2","is_daily":false,"chose_seed":false,"campfire_upgraded":6,"win_rate":0.0,"timestamp":1609951480,"path_taken":["M","$","M","?","M","R","E","R","T","M","?","E","M","?","R","BOSS","M","$","?","?","M","R","E","?","T","?","$","M","E","?","R","BOSS","M","M","M","?","M","R","E","R","T","M","E","M","M","$","R","BOSS"],"items_purchased_type":["Card","Card","Card","Card","Card"],"build_version":"2020-12-22","purchased_purges":2,"victory":false,"max_hp_per_floor":[71,71,71,71,71,71,71,71,71,71,71,71,71,71,71,71,71,71,71,49,24,24,24,24,24,38,38,38,38,38,38,38,38,38,38,38,38,38,38,38,38,38,38,38,38,38,38,38,38,38,38],"relic_stats":{"Inserter":[30],"Gremlin Horn":[15,15],"counters":[28,146],"Dead Branch":[99],"MealTicket":33,"Whetstone":["Ball Lightning","Rebound"],"obtain_stats":[{"Inserter":34,"Gremlin Horn":41,"Dead Branch":30,"Oddly Smooth Stone":9,"MealTicket":7,"Molten Egg 2":12,"Mango":26,"Red Mask":27,"Whetstone":45,"Cracked Core":0,"Nuclear Battery":17,"Cables":24},{"Inserter":18,"Gremlin Horn":23,"Dead Branch":17,"Oddly Smooth Stone":5,"MealTicket":5,"Molten Egg 2":7,"Mango":14,"Red Mask":15,"Whetstone":25,"Cracked Core":0,"Nuclear Battery":10,"Cables":13},{"Inserter":85,"Gremlin Horn":115,"Dead Branch":77,"Oddly Smooth Stone":15,"MealTicket":15,"Molten Egg 2":26,"Mango":55,"Red Mask":63,"Whetstone":129,"Cracked Core":0,"Nuclear Battery":34,"Cables":52}],"Cables":[81,49,17,0,15]},"card_choices":[{"not_picked":["Secret Weapon","Violence"],"picked":"Transmutation","floor":0.0},{"not_picked":["Barrage","Compile Driver"],"picked":"Rebound","floor":1.0},{"not_picked":["Capacitor","Gash"],"picked":"Conserve Battery","floor":3.0},{"not_picked":["Heatsinks","Hologram"],"picked":"Ball Lightning","floor":4.0},{"not_picked":["Thunder Strike","Barrage"],"picked":"Reinforced Body","floor":5.0},{"not_picked":["Recycle","Streamline"],"picked":"Coolheaded","floor":7.0},{"not_picked":["Streamline","White Noise"],"picked":"Recycle","floor":10.0},{"not_picked":["Tempest","Stack"],"picked":"Hologram","floor":12.0},{"not_picked":["Steam Power","Redo"],"picked":"Conserve Battery","floor":13.0},{"not_picked":["Hyperbeam+1","Creative AI"],"picked":"All For One+1","floor":16.0},{"not_picked":["Aggregate+1","Leap"],"picked":"Gash+1","floor":18.0},{"not_picked":["Aggregate","Cold Snap+1"],"picked":"Go for the Eyes+1","floor":22.0},{"not_picked":["Conserve Battery","Ball Lightning+1","Steam"],"picked":"SKIP","floor":24.0},{"not_picked":["Steam","Aggregate+1"],"picked":"Skim","floor":25.0},{"not_picked":["Turbo+1","Reprogram"],"picked":"Glacier","floor":27.0},{"not_picked":["Auto Shields","Turbo"],"picked":"Gash+1","floor":29.0},{"not_picked":["Rebound+1","Chaos+1"],"picked":"Seek","floor":30.0},{"not_picked":["Rainbow","Biased Cognition"],"picked":"All For One+1","floor":33.0},{"not_picked":["Stack","Beam Cell+1","FTL+1"],"picked":"SKIP","floor":35.0},{"not_picked":["Compile Driver+1","Streamline+1"],"picked":"Coolheaded","floor":36.0},{"not_picked":["Recycle","Stack+1"],"picked":"Hologram","floor":37.0},{"not_picked":["Auto Shields","Beam Cell+1","Leap"],"picked":"SKIP","floor":39.0},{"not_picked":["White Noise","Stack+1"],"picked":"Sunder+1","floor":41.0},{"not_picked":["Genetic Algorithm","Rainbow"],"picked":"Consume+1","floor":44.0},{"not_picked":["Go for the Eyes+1","Consume"],"picked":"Compile Driver+1","floor":45.0},{"not_picked":["Fusion","Leap","Compile Driver+1"],"picked":"SKIP","floor":46},{"not_picked":["Rebound+1","Chaos+1","Leap"],"picked":"SKIP","floor":47}],"player_experience":3784934,"relics_obtained":[{"floor":7.0,"key":"MealTicket"},{"floor":9.0,"key":"Oddly Smooth Stone"},{"floor":12.0,"key":"Molten Egg 2"},{"floor":24.0,"key":"Cables"},{"floor":26.0,"key":"Mango"},{"floor":27.0,"key":"Red Mask"},{"floor":30.0,"key":"Dead Branch"},{"floor":41.0,"key":"Gremlin Horn"},{"floor":45.0,"key":"Whetstone"}],"event_choices":[{"damage_healed":0.0,"max_hp_gain":0.0,"max_hp_loss":0.0,"gold_gain":0.0,"event_name":"Living Wall","player_choice":"Grow","floor":11.0,"gold_loss":0.0,"damage_taken":0.0,"cards_upgraded":["Recycle"]},{"damage_healed":0.0,"max_hp_gain":0.0,"max_hp_loss":0.0,"gold_gain":0.0,"event_name":"Mushrooms","player_choice":"Fought Mushrooms","floor":14.0,"gold_loss":0.0,"damage_taken":0.0},{"damage_healed":0.0,"max_hp_gain":0.0,"max_hp_loss":22.0,"gold_gain":0.0,"event_name":"Vampires","player_choice":"Became a vampire","floor":20.0,"gold_loss":0.0,"damage_taken":0.0,"cards_obtained":["Bite","Bite","Bite","Bite","Bite"]},{"damage_healed":0.0,"max_hp_gain":0.0,"max_hp_loss":25.0,"gold_gain":0.0,"event_name":"Ghosts","player_choice":"Became a Ghost","floor":21.0,"gold_loss":0.0,"damage_taken":0.0,"cards_obtained":["Ghostly","Ghostly","Ghostly"]},{"damage_healed":0.0,"max_hp_gain":0.0,"max_hp_loss":0.0,"gold_gain":0.0,"event_name":"Masked Bandits","player_choice":"Fought Bandits","floor":27.0,"gold_loss":0.0,"damage_taken":0.0},{"damage_healed":0.0,"max_hp_gain":0.0,"max_hp_loss":0.0,"gold_gain":0.0,"cards_transformed":["Defend_B","Defend_B"],"event_name":"Drug Dealer","player_choice":"Became Test Subject","floor":31.0,"gold_loss":0.0,"damage_taken":0.0,"cards_obtained":["Machine Learning","Multi-Cast"]},{"damage_healed":0.0,"max_hp_gain":0.0,"max_hp_loss":0.0,"gold_gain":222.0,"event_name":"Tomb of Lord Red Mask","player_choice":"Wore Mask","floor":38.0,"gold_loss":0.0,"damage_taken":0.0}],"is_beta":false,"boss_relics":[{"not_picked":["Sozu","Tiny House"],"picked":"Nuclear Battery"},{"not_picked":["Astrolabe","Philosopher\u0027s Stone"],"picked":"Inserter"}],"items_purged_floors":[28,48],"is_endless":false,"potions_floor_spawned":[1,4,12,14,16,18,22,29,33,35,36,39,41],"killed_by":"Awakened One","ascension_level":20}}