{"host":"kh6fvhxn285ncg0o","time":1609960045,"event":{"mods":["Act Like it!","BaseMod","Colored Map","Friendly Minions","Keyboard Shortcuts","Minty Spire (QoL Compilation)","Quick Restart","Relic Stats","StSLib","SuperFastMode"],"gold_per_floor":[14,14,14,33,49,49,83,83,83,83,108,152,152,168,168,264,264,287,337,5,5,28,61,61,241,267,113,113,149,170,201,201,297,297,320,381,395,126,126,157,157,188,188,222,241,241,276,276,276,276,276,276,276,151,182,182],"floor_reached":57,"playtime":2173,"items_purged":["Strike_R","Hemokinesis+1","Feed"],"score":3335,"play_id":"f91d1509-2b24-48ac-bcfa-27f5efaac3ed","local_time":"20210107040725","is_ascension_mode":true,"campfire_choices":[{"data":"Hemokinesis","floor":6.0,"key":"SMITH"},{"data":"Feed","floor":8.0,"key":"SMITH"},{"data":"Bash","floor":10.0,"key":"SMITH"},{"data":"Pommel Strike","floor":15.0,"key":"SMITH"},{"floor":24.0,"key":"REST"},{"floor":32.0,"key":"REST"},{"data":"Power Through","floor":41,"key":"SMITH"},{"data":"Burning Pact","floor":46,"key":"SMITH"},{"floor":49,"key":"RECALL"},{"data":"Seeing Red","floor":53,"key":"SMITH"}],"circlet_count":0,"master_deck":["AscendersBane","Defend_R+1","Defend_R","Defend_R","Defend_R+1","Second Wind","Feed+1","Pommel Strike+1","Burning Pact+1","Fiend Fire","Seeing Red+1","Infernal Blade","Bloodletting","Dark Embrace+1","Shockwave","Power Through+1","Exhume","Juggernaut+1","Berserk+1","Dark Shackles","Impatience","Flash of Steel"],"relics":["Burning Blood","Bird Faced Urn","Golden Idol","StrikeDummy","Ancient Tea Set","Odd Mushroom","Frozen Egg 2","Sozu","Red Skull","TheAbacus","Juzu Bracelet","Oddly Smooth Stone","Regal Pillow","Happy Flower","SlaversCollar","Champion Belt","Frozen Eye","Vajra","Strawberry","Bottled Lightning","Toy Ornithopter"],"acts_visited":["Exordium","TheCity","TheBeyond","TheEnding"],"potions_floor_usage":[56],"damage_taken":[{"damage":15.0,"enemies":"2 Louse","floor":1.0,"turns":2.0},{"damage":1.0,"enemies":"Cultist","floor":4.0,"turns":4.0},{"damage":4.0,"enemies":"Jaw Worm","floor":5.0,"turns":5.0},{"damage":46.0,"enemies":"Lagavulin","floor":7.0,"turns":8.0},{"damage":4.0,"enemies":"The Mushroom Lair","floor":11.0,"turns":3.0},{"damage":2.0,"enemies":"Gremlin Nob","floor":12.0,"turns":3.0},{"damage":0.0,"enemies":"3 Louse","floor":14.0,"turns":3.0},{"damage":31.0,"enemies":"Slime Boss","floor":16.0,"turns":8.0},{"damage":31.0,"enemies":"3 Byrds","floor":18.0,"turns":6.0},{"damage":18.0,"enemies":"Shell Parasite","floor":22.0,"turns":3.0},{"damage":23.0,"enemies":"Slavers","floor":23.0,"turns":4.0},{"damage":4.0,"enemies":"Book of Stabbing","floor":29.0,"turns":4.0},{"damage":8.0,"enemies":"Centurion and Healer","floor":30.0,"turns":7.0},{"damage":41.0,"enemies":"Slavers","floor":31.0,"turns":4.0},{"damage":37,"enemies":"Collector","floor":33,"turns":4},{"damage":23,"enemies":"3 Shapes","floor":35,"turns":3},{"damage":27,"enemies":"2 Orb Walkers","floor":36,"turns":3},{"damage":7,"enemies":"3 Darklings","floor":37,"turns":7},{"damage":0,"enemies":"Nemesis","floor":40,"turns":5},{"damage":0,"enemies":"Giant Head","floor":42,"turns":8},{"damage":32,"enemies":"Reptomancer","floor":44,"turns":5},{"damage":0,"enemies":"Writhing Mass","floor":45,"turns":6},{"damage":24,"enemies":"Nemesis","floor":47,"turns":5},{"damage":1,"enemies":"Awakened One","floor":50,"turns":7},{"damage":3,"enemies":"Donu and Deca","floor":51,"turns":5},{"damage":0,"enemies":"Shield and Spear","floor":55,"turns":5},{"damage":39,"enemies":"The Heart","floor":56,"turns":7}],"seed_played":"5532212055006350247","potions_obtained":[{"floor":1.0,"key":"Regen Potion"},{"floor":7.0,"key":"BlessingOfTheForge"},{"floor":14.0,"key":"DistilledChaos"}],"is_trial":false,"path_per_floor":["M","?","?","M","M","R","E","R","T","R","?","E","?","M","R","B",null,"M","?","$","?","M","E","R","?","T","$","?","E","M","E","R","B",null,"M","?","M","$","?","E","R","E","T","E","M","R","E","?","R","B","B",null,"R","$","E","B",null],"character_chosen":"IRONCLAD","items_purchased":["Red Skull","TheAbacus","Power Through","Frozen Eye"],"campfire_rested":2,"item_purchase_floors":[20,20,27,38],"current_hp_per_floor":[59,59,39,44,46,46,21,21,21,21,27,31,24,37,37,15,65,47,39,39,39,31,20,49,30,30,30,30,34,41,8,54,25,84,72,62,65,65,65,75,75,89,89,76,90,90,82,72,72,88,97,129,129,129,144,113],"gold":182,"neow_bonus":"ONE_RARE_RELIC","is_daily":false,"chose_seed":false,"campfire_upgraded":7,"win_rate":0.0,"timestamp":1609960045,"path_taken":["M","?","?","M","M","R","E","R","T","R","?","E","?","M","R","BOSS","M","?","$","?","M","E","R","?","T","$","?","E","M","E","R","BOSS","M","?","M","$","?","E","R","E","T","E","M","R","E","?","R","BOSS","BOSS","R","$","E","BOSS"],"items_purchased_type":["Relic","Relic","Card","Relic"],"build_version":"2020-12-22","purchased_purges":3,"victory":true,"max_hp_per_floor":[75,68,68,68,68,68,68,68,68,68,72,72,72,79,79,82,82,89,89,89,89,93,97,97,97,97,97,97,97,104,104,104,104,104,107,114,114,114,114,114,114,118,118,125,129,129,133,133,133,140,140,140,140,140,144,144],"relic_stats":{"Sozu":8,"Regal Pillow":15,"TheAbacus":[1986],"Happy Flower":[23],"counters":[27,134],"Golden Idol":215,"Bird Faced Urn":[62],"Juzu Bracelet":2,"Champion Belt":[16],"obtain_stats":[{"Regal Pillow":29,"Happy Flower":31,"Golden Idol":2,"Oddly Smooth Stone":26,"Vajra":42,"Juzu Bracelet":23,"Odd Mushroom":11,"Frozen Egg 2":12,"Ancient Tea Set":9,"Burning Blood":0,"Sozu":17,"SlaversCollar":34,"Frozen Eye":38,"TheAbacus":20,"Bird Faced Urn":0,"Strawberry":44,"Champion Belt":36,"Bottled Lightning":47,"StrikeDummy":7,"Red Skull":20,"Toy Ornithopter":55},{"Regal Pillow":12,"Happy Flower":14,"Golden Idol":1,"Oddly Smooth Stone":11,"Vajra":20,"Juzu Bracelet":11,"Odd Mushroom":5,"Frozen Egg 2":6,"Ancient Tea Set":4,"Burning Blood":0,"Sozu":8,"SlaversCollar":15,"Frozen Eye":18,"TheAbacus":9,"Bird Faced Urn":0,"Strawberry":21,"Champion Belt":17,"Bottled Lightning":23,"StrikeDummy":4,"Red Skull":9,"Toy Ornithopter":26},{"Regal Pillow":53,"Happy Flower":64,"Golden Idol":2,"Oddly Smooth Stone":49,"Vajra":94,"Juzu Bracelet":49,"Odd Mushroom":22,"Frozen Egg 2":25,"Ancient Tea Set":19,"Burning Blood":0,"Sozu":36,"SlaversCollar":68,"Frozen Eye":81,"TheAbacus":42,"Bird Faced Urn":0,"Strawberry":99,"Champion Belt":74,"Bottled Lightning":110,"StrikeDummy":19,"Red Skull":42,"Toy Ornithopter":127}],"Burning Blood":161,"Toy Ornithopter":0},"card_choices":[{"not_picked":["Body Slam","Warcry"],"picked":"Second Wind","floor":1.0},{"not_picked":["Reckless Charge","Sword Boomerang"],"picked":"Hemokinesis","floor":4.0},{"not_picked":["Clothesline","True Grit","Warcry"],"picked":"SKIP","floor":5.0},{"not_picked":["Headbutt","Sever Soul"],"picked":"Feed","floor":7.0},{"not_picked":["Armaments","Flex"],"picked":"Pommel Strike","floor":11.0},{"not_picked":["Whirlwind","Perfected Strike"],"picked":"Feed","floor":12.0},{"not_picked":["Bloodletting","Thunderclap"],"picked":"Burning Pact","floor":14.0},{"not_picked":["Bludgeon","Double Tap"],"picked":"Fiend Fire","floor":16.0},{"not_picked":["Cleave","Iron Wave"],"picked":"Seeing Red","floor":18.0},{"not_picked":["Sentinel+1","Rampage"],"picked":"Dark Embrace+1","floor":22.0},{"not_picked":["Sword Boomerang","Wild Strike"],"picked":"Shockwave","floor":23.0},{"not_picked":["Whirlwind","Shockwave","Clash"],"picked":"SKIP","floor":29.0},{"not_picked":["Iron Wave","Anger","True Grit"],"picked":"SKIP","floor":30.0},{"not_picked":["Armaments","Sword Boomerang"],"picked":"Exhume","floor":31.0},{"not_picked":["Berserk+1","Exhume"],"picked":"Juggernaut+1","floor":33},{"not_picked":["Cleave","Havoc","Heavy Blade+1"],"picked":"SKIP","floor":35},{"not_picked":["Clothesline","Cleave","Dual Wield"],"picked":"SKIP","floor":37},{"not_picked":["Cleave","Blood for Blood+1","Corruption+1"],"picked":"SKIP","floor":40},{"not_picked":["Sword Boomerang","Feed"],"picked":"Berserk+1","floor":42},{"not_picked":["Inflame+1","Warcry","Clash"],"picked":"SKIP","floor":44},{"not_picked":["Havoc","Twin Strike","Burning Pact"],"picked":"SKIP","floor":45},{"not_picked":["Rage","Seeing Red","Shrug It Off"],"picked":"SKIP","floor":47},{"not_picked":["Panacea","Forethought"],"picked":"Dark Shackles","floor":48},{"not_picked":["Madness","Dark Shackles"],"picked":"Impatience","floor":48},{"not_picked":["Sadistic Nature+1","Mind Blast"],"picked":"Flash of Steel","floor":48},{"not_picked":["Searing Blow","Cleave","Clash+1"],"picked":"SKIP","floor":55}],"player_experience":3382818,"relics_obtained":[{"floor":7.0,"key":"StrikeDummy"},{"floor":9.0,"key":"Ancient Tea Set"},{"floor":11.0,"key":"Odd Mushroom"},{"floor":12.0,"key":"Frozen Egg 2"},{"floor":23.0,"key":"Juzu Bracelet"},{"floor":26.0,"key":"Oddly Smooth Stone"},{"floor":29.0,"key":"Regal Pillow"},{"floor":31.0,"key":"Happy Flower"},{"floor":36,"key":"Champion Belt"},{"floor":42,"key":"Vajra"},{"floor":44,"key":"Strawberry"},{"floor":47,"key":"Bottled Lightning"},{"floor":55,"key":"Toy Ornithopter"}],"event_choices":[{"damage_healed":0.0,"max_hp_gain":0.0,"max_hp_loss":7.0,"gold_gain":0.0,"event_name":"Golden Idol","player_choice":"Lose Max HP","floor":2.0,"gold_loss":0.0,"damage_taken":0.0,"relics_obtained":["Golden Idol"]},{"damage_healed":0.0,"max_hp_gain":0.0,"max_hp_loss":0.0,"gold_gain":0.0,"event_name":"Shining Light","player_choice":"Entered Light","floor":3.0,"gold_loss":0.0,"damage_taken":20.0,"cards_upgraded":["Defend_R","Defend_R"]},{"damage_healed":0.0,"max_hp_gain":0.0,"max_hp_loss":0.0,"gold_gain":0.0,"event_name":"Mushrooms","player_choice":"Fought Mushrooms","floor":11.0,"gold_loss":0.0,"damage_taken":0.0},{"cards_removed":["Strike_R"],"damage_healed":0.0,"max_hp_gain":0.0,"max_hp_loss":0.0,"gold_gain":0.0,"event_name":"Golden Wing","player_choice":"Card Removal","floor":13.0,"gold_loss":0.0,"damage_taken":7.0},{"damage_healed":0.0,"max_hp_gain":0.0,"max_hp_loss":0.0,"gold_gain":50.0,"event_name":"FaceTrader","player_choice":"Touch","floor":19.0,"gold_loss":0.0,"damage_taken":8.0},{"damage_healed":0.0,"max_hp_gain":0.0,"max_hp_loss":0.0,"gold_gain":0.0,"cards_transformed":["Strike_R","Strike_R"],"event_name":"Drug Dealer","player_choice":"Became Test Subject","floor":21.0,"gold_loss":0.0,"damage_taken":0.0,"cards_obtained":["Infernal Blade","Bloodletting"]},{"damage_healed":0.0,"max_hp_gain":0.0,"max_hp_loss":0.0,"gold_gain":180.0,"event_name":"Knowing Skull","player_choice":"GOLD GOLD ","floor":25.0,"potions_obtained":[],"gold_loss":0.0,"damage_taken":19.0,"cards_obtained":[]},{"cards_removed":["Strike_R"],"damage_healed":0.0,"max_hp_gain":0.0,"max_hp_loss":0.0,"gold_gain":0.0,"event_name":"Back to Basics","player_choice":"Elegance","floor":28.0,"gold_loss":0.0,"damage_taken":0.0},{"damage_healed":0,"gold_gain":0,"player_choice":"Fight","damage_taken":0,"max_hp_gain":0,"max_hp_loss":0,"event_name":"Mysterious Sphere","floor":36,"gold_loss":0},{"cards_removed":["Bash"],"damage_healed":0,"gold_gain":0,"player_choice":"Removed Attack","damage_taken":0,"max_hp_gain":0,"max_hp_loss":0,"event_name":"Falling","floor":39,"gold_loss":0},{"damage_healed":0,"gold_gain":0,"player_choice":"Memory 3","damage_taken":10,"max_hp_gain":0,"max_hp_loss":0,"event_name":"SensoryStone","floor":48,"gold_loss":0}],"is_beta":false,"boss_relics":[{"not_picked":["Calling Bell","Runic Dome"],"picked":"Sozu"},{"not_picked":["Snecko Eye","Velvet Choker"],"picked":"SlaversCollar"}],"items_purged_floors":[27,38,54],"is_endless":false,"potions_floor_spawned":[1,7,14,18,29,30,31,36,40,45,55],"ascension_level":20}}