{"host":"a0paspe0zwqgzttz","time":1609975676,"event":{"mods":["AchievementEnabler","Act Like it!","BaseMod","BetterRewards","Colored Powertips","Conspire","Downfall","GifTheSpireLib","Hermit","Highlight Path","Lobotomy","Mad Scientist","Marisa????????","Minty Spire (QoL Compilation)","Quick Restart","Replay The Spire","Robot Space Explorer","Shop Mod","StSLib","SuperFastMode","The Bug Knight","The Construct","The Cursed","The Hierophant","The Jungle","The Mystic","The Necromancer","The Runesmith","The Senshi","The Servant 0.9.4"],"gold_per_floor":[199,199,199,199,199,649,649,649,675,600,610,291,291,324,340,340,340],"floor_reached":16,"playtime":2268,"items_purged":[],"score":104,"play_id":"5da39c2d-3f21-4049-9174-acf87ad91d95","local_time":"20210106182756","is_ascension_mode":false,"campfire_choices":[{"data":"sneckomod:SnekBeam","floor":8,"key":"SMITH"},{"data":"sneckomod:UnknownStrike","floor":10,"key":"SMITH"},{"data":"sneckomod:CheapStock","floor":13,"key":"SMITH"}],"circlet_count":0,"master_deck":["sneckomod:Strike","sneckomod:Strike","sneckomod:Strike","sneckomod:Defend","sneckomod:Defend","sneckomod:Defend","sneckomod:TailWhip","sneckomod:SnekBite","sneckomod:Unknown","sneckomod:Unknown","sneckomod:UnknownStrike+1","sneckomod:SnekBeam+1","sneckomod:UnknownClassMARISA_COLOR","Slimebound:Icky","Slimebound:Icky","Slimebound:Icky","sneckomod:UnknownX","sneckomod:UnknownRareSkill","sneckomod:UnknownClassSENSHI_COLOR","sneckomod:DiceBoulder","sneckomod:DiceBlock","sneckomod:CheapStock+1","sneckomod:DiceCrush","sneckomod:UnknownClassMYSTIC_PURPLE"],"relics":["sneckomod:SneckoSoul","downfall:HeartsMalice","Matryoshka","ReplayFunnel","downfall:HeartBlessingGreen","Toolbox","HollowMod:PaleOreRelic"],"acts_visited":["Exordium"],"potions_floor_usage":[14,14],"damage_taken":[{"damage":0,"enemies":"Jaw Worm","floor":2,"turns":1},{"damage":0,"enemies":"Small Slimes","floor":4,"turns":1},{"damage":0,"enemies":"conspire:RoseBush","floor":5,"turns":1},{"damage":27,"enemies":"HollowMod:MossKnight","floor":9,"turns":14},{"damage":28,"enemies":"Lots of Slimes","floor":11,"turns":5},{"damage":2,"enemies":"downfall:FleeingMerchant","floor":12,"turns":4},{"damage":8,"enemies":"Lagavulin","floor":14,"turns":5},{"damage":16,"enemies":"Large Slime","floor":15,"turns":8},{"damage":25,"enemies":"downfall:Defect","floor":16,"turns":4}],"seed_played":"-6661337989196458519","potions_obtained":[{"floor":9,"key":"LiquidMemories"},{"floor":11,"key":"Energy Potion"},{"floor":15,"key":"sneckomod:CheatPotion"}],"is_trial":false,"path_per_floor":["R","M","?","M","M","?","T","R","E","R","M","$","R","E","M","B"],"character_chosen":"THE_SNECKO","items_purchased":["sneckomod:DiceBoulder","sneckomod:DiceBlock","sneckomod:CheapStock","Toolbox"],"campfire_rested":0,"item_purchase_floors":[12,12,12,12],"current_hp_per_floor":[90,91,91,91,92,92,92,92,66,66,49,48,48,40,25,0,0],"gold":340,"neow_bonus":"THREE_ENEMY_KILL","is_daily":false,"chose_seed":false,"campfire_upgraded":3,"win_rate":0.0,"timestamp":1609975676,"path_taken":["R","M","?","?","M","?","T","R","E","R","M","$","R","E","M","BOSS"],"items_purchased_type":["Card","Card","Card","Relic"],"build_version":"2020-12-22","purchased_purges":0,"victory":false,"max_hp_per_floor":[90,91,91,91,92,92,92,92,93,93,94,95,95,95,96,96,96],"card_choices":[{"not_picked":["sneckomod:SoulCleanse","sneckomod:RainOfDice"],"picked":"sneckomod:UnknownStrike","floor":2},{"not_picked":["sneckomod:Unknown0Cost","sneckomod:UnknownClassTHE_CHAMP_GRAY"],"picked":"sneckomod:SnekBeam","floor":4},{"not_picked":["sneckomod:UnknownClassTHE_CHAMP_GRAY","sneckomod:IronFang"],"picked":"sneckomod:UnknownClassMARISA_COLOR","floor":5},{"not_picked":["sneckomod:DiceCrush","sneckomod:SoulDraw"],"picked":"sneckomod:UnknownX","floor":9},{"not_picked":["sneckomod:WideSting","sneckomod:QuickMove"],"picked":"sneckomod:UnknownRareSkill","floor":11},{"not_picked":["sneckomod:UnknownVulnerable","sneckomod:UnknownCommonSkill"],"picked":"sneckomod:UnknownClassSENSHI_COLOR","floor":12},{"not_picked":["sneckomod:UnknownClassDEFAULT_GRAY_COLOR","sneckomod:Unknown0Cost"],"picked":"sneckomod:DiceCrush","floor":14},{"not_picked":["sneckomod:CheapStock","sneckomod:QuickBite"],"picked":"sneckomod:UnknownClassMYSTIC_PURPLE","floor":15}],"player_experience":435089,"relics_obtained":[{"floor":7,"key":"Matryoshka"},{"floor":9,"key":"ReplayFunnel"},{"floor":14,"key":"HollowMod:PaleOreRelic"}],"event_choices":[{"damage_healed":0,"gold_gain":0,"player_choice":"Ignored","damage_taken":0,"max_hp_gain":0,"max_hp_loss":0,"event_name":"Purifier","floor":3,"gold_loss":0}],"is_beta":false,"boss_relics":[],"items_purged_floors":[],"is_endless":false,"potions_floor_spawned":[9,11,15],"killed_by":"downfall:Defect","ascension_level":0}}