{"host":"dmtlrev5pkc1867p","time":1613498163,"event":{"mods":["A Magickal Journey","AchievementEnabler","BaseMod","Colored Map","Colored Powertips","Downfall","Hermit","Highlight Path","Hubris","Infinite Spire","Marisa¡]Ãú«B¡@Å]²z¨F¡^","Minty Spire (QoL Compilation)","Permanent Neow","Quick Restart","Rare Cards Sparkle","Relic Sorter","Relic Stats","Replay The Spire","StSLib","SuperFastMode","The Construct","The Cursed","The Disciple","The Hierophant","The Necromancer","The Runesmith","The Servant 0.9.4"],"gold_per_floor":[99,84,101,86,103,136,184,184,198,211,227,27,46,46,46,141,141,157,174,237,287,287,287],"floor_reached":22,"language":"ZHS","playtime":1025,"items_purged":[],"score":188,"play_id":"9abc4014-6bf7-4a27-8623-c8b6360c0011","local_time":"20210217015603","is_ascension_mode":false,"campfire_choices":[{"floor":1.0,"key":"RECALL"},{"floor":12.0,"key":"REST"},{"floor":15,"key":"REST"}],"circlet_count":0,"master_deck":["construct:Strike_Gold","construct:Strike_Gold","construct:Strike_Gold","construct:Strike_Gold","construct:Strike_Gold","construct:Defend_Gold","construct:Defend_Gold","construct:Defend_Gold","construct:Defend_Gold","construct:Defend_Gold","construct:AttackMode","construct:DefenseMode","construct:HyperBeam","construct:BatteryAcid","construct:Synchronize","construct:Enhance","construct:PowerUp","construct:Hazardproof","construct:Autoturret","construct:Bunker","construct:FocusedBeam","construct:GatlingGun","construct:HammerDown","construct:Impenetrable+1","construct:Synchronize+1","construct:Overcharge+1"],"relics":["construct:Cogwheel","Smiling Mask","downfall:HeartBlessingBlue","downfall:HeartBlessingRed","SsserpentHead","hubris:VirtuousBlindfold"],"acts_visited":["Exordium","TheCity"],"potions_floor_usage":[19,22],"damage_taken":[{"damage":3.0,"enemies":"downfall:FleeingMerchant","floor":2.0,"turns":4.0},{"damage":0.0,"enemies":"Cultist","floor":3.0,"turns":2.0},{"damage":1.0,"enemies":"downfall:FleeingMerchant","floor":4.0,"turns":4.0},{"damage":6.0,"enemies":"Jaw Worm","floor":5.0,"turns":3.0},{"damage":16.0,"enemies":"Gremlin Nob","floor":6.0,"turns":3.0},{"damage":5.0,"enemies":"Small Slimes","floor":9.0,"turns":3.0},{"damage":0.0,"enemies":"Blue Slaver","floor":10.0,"turns":1.0},{"damage":29.0,"enemies":"Lots of Slimes","floor":11.0,"turns":6.0},{"damage":21.0,"enemies":"Exordium Wildlife","floor":13.0,"turns":4.0},{"damage":57,"enemies":"IC_STATUS_ARCHETYPE","floor":16,"turns":9},{"damage":16,"enemies":"downfall:LooterAlt2","floor":18,"turns":3},{"damage":20,"enemies":"3 Byrds","floor":19,"turns":5},{"damage":32,"enemies":"Centurion and Healer","floor":20,"turns":7},{"damage":4,"enemies":"3 Cultists","floor":22,"turns":3}],"seed_played":"6006310181066516521","potions_obtained":[{"floor":9.0,"key":"Regen Potion"},{"floor":10.0,"key":"FearPotion"},{"floor":11.0,"key":"Fire Potion"},{"floor":13,"key":"Elixir"},{"floor":20,"key":"SkillPotion"}],"is_trial":false,"path_per_floor":["R","$","M","$","M","E","T","?","M","M","M","R","M","?","R","B",null,"M","M","M","?","M"],"character_chosen":"THE_CONSTRUCT_MOD","items_purchased":[],"campfire_rested":2,"item_purchase_floors":[],"current_hp_per_floor":[77,74,74,73,67,51,51,51,46,46,32,68,47,47,73,16,87,71,51,19,19,15,15],"gold":287,"neow_bonus":"THREE_RARE_CARDS","is_daily":false,"chose_seed":false,"campfire_upgraded":0,"win_rate":0.0,"timestamp":1613498163,"path_taken":["R","$","M","?","M","E","T","?","M","M","M","R","M","?","R","BOSS","M","M","?","?","M"],"items_purchased_type":[],"build_version":"2020-12-22","purchased_purges":0,"victory":false,"max_hp_per_floor":[77,77,77,77,77,77,77,77,77,77,77,87,87,87,87,87,87,87,87,87,87,87,87],"relic_stats":{"SsserpentHead":100,"counters":[14,54],"Smiling Mask":0,"obtain_stats":[{"SsserpentHead":14,"downfall:HeartBlessingRed":12,"downfall:HeartBlessingBlue":12,"construct:Cogwheel":0,"hubris:VirtuousBlindfold":17,"Smiling Mask":6},{"SsserpentHead":9,"downfall:HeartBlessingRed":8,"downfall:HeartBlessingBlue":8,"construct:Cogwheel":0,"hubris:VirtuousBlindfold":10,"Smiling Mask":5},{"SsserpentHead":29,"downfall:HeartBlessingRed":25,"downfall:HeartBlessingBlue":25,"construct:Cogwheel":0,"hubris:VirtuousBlindfold":37,"Smiling Mask":16}]},"card_choices":[{"not_picked":["construct:HammerDown","construct:Reserves"],"picked":"construct:HyperBeam","floor":0.0},{"not_picked":["construct:Accumulate","construct:FierceBash"],"picked":"construct:BatteryAcid","floor":2.0},{"not_picked":["construct:Backfire","construct:ShiftStrike"],"picked":"construct:Synchronize","floor":3.0},{"not_picked":["construct:VentSteam","construct:Analyze"],"picked":"construct:Enhance","floor":4.0},{"not_picked":["construct:ScrapCannon","construct:SweepLaser"],"picked":"construct:PowerUp","floor":5.0},{"not_picked":["construct:Reinforce","construct:HardReboot"],"picked":"construct:Hazardproof","floor":6.0},{"not_picked":["construct:FierceBash","construct:Enhance"],"picked":"construct:Bunker","floor":9.0},{"not_picked":["construct:Zapper","construct:ScrapCannon","construct:Chainstrike"],"picked":"SKIP","floor":10.0},{"not_picked":["construct:Versatility","construct:Backfire"],"picked":"construct:FocusedBeam","floor":11.0},{"not_picked":["construct:Hazardproof","construct:ShiftStrike"],"picked":"construct:GatlingGun","floor":13},{"not_picked":["construct:Multistage","construct:PanicFire"],"picked":"construct:HammerDown","floor":16},{"not_picked":["construct:Autoturret","construct:Forcefield"],"picked":"construct:Impenetrable+1","floor":18},{"not_picked":["construct:SuppressiveFire","construct:Backfire"],"picked":"construct:Synchronize+1","floor":19},{"not_picked":["construct:CriticalHit","construct:Versatility"],"picked":"construct:Overcharge+1","floor":20}],"player_experience":714647,"relics_obtained":[{"floor":6.0,"key":"Smiling Mask"}],"event_choices":[{"damage_healed":0,"gold_gain":0,"player_choice":"Trade","damage_taken":0,"relics_obtained":["SsserpentHead"],"max_hp_gain":0,"max_hp_loss":0,"event_name":"FaceTrader","floor":14,"gold_loss":0}],"is_beta":false,"boss_relics":[{"not_picked":["hubris:HollowSoul","ReplayTheSpireMod:DimensionalGlitch"],"picked":"hubris:VirtuousBlindfold"}],"items_purged_floors":[],"is_endless":false,"potions_floor_spawned":[9,10,11,13,20],"killed_by":"3 Cultists","ascension_level":0}}