{"host":"n605f8gctjc87d7h","time":1613441352,"event":{"mods":["Aspiration","Bard","BaseMod","Better Match","Better Note","Better Skull","Better Third Choice","Conspire","Downfall","Halation","Hermit","Infinite Spire","Minty Spire (QoL Compilation)","Reliquary","Replay The Spire","Retaliation","Shade Mod","Spicy Shops","StSLib","The IronCluck","The Jungle","The Runesmith"],"gold_per_floor":[16,16,16,16,33,33,48,48,48,99,99,99,119,119,119,198,198,218,14,14,24,35,35,48,48,48,75,75,75,89,101,101,101,101],"floor_reached":33,"language":"ENG","playtime":2923,"items_purged":[],"score":437,"play_id":"855b5066-def9-4a56-ac5e-bc9a39657555","local_time":"20210215180912","is_ascension_mode":true,"campfire_choices":[{"data":"ReplayTheSpireMod:Brewmster","floor":6,"key":"SMITH"},{"data":"Toxin Wave","floor":8,"key":"SMITH"},{"floor":12,"key":"REST"},{"data":"Well Laid Plans","floor":15,"key":"SMITH"},{"floor":23,"key":"REST"},{"floor":25,"key":"REST"},{"floor":29,"key":"REST"},{"floor":32,"key":"REST"}],"circlet_count":0,"master_deck":["AscendersBane","Strike_G","Strike_G","Strike_G","Strike_G","Defend_G","Defend_G","Defend_G","Defend_G","Survivor","Neutralize+1","ReplayTheSpireMod:Brewmster+1","Well Laid Plans+1","Backflip","Toxin Wave+1","Bouncing Flask+1","Venomology+1","Consecrate","Dodge and Roll+1","Pray","Prepared","Prostrate+1"],"relics":["Ring of the Snake","reliquary:IridiumChain","halation:YellowSoulGem","aspiration:WatcherSkillbook","Replay:Wax Seal","Guide Book","conspire:TopHat","conspire:BottledYoYo"],"acts_visited":["Exordium","TheCity"],"potions_floor_usage":[5,5,7,10,10,10,10,10,13,16,16,16,16,16,16,16,18,18,18,18,21,21,21,21,22,22,22,22,24,24,24,27,27,27,27,30,30,30,30,30,31,31,31,31,31,33,33,33,33,33,33,33,33],"damage_taken":[{"damage":4,"enemies":"2 Louse","floor":1,"turns":4},{"damage":0,"enemies":"Small Slimes","floor":5,"turns":6},{"damage":2,"enemies":"Jaw Worm","floor":7,"turns":6},{"damage":19,"enemies":"3 Sentries","floor":10,"turns":6},{"damage":0,"enemies":"2 Fungi Beasts","floor":13,"turns":2},{"damage":29,"enemies":"Fading Forest","floor":16,"turns":11},{"damage":10,"enemies":"3 Byrds","floor":18,"turns":6},{"damage":18,"enemies":"conspire:FuzzyDice","floor":21,"turns":7},{"damage":16,"enemies":"3 Cultists","floor":22,"turns":5},{"damage":0,"enemies":"Centurion and Healer","floor":24,"turns":6},{"damage":50,"enemies":"Slavers","floor":27,"turns":5},{"damage":0,"enemies":"Cultist and Chosen","floor":30,"turns":8},{"damage":11,"enemies":"Chosen and Byrds","floor":31,"turns":5},{"damage":65,"enemies":"Collector","floor":33,"turns":7}],"seed_played":"5556975077563941325","potions_obtained":[{"floor":1,"key":"Elixir"},{"floor":7,"key":"ColorlessPotion"},{"floor":13,"key":"Death Potion"},{"floor":16,"key":"EssenceOfSteel"},{"floor":21,"key":"SpeedPotion"},{"floor":22,"key":"sneckomod:MuddlingPotion"}],"is_trial":false,"path_per_floor":["M","?","?","$","M","R","M","R","T","E","?","R","M","?","R","B",null,"M","$","?","M","M","R","M","R","T","E","?","R","M","M","R","B"],"character_chosen":"THE_SILENT","items_purchased":["Replay:Wax Seal","Guide Book"],"campfire_rested":5,"item_purchase_floors":[19,19],"current_hp_per_floor":[59,59,59,59,59,59,57,57,57,38,38,59,59,59,59,38,62,52,52,52,34,18,39,39,60,60,10,10,31,31,20,41,0,0],"gold":101,"neow_bonus":"RANDOM_COLORLESS_2","is_daily":false,"chose_seed":false,"campfire_upgraded":3,"win_rate":0.0,"timestamp":1613441352,"path_taken":["M","?","?","?","M","R","M","R","T","E","?","R","?","?","R","BOSS","M","$","?","?","M","R","M","R","T","E","?","R","M","M","R","BOSS"],"items_purchased_type":["Relic","Relic"],"build_version":"2020-12-22","purchased_purges":0,"victory":false,"max_hp_per_floor":[70,70,70,70,70,70,70,70,70,70,70,70,70,70,70,70,70,70,70,70,70,70,70,70,70,70,70,70,70,70,70,70,70,70],"card_choices":[{"not_picked":["Midas Touch","Crow Ritual"],"picked":"ReplayTheSpireMod:Brewmster","floor":0},{"not_picked":["Masterful Stab","Dodge and Roll"],"picked":"Well Laid Plans","floor":1},{"not_picked":["Underhanded Strike","Outmaneuver"],"picked":"Backflip","floor":5},{"not_picked":["Hidden Blade","conspire:DoublingDagger"],"picked":"Toxin Wave","floor":7},{"not_picked":["Well Laid Plans","Deflect"],"picked":"Bouncing Flask","floor":10},{"not_picked":["Finisher","Choke","Riddle With Holes"],"picked":"SKIP","floor":13},{"not_picked":["Envenom","Glass Knife"],"picked":"Venomology","floor":16},{"not_picked":["JustLucky","ReplayTheSpireMod:Scrap Shanks","Weave"],"picked":"Consecrate","floor":18},{"not_picked":["Prostrate","Replay:ManipulateFuture","Fasting2"],"picked":"Dodge and Roll+1","floor":21},{"not_picked":["ReachHeaven","Concentrate","Dagger Throw"],"picked":"Pray","floor":22},{"not_picked":["InnerPeace","Replay:Cycle","Underhanded Strike"],"picked":"Prepared","floor":24},{"not_picked":["FlurryOfBlows","ThirdEye","Blade Dance","Wallop"],"picked":"SKIP","floor":27},{"not_picked":["Replay:BluntJabs","Toxin Wave","Distraction"],"picked":"Prostrate+1","floor":30},{"not_picked":["CrushJoints+1","EmptyBody+1","Consecrate","Noxious Fumes"],"picked":"SKIP","floor":31}],"player_experience":880758,"relics_obtained":[{"floor":10,"key":"reliquary:IridiumChain"},{"floor":26,"key":"conspire:TopHat"},{"floor":27,"key":"conspire:BottledYoYo"}],"event_choices":[{"cards_removed":["Defend_G"],"damage_healed":0,"gold_gain":0,"player_choice":"Forget","damage_taken":0,"max_hp_gain":0,"max_hp_loss":0,"event_name":"Living Wall","floor":2,"gold_loss":0},{"damage_healed":0,"gold_gain":0,"player_choice":"Bought 0 Potions","damage_taken":0,"max_hp_gain":0,"max_hp_loss":0,"event_name":"The Woman in Blue","floor":11,"gold_loss":0},{"damage_healed":0,"gold_gain":0,"player_choice":"Upgraded","damage_taken":0,"max_hp_gain":0,"max_hp_loss":0,"event_name":"Upgrade Shrine","floor":20,"gold_loss":0,"cards_upgraded":["Neutralize"]},{"damage_healed":0,"gold_gain":0,"player_choice":"Ignored","damage_taken":0,"max_hp_gain":0,"max_hp_loss":0,"event_name":"Ghosts","floor":28,"gold_loss":0}],"is_beta":false,"boss_relics":[{"not_picked":["bronze:MakeshiftBattery","Replay:Bronze Core"],"picked":"aspiration:WatcherSkillbook"}],"items_purged_floors":[],"is_endless":false,"potions_floor_spawned":[1,7,13,16,21,22],"killed_by":"Collector","ascension_level":13}}