{"host":"za9ilm1uiwmpmin1","time":1613505249,"event":{"mods":["AchievementEnabler","Act Like it!","BaseMod","Dota2Spire","Downfall","Friendly Minions","KomeijiMod","Lobotomy","LobotomyExtend","Minty Spire (QoL Compilation)","MostiFishMod","Reorder Act Four","RumiaBox-露米娅的神秘盒子","StSLib","TestMod","Waifu the Spire","[IsaacMod]以撒尖塔","【功能Mod】混沌之环修复补丁"],"gold_per_floor":[110,129,142,157,173,198,210,254,254,254,254,269,321,346,346,485,503,527,152,165,181,201,234,234,268,338,338,238,238,282,307,307,432,432,457,471,471,491,491,522,397,438,461,461,505,514,514,557,557,557,557,557,113,113,153,153],"floor_reached":57,"language":"ZHS","playtime":1748,"items_purged":["champ:Strike+1","champ:Strike+1","champ:Strike+1","champ:Strike+1","champ:Defend+1","champ:Defend+1","champ:Taunt+1"],"score":2395,"play_id":"a2b4d726-cc80-4f50-a8f2-ccb8edfe511e","local_time":"20210217035409","is_ascension_mode":true,"campfire_choices":[{"data":"champ:CrookedStrike","floor":15.0,"key":"SMITH"},{"floor":24.0,"key":"RECALL"},{"floor":27.0,"key":"REST"},{"floor":32.0,"key":"REST"},{"floor":44.0,"key":"REST"},{"data":"testmod-ChaoticCore","floor":47.0,"key":"SMITH"},{"floor":49.0,"key":"REST"},{"floor":54.0,"key":"REST"}],"circlet_count":0,"master_deck":["champ:Defend+1","champ:Execute+1","champ:EnchantCrown+1","champ:HoldFirm+1","testmod-AutoReboundSystem+1","champ:RageSigil+1","testmod-ChaoticCore+1"],"relics":["DaveBox","HushsDoor","testmod-TestBox","testmod-BloodSacrificeSpiritualization","D6","RhineFirstAidKit","SlaversCollar","SynthV:TestCard","LetterFromLob","Dota2Spire:Dagon","CeramicFish","Golden Idol","MagicDraw3","ChiXiaoBlade","SatanicBible","Bronze Scales","Dota2Spire:BlackKingBar","ZombieArmy","PatriotShield","HonorFeather","Shuriken","testmod-Antiphasic","BFFS","Toy Ornithopter","BookOfRevelations","Civilization","Calipers","Mercury Hourglass"],"acts_visited":["Exordium","TheCity","TheBeyond","TheEnding"],"potions_floor_usage":[56,56],"damage_taken":[{"damage":19.0,"enemies":"Cultist","floor":1.0,"turns":3.0},{"damage":24.0,"enemies":"Jaw Worm","floor":2.0,"turns":5.0},{"damage":9.0,"enemies":"2 Louse","floor":3.0,"turns":2.0},{"damage":29.0,"enemies":"2 Fungi Beasts","floor":4.0,"turns":4.0},{"damage":29.0,"enemies":"Large Slime","floor":5.0,"turns":6.0},{"damage":19.0,"enemies":"Gremlin Nob","floor":6.0,"turns":3.0},{"damage":9.0,"enemies":"Lots of Slimes","floor":7.0,"turns":3.0},{"damage":21.0,"enemies":"Lagavulin","floor":8.0,"turns":5.0},{"damage":21.0,"enemies":"3 Louse","floor":12.0,"turns":4.0},{"damage":19.0,"enemies":"Gremlin Nob","floor":13.0,"turns":2.0},{"damage":42.0,"enemies":"Exordium Wildlife","floor":14.0,"turns":9.0},{"damage":13.0,"enemies":"Hexaghost","floor":16.0,"turns":5.0},{"damage":7.0,"enemies":"Spheric Guardian","floor":18.0,"turns":2.0},{"damage":17.0,"enemies":"3 Byrds","floor":20.0,"turns":3.0},{"damage":27.0,"enemies":"Snake Plant","floor":21.0,"turns":3.0},{"damage":27.0,"enemies":"Sentry and Sphere","floor":22.0,"turns":2.0},{"damage":17.0,"enemies":"Slavers","floor":23.0,"turns":2.0},{"damage":27.0,"enemies":"Book of Stabbing","floor":25.0,"turns":3.0},{"damage":27.0,"enemies":"Slavers","floor":30.0,"turns":3.0},{"damage":27.0,"enemies":"Centurion and Healer","floor":31.0,"turns":2.0},{"damage":27.0,"enemies":"Champ","floor":33.0,"turns":4.0},{"damage":5.0,"enemies":"3 Shapes","floor":35.0,"turns":2.0},{"damage":25.0,"enemies":"Orb Walker","floor":36.0,"turns":1.0},{"damage":35.0,"enemies":"Sphere and 2 Shapes","floor":38.0,"turns":2.0},{"damage":27.0,"enemies":"Sphere and 2 Shapes","floor":39.0,"turns":2.0},{"damage":45.0,"enemies":"Giant Head","floor":40.0,"turns":3.0},{"damage":25.0,"enemies":"Nemesis","floor":42.0,"turns":3.0},{"damage":25.0,"enemies":"Giant Head","floor":45.0,"turns":2.0},{"damage":45.0,"enemies":"Nemesis","floor":48.0,"turns":3.0},{"damage":45.0,"enemies":"Awakened One","floor":50.0,"turns":4.0},{"damage":5,"enemies":"Shield and Spear","floor":55,"turns":2},{"damage":0,"enemies":"The Heart","floor":56,"turns":4}],"seed_played":"-6596914354236893634","potions_obtained":[{"floor":2.0,"key":"Explosive Potion"},{"floor":6.0,"key":"Fire Potion"},{"floor":7.0,"key":"Fire Potion"},{"floor":14.0,"key":"Energy Potion"},{"floor":21.0,"key":"champ:OpenerPotion"},{"floor":25.0,"key":"Fire Potion"},{"floor":33.0,"key":"JyouchiReiPotion"},{"floor":42.0,"key":"CultistPotion"},{"floor":48.0,"key":"ColorlessPotion"}],"is_trial":false,"path_per_floor":["M","M","M","M","M","E","M","E","T","?","?","M","E","M","R","B",null,"M","$","M","M","M","E","R","E","T","R","$","?","E","M","R","B",null,"M","M","?","M","?","E","$","E","T","R","E","?","R","E","R","B",null,null,"$","R","E","B",null],"character_chosen":"THE_CHAMP","items_purchased":["champ:HoldFirm","testmod-AutoReboundSystem","Civilization","Calipers"],"campfire_rested":5,"item_purchase_floors":[17,17,53,53],"current_hp_per_floor":[72,63,54,90,81,72,63,90,90,68,76,65,56,14,14,90,70,63,63,56,49,70,63,63,56,56,70,70,70,63,56,70,63,50,45,50,50,45,50,45,45,50,50,50,45,45,50,45,50,45,45,49,49,50,47,55],"gold":153,"neow_bonus":"BOSS_RELIC","is_daily":false,"chose_seed":false,"campfire_upgraded":2,"win_rate":0.0,"timestamp":1613505249,"path_taken":["M","M","M","M","?","E","M","E","T","?","?","M","E","M","R","BOSS","M","$","M","M","M","E","R","E","T","R","?","?","E","?","R","BOSS","M","M","?","M","?","E","$","E","T","R","E","?","R","E","R","BOSS","$","R","E","BOSS"],"items_purchased_type":["Card","Card","Relic","Relic"],"build_version":"2020-12-22","purchased_purges":7,"victory":true,"max_hp_per_floor":[90,90,90,90,90,90,90,90,90,90,90,90,90,90,90,90,70,70,70,70,70,70,70,70,70,70,70,70,70,70,70,70,70,50,50,50,50,50,50,50,50,50,50,50,50,50,50,50,50,50,50,50,50,50,52,55],"card_choices":[{"not_picked":["champ:FanOfKnives","champ:RecklessLeap","champ:EnchantShield"],"picked":"SKIP","floor":1.0},{"not_picked":["champ:CalledShot","champ:ArenaPreparation","champ:FocusedBerserking","champ:StanceDance","champ:DefensiveShout"],"picked":"SKIP","floor":2.0},{"not_picked":["champ:PerfectedStrike","champ:Duel","champ:Backstep","champ:FancyFootwork"],"picked":"Bomb","floor":3.0},{"not_picked":["champ:PreemptiveStrike","champ:GutPunch","champ:HeartStrike","champ:IronFortress"],"picked":"Bomb","floor":4.0},{"not_picked":["champ:RapidStrikes","champ:FocusedDefense","champ:CheapShot","champ:SwordSigil","champ:AdrenalArmor"],"picked":"SKIP","floor":5.0},{"not_picked":["champ:TornadoPunch","champ:GutPunch","champ:FocusedBerserking","champ:FlashCut","champ:DefensiveStyle"],"picked":"SKIP","floor":6.0},{"not_picked":["champ:ShieldSigil","champ:SwordSigil","champ:Endure","champ:Circumvent"],"picked":"Bomb","floor":7.0},{"not_picked":["champ:RapidStrikes","champ:CrownThrow","champ:BladeFlurry","champ:TornadoPunch"],"picked":"Bomb","floor":8.0},{"not_picked":["champ:PreciseThrust","champ:Encircle","champ:BerserkersShout","champ:FocusedDefense","champ:MurderStrike"],"picked":"SKIP","floor":12.0},{"not_picked":["champ:Shatter","champ:IronFortress","champ:BladeFlurry","champ:BerserkerStyle"],"picked":"Bomb","floor":13.0},{"not_picked":["champ:TornadoPunch","champ:PerfectedStrike","champ:StanceDance","champ:Backstep"],"picked":"champ:CrookedStrike","floor":14.0},{"not_picked":["champ:StrikeOfGenius","champ:HeavySlash","champ:ShieldThrow","champ:EnchantShield"],"picked":"champ:EnchantCrown","floor":16.0},{"not_picked":["champ:Haymaker","champ:BerserkersShout","champ:Backstep+1","champ:BringItOn"],"picked":"champ:RageSigil+1","floor":18.0},{"not_picked":["champ:PreemptiveStrike","champ:PreciseThrust","champ:ViciousMockery","champ:IronFortress","champ:HeartStrike+1"],"picked":"SKIP","floor":20.0},{"not_picked":["champ:Circumvent","champ:PerfectedStrike","champ:FalseCounter","champ:CrownThrow+1","champ:VampiricStrike"],"picked":"SKIP","floor":21.0},{"not_picked":["champ:FancyFootwork","champ:Shatter+1","champ:FalseCounter","champ:AdrenalArmor+1","champ:EnGarde"],"picked":"SKIP","floor":22.0},{"not_picked":["champ:BerserkersShout+1","champ:GladiatorForm","champ:Haymaker","champ:PerfectedStrike","champ:FocusedBerserking+1"],"picked":"SKIP","floor":23.0},{"not_picked":["champ:BladeFlurry","champ:Backstep","champ:ShieldSigil","champ:RisingSlash+1","champ:Encircle"],"picked":"SKIP","floor":25.0},{"not_picked":["champ:ShieldWall","champ:SteelEdge","champ:HoldFirm","champ:Parry","champ:StanceDance"],"picked":"SKIP","floor":30.0},{"not_picked":["champ:Shatter","champ:CrownThrow+1","champ:FanOfKnives+1","champ:FlashCut","champ:EnGarde"],"picked":"SKIP","floor":31.0},{"not_picked":["champ:StanceDance+1","champ:FaceSlap","champ:Backstep+1","champ:FlashCut+1","champ:FocusedDefense"],"picked":"SKIP","floor":35.0},{"not_picked":["champ:FlashCut+1","champ:AdrenalArmor","champ:Shatter","champ:StanceDance+1","champ:BladeFlurry"],"picked":"SKIP","floor":36.0},{"not_picked":["champ:EnGarde+1","champ:DefensiveShout+1","champ:BerserkersShout","champ:Parry","champ:Circumvent"],"picked":"SKIP","floor":38.0},{"not_picked":["champ:Circumvent","champ:IgnorePain","champ:CheapShot","champ:FlashCut","champ:HeartStrike"],"picked":"SKIP","floor":40.0},{"not_picked":["champ:PreciseThrust","champ:EnchantSword","champ:AdrenalArmor+1","champ:BladeFlurry+1","champ:TornadoPunch+1"],"picked":"SKIP","floor":42.0},{"not_picked":["champ:StanceDance","champ:ShieldSigil+1","champ:Backstep","champ:BerserkersShout","champ:AdrenalArmor"],"picked":"SKIP","floor":45.0},{"not_picked":["PreThought","Impatience","Muse","testmod-PerfectCombo"],"picked":"testmod-ChaoticCore","floor":46.0},{"not_picked":["champ:CrownThrow+1","champ:ViciousMockery+1","champ:ShieldSigil+1","champ:BerserkersShout","champ:DefensiveShout+1"],"picked":"SKIP","floor":48.0},{"not_picked":["champ:Backstep","champ:GutPunch+1","champ:BladeFlurry+1","champ:StanceDance","champ:ShieldSigil"],"picked":"SKIP","floor":55}],"player_experience":1143687,"relics_obtained":[{"floor":1.0,"key":"SynthV:TestCard"},{"floor":1.0,"key":"LetterFromLob"},{"floor":6.0,"key":"Dota2Spire:Dagon"},{"floor":8.0,"key":"CeramicFish"},{"floor":13.0,"key":"MagicDraw3"},{"floor":23.0,"key":"SatanicBible"},{"floor":25.0,"key":"Bronze Scales"},{"floor":26.0,"key":"Dota2Spire:BlackKingBar"},{"floor":30.0,"key":"ZombieArmy"},{"floor":40.0,"key":"Shuriken"},{"floor":42.0,"key":"testmod-Antiphasic"},{"floor":43.0,"key":"BFFS"},{"floor":45.0,"key":"Toy Ornithopter"},{"floor":48.0,"key":"BookOfRevelations"},{"floor":55,"key":"Mercury Hourglass"}],"event_choices":[{"damage_healed":0.0,"max_hp_gain":0.0,"max_hp_loss":0.0,"gold_gain":0.0,"event_name":"Golden Idol","player_choice":"Take Damage","floor":10.0,"gold_loss":0.0,"damage_taken":22.0,"relics_obtained":["Golden Idol"]},{"cards_removed":["champ:CrookedStrike"],"damage_healed":0.0,"max_hp_gain":0.0,"max_hp_loss":0.0,"gold_gain":0.0,"event_name":"Falling","player_choice":"Removed Attack","floor":37.0,"gold_loss":0.0,"damage_taken":0.0},{"damage_healed":0.0,"max_hp_gain":0.0,"max_hp_loss":0.0,"gold_gain":0.0,"event_name":"SensoryStone","player_choice":"Memory 1","floor":46.0,"gold_loss":0.0,"damage_taken":0.0}],"is_beta":false,"boss_relics":[{"not_picked":["testmod-Nine","xbg"],"picked":"ChiXiaoBlade"},{"not_picked":[]},{"not_picked":["Dota2Spire:Bloodstone","Calling Bell"],"picked":"PatriotShield"},{"not_picked":[]}],"items_purged_floors":[17,17,19,28,34,34,41],"is_endless":false,"potions_floor_spawned":[2,6,7,13,14,20,21,25,31,33,35,39,42,48,55],"ascension_level":6}}