{"host":"126yiuos2nq86se7","time":1613442229,"event":{"mods":["2.2 Compatiblity","AchievementEnabler","Act Like it!","BaseMod","Colored Map","Colored Powertips","Friendly Minions","Hermit","Highlight Path","Minty Spire (QoL Compilation)","StSLib","SuperFastMode"],"gold_per_floor":[119,21,96,115,115,115,148,160,232,252,252,262,262,276,276,379,379,379,379,48,48,48,48,48,48,48,48,48,48,48,48,48,48,48,48,48,48,0,0,0,0,0,0,0,0,0,0,0,0,0],"floor_reached":51,"language":"ENG","playtime":2412,"items_purged":["hermit:Strike_Hermit","hermit:Strike_Hermit"],"score":647,"play_id":"16f774cd-3d7a-467e-a933-314ebb587722","local_time":"20210216132349","is_ascension_mode":false,"campfire_choices":[{"data":"hermit:FlashPowder","floor":6,"key":"SMITH"},{"floor":11,"key":"REST"},{"data":"hermit:BodyArmor","floor":13,"key":"SMITH"},{"data":"hermit:Maintenance","floor":15,"key":"SMITH"},{"data":"hermit:Combo","floor":23,"key":"SMITH"},{"data":"hermit:Snapshot","floor":25,"key":"SMITH"},{"data":"hermit:Covet","floor":30,"key":"SMITH"},{"data":"hermit:ItchyTrigger","floor":32,"key":"SMITH"},{"data":"hermit:Adapt","floor":40,"key":"SMITH"},{"data":"Madness","floor":45,"key":"SMITH"},{"floor":47,"key":"REST"},{"floor":49,"key":"REST"}],"circlet_count":0,"master_deck":["hermit:Strike_Hermit","hermit:Defend_Hermit","hermit:Defend_Hermit","hermit:Defend_Hermit","hermit:Defend_Hermit","hermit:Snapshot+1","hermit:Covet+1","hermit:ItchyTrigger+1","hermit:Glare","hermit:FlashPowder+1","hermit:BodyArmor+1","hermit:Maintenance+1","hermit:Quickdraw","hermit:Dive+1","hermit:Roughhouse","hermit:Combo+1","hermit:EyeOfTheStorm","hermit:Deadeye","hermit:Vantage+1","hermit:Adapt+1","hermit:BodyArmor+1","hermit:GhostlyPresence+1","Madness+1","Madness","hermit:Virtue"],"relics":["hermit:Momento","Strawberry","Orichalcum","Gremlin Horn","Ectoplasm","Medical Kit","Bottled Flame","Mercury Hourglass","Black Star","Red Mask","hermit:Spyglass"],"acts_visited":["Exordium","TheCity","TheBeyond"],"potions_floor_usage":[16,16,33,33,50],"damage_taken":[{"damage":1,"enemies":"Jaw Worm","floor":1,"turns":3},{"damage":2,"enemies":"2 Louse","floor":4,"turns":3},{"damage":24,"enemies":"3 Sentries","floor":7,"turns":10},{"damage":0,"enemies":"Cultist","floor":8,"turns":3},{"damage":0,"enemies":"Looter","floor":10,"turns":3},{"damage":0,"enemies":"Red Slaver","floor":12,"turns":5},{"damage":9,"enemies":"Exordium Wildlife","floor":14,"turns":4},{"damage":11,"enemies":"Hexaghost","floor":16,"turns":13},{"damage":0,"enemies":"Shell Parasite","floor":18,"turns":8},{"damage":0,"enemies":"Spheric Guardian","floor":21,"turns":4},{"damage":22,"enemies":"Chosen and Byrds","floor":22,"turns":10},{"damage":0,"enemies":"Snake Plant","floor":28,"turns":4},{"damage":0,"enemies":"3 Cultists","floor":29,"turns":5},{"damage":9,"enemies":"Champ","floor":33,"turns":12},{"damage":0,"enemies":"3 Shapes","floor":35,"turns":7},{"damage":9,"enemies":"3 Darklings","floor":37,"turns":5},{"damage":0,"enemies":"Sphere and 2 Shapes","floor":44,"turns":7},{"damage":20,"enemies":"Spire Growth","floor":46,"turns":8},{"damage":11,"enemies":"Maw","floor":48,"turns":11},{"damage":42,"enemies":"Awakened One","floor":50,"turns":32}],"seed_played":"4851137411468299043","potions_obtained":[{"floor":10,"key":"FearPotion"},{"floor":12,"key":"Regen Potion"},{"floor":16,"key":"hermit:Tonic"},{"floor":28,"key":"Strength Potion"},{"floor":46,"key":"GamblersBrew"}],"is_trial":false,"path_per_floor":["M","$","?","M","?","R","E","M","T","M","R","M","R","M","R","B",null,"M","?","$","M","M","R","?","R","T","T","M","M","R","?","R","B",null,"M","?","M","?","$","R","$","?","T","M","R","M","R","M","R","B",null],"character_chosen":"HERMIT","items_purchased":["hermit:Glare","Medical Kit","hermit:Combo"],"campfire_rested":3,"item_purchase_floors":[2,20,20],"current_hp_per_floor":[81,81,70,68,68,68,44,44,44,44,68,68,68,59,59,63,82,82,82,82,82,60,60,60,60,60,60,60,60,60,60,60,51,82,82,82,73,73,73,73,73,63,63,63,63,43,67,56,80,38],"gold":0,"neow_bonus":"RANDOM_COMMON_RELIC","is_daily":false,"chose_seed":false,"campfire_upgraded":9,"win_rate":0.0,"timestamp":1613442229,"path_taken":["M","$","?","M","?","R","E","M","T","M","R","?","R","M","R","BOSS","M","?","$","M","?","R","?","R","T","?","M","?","R","?","R","BOSS","M","?","M","?","$","R","$","?","T","M","R","M","R","M","R","BOSS"],"items_purchased_type":["Card","Relic","Card"],"build_version":"2020-12-22","purchased_purges":2,"victory":true,"max_hp_per_floor":[82,82,82,82,82,82,82,82,82,82,82,82,82,82,82,82,82,82,82,82,82,82,82,82,82,82,82,82,82,82,82,82,82,82,82,82,82,82,82,82,82,82,82,82,82,82,82,82,82,82],"card_choices":[{"not_picked":["hermit:Vantage","hermit:Ricochet"],"picked":"hermit:ItchyTrigger","floor":1},{"not_picked":["hermit:LoneWolf","hermit:SprayPray"],"picked":"hermit:FlashPowder","floor":4},{"not_picked":["hermit:Desperado","hermit:NoHoldsBarred"],"picked":"hermit:BodyArmor","floor":7},{"not_picked":["hermit:ItchyTrigger","hermit:PistolWhip"],"picked":"hermit:Maintenance","floor":8},{"not_picked":["hermit:Desperado","hermit:Glare"],"picked":"hermit:Quickdraw","floor":10},{"not_picked":["hermit:WideOpen","hermit:DeadMansHand"],"picked":"hermit:Dive","floor":12},{"not_picked":["hermit:Gestalt","hermit:Shortfuse","hermit:WideOpen"],"picked":"SKIP","floor":14},{"not_picked":["hermit:FinalCanter","hermit:RoundhouseKick"],"picked":"hermit:Roughhouse","floor":16},{"not_picked":["hermit:Coalescence","hermit:Midnight","hermit:Showdown+1"],"picked":"SKIP","floor":18},{"not_picked":["hermit:WideOpen","hermit:Misfire","hermit:HighCaliber"],"picked":"SKIP","floor":21},{"not_picked":["hermit:ItchyTrigger","hermit:Glare"],"picked":"hermit:EyeOfTheStorm","floor":22},{"not_picked":["hermit:BlackWind","hermit:Spite"],"picked":"hermit:Deadeye","floor":28},{"not_picked":["hermit:Misfire","hermit:Coalescence"],"picked":"hermit:Vantage+1","floor":29},{"not_picked":["hermit:EternalForm","hermit:FatalDesire"],"picked":"hermit:Adapt","floor":33},{"not_picked":["hermit:HoleUp","hermit:ShadowCloak"],"picked":"hermit:BodyArmor+1","floor":35},{"not_picked":["hermit:HighCaliber+1","hermit:HoleUp"],"picked":"hermit:GhostlyPresence+1","floor":37},{"not_picked":["hermit:Headshot","hermit:LowProfile","hermit:PistolWhip+1"],"picked":"SKIP","floor":44},{"not_picked":["hermit:Vantage","hermit:Misfire","hermit:Gestalt"],"picked":"SKIP","floor":46},{"not_picked":["hermit:Vantage","hermit:SprayPray+1"],"picked":"hermit:Virtue","floor":48}],"player_experience":1512222,"relics_obtained":[{"floor":7,"key":"Orichalcum"},{"floor":9,"key":"Gremlin Horn"},{"floor":26,"key":"Bottled Flame"},{"floor":27,"key":"Mercury Hourglass"},{"floor":43,"key":"hermit:Spyglass"}],"event_choices":[{"damage_healed":0,"gold_gain":75,"player_choice":"Gather Gold","damage_taken":11,"max_hp_gain":0,"max_hp_loss":0,"event_name":"World of Goop","floor":3,"gold_loss":0},{"damage_healed":0,"gold_gain":0,"player_choice":"Bought 0 Potions","damage_taken":0,"max_hp_gain":0,"max_hp_loss":0,"event_name":"The Woman in Blue","floor":5,"gold_loss":0},{"damage_healed":0,"gold_gain":0,"player_choice":"Forge","damage_taken":0,"max_hp_gain":0,"max_hp_loss":0,"event_name":"Accursed Blacksmith","floor":19,"gold_loss":0,"cards_upgraded":["hermit:Dive"]},{"damage_healed":0,"gold_gain":0,"player_choice":"Ignored","damage_taken":0,"max_hp_gain":0,"max_hp_loss":0,"event_name":"Vampires","floor":24,"gold_loss":0},{"damage_healed":0,"gold_gain":99,"player_choice":"Stole From Cult","damage_taken":0,"max_hp_gain":0,"max_hp_loss":0,"event_name":"Nest","floor":31,"gold_loss":0},{"cards_removed":["hermit:Strike_Hermit"],"damage_healed":0,"gold_gain":0,"player_choice":"Removed Attack","damage_taken":0,"max_hp_gain":0,"max_hp_loss":0,"event_name":"Falling","floor":36,"gold_loss":0},{"damage_healed":0,"gold_gain":0,"player_choice":"Paid","damage_taken":0,"relics_obtained":["Red Mask"],"max_hp_gain":0,"max_hp_loss":0,"event_name":"Tomb of Lord Red Mask","floor":38,"gold_loss":48},{"damage_healed":0,"gold_gain":0,"player_choice":"Embrace Madness","damage_taken":10,"max_hp_gain":0,"max_hp_loss":0,"event_name":"Winding Halls","floor":42,"gold_loss":0,"cards_obtained":["Madness","Madness"]}],"is_beta":false,"boss_relics":[{"not_picked":["Calling Bell","Runic Dome"],"picked":"Ectoplasm"},{"not_picked":["Astrolabe","Pandora\u0027s Box"],"picked":"Black Star"}],"items_purged_floors":[2,20],"is_endless":false,"potions_floor_spawned":[10,12,16,28,46],"ascension_level":0}}