{"host":"mydft8i2zzydgggw","time":1613467977,"event":{"mods":["AchievementEnabler","BaseMod","Colored Map","Colored Powertips","DeckTracker","Keyboard Shortcuts","Minty Spire (QoL Compilation)","Rare Cards Sparkle","StSLib","SuperFastMode","Together in Spire","everything is the same but u backflip on backflip"],"gold_per_floor":[133,171,189,189,189,189,227,227,251,304,6,6,6,6,6,6,6],"floor_reached":16,"language":"KOR","playtime":201,"items_purged":["Strike_B"],"score":181,"play_id":"38d9405b-37ee-42a8-bbf1-240f38e78939","local_time":"20210216183257","is_ascension_mode":true,"campfire_choices":[{"data":"HandOfGreed","floor":6,"key":"SMITH"},{"floor":8,"key":"REST"},{"data":"Coolheaded","floor":12,"key":"SMITH"},{"data":"Consume","floor":15,"key":"SMITH"}],"circlet_count":0,"master_deck":["AscendersBane","Strike_B","Strike_B","Defend_B","Defend_B","Defend_B","Defend_B","Zap","Dualcast","HandOfGreed+1","Consume+1","Sweeping Beam","Coolheaded+1","Capacitor"],"relics":["Cracked Core","Smiling Mask","Vajra","OrangePellets"],"acts_visited":["Exordium"],"potions_floor_usage":[7,10],"damage_taken":[{"damage":5,"enemies":"Small Slimes","floor":1,"turns":3},{"damage":7,"enemies":"Jaw Worm","floor":2,"turns":3},{"damage":6,"enemies":"Cultist","floor":3,"turns":3},{"damage":12,"enemies":"Red Slaver","floor":7,"turns":4},{"damage":13,"enemies":"Lagavulin","floor":10,"turns":8},{"damage":33,"enemies":"Slime Boss","floor":16,"turns":3}],"seed_played":"66798531509332110","potions_obtained":[{"floor":2,"key":"Block Potion"},{"floor":3,"key":"AttackPotion"}],"is_trial":false,"path_per_floor":["M","M","M","?","?","R","M","R","T","E","$","R","$","?","R","B"],"character_chosen":"DEFECT","items_purchased":["OrangePellets","Capacitor"],"campfire_rested":1,"item_purchase_floors":[11,11],"current_hp_per_floor":[41,34,28,28,28,28,16,37,37,24,24,24,24,24,24,0,0],"gold":6,"neow_bonus":"RANDOM_COLORLESS_2","is_daily":false,"chose_seed":false,"campfire_upgraded":3,"win_rate":0.0,"timestamp":1613467977,"path_taken":["M","M","M","?","?","R","M","R","T","E","$","R","$","?","R","BOSS"],"items_purchased_type":["Relic","Card"],"build_version":"2020-12-22","purchased_purges":1,"victory":false,"max_hp_per_floor":[71,71,71,71,71,71,71,71,71,71,71,71,71,71,71,71,71],"card_choices":[{"not_picked":["Panache","Sadistic Nature"],"picked":"HandOfGreed","floor":0},{"not_picked":["Leap","Stack"],"picked":"Consume","floor":1},{"not_picked":["Steam","Hologram"],"picked":"Sweeping Beam","floor":2},{"not_picked":["Leap","Hologram"],"picked":"Coolheaded","floor":3},{"not_picked":["Sweeping Beam","Consume","Ball Lightning"],"picked":"SKIP","floor":7},{"not_picked":["Storm","Blizzard","Scrape"],"picked":"SKIP","floor":10}],"player_experience":273642,"relics_obtained":[{"floor":9,"key":"Smiling Mask"},{"floor":10,"key":"Vajra"}],"event_choices":[{"damage_healed":0,"gold_gain":0,"player_choice":"Ignored","damage_taken":0,"max_hp_gain":0,"max_hp_loss":0,"event_name":"Liars Game","floor":4,"gold_loss":0},{"damage_healed":0,"gold_gain":0,"player_choice":"Ignored","damage_taken":0,"max_hp_gain":0,"max_hp_loss":0,"event_name":"Shining Light","floor":5,"gold_loss":0},{"cards_removed":["Strike_B"],"damage_healed":0,"gold_gain":0,"player_choice":"Purged","damage_taken":0,"max_hp_gain":0,"max_hp_loss":0,"event_name":"Purifier","floor":14,"gold_loss":0}],"is_beta":false,"boss_relics":[],"items_purged_floors":[11],"is_endless":false,"potions_floor_spawned":[2,3],"killed_by":"Slime Boss","ascension_level":17}}