{"host":"gaqyve1328ta0etl","time":1613468599,"event":{"mods":["BaseMod","Colored Map","Colored Powertips","Duelist Mod","Googly Eyes","Hero for Fun","Minty Spire (QoL Compilation)","Shop Mod","StSLib","SuperFastMode","The Hierophant","The Runesmith"],"gold_per_floor":[137,39,55,66,76,76,76,76,76,76,90,45,60,74,74,178,178,190,203,103,116,116,116,116,116,116,127,42,42,54,54,54,54,54],"floor_reached":33,"language":"ENG","playtime":812,"items_purged":["theDuelist:Sparks","theDuelist:CastleWalls"],"score":395,"play_id":"40ab8b47-b496-4a1c-bf05-e7c7fa56ab31","local_time":"20210216014319","is_ascension_mode":true,"campfire_choices":[{"data":"theDuelist:FuryFire","floor":6,"key":"SMITH"},{"data":"theDuelist:FuryFire+1","floor":8,"key":"SMITH"},{"data":"theDuelist:FuryFire+2","floor":10,"key":"SMITH"},{"data":"theDuelist:FuryFire+3","floor":15,"key":"SMITH"},{"floor":23,"key":"REST"},{"floor":25,"key":"REST"},{"data":"theDuelist:Nameless:War:ForbiddenLance","floor":29,"key":"SMITH"},{"data":"theDuelist:Nameless:War:ForbiddenLance+1","floor":32,"key":"SMITH"}],"circlet_count":0,"master_deck":["AscendersBane","theDuelist:CastleWalls","theDuelist:NaturiaBeast+1","theDuelist:NaturiaCliff+1","theDuelist:NaturiaRock+1","theDuelist:NaturiaTulip+1","theDuelist:FuryFire+4","theDuelist:NaturiaEggplant+1","theDuelist:NaturiaDragonfly+1","theDuelist:NaturiaEggplant+1","theDuelist:NaturiaMarron+1","theDuelist:Nameless:War:ForbiddenLance+2","theDuelist:MillenniumScorpion","theDuelist:NaturiaRosewhip+1","theDuelist:NaturiaHorneedle+1","theDuelist:NaturiaPineapple+1","theDuelist:NaturiaSpiderfang+1","theDuelist:SurvivalInstinct"],"relics":["theDuelist:MillenniumPuzzle","theDuelist:CardPoolRelic","theDuelist:CardPoolBasicRelic","theDuelist:BoosterPackPoolRelic","theDuelist:CardPoolAddRelic","theDuelist:CardPoolMinusRelic","theDuelist:CardPoolSaveRelic","theDuelist:CardPoolOptionsRelic","Anchor","Astrolabe","MealTicket","White Beast Statue"],"acts_visited":["Exordium","TheCity"],"potions_floor_usage":[16,16,30,33],"damage_taken":[{"damage":3,"enemies":"Jaw Worm","floor":1,"turns":4},{"damage":0,"enemies":"Cultist","floor":3,"turns":3},{"damage":4,"enemies":"Small Slimes","floor":4,"turns":2},{"damage":9,"enemies":"Blue Slaver","floor":5,"turns":4},{"damage":0,"enemies":"3 Louse","floor":11,"turns":1},{"damage":0,"enemies":"Looter","floor":13,"turns":2},{"damage":0,"enemies":"Blue Slaver","floor":14,"turns":4},{"damage":26,"enemies":"The Guardian","floor":16,"turns":8},{"damage":12,"enemies":"2 Thieves","floor":18,"turns":3},{"damage":24,"enemies":"Spheric Guardian","floor":19,"turns":4},{"damage":7,"enemies":"Chosen and Byrds","floor":21,"turns":5},{"damage":8,"enemies":"Cultist and Chosen","floor":27,"turns":4},{"damage":0,"enemies":"3 Cultists","floor":30,"turns":3},{"damage":103,"enemies":"Collector","floor":33,"turns":7}],"seed_played":"4456617912851649510","potions_obtained":[{"floor":5,"key":"ColorlessPotion"},{"floor":11,"key":"FearPotion"},{"floor":19,"key":"theDuelist:BigTributeBottle"},{"floor":27,"key":"theDuelist:FreezingPotion"},{"floor":30,"key":"theDuelist:WaterBottle"}],"is_trial":false,"path_per_floor":["M","$","M","M","M","R","?","R","T","R","M","$","M","M","R","B",null,"M","M","$","M","?","R","?","R","T","M","?","R","M","?","R","B"],"character_chosen":"THE_DUELIST","items_purchased":["theDuelist:NaturiaEggplant","theDuelist:NaturiaRosewhip"],"campfire_rested":2,"item_purchase_floors":[2,12],"current_hp_per_floor":[69,69,69,65,56,56,71,71,71,71,71,71,71,71,71,45,83,71,47,47,40,21,51,51,81,81,73,73,73,73,73,73,0,0],"gold":54,"neow_bonus":"UPGRADE_CARD","is_daily":false,"chose_seed":false,"campfire_upgraded":6,"win_rate":0.0,"timestamp":1613468599,"path_taken":["M","$","M","M","M","R","?","R","T","R","M","?","?","M","R","BOSS","M","M","$","M","?","R","?","R","T","M","?","R","M","?","R","BOSS"],"items_purchased_type":["Card","Card"],"build_version":"2020-12-22","purchased_purges":2,"victory":false,"max_hp_per_floor":[80,80,80,80,80,80,95,95,95,95,95,95,95,95,95,95,95,95,95,95,95,100,100,100,100,100,100,100,100,100,100,100,100,100],"card_choices":[{"not_picked":["theDuelist:NaturiaHydrangea","theDuelist:NaturiaDragonfly","theDuelist:BottomlessTrapHole","theDuelist:AcidTrapHole"],"picked":"theDuelist:FuryFire","floor":1},{"not_picked":["theDuelist:NaturiaMantis","theDuelist:LonefireBlossom","theDuelist:NaturiaCliff","theDuelist:LuminousMoss"],"picked":"theDuelist:NaturiaDragonfly","floor":3},{"not_picked":["theDuelist:NaturiaHydrangea","theDuelist:NaturiaDragonfly","theDuelist:NaturiaCliff","theDuelist:NaturiaBambooShoot"],"picked":"theDuelist:NaturiaEggplant","floor":4},{"not_picked":["theDuelist:BrainCrusher","theDuelist:NaturiaGaiastrio","theDuelist:BarkionBark","theDuelist:DigitalBug"],"picked":"theDuelist:NaturiaMarron","floor":5},{"not_picked":["theDuelist:NaturiaHydrangea","theDuelist:NaturiaEggplant","theDuelist:NaturiaTulip","theDuelist:NaturiaRock"],"picked":"theDuelist:MillenniumScorpion","floor":11},{"not_picked":["theDuelist:NaturiaBrambi","theDuelist:NaturiaTulip","theDuelist:NaturiaStinkbug","theDuelist:AcidTrapHole","theDuelist:CopyPlant"],"picked":"SKIP","floor":13},{"not_picked":["theDuelist:BigFire","theDuelist:AttackTheMoon","theDuelist:MudGolem","theDuelist:MudragonSwamp","theDuelist:GraniteLoyalist"],"picked":"SKIP","floor":14},{"not_picked":["theDuelist:DemiseLand","theDuelist:SeismicShockwave","theDuelist:NaturiaVein","theDuelist:HuntingInstinct"],"picked":"theDuelist:NaturiaHorneedle","floor":16},{"not_picked":["theDuelist:NaturiaHydrangea","theDuelist:NaturiaBeetle","theDuelist:CrystalRose","theDuelist:NaturiaMantis","theDuelist:NaturiaLandoise"],"picked":"SKIP","floor":18},{"not_picked":["theDuelist:FuryFire","theDuelist:Nameless:War:ForbiddenLance"],"picked":"SKIP","floor":19},{"not_picked":["theDuelist:Pollinosis","theDuelist:NatureReflection","theDuelist:NaturalDisaster","theDuelist:BottomlessTrapHole"],"picked":"theDuelist:SurvivalInstinct","floor":21},{"not_picked":["theDuelist:NaturiaHydrangea","theDuelist:NaturiaEggplant","theDuelist:NaturiaSunflower+1","theDuelist:NaturiaMantis","theDuelist:FossilExcavation"],"picked":"SKIP","floor":27},{"not_picked":["theDuelist:NaturiaHydrangea+1","theDuelist:NaturiaMarron","theDuelist:NaturiaRosewhip","theDuelist:LonefireBlossom+1","theDuelist:SangaEarth"],"picked":"SKIP","floor":30}],"player_experience":2205603,"relics_obtained":[{"floor":9,"key":"Anchor"},{"floor":26,"key":"MealTicket"}],"event_choices":[{"total_magic_score":20,"gold_gain":0,"duelist":true,"damage_taken":0,"relics_obtained":[],"points":8,"war_reward":4,"max_hp_gain":15,"max_hp_loss":0,"spent_points":{"magic":0,"greed":0,"war":4,"power":0,"hunger":4},"event_name":"Nameless Tomb","hunger_reward":4,"floor":7,"gold_loss":0,"cards_obtained":["theDuelist:Nameless:War:ForbiddenLance"]},{"damage_healed":0,"gold_gain":0,"player_choice":"Shed Blood","damage_taken":24,"max_hp_gain":5,"max_hp_loss":0,"event_name":"Forgotten Altar","floor":22,"gold_loss":0},{"damage_healed":0,"gold_gain":0,"player_choice":"Leave","duelist":true,"damage_taken":0,"max_hp_gain":0,"max_hp_loss":0,"event_name":"Egyptian Village","floor":24,"gold_loss":0},{"damage_healed":0,"gold_gain":0,"player_choice":"Obtained Relic","damage_taken":0,"relics_obtained":["White Beast Statue"],"max_hp_gain":0,"max_hp_loss":0,"event_name":"Addict","floor":28,"gold_loss":85},{"damage_healed":0,"gold_gain":0,"player_choice":"Leave","duelist":true,"damage_taken":0,"max_hp_gain":0,"max_hp_loss":0,"event_name":"Card Trader","floor":31,"gold_loss":0}],"is_beta":false,"boss_relics":[{"not_picked":["Snecko Eye","Black Star"],"picked":"Astrolabe"}],"items_purged_floors":[2,20],"is_endless":false,"potions_floor_spawned":[5,11,13,19,27,30],"killed_by":"Collector","ascension_level":11}}