{"host":"og21o26alpnbwmz8","time":1613482638,"event":{"mods":["Act Like it!","Aspiration","BaseMod","Conspire","Downfall","Gensokyo","GungeonMod","Halation","Hubris","Jedi Mod","Mimic Mod","Minty Spire (QoL Compilation)","Pale of the Ancients","Reliquary","Replay The Spire","Shop Mod","Spikes Relics","StSLib","The Alterego","The Blue Laboratory","The Poker Player","The Problem Sleuth","Waifu the Spire","Yuri Mod"],"gold_per_floor":[110,110,60,86,100,135,148,148,148,162,176,199,215,215,215,315,315,326,326,338,338,348,348,372,410,434,452,469,482,499,532,532,532,532],"floor_reached":33,"language":"ENG","playtime":1755,"items_purged":[],"score":357,"play_id":"cddaff32-d93d-42ad-bb89-91f5cf349cb2","local_time":"20210216083718","is_ascension_mode":false,"campfire_choices":[{"data":"DemoMod:Defend_Huntress","floor":15,"key":"SMITH"},{"data":"DemoMod:Roll","floor":23,"key":"SMITH"}],"circlet_count":0,"master_deck":["DemoMod:Strike_Huntress+1","DemoMod:Defend_Huntress+1","DemoMod:Defend_Huntress","DemoMod:Defend_Huntress","DemoMod:Defend_Huntress","DemoMod:Roll+1","DemoMod:ManualReload","DemoMod:RustySidearm+1","DemoMod:CrossBow+1","DemoMod:TableSutra+1","DemoMod:HuntsMan+1","DemoMod:ShadowBullets+1","DemoMod:StickyCrossBow+1","DemoMod:BalloonGun","DemoMod:TripleGun","DemoMod:ShadowBullets+1"],"relics":["DemoMod:Dog","Oddly Smooth Stone","jedi:paperlyon","halation:EternalFortune","MutagenicStrength","Replay:WaspNest","DemoMod:LamentConfigurum","Blue Candle"],"acts_visited":["Exordium","TheCity"],"potions_floor_usage":[6,11,16,27,27,31],"damage_taken":[{"damage":2,"enemies":"Jaw Worm","floor":1,"turns":6},{"damage":0,"enemies":"conspire:RoseBush","floor":5,"turns":3},{"damage":0,"enemies":"3 Sentries","floor":6,"turns":9},{"damage":0,"enemies":"2 Louse","floor":7,"turns":2},{"damage":0,"enemies":"Red Slaver","floor":10,"turns":3},{"damage":0,"enemies":"Large Slime","floor":11,"turns":4},{"damage":0,"enemies":"Looter","floor":12,"turns":3},{"damage":0,"enemies":"conspire:2 RoseBushes","floor":13,"turns":5},{"damage":0,"enemies":"Hexaghost","floor":16,"turns":6},{"damage":5,"enemies":"2 Thieves","floor":18,"turns":4},{"damage":0,"enemies":"Spheric Guardian","floor":20,"turns":3},{"damage":0,"enemies":"conspire:HollyBat","floor":22,"turns":5},{"damage":0,"enemies":"Centurion and Healer","floor":24,"turns":4},{"damage":0,"enemies":"Snake Plant","floor":25,"turns":4},{"damage":14,"enemies":"Snake Plant","floor":27,"turns":5},{"damage":0,"enemies":"Snecko","floor":28,"turns":3},{"damage":2,"enemies":"conspire:HollyBat","floor":29,"turns":7},{"damage":15,"enemies":"Shelled Parasite and Fungi","floor":30,"turns":5},{"damage":35,"enemies":"Snake Plant","floor":31,"turns":7},{"damage":4,"enemies":"conspire:MysteriousRune","floor":33,"turns":5}],"seed_played":"-5698517141467534747","potions_obtained":[{"floor":1,"key":"blueLaboratory:FrostheartPotion"},{"floor":7,"key":"blueLaboratory:FruitPunch"},{"floor":10,"key":"blueLaboratory:LouseDecoction"},{"floor":11,"key":"SneckoOil"},{"floor":16,"key":"Toxic Potion"},{"floor":18,"key":"LiquidMemories"},{"floor":30,"key":"PowerPotion"},{"floor":31,"key":"blueLaboratory:NullPotion"}],"is_trial":false,"path_per_floor":["M","?","?","T","M","E","M","?","T","M","M","M","M","?","R","B",null,"M","?","M","?","M","R","M","?","T","M","M","M","M","M","R","B"],"character_chosen":"HUNTRESS","items_purchased":[],"campfire_rested":0,"item_purchase_floors":[],"current_hp_per_floor":[68,68,68,68,68,68,68,68,68,68,70,70,70,70,70,70,72,67,70,70,70,70,70,70,70,70,56,56,54,39,4,4,0,0],"gold":532,"neow_bonus":"REMOVE_CARD","is_daily":false,"chose_seed":false,"campfire_upgraded":2,"win_rate":0.0,"timestamp":1613482638,"path_taken":["M","?","?","?","?","E","M","?","T","M","M","M","M","?","R","BOSS","M","?","M","?","?","R","M","?","T","M","M","M","M","M","R","BOSS"],"items_purchased_type":[],"build_version":"2020-12-22","purchased_purges":0,"victory":false,"max_hp_per_floor":[70,70,70,70,70,70,70,70,70,70,72,72,72,72,72,72,72,72,75,75,75,75,75,75,75,75,75,75,75,75,75,75,75,75],"card_choices":[{"not_picked":["DemoMod:Purify","DemoMod:HungryBullets"],"picked":"DemoMod:TableSutra","floor":1},{"not_picked":["DemoMod:GunShield","DemoMod:BattleInHaste","DemoMod:SAA"],"picked":"SKIP","floor":5},{"not_picked":["DemoMod:ConditionalReflex","DemoMod:CombinedRifle"],"picked":"DemoMod:HuntsMan","floor":6},{"not_picked":["DemoMod:AC15","DemoMod:FastSwitch"],"picked":"DemoMod:ShadowBullets","floor":7},{"not_picked":["DemoMod:FastSwitch","DemoMod:Ejector","DemoMod:TeaPot"],"picked":"SKIP","floor":10},{"not_picked":["DemoMod:SAA","DemoMod:ZorGun","DemoMod:ShadowBullets"],"picked":"SKIP","floor":11},{"not_picked":["DemoMod:BoxingGlove","DemoMod:ShadowBullets"],"picked":"DemoMod:StickyCrossBow","floor":12},{"not_picked":["DemoMod:SuppressiveFire","DemoMod:AbyssalTentacle","DemoMod:BoxingGlove"],"picked":"SKIP","floor":13},{"not_picked":["DemoMod:JK47","DemoMod:BoxingGlove","DemoMod:MachoBrace"],"picked":"SKIP","floor":13},{"not_picked":["DemoMod:Desperate","DemoMod:Behold!"],"picked":"DemoMod:BalloonGun","floor":16},{"not_picked":["DemoMod:Unity","DemoMod:HardPowerCard+1","DemoMod:DoubleSwitch"],"picked":"SKIP","floor":18},{"not_picked":["DemoMod:JK47","DemoMod:DoubleSwitch","DemoMod:BattleInHaste"],"picked":"SKIP","floor":20},{"not_picked":["DemoMod:HuntsMan","DemoMod:BlackHoleGun","DemoMod:ChanceBullets"],"picked":"SKIP","floor":22},{"not_picked":["DemoMod:ConditionalReflex","DemoMod:JK47","DemoMod:BoxingGlove+1"],"picked":"SKIP","floor":24},{"not_picked":["DemoMod:Unity","DemoMod:Rummage","DemoMod:HardPowerCard"],"picked":"SKIP","floor":25},{"not_picked":["DemoMod:ZorGun+1","DemoMod:ConditionalReflex","DemoMod:Unity+1"],"picked":"SKIP","floor":27},{"not_picked":["DemoMod:AC15+1","DemoMod:SAA"],"picked":"DemoMod:TripleGun","floor":28},{"not_picked":["DemoMod:Unmoved+1","DemoMod:JK47","DemoMod:FortunesFavor+1"],"picked":"SKIP","floor":29},{"not_picked":["DemoMod:JK47","DemoMod:BoxingGlove","DemoMod:RadGun"],"picked":"SKIP","floor":30},{"not_picked":["DemoMod:SkilledReload","DemoMod:SpreadAmmo+1"],"picked":"DemoMod:ShadowBullets","floor":31}],"player_experience":284776,"relics_obtained":[{"floor":4,"key":"DemoMod:Metronome"},{"floor":6,"key":"Oddly Smooth Stone"},{"floor":25,"key":"Replay:WaspNest"},{"floor":26,"key":"DemoMod:LamentConfigurum"}],"event_choices":[{"damage_healed":0,"gold_gain":0,"player_choice":"Grow","damage_taken":0,"max_hp_gain":0,"max_hp_loss":0,"event_name":"Living Wall","floor":2,"gold_loss":0,"cards_upgraded":["DemoMod:TableSutra"]},{"cards_removed":["DemoMod:Strike_Huntress"],"damage_healed":0,"gold_gain":0,"player_choice":"Card Removal","damage_taken":0,"max_hp_gain":0,"max_hp_loss":0,"event_name":"The Cleric","floor":3,"gold_loss":50},{"damage_healed":0,"gold_gain":0,"player_choice":"Inject Mutagens","damage_taken":0,"relics_obtained":["MutagenicStrength"],"max_hp_gain":0,"max_hp_loss":0,"event_name":"Drug Dealer","floor":21,"gold_loss":0},{"damage_healed":0,"gold_gain":0,"player_choice":"Forge","damage_taken":0,"max_hp_gain":0,"max_hp_loss":0,"event_name":"Accursed Blacksmith","floor":32,"gold_loss":0,"cards_upgraded":["DemoMod:ShadowBullets"]}],"is_beta":false,"boss_relics":[{"not_picked":["hubris:VirtuousBlindfold","aspiration:WatcherSkillbook"],"picked":"jedi:paperlyon"}],"items_purged_floors":[],"is_endless":false,"potions_floor_spawned":[1,7,10,11,16,18,24,30,31],"killed_by":"conspire:MysteriousRune","ascension_level":0}}