{"host":"3j2m8n0ywf988fwb","time":1613509194,"event":{"mods":["2.2 Compatiblity","AchievementEnabler","Act Like it!","BaseMod","Better Altar","Better Match","Better Note","Better Sensory Stone","Better Skull","Better Third Choice","Colored Map","Colored Powertips","Dark Map","Hallownest","HexUI Lib","Highlight Path","Marked Mod","Mimic Mod","Minty Spire (QoL Compilation)","Random Character Button","Relic Stats","Robot Space Explorer","Ruina","Shapeshifter Mod","Shop Mod","Somnambulant","StSLib","The Bug Knight","The Servant 0.9.4","Unceasing Turn Reminder","Weighted Paths","everything is the same but u backflip on backflip"],"gold_per_floor":[116,40,40,40,52,79,79,107,154,164,195,213,223,223,223,347,347,362,362,362,287,89,89,89],"floor_reached":23,"language":"ENG","playtime":1576,"items_purged":["Strike_R"],"score":248,"play_id":"686517cf-3e14-4f43-8b7c-5e164b466dde","local_time":"20210216145954","is_ascension_mode":true,"campfire_choices":[{"data":"Juggernaut","floor":7,"key":"SMITH"},{"data":"Entrench","floor":15,"key":"SMITH"}],"circlet_count":0,"master_deck":["Strike_R","Strike_R","Strike_R","Defend_R","Defend_R","Defend_R","Defend_R","Bash","Juggernaut+1","Armaments","Power Through","StSShapeShifter:StormGryphonForm","Burning Pact+1","Entrench+1","Evolve","Shrug It Off","Shrug It Off","Shockwave","Injury","Impervious","Burning Pact+1","ruina:FadedMemories","Flame Barrier+1","Second Wind","Havoc"],"relics":["Black Blood","Akabeko","Oddly Smooth Stone","PreservedInsect","Golden Idol"],"acts_visited":["Exordium","ruina:Briah"],"potions_floor_usage":[8,12,18,23],"damage_taken":[{"damage":3,"enemies":"2 Louse","floor":1,"turns":5},{"damage":7,"enemies":"Small Slimes","floor":5,"turns":4},{"damage":25,"enemies":"Gremlin Nob","floor":6,"turns":5},{"damage":7,"enemies":"Lagavulin","floor":8,"turns":7},{"damage":3,"enemies":"Jaw Worm","floor":10,"turns":4},{"damage":43,"enemies":"3 Sentries","floor":11,"turns":8},{"damage":9,"enemies":"3 Louse","floor":12,"turns":4},{"damage":5,"enemies":"Exordium Thugs","floor":13,"turns":6},{"damage":11,"enemies":"Hexaghost","floor":16,"turns":16},{"damage":8,"enemies":"ruina:Nosferatu","floor":18,"turns":11},{"damage":61,"enemies":"ruina:Mountain","floor":23,"turns":3}],"seed_played":"-395058530685439074","potions_obtained":[{"floor":5,"key":"FearPotion"},{"floor":6,"key":"Explosive Potion"},{"floor":10,"key":"Weak Potion"},{"floor":11,"key":"Fruit Juice"},{"floor":12,"key":"Strength Potion"},{"floor":18,"key":"Fire Potion"}],"is_trial":false,"path_per_floor":["M","$","?","?","M","E","R","E","T","M","E","M","M","?","R","B",null,"M","?","?","?","$","E"],"character_chosen":"IRONCLAD","items_purchased":["Power Through","Second Wind","Havoc"],"campfire_rested":0,"item_purchase_floors":[2,22,22],"current_hp_per_floor":[80,80,72,65,64,45,45,44,44,47,10,12,13,13,13,8,85,85,60,60,60,60,0,0],"gold":89,"neow_bonus":"ONE_RANDOM_RARE_CARD","is_daily":false,"chose_seed":false,"campfire_upgraded":2,"win_rate":0.0,"timestamp":1613509194,"path_taken":["M","$","?","?","M","E","R","E","T","M","E","M","M","?","R","BOSS","M","?","?","?","$","E"],"items_purchased_type":["Card","Card","Card"],"build_version":"2020-12-22","purchased_purges":1,"victory":false,"max_hp_per_floor":[80,80,80,80,80,80,80,80,80,80,80,85,85,85,85,85,85,85,85,85,85,85,85,85],"relic_stats":{"counters":[11,73],"Golden Idol":28,"Black Blood":59,"PreservedInsect":10,"obtain_stats":[{"Golden Idol":14,"Oddly Smooth Stone":8,"Black Blood":17,"PreservedInsect":11,"Burning Blood":0,"Akabeko":6},{"Golden Idol":8,"Oddly Smooth Stone":4,"Black Blood":9,"PreservedInsect":6,"Burning Blood":0,"Akabeko":3},{"Golden Idol":43,"Oddly Smooth Stone":21,"Black Blood":59,"PreservedInsect":33,"Burning Blood":0,"Akabeko":14}]},"card_choices":[{"not_picked":["Clothesline","Dropkick"],"picked":"Armaments","floor":1},{"not_picked":["Combust","Dark Embrace"],"picked":"Burning Pact","floor":5},{"not_picked":["Clothesline","Flex","Anger"],"picked":"SKIP","floor":6},{"not_picked":["Warcry","Cleave"],"picked":"Entrench","floor":8},{"not_picked":["Havoc","Pommel Strike"],"picked":"Evolve","floor":10},{"not_picked":["Headbutt","Sever Soul"],"picked":"Shrug It Off","floor":11},{"not_picked":["Flex","Heavy Blade"],"picked":"Shrug It Off","floor":12},{"not_picked":["Twin Strike","Clothesline"],"picked":"Shockwave","floor":13},{"not_picked":["Double Tap","Immolate"],"picked":"Impervious","floor":16},{"not_picked":["Flex","Clash","Anger"],"picked":"SKIP","floor":18},{"not_picked":["Burning Pact+1","Power Through+1"],"picked":"Flame Barrier+1","floor":21}],"player_experience":984020,"relics_obtained":[{"floor":6,"key":"Akabeko"},{"floor":8,"key":"Oddly Smooth Stone"},{"floor":11,"key":"PreservedInsect"}],"event_choices":[{"cards_removed":["Strike_R"],"damage_healed":0,"gold_gain":0,"player_choice":"Card Removal","damage_taken":7,"max_hp_gain":0,"max_hp_loss":0,"event_name":"Golden Wing","floor":4,"gold_loss":0},{"damage_healed":0,"gold_gain":0,"player_choice":"Take Wound","damage_taken":0,"relics_obtained":["Golden Idol"],"max_hp_gain":0,"max_hp_loss":0,"event_name":"Golden Idol","floor":14,"gold_loss":0,"cards_obtained":["Injury"]},{"damage_healed":0,"gold_gain":0,"player_choice":"2","damage_taken":0,"max_hp_gain":0,"max_hp_loss":0,"event_name":"betterMatch:BetterMatch","floor":21,"gold_loss":0,"cards_obtained":["betterMatch:UncommonCard","betterMatch:CommonCard"]}],"is_beta":false,"boss_relics":[{"not_picked":["Pandora\u0027s Box","Sozu"],"picked":"Black Blood"}],"items_purged_floors":[22],"is_endless":false,"potions_floor_spawned":[5,6,10,11,12,18],"killed_by":"ruina:Mountain","ascension_level":4}}