{"host":"upxqlvf2ge1xt4sa","time":1613453520,"event":{"mods":["2.2 Compatiblity","AchievementEnabler","Act Like it!","Bard","BaseMod","Better Third Choice","BetterRewards","Colored Powertips","Curses Come First","Downfall","Energized Spire","Friendly Minions","Hallownest","Hermit","Highlight Path","Hubris","Infinite Spire","Jorbs\u0027s Wanderer Trilogy","Mad Scientist","Minty Spire (QoL Compilation)","Rare Cards Sparkle","Relic Filter","Reliquary","Shade Mod","StSLib","The Blackbeard","The Bug Knight","The Construct","The Cursed","The Disciple","The Hierophant","The Jungle","The Marked","The Mystic","The Necromancer","The Runesmith","The Servant 0.9.4"],"gold_per_floor":[119,72,85,97,97,97,97,97],"floor_reached":7,"language":"ENG","playtime":290,"items_purged":[],"score":41,"play_id":"41ed803f-0801-427f-89a1-382952b3cf97","local_time":"20210215213200","is_ascension_mode":false,"campfire_choices":[{"data":"Revamp","floor":6,"key":"SMITH"}],"circlet_count":0,"master_deck":["Strike_S","Strike_S","Strike_S","Strike_S","Defend_S","Defend_S","Defend_S","Defend_S","KidneyShot","Exchange","Revamp+1","Starlight","Foresight","ReturningBlade"],"relics":["Uniform","NeowsBlessing","hubris:Icosahedron"],"acts_visited":["Exordium"],"potions_floor_usage":[7],"damage_taken":[{"damage":0,"enemies":"Cultist","floor":1,"turns":1},{"damage":0,"enemies":"2 Louse","floor":3,"turns":1},{"damage":0,"enemies":"infinitespire:Voidling","floor":4,"turns":1},{"damage":15,"enemies":"Lagavulin","floor":7,"turns":4}],"seed_played":"5250514590875132646","potions_obtained":[{"floor":3,"key":"champ:CounterPotion"}],"is_trial":false,"path_per_floor":["M","$","M","M","?","R","E"],"character_chosen":"THE_SERVANT","items_purchased":["Starlight"],"campfire_rested":0,"item_purchase_floors":[2],"current_hp_per_floor":[65,65,65,65,65,65,50,50],"gold":97,"neow_bonus":"THREE_ENEMY_KILL","is_daily":false,"chose_seed":false,"campfire_upgraded":1,"win_rate":0.0,"timestamp":1613453520,"path_taken":["M","$","M","M","?","R","E"],"items_purchased_type":["Card"],"build_version":"2020-12-22","purchased_purges":0,"victory":false,"max_hp_per_floor":[65,65,65,65,65,65,65,65],"card_choices":[{"not_picked":["DoubleEdge","Spin"],"picked":"Revamp","floor":1},{"not_picked":["Unruled","Rewind"],"picked":"Foresight","floor":3},{"not_picked":["FlawlessForm","Hightail"],"picked":"ReturningBlade","floor":4}],"player_experience":161052,"relics_obtained":[],"event_choices":[],"is_beta":false,"boss_relics":[],"items_purged_floors":[],"is_endless":false,"potions_floor_spawned":[3],"killed_by":"Lagavulin","ascension_level":0}}