{"host":"lfvf97io7xuhaz8c","time":1613503321,"event":{"mods":["2.2 Compatiblity","BaseMod","Bestiary","Colored Map","Colored Powertips","Curses Come First","Highlight Path","Minty Spire (QoL Compilation)","Relic Stats","StSLib","SuperFastMode"],"gold_per_floor":[116,116,116,116,16,16,36,70,93,106,134,134,153,170,170,265,265,276,201,201,5,5,5,22,22,96,127,139,150,185,201,201,305,305,319,319,330,330,350,350,380,380,380,59,59,72,72,72],"floor_reached":47,"language":"FRA","playtime":3923,"items_purged":["Defend_R","Defend_R","Defend_R+1"],"score":738,"play_id":"37a43167-b5f4-4159-9699-0b42a1dedc07","local_time":"20210216202201","is_ascension_mode":true,"campfire_choices":[{"data":"Pommel Strike","floor":6.0,"key":"SMITH"},{"data":"Armaments","floor":15.0,"key":"SMITH"},{"floor":23.0,"key":"REST"},{"floor":32.0,"key":"REST"},{"data":"True Grit","floor":40,"key":"SMITH"},{"floor":42,"key":"REST"},{"data":"Dark Shackles","floor":45,"key":"SMITH"}],"circlet_count":0,"master_deck":["Strike_R+1","Strike_R+1","Strike_R+1","Defend_R+1","Bash","Inflame","Flex","Pommel Strike+1","Shrug It Off","Cleave","Shrug It Off","Armaments+1","Metallicize","Evolve","Clothesline","Limit Break+1","Seeing Red","Dark Shackles+1","Flash of Steel","Flame Barrier+1","True Grit+1","Feel No Pain","Pummel+1","Heavy Blade+1","Rage","Doubt","Reckless Charge"],"relics":["Burning Blood","NeowsBlessing","Art of War","Bag of Marbles","Vajra","Busted Crown","Pear","Oddly Smooth Stone","Red Skull","Cursed Key","Du-Vu Doll","Frozen Egg 2","ClockworkSouvenir"],"acts_visited":["Exordium","TheCity","TheBeyond"],"potions_floor_usage":[39,41],"damage_taken":[{"damage":0.0,"enemies":"Jaw Worm","floor":1.0,"turns":1.0},{"damage":0.0,"enemies":"Small Slimes","floor":7.0,"turns":1.0},{"damage":0.0,"enemies":"3 Sentries","floor":8.0,"turns":2.0},{"damage":0.0,"enemies":"2 Louse","floor":10.0,"turns":1.0},{"damage":18.0,"enemies":"Gremlin Nob","floor":11.0,"turns":4.0},{"damage":3.0,"enemies":"Exordium Wildlife","floor":13.0,"turns":4.0},{"damage":13.0,"enemies":"Blue Slaver","floor":14.0,"turns":2.0},{"damage":23.0,"enemies":"Hexaghost","floor":16.0,"turns":10.0},{"damage":8.0,"enemies":"3 Byrds","floor":18.0,"turns":6.0},{"damage":16.0,"enemies":"Chosen","floor":24.0,"turns":5.0},{"damage":25.0,"enemies":"Book of Stabbing","floor":27.0,"turns":6.0},{"damage":17.0,"enemies":"Shelled Parasite and Fungi","floor":28.0,"turns":4.0},{"damage":3.0,"enemies":"Snake Plant","floor":29.0,"turns":5.0},{"damage":22.0,"enemies":"Slavers","floor":30.0,"turns":5.0},{"damage":11.0,"enemies":"Centurion and Healer","floor":31.0,"turns":4.0},{"damage":27.0,"enemies":"Champ","floor":33.0,"turns":12.0},{"damage":0,"enemies":"3 Darklings","floor":35,"turns":6},{"damage":8,"enemies":"Orb Walker","floor":37,"turns":3},{"damage":18,"enemies":"Transient","floor":39,"turns":5},{"damage":63,"enemies":"Nemesis","floor":41,"turns":5},{"damage":24,"enemies":"Maw","floor":46,"turns":5},{"damage":29,"enemies":"Giant Head","floor":47,"turns":6}],"seed_played":"-5213578717808180922","potions_obtained":[{"floor":7.0,"key":"SneckoOil"},{"floor":10.0,"key":"DuplicationPotion"},{"floor":12.0,"key":"LiquidBronze"},{"floor":12.0,"key":"SpeedPotion"},{"floor":12.0,"key":"LiquidMemories"},{"floor":13.0,"key":"CultistPotion"},{"floor":24.0,"key":"PowerPotion"},{"floor":29.0,"key":"LiquidMemories"},{"floor":30.0,"key":"FearPotion"},{"floor":35,"key":"DistilledChaos"},{"floor":39,"key":"FearPotion"}],"is_trial":false,"path_per_floor":["M","?","?","?","$","R","M","E","T","M","E","?","M","M","R","B",null,"M","$","?","$","?","R","M","?","T","E","M","M","E","M","R","B",null,"M","?","M","?","M","R","E","R","T","$","R","M","E"],"character_chosen":"IRONCLAD","items_purchased":["Pommel Strike","Shrug It Off","Dark Shackles","ClockworkSouvenir","Reckless Charge"],"campfire_rested":3,"item_purchase_floors":[5,5,21,44,44],"current_hp_per_floor":[78,83,76,76,76,76,82,85,85,85,73,73,76,69,69,52,77,75,75,59,59,47,74,64,64,74,55,44,47,31,26,56,35,84,90,90,88,88,76,76,19,47,47,47,47,29,0,0],"gold":72,"neow_bonus":"THREE_ENEMY_KILL","is_daily":false,"chose_seed":false,"campfire_upgraded":4,"win_rate":0.0,"timestamp":1613503321,"path_taken":["M","?","?","?","$","R","?","E","T","M","E","?","M","M","R","BOSS","M","$","?","$","?","R","?","?","T","E","M","M","E","M","R","BOSS","M","?","M","?","?","R","E","R","T","$","R","M","E"],"items_purchased_type":["Card","Card","Card","Relic","Card"],"build_version":"2020-12-22","purchased_purges":3,"victory":false,"max_hp_per_floor":[80,85,85,85,85,85,85,85,85,85,85,85,85,85,85,85,85,85,85,90,90,90,90,90,90,100,100,100,100,100,100,100,100,100,100,95,95,95,95,95,95,95,95,95,95,95,95,95],"relic_stats":{"Busted Crown":26,"counters":[22,102],"Art of War":[5],"Cursed Key":1,"obtain_stats":[{"Pear":26,"NeowsBlessing":0,"Vajra":11,"Oddly Smooth Stone":27,"Frozen Egg 2":43,"Cursed Key":34,"Burning Blood":0,"ClockworkSouvenir":44,"Du-Vu Doll":41,"Busted Crown":17,"Art of War":8,"Bag of Marbles":9,"Red Skull":30},{"Pear":10,"NeowsBlessing":0,"Vajra":5,"Oddly Smooth Stone":11,"Frozen Egg 2":20,"Cursed Key":16,"Burning Blood":0,"ClockworkSouvenir":20,"Du-Vu Doll":20,"Busted Crown":8,"Art of War":3,"Bag of Marbles":3,"Red Skull":14},{"Pear":36,"NeowsBlessing":0,"Vajra":9,"Oddly Smooth Stone":42,"Frozen Egg 2":91,"Cursed Key":72,"Burning Blood":0,"ClockworkSouvenir":91,"Du-Vu Doll":91,"Busted Crown":25,"Art of War":4,"Bag of Marbles":4,"Red Skull":56}],"Burning Blood":117},"card_choices":[{"not_picked":["Clothesline","Warcry"],"picked":"Inflame","floor":1.0},{"not_picked":["Dropkick","Thunderclap"],"picked":"Cleave","floor":7.0},{"not_picked":["Dark Embrace","Perfected Strike"],"picked":"Shrug It Off","floor":8.0},{"not_picked":["Sword Boomerang","True Grit"],"picked":"Armaments","floor":10.0},{"not_picked":["Iron Wave","Inflame"],"picked":"Metallicize","floor":11.0},{"not_picked":["Infernal Blade","Shrug It Off"],"picked":"Evolve","floor":13.0},{"not_picked":["Wild Strike","Cleave"],"picked":"Clothesline","floor":14.0},{"not_picked":["Feed","Juggernaut"],"picked":"Limit Break","floor":16.0},{"not_picked":[],"picked":"Seeing Red","floor":18.0},{"not_picked":["Flex"],"picked":"SKIP","floor":24.0},{"not_picked":["Warcry"],"picked":"SKIP","floor":27.0},{"not_picked":[],"picked":"Flame Barrier+1","floor":28.0},{"not_picked":[],"picked":"True Grit","floor":29.0},{"not_picked":["Sword Boomerang"],"picked":"SKIP","floor":30.0},{"not_picked":[],"picked":"Feel No Pain","floor":31.0},{"not_picked":[],"picked":"Pummel+1","floor":35},{"not_picked":[],"picked":"Heavy Blade+1","floor":37},{"not_picked":["Whirlwind+1"],"picked":"SKIP","floor":39},{"not_picked":[],"picked":"Rage","floor":41},{"not_picked":["Entrench"],"picked":"SKIP","floor":46}],"player_experience":1503498,"relics_obtained":[{"floor":8.0,"key":"Art of War"},{"floor":9.0,"key":"Bag of Marbles"},{"floor":11.0,"key":"Vajra"},{"floor":26.0,"key":"Pear"},{"floor":27.0,"key":"Oddly Smooth Stone"},{"floor":30.0,"key":"Red Skull"},{"floor":41,"key":"Du-Vu Doll"},{"floor":43,"key":"Frozen Egg 2"}],"event_choices":[{"damage_healed":0.0,"max_hp_gain":5.0,"max_hp_loss":0.0,"gold_gain":0.0,"event_name":"Big Fish","player_choice":"Donut","floor":2.0,"gold_loss":0.0,"damage_taken":0.0},{"cards_removed":["Strike_R"],"damage_healed":0.0,"max_hp_gain":0.0,"max_hp_loss":0.0,"gold_gain":0.0,"event_name":"Golden Wing","player_choice":"Card Removal","floor":3.0,"gold_loss":0.0,"damage_taken":7.0},{"damage_healed":0.0,"max_hp_gain":0.0,"max_hp_loss":0.0,"gold_gain":0.0,"cards_transformed":["Strike_R"],"event_name":"Living Wall","player_choice":"Change","floor":4.0,"gold_loss":0.0,"damage_taken":0.0,"cards_obtained":["Flex"]},{"damage_healed":0.0,"max_hp_gain":0.0,"max_hp_loss":0.0,"gold_gain":0.0,"event_name":"Lab","player_choice":"Got Potions","floor":12.0,"gold_loss":0.0,"damage_taken":0.0},{"damage_healed":0.0,"max_hp_gain":5.0,"max_hp_loss":0.0,"gold_gain":0.0,"event_name":"Forgotten Altar","player_choice":"Shed Blood","floor":20.0,"gold_loss":0.0,"damage_taken":21.0},{"damage_healed":0.0,"max_hp_gain":0.0,"max_hp_loss":0.0,"gold_gain":0.0,"event_name":"Knowing Skull","player_choice":"CARD ","floor":22.0,"potions_obtained":[],"gold_loss":0.0,"damage_taken":12.0,"cards_obtained":["Flash of Steel"]},{"damage_healed":0.0,"max_hp_gain":0.0,"max_hp_loss":0.0,"gold_gain":0.0,"event_name":"Back to Basics","player_choice":"Simplicity","floor":25.0,"gold_loss":0.0,"damage_taken":0.0,"cards_upgraded":["Strike_R","Strike_R","Strike_R","Defend_R","Defend_R"]},{"damage_healed":0,"gold_gain":0,"player_choice":"Max HP","damage_taken":0,"max_hp_gain":0,"max_hp_loss":5,"event_name":"Winding Halls","floor":36,"gold_loss":0},{"damage_healed":0,"gold_gain":0,"player_choice":"Upgraded","damage_taken":0,"max_hp_gain":0,"max_hp_loss":0,"event_name":"Upgrade Shrine","floor":38,"gold_loss":0,"cards_upgraded":["Limit Break"]}],"is_beta":false,"boss_relics":[{"not_picked":["Fusion Hammer","Velvet Choker"],"picked":"Busted Crown"},{"not_picked":["Runic Cube","Coffee Dripper"],"picked":"Cursed Key"}],"items_purged_floors":[19,21,44],"is_endless":false,"potions_floor_spawned":[7,10,13,24,29,30,35,39],"killed_by":"Giant Head","ascension_level":7}}