{"host":"blnmo1e2jbqugfxh","time":1613441877,"event":{"mods":["2.2 Compatiblity","Astrologer","Bard","BaseMod","Beaked The Cultist","Colored Powertips","Conspire","Downfall","Friendly Minions","Googly Eyes","Hermit","Highlight Path","Hubris","Infinite Spire","Lobotomy","Marisa????????","Mimic Mod","Minty Spire (QoL Compilation)","Prisma Mod","Quick Restart","Rare Cards Sparkle","Replay The Spire","Shop Mod","StSLib","The Construct","The Cursed","The Disciple","The Exalted","The Hierophant","The Mystic","The Servant 0.9.4"],"gold_per_floor":[111,111,111,127,147,176,176,39,39,71,71,2,2,12,12,115,115,126,58,72,84,98,98,98,131,161,161,173,199,217,244,244,349,349,368,368,382,0,14,14,28,28,51,97,124,136,158,203,215,227],"floor_reached":51,"language":"ENG","playtime":5198,"items_purged":[],"score":913,"play_id":"5ebd4ebf-6bb1-46a2-8128-d7c919055eff","local_time":"20210215211757","is_ascension_mode":true,"campfire_choices":[{"data":"Neutralize","floor":7.0,"key":"SMITH"},{"data":"Terror","floor":11.0,"key":"SMITH"},{"data":"ReplayTheSpireMod:Scrap Shanks","floor":13.0,"key":"SMITH"},{"data":"Jack Of All Trades","floor":15.0,"key":"SMITH"},{"data":"ReplayTheSpireMod:Scrap Shanks","floor":23.0,"key":"SMITH"},{"data":"ReplayTheSpireMod:Scrap Shanks","floor":27,"key":"SMITH"},{"floor":32,"key":"REST"},{"data":"Calculated Gamble","floor":40,"key":"SMITH"},{"floor":49,"key":"REST"}],"circlet_count":0,"master_deck":["Strike_G","Strike_G","Strike_G","Defend_G","Defend_G","Defend_G","Defend_G","Defend_G","Survivor","Neutralize+1","Terror+1","ReplayTheSpireMod:Scrap Shanks+1","Dash","Underhanded Strike","Burst","Underhanded Strike","Jack Of All Trades+1","Tactician","ReplayTheSpireMod:Scrap Shanks+1","Hidden Blade","Glass Knife","Blade Dance+1","ReplayTheSpireMod:Scrap Shanks+1","Tactician","Hidden Blade","Blade Dance","Calculated Gamble+1","Infinite Blades","Backstab+1","Acrobatics","Escape Plan","Underhanded Strike+1","Die Die Die","Masterful Stab+1","Blade Dance","Blade Dance","hubris:Sniper","ReplayTheSpireMod:Scrap Shanks+1","Dagger Throw+1","Escape Plan+1","Underhanded Strike+1","Blade Dance+1"],"relics":["Honey Jar","infinitespire:Lychee Nut","Bromod:ArcanePistoleer","ReplayTheSpireMod:TigerMarble","Snecko Scales","hubris:PeanutButter","conspire:DeflatedDodgeball","Boot","Bromod:ArcaneNullifier","Painkiller Herb","Red Mask","MawBank","construct:RocketBooster"],"acts_visited":["Exordium","TheCity","TheBeyond"],"potions_floor_usage":[48,50,50],"damage_taken":[{"damage":0.0,"enemies":"Cultist","floor":1.0,"turns":4.0},{"damage":0.0,"enemies":"Small Slimes","floor":4.0,"turns":3.0},{"damage":2.0,"enemies":"2 Louse","floor":5.0,"turns":3.0},{"damage":0.0,"enemies":"Gremlin Nob","floor":6.0,"turns":4.0},{"damage":1.0,"enemies":"Replay:BlueRogue","floor":10.0,"turns":5.0},{"damage":6.0,"enemies":"Gremlin Gang","floor":14.0,"turns":3.0},{"damage":24.0,"enemies":"Fading Forest","floor":16.0,"turns":11.0},{"damage":0.0,"enemies":"Spheric Guardian","floor":18.0,"turns":1.0},{"damage":0.0,"enemies":"Chosen","floor":20.0,"turns":3.0},{"damage":0.0,"enemies":"Shelled Parasite and Fungi","floor":21.0,"turns":2.0},{"damage":1.0,"enemies":"Cultist and Chosen","floor":22.0,"turns":2.0},{"damage":4,"enemies":"Replay:Snechameleon","floor":25,"turns":3},{"damage":0,"enemies":"Sentry and Sphere","floor":26,"turns":2},{"damage":0,"enemies":"Sentry and Sphere","floor":28,"turns":2},{"damage":0,"enemies":"Book of Stabbing","floor":29,"turns":2},{"damage":0,"enemies":"3 Cultists","floor":30,"turns":2},{"damage":19,"enemies":"Slavers","floor":31,"turns":3},{"damage":11,"enemies":"Collector","floor":33,"turns":3},{"damage":0,"enemies":"Orb Walker","floor":35,"turns":1},{"damage":5,"enemies":"3 Darklings","floor":37,"turns":2},{"damage":2,"enemies":"Writhing Mass","floor":39,"turns":3},{"damage":0,"enemies":"Transient","floor":41,"turns":5},{"damage":4,"enemies":"Reptomancer","floor":44,"turns":2},{"damage":0,"enemies":"3 Darklings","floor":45,"turns":2},{"damage":9,"enemies":"Writhing Mass","floor":47,"turns":4},{"damage":26,"enemies":"Sphere and 2 Shapes","floor":48,"turns":3},{"damage":36,"enemies":"infinitespire:MassOfShapes","floor":50,"turns":6}],"seed_played":"-764574097980150237","potions_obtained":[{"floor":3.0,"key":"SneckoOil"},{"floor":3.0,"key":"Adrenaline Potion"},{"floor":3.0,"key":"ColorlessPotion"},{"floor":10.0,"key":"bronze:BurnAndBuffPotion"},{"floor":14.0,"key":"FearPotion"},{"floor":16.0,"key":"Slimebound:ThreeZeroPotion"},{"floor":20.0,"key":"Explosive Potion"},{"floor":29,"key":"Regen Potion"},{"floor":31,"key":"FearPotion"},{"floor":35,"key":"GamblersBrew"},{"floor":41,"key":"SteroidPotion"},{"floor":47,"key":"EssenceOfSteel"}],"is_trial":false,"path_per_floor":["M","?","?","M","M","E","R","$","T","E","R","$","R","M","R","B",null,"M","$","M","M","M","R","?","E","MIM","R","M","E","M","E","R","B",null,"?","?","?","?","?","T","?","?","T","E","?","T","?","?","T","B",null],"character_chosen":"THE_SILENT","items_purchased":["Underhanded Strike","Jack Of All Trades","ReplayTheSpireMod:Scrap Shanks","ReplayTheSpireMod:Scrap Shanks"],"campfire_rested":2,"item_purchase_floors":[8,8,12,19],"current_hp_per_floor":[70,70,70,70,68,52,52,52,52,52,52,52,52,46,46,38,52,52,52,52,52,51,51,51,50,52,52,52,52,52,35,50,41,52,52,52,47,47,50,50,52,52,52,48,52,52,45,24,39,33],"gold":239,"neow_bonus":"BOSS_RELIC","is_daily":false,"chose_seed":false,"campfire_upgraded":7,"win_rate":0.0,"timestamp":1613441877,"path_taken":["M","?","?","?","M","E","R","$","T","E","R","?","R","M","R","BOSS","M","$","?","M","M","R","?","E","MIM","R","M","E","M","E","R","BOSS","?","?","?","?","?","T","?","?","T","E","?","T","?","?","T","BOSS"],"items_purchased_type":["Card","Card","Card","Card"],"build_version":"2020-12-22","purchased_purges":0,"victory":true,"max_hp_per_floor":[70,70,70,70,70,52,52,52,52,52,52,52,52,52,52,52,52,52,52,52,52,52,52,52,52,52,52,52,52,52,52,52,52,52,52,52,52,52,52,52,52,52,52,52,53,53,53,53,53,53],"card_choices":[{"not_picked":["Bane","ReplayTheSpireMod:Scrap Shanks","Slice"],"picked":"Terror","floor":1.0},{"not_picked":["Prepared","Tactician","Quick Slash"],"picked":"Dash","floor":4.0},{"not_picked":["Well Laid Plans","Dodge and Roll","Sucker Punch"],"picked":"Underhanded Strike","floor":5.0},{"not_picked":["Fluid Movement","Sucker Punch","PiercingWail"],"picked":"Burst","floor":6.0},{"not_picked":["Underhanded Strike","ReplayTheSpireMod:The Works","ReplayTheSpireMod:Scrap Shanks"],"picked":"Tactician","floor":10.0},{"not_picked":["Backflip","Deflect","Distraction"],"picked":"Hidden Blade","floor":14.0},{"not_picked":["infinitespire:Neurotoxin","Replay:Bag of Tricks","ReplayTheSpireMod:Necrosis"],"picked":"Glass Knife","floor":16.0},{"not_picked":["conspire:PoisonWeapons","Predator","ReplayTheSpireMod:The Works+1"],"picked":"Blade Dance+1","floor":18.0},{"not_picked":["Dagger Throw","Hidden Blade+1","Slice"],"picked":"Tactician","floor":20.0},{"not_picked":["Predator","hubris:SlightOfHand+1","Prepared"],"picked":"Hidden Blade","floor":21.0},{"not_picked":["Crippling Poison","Venomology","Sucker Punch"],"picked":"Blade Dance","floor":22.0},{"not_picked":["Expertise","Bane","Flying Knee+1"],"picked":"Calculated Gamble","floor":25},{"not_picked":["hubris:Counter+1","Outmaneuver","Backflip"],"picked":"Infinite Blades","floor":26},{"not_picked":["Dagger Spray","Choke+1","Sucker Punch"],"picked":"Backstab+1","floor":28},{"not_picked":["Caltrops+1","Outmaneuver+1","Glass Knife"],"picked":"Acrobatics","floor":29},{"not_picked":["Outmaneuver+1","Dagger Throw","Dodge and Roll"],"picked":"Escape Plan","floor":30},{"not_picked":["Bane+1","hubris:TrickCloak+1","Tools of the Trade"],"picked":"Underhanded Strike+1","floor":31},{"not_picked":["Replay:Bag of Tricks","Night Terror","Glass Knife"],"picked":"Die Die Die","floor":33},{"not_picked":["Bouncing Flask+1","Deflect","Predator"],"picked":"Masterful Stab+1","floor":35},{"not_picked":["Hidden Blade+1","Predator+1","Well Laid Plans"],"picked":"Blade Dance","floor":37},{"not_picked":["Backflip+1","Skewer","Underhanded Strike"],"picked":"Blade Dance","floor":39},{"not_picked":["Sucker Punch+1","Outmaneuver+1","Slice"],"picked":"hubris:Sniper","floor":41},{"not_picked":["Dagger Spray+1","Outmaneuver","Bane+1"],"picked":"Dagger Throw+1","floor":44},{"not_picked":["Bane+1","Noxious Fumes","Sneak Up"],"picked":"Escape Plan+1","floor":45},{"not_picked":["Malaise","Bouncing Flask","Toxin Wave"],"picked":"Underhanded Strike+1","floor":47},{"not_picked":["Dagger Spray","Backflip","Dodge and Roll"],"picked":"Blade Dance+1","floor":48}],"player_experience":37777,"relics_obtained":[{"floor":6.0,"key":"infinitespire:Lychee Nut"},{"floor":9.0,"key":"Bromod:ArcanePistoleer"},{"floor":10.0,"key":"ReplayTheSpireMod:TigerMarble"},{"floor":25,"key":"hubris:PeanutButter"},{"floor":26,"key":"conspire:DeflatedDodgeball"},{"floor":29,"key":"Boot"},{"floor":31,"key":"Bromod:ArcaneNullifier"},{"floor":43,"key":"MawBank"},{"floor":44,"key":"construct:RocketBooster"}],"event_choices":[{"damage_healed":0.0,"max_hp_gain":0.0,"max_hp_loss":0.0,"gold_gain":0.0,"cards_transformed":["Strike_G"],"event_name":"Living Wall","player_choice":"Change","floor":2.0,"gold_loss":0.0,"damage_taken":0.0,"cards_obtained":["ReplayTheSpireMod:Scrap Shanks"]},{"damage_healed":0.0,"max_hp_gain":0.0,"max_hp_loss":0.0,"gold_gain":0.0,"event_name":"Lab","player_choice":"Got Potions","floor":3.0,"gold_loss":0.0,"damage_taken":0.0},{"cards_removed":["Strike_G"],"damage_healed":0.0,"max_hp_gain":0.0,"max_hp_loss":0.0,"gold_gain":0.0,"event_name":"Back to Basics","player_choice":"Elegance","floor":24.0,"gold_loss":0.0,"damage_taken":0.0},{"damage_healed":0,"gold_gain":0,"player_choice":"Paid","damage_taken":0,"relics_obtained":["Red Mask"],"max_hp_gain":0,"max_hp_loss":0,"event_name":"Tomb of Lord Red Mask","floor":38,"gold_loss":382},{"damage_healed":0,"gold_gain":0,"player_choice":"Copied","damage_taken":0,"max_hp_gain":0,"max_hp_loss":0,"event_name":"Duplicator","floor":42,"gold_loss":0,"cards_obtained":["ReplayTheSpireMod:Scrap Shanks"]}],"is_beta":false,"boss_relics":[{"not_picked":["Abe\u0027s Treasure","ChewingGum"],"picked":"Snecko Scales"},{"not_picked":["hubris:RunicObelisk","ReplayTheSpireMod:SealedPack"],"picked":"Painkiller Herb"}],"items_purged_floors":[],"is_endless":false,"potions_floor_spawned":[10,14,16,20,29,30,31,35,41,47],"ascension_level":1}}