{"host":"knk89g45d3vzr5fm","time":1613454789,"event":{"mods":["2.2 Compatiblity","BaseMod","Downfall","Minty Spire (QoL Compilation)","Relic Stats","Reliquary","Replay The Spire","StSLib","The Marked"],"gold_per_floor":[99,110,110,110,126,126,126,126,136,136,46,64,97,5,17,96,96,96,112,125,75,175,202,202,287,187,217,217,251,19,19,37,112,112,112,124,138,153,153,153,176,176,176,176],"floor_reached":42,"language":"FRA","playtime":2083,"items_purged":["downfall:Malfunctioning"],"score":878,"play_id":"6736ece6-44a6-4ce4-b733-d2938d67977b","local_time":"20210216065309","is_ascension_mode":true,"campfire_choices":[{"data":"sneckomod:SnekBite","floor":1,"key":"SMITH"},{"data":"sneckomod:UnendingSupply","floor":10,"key":"SMITH"},{"floor":18,"key":"RECALL"},{"floor":26,"key":"REST"},{"floor":28,"key":"REST"},{"floor":35,"key":"DIG"}],"circlet_count":0,"master_deck":["AscendersBane","sneckomod:TailWhip","sneckomod:SnekBite+1","sneckomod:UnknownClassRED","Pot Of Greed","Pot Of Greed","sneckomod:UnendingSupply+1","sneckomod:UnknownUncommonAttack","sneckomod:SoulCleanse","sneckomod:SoulCleanse","sneckomod:UnknownRareAttack","sneckomod:UnknownUncommonPower","sneckomod:SoulRoll","sneckomod:Restock","sneckomod:UnknownBoss","sneckomod:SoulCleanse","sneckomod:UnknownRareAttack","sneckomod:SerpentMind","sneckomod:UnknownCommonAttack","sneckomod:SoulRoll","sneckomod:UnknownCommonAttack","Pot Of Greed","sneckomod:UnknownDexterity","sneckomod:SoulDraw","sneckomod:SnekBeam","J.A.X.","sneckomod:SnakeSap","sneckomod:Restock","sneckomod:ImprovisedGuard+1","Pot Of Greed","sneckomod:MasterEye","sneckomod:SoulCleanse+1","sneckomod:UnknownRareAttack","Parasite"],"relics":["Runic Dome","Ring of Peace","Ring of Hypnosis","Grinning Jar","Letter Opener","Bottled Lightning","Pandora\u0027s Box","MutagenicStrength","Bag of Marbles","reliquary:Vitrine","downfall:HeartBlessingRed","Slimebound:StickyStick","Shuriken","sneckomod:SleevedAce","Cursed Key","reliquary:SilkGlove"],"acts_visited":["Exordium","TheCity","TheBeyond"],"potions_floor_usage":[13,20],"damage_taken":[{"damage":11,"enemies":"Small Slimes","floor":2,"turns":3},{"damage":0,"enemies":"Jaw Worm","floor":5,"turns":4},{"damage":0,"enemies":"2 Louse","floor":9,"turns":2},{"damage":0,"enemies":"downfall:FleeingMerchant","floor":11,"turns":4},{"damage":0,"enemies":"downfall:LooterAlt","floor":12,"turns":2},{"damage":3,"enemies":"3 Sentries","floor":13,"turns":6},{"damage":0,"enemies":"downfall:FleeingMerchant","floor":14,"turns":4},{"damage":0,"enemies":"2 Fungi Beasts","floor":15,"turns":2},{"damage":29,"enemies":"SI_SHIV_ARCHETYPE","floor":16,"turns":9},{"damage":0,"enemies":"Spheric Guardian","floor":19,"turns":3},{"damage":11,"enemies":"Shell Parasite","floor":20,"turns":3},{"damage":0,"enemies":"downfall:Augmenter","floor":22,"turns":4},{"damage":16,"enemies":"Slavers","floor":23,"turns":3},{"damage":30,"enemies":"Book of Stabbing","floor":27,"turns":3},{"damage":3,"enemies":"Gremlin Leader","floor":29,"turns":3},{"damage":16,"enemies":"downfall:FleeingMerchant","floor":30,"turns":4},{"damage":9,"enemies":"Cultist and Chosen","floor":32,"turns":4},{"damage":9,"enemies":"DF_ARCHETYPE_CLAW","floor":33,"turns":4},{"damage":11,"enemies":"Orb Walker","floor":36,"turns":4},{"damage":35,"enemies":"3 Shapes","floor":37,"turns":3},{"damage":9,"enemies":"3 Darklings","floor":38,"turns":2},{"damage":38,"enemies":"Nemesis","floor":42,"turns":3}],"seed_played":"-4475035309468666151","potions_obtained":[{"floor":2,"key":"AttackPotion"},{"floor":12,"key":"hexamod:SoulburnPotion"},{"floor":13,"key":"Dexterity Potion"},{"floor":22,"key":"sneckomod:CheatPotion"}],"is_trial":false,"path_per_floor":["R","M","?","?","M","?","T","T","M","R","$","M","E","$","M","B",null,"R","M","M","?","?","E","T","?","R","E","R","E","$","?","M","B",null,"R","M","M","M","?","?","T","E"],"character_chosen":"THE_SNECKO","items_purchased":["sneckomod:UnknownUncommonPower","sneckomod:SleevedAce","sneckomod:MasterEye"],"campfire_rested":2,"item_purchase_floors":[14,30,30],"current_hp_per_floor":[81,70,70,70,70,70,70,70,73,73,73,73,70,70,70,41,80,80,80,69,93,93,77,77,63,90,60,87,89,73,73,64,55,84,84,73,38,29,29,29,29,0,0,0],"gold":176,"neow_bonus":"BOSS_RELIC","is_daily":false,"chose_seed":false,"campfire_upgraded":2,"win_rate":0.0,"timestamp":1613454789,"path_taken":["R","M","?","?","M","?","T","?","M","R","$","M","E","?","M","BOSS","R","M","M","?","?","E","T","?","R","E","R","E","?","?","M","BOSS","R","M","M","M","?","?","T","E"],"items_purchased_type":["Card","Relic","Card"],"build_version":"2020-12-22","purchased_purges":1,"victory":false,"max_hp_per_floor":[90,90,90,90,90,90,90,90,93,93,93,93,93,93,93,93,93,93,93,93,93,93,93,93,93,93,93,93,93,93,93,93,93,93,93,93,93,93,93,93,93,93,93,93],"relic_stats":{"counters":[22,79],"Shuriken":[12],"Pandora\u0027s Box":["sneckomod:SoulCleanse","sneckomod:UnknownRareAttack","sneckomod:SerpentMind","sneckomod:UnknownCommonAttack","sneckomod:SoulRoll","sneckomod:UnknownCommonAttack"],"Letter Opener":[396],"Cursed Key":1,"obtain_stats":[{"reliquary:SilkGlove":35,"Ring of Hypnosis":4,"downfall:HeartBlessingRed":26,"Letter Opener":8,"sneckomod:SneckoSoul":0,"Cursed Key":34,"Runic Dome":0,"Slimebound:StickyStick":27,"Shuriken":29,"Ring of Peace":4,"MutagenicStrength":22,"sneckomod:SleevedAce":30,"Pandora\u0027s Box":17,"Bag of Marbles":23,"Bottled Lightning":13,"Grinning Jar":7,"reliquary:Vitrine":24},{"reliquary:SilkGlove":18,"Ring of Hypnosis":1,"downfall:HeartBlessingRed":13,"Letter Opener":2,"sneckomod:SneckoSoul":0,"Cursed Key":18,"Runic Dome":0,"Slimebound:StickyStick":14,"Shuriken":15,"Ring of Peace":1,"MutagenicStrength":12,"sneckomod:SleevedAce":16,"Pandora\u0027s Box":9,"Bag of Marbles":13,"Bottled Lightning":6,"Grinning Jar":2,"reliquary:Vitrine":13},{"reliquary:SilkGlove":67,"Ring of Hypnosis":3,"downfall:HeartBlessingRed":49,"Letter Opener":7,"sneckomod:SneckoSoul":0,"Cursed Key":67,"Runic Dome":0,"Slimebound:StickyStick":52,"Shuriken":55,"Ring of Peace":3,"MutagenicStrength":46,"sneckomod:SleevedAce":59,"Pandora\u0027s Box":36,"Bag of Marbles":49,"Bottled Lightning":21,"Grinning Jar":7,"reliquary:Vitrine":49}]},"card_choices":[{"not_picked":["sneckomod:SoulDraw","sneckomod:UnknownBlock"],"picked":"sneckomod:UnknownClassRED","floor":2},{"not_picked":["sneckomod:UnknownClassGUARDIAN","sneckomod:UnknownWeak","sneckomod:UnknownBlock"],"picked":"SKIP","floor":5},{"not_picked":["sneckomod:UnknownClassMARKED_PURPLE_COLOR","sneckomod:UnknownClassTHE_BRONZE_AUTOMATON"],"picked":"sneckomod:UnendingSupply","floor":9},{"not_picked":["sneckomod:QuickBite","sneckomod:Unknown2Cost"],"picked":"sneckomod:UnknownUncommonAttack","floor":11},{"not_picked":["sneckomod:SoulDraw","sneckomod:UnknownBlock"],"picked":"sneckomod:SoulCleanse","floor":12},{"not_picked":["sneckomod:RainOfDice","sneckomod:UnknownStrike"],"picked":"sneckomod:SoulCleanse","floor":13},{"not_picked":["sneckomod:DiceBlock","sneckomod:UnknownUncommonSkill"],"picked":"sneckomod:UnknownRareAttack","floor":14},{"not_picked":["sneckomod:QuickMove","sneckomod:Unknown1Cost"],"picked":"sneckomod:SoulRoll","floor":15},{"not_picked":["sneckomod:UnknownRarePower","sneckomod:UnknownRareSkill"],"picked":"sneckomod:Restock","floor":16},{"not_picked":["sneckomod:SoulExchange","sneckomod:DangerNoodle"],"picked":"sneckomod:UnknownBoss","floor":16},{"not_picked":["sneckomod:UnknownClassTHE_BRONZE_AUTOMATON+1","sneckomod:DiceCrush+1"],"picked":"sneckomod:UnknownDexterity","floor":19},{"not_picked":["sneckomod:WideSting+1","sneckomod:UnknownUncommonAttack"],"picked":"sneckomod:ImprovisedGuard+1","floor":20},{"not_picked":[],"picked":"J.A.X.","floor":22},{"not_picked":["sneckomod:UnknownStrength","sneckomod:UnknownClassGREEN"],"picked":"sneckomod:SnakeSap","floor":22},{"not_picked":["sneckomod:DiceCrush+1","sneckomod:UnknownClassGREEN","sneckomod:Unknown2Cost"],"picked":"SKIP","floor":23},{"not_picked":["sneckomod:UnknownClassGUARDIAN","sneckomod:UnknownClassBLUE"],"picked":"sneckomod:Restock","floor":27},{"not_picked":["sneckomod:UnknownClassTHE_BRONZE_AUTOMATON+1","sneckomod:DefensiveFlair"],"picked":"sneckomod:ImprovisedGuard+1","floor":29},{"not_picked":["sneckomod:UnknownClassMARKED_PURPLE_COLOR","sneckomod:UnknownClassPURPLE","sneckomod:ImprovisedAttack"],"picked":"SKIP","floor":30},{"not_picked":["sneckomod:IronFang","sneckomod:UnknownBlock"],"picked":"sneckomod:SoulCleanse+1","floor":32},{"not_picked":["sneckomod:Unknown3Cost","sneckomod:MorePower"],"picked":"sneckomod:UnknownRareAttack","floor":33},{"not_picked":["sneckomod:DiceCrush","sneckomod:UnknownClassPURPLE"],"picked":"sneckomod:Memorize","floor":36},{"not_picked":["sneckomod:UnknownClassPURPLE","sneckomod:QuickBite+1","sneckomod:QuickMove"],"picked":"SKIP","floor":37},{"not_picked":["sneckomod:UnknownClassBLUE+1","sneckomod:UnknownClassPURPLE","sneckomod:WideSting"],"picked":"SKIP","floor":38}],"player_experience":2200427,"relics_obtained":[{"floor":4,"key":"Ring of Peace"},{"floor":4,"key":"Ring of Hypnosis"},{"floor":7,"key":"Grinning Jar"},{"floor":8,"key":"Letter Opener"},{"floor":13,"key":"Bottled Lightning"},{"floor":22,"key":"MutagenicStrength"},{"floor":23,"key":"Bag of Marbles"},{"floor":24,"key":"reliquary:Vitrine"},{"floor":27,"key":"Slimebound:StickyStick"},{"floor":29,"key":"Shuriken"},{"floor":35,"key":"reliquary:SilkGlove"}],"event_choices":[{"damage_healed":0,"gold_gain":0,"player_choice":"Ignored","damage_taken":0,"max_hp_gain":0,"max_hp_loss":0,"event_name":"Ghosts","floor":31,"gold_loss":0},{"cards_removed":["sneckomod:Memorize"],"damage_healed":0,"gold_gain":0,"player_choice":"Removed Skill","damage_taken":0,"max_hp_gain":0,"max_hp_loss":0,"event_name":"Falling","floor":39,"gold_loss":0}],"is_beta":false,"boss_relics":[{"not_picked":["reliquary:Craggleroot","Abe\u0027s Treasure"],"picked":"Pandora\u0027s Box"},{"not_picked":["bronze:MakeshiftBattery","reliquary:RedPaperclip"],"picked":"Cursed Key"}],"items_purged_floors":[11],"is_endless":false,"potions_floor_spawned":[2,12,13,22,29,32,37],"killed_by":"Nemesis","ascension_level":13}}