{"host":"0ueeacaatm8t6jyh","time":1613464501,"event":{"mods":["AchievementEnabler","BaseMod","Colored Powertips","Minty Spire (QoL Compilation)","Quick Restart","Rare Cards Sparkle","Shop Mod","StSLib"],"gold_per_floor":[113,63,63,18,18,18,46,59,59,71,112,142,181,193,225,237,249,334,346,374,403,365,169,169,194,194,226,272,222,233,233,233,233,246,246,323,323,337,134,134,149,168,168,368,368,368,450,482,482,494,494,505,525,525,525,525],"floor_reached":57,"language":"ZHS","playtime":2484,"items_purged":["Survivor","Acrobatics","Leg Sweep","After Image"],"score":1572,"play_id":"23a79440-72ea-430b-873d-446a2e609c4a","local_time":"20210216163501","is_ascension_mode":true,"campfire_choices":[{"floor":6.0,"key":"DIG"},{"floor":10.0,"key":"DIG"},{"floor":14.0,"key":"DIG"},{"floor":16.0,"key":"REST"},{"data":"Neutralize","floor":17.0,"key":"SMITH"},{"floor":26.0,"key":"DIG"},{"floor":31.0,"key":"DIG"},{"floor":33.0,"key":"DIG"},{"data":"Blade Dance","floor":35.0,"key":"SMITH"},{"floor":43.0,"key":"REST"},{"floor":49.0,"key":"DIG"},{"floor":51.0,"key":"DIG"},{"floor":54,"key":"DIG"},{"floor":55,"key":"DIG"}],"circlet_count":0,"master_deck":["AscendersBane","Neutralize+1","Backflip","Escape Plan","Blade Dance+1"],"relics":["Ring of the Snake","NeowsBlessing","Shovel","Smiling Mask","Paper Crane","Bronze Scales","Potion Belt","Matryoshka","Medical Kit","Orichalcum","Letter Opener","Regal Pillow","Bag of Marbles","Pear","Vajra","Happy Flower","Eternal Feather","CaptainsWheel","MerchantsRug","Centennial Puzzle","Gremlin Horn","Ninja Scroll","Akabeko","Toy Ornithopter","Nunchaku","Boot","Shuriken"],"acts_visited":["Exordium","TheCity","TheBeyond"],"potions_floor_usage":[56,56,56],"damage_taken":[{"damage":0.0,"enemies":"2 Louse","floor":1.0,"turns":1.0},{"damage":0.0,"enemies":"Gremlin Nob","floor":7.0,"turns":1.0},{"damage":0.0,"enemies":"Jaw Worm","floor":8.0,"turns":1.0},{"damage":43.0,"enemies":"Lagavulin","floor":11.0,"turns":12.0},{"damage":0.0,"enemies":"Small Slimes","floor":12.0,"turns":4.0},{"damage":8.0,"enemies":"3 Sentries","floor":13.0,"turns":11.0},{"damage":2.0,"enemies":"2 Fungi Beasts","floor":15.0,"turns":4.0},{"damage":9.0,"enemies":"Hexaghost","floor":18.0,"turns":12.0},{"damage":0.0,"enemies":"Shell Parasite","floor":20.0,"turns":5.0},{"damage":0.0,"enemies":"Chosen","floor":21.0,"turns":5.0},{"damage":13.0,"enemies":"Slavers","floor":25.0,"turns":7.0},{"damage":2.0,"enemies":"Gremlin Leader","floor":27.0,"turns":5.0},{"damage":0.0,"enemies":"3 Cultists","floor":30.0,"turns":4.0},{"damage":0.0,"enemies":"Centurion and Healer","floor":34.0,"turns":3.0},{"damage":19.0,"enemies":"Automaton","floor":36.0,"turns":9.0},{"damage":4.0,"enemies":"3 Shapes","floor":38.0,"turns":3.0},{"damage":0.0,"enemies":"3 Darklings","floor":41.0,"turns":8.0},{"damage":32.0,"enemies":"Writhing Mass","floor":42.0,"turns":9.0},{"damage":13.0,"enemies":"Giant Head","floor":48.0,"turns":6.0},{"damage":7.0,"enemies":"Transient","floor":50.0,"turns":5.0},{"damage":0.0,"enemies":"Spire Growth","floor":52.0,"turns":2.0},{"damage":0,"enemies":"Sphere and 2 Shapes","floor":53,"turns":1},{"damage":7,"enemies":"Donu and Deca","floor":56,"turns":4}],"seed_played":"-5693833828793236304","potions_obtained":[{"floor":7.0,"key":"SteroidPotion"},{"floor":8.0,"key":"SpeedPotion"},{"floor":11.0,"key":"SkillPotion"},{"floor":15.0,"key":"CunningPotion"},{"floor":25.0,"key":"Regen Potion"},{"floor":27.0,"key":"Swift Potion"},{"floor":30.0,"key":"GhostInAJar"},{"floor":38.0,"key":"Dexterity Potion"},{"floor":42.0,"key":"EssenceOfSteel"}],"is_trial":false,"path_per_floor":["M","?","T","$","?","R","E","M","T","R","E","M","E","R","M","R","R","B",null,"M","M","$","$","?","E","R","E","T","$","M","R","?","R","M","R","B",null,"M","$","$","M","M","R","$","?","T","T","E","R","M","R","M","M","R","R","B",null],"character_chosen":"THE_SILENT","items_purchased":["Backflip","Medical Kit","Strange Spoon","MerchantsRug"],"campfire_rested":2,"item_purchase_floors":[4,23,39,44],"current_hp_per_floor":[59,59,59,59,59,59,59,59,59,59,16,16,8,8,6,25,25,16,54,54,54,54,54,54,41,41,39,39,39,39,49,49,49,49,49,30,65,61,61,61,61,29,69,69,76,76,76,63,66,59,62,62,62,65,68,72],"gold":525,"neow_bonus":"THREE_ENEMY_KILL","is_daily":false,"chose_seed":false,"campfire_upgraded":2,"win_rate":0.0,"timestamp":1613464501,"path_taken":["M","?","?","$","?","R","E","M","T","R","E","?","E","R","M","R","R","BOSS","M","?","?","$","?","E","R","E","T","?","?","R","?","R","M","R","BOSS","M","$","?","M","M","R","$","?","T","T","E","R","?","R","M","M","R","R","BOSS"],"items_purchased_type":["Card","Relic","Relic","Relic"],"build_version":"2020-12-22","purchased_purges":4,"victory":true,"max_hp_per_floor":[66,66,66,66,66,66,66,66,66,66,66,66,66,66,66,66,66,66,66,66,66,66,66,66,66,66,66,66,66,66,76,76,76,76,76,76,76,76,76,76,76,76,76,76,76,76,76,76,76,76,76,76,76,76,76,76],"card_choices":[{"not_picked":["PiercingWail","Finisher"],"picked":"Acrobatics","floor":1.0},{"not_picked":["All Out Attack","Flying Knee"],"picked":"Escape Plan","floor":7.0},{"not_picked":["Blade Dance","Bane","Underhanded Strike"],"picked":"SKIP","floor":8.0},{"not_picked":["Flechettes","Backflip","Concentrate"],"picked":"SKIP","floor":11.0},{"not_picked":["Bane","Outmaneuver"],"picked":"Blade Dance","floor":12.0},{"not_picked":["Distraction","Slice"],"picked":"Leg Sweep","floor":13.0},{"not_picked":["Well Laid Plans","Bane","All Out Attack"],"picked":"SKIP","floor":15.0},{"not_picked":["Doppelganger","Unload"],"picked":"After Image","floor":18.0},{"not_picked":["Bane","Reflex","Deflect"],"picked":"SKIP","floor":20.0},{"not_picked":["Flying Knee","Acrobatics","Deadly Poison"],"picked":"SKIP","floor":21.0},{"not_picked":["Setup","Underhanded Strike","Eviscerate"],"picked":"SKIP","floor":25.0},{"not_picked":["Flechettes","Footwork","Endless Agony"],"picked":"SKIP","floor":27.0},{"not_picked":["Bane","Expertise+1","Deflect"],"picked":"SKIP","floor":30.0},{"not_picked":["Setup","Expertise","Underhanded Strike"],"picked":"SKIP","floor":34.0},{"not_picked":["Deadly Poison","Acrobatics","Underhanded Strike"],"picked":"SKIP","floor":38.0},{"not_picked":["Tactician","Deflect","Escape Plan"],"picked":"SKIP","floor":41.0},{"not_picked":["Underhanded Strike+1","Sucker Punch","Deadly Poison"],"picked":"SKIP","floor":42.0},{"not_picked":["Concentrate","Quick Slash+1","Prepared"],"picked":"SKIP","floor":48.0},{"not_picked":["Backflip","Underhanded Strike","Tactician"],"picked":"SKIP","floor":50.0},{"not_picked":["Expertise","Riddle With Holes","Doppelganger"],"picked":"SKIP","floor":52.0}],"player_experience":544094,"relics_obtained":[{"floor":3.0,"key":"Shovel"},{"floor":6.0,"key":"Smiling Mask"},{"floor":7.0,"key":"Paper Crane"},{"floor":9.0,"key":"MawBank"},{"floor":10.0,"key":"Bronze Scales"},{"floor":11.0,"key":"Potion Belt"},{"floor":13.0,"key":"Matryoshka"},{"floor":14.0,"key":"StrikeDummy"},{"floor":25.0,"key":"Orichalcum"},{"floor":26.0,"key":"Letter Opener"},{"floor":27.0,"key":"Regal Pillow"},{"floor":28.0,"key":"Bottled Lightning"},{"floor":28.0,"key":"Bag of Marbles"},{"floor":31.0,"key":"Pear"},{"floor":33.0,"key":"Vajra"},{"floor":37.0,"key":"Happy Flower"},{"floor":37.0,"key":"Eternal Feather"},{"floor":37.0,"key":"CaptainsWheel"},{"floor":46.0,"key":"Centennial Puzzle"},{"floor":46.0,"key":"Gremlin Horn"},{"floor":47.0,"key":"Ninja Scroll"},{"floor":48.0,"key":"Akabeko"},{"floor":49.0,"key":"Toy Ornithopter"},{"floor":51.0,"key":"Nunchaku"},{"floor":54,"key":"Boot"},{"floor":55,"key":"Shuriken"}],"event_choices":[{"cards_removed":["Strike_G"],"damage_healed":0.0,"max_hp_gain":0.0,"max_hp_loss":0.0,"gold_gain":0.0,"event_name":"The Cleric","player_choice":"Card Removal","floor":2.0,"gold_loss":50.0,"damage_taken":0.0},{"cards_removed":["Defend_G"],"damage_healed":0.0,"max_hp_gain":0.0,"max_hp_loss":0.0,"gold_gain":0.0,"event_name":"Purifier","player_choice":"Purged","floor":5.0,"gold_loss":0.0,"damage_taken":0.0},{"damage_healed":0.0,"max_hp_gain":0.0,"max_hp_loss":0.0,"gold_gain":0.0,"event_name":"Vampires","player_choice":"Ignored","floor":24.0,"gold_loss":0.0,"damage_taken":0.0},{"damage_healed":0.0,"max_hp_gain":0.0,"max_hp_loss":0.0,"gold_gain":0.0,"event_name":"Transmorgrifier","player_choice":"Ignored","floor":32.0,"gold_loss":0.0,"damage_taken":0.0},{"damage_healed":7.0,"max_hp_gain":0.0,"max_hp_loss":0.0,"gold_gain":0.0,"event_name":"Wheel of Change","player_choice":"Full Heal","floor":45.0,"gold_loss":0.0,"damage_taken":0.0}],"is_beta":false,"boss_relics":[{"not_picked":["SlaversCollar","WristBlade"],"picked":"Pandora\u0027s Box"},{"not_picked":["Snecko Eye","SacredBark"],"picked":"Calling Bell"}],"items_purged_floors":[22,23,29,39],"is_endless":false,"potions_floor_spawned":[7,8,11,15,25,27,30,38,42],"ascension_level":14}}