{"host":"njb27ds59h4j3ikk","time":1613499299,"event":{"mods":["AchievementEnabler","BaseMod","Better Altar","Better Match","Better Note","Better Sensory Stone","Better Skull","Better Third Choice","BetterRewards","Downfall","Hermit","Hubris","Minty Spire (QoL Compilation)","Permanent Neow","Quarter Circle Forward PUNCH!","Quick Restart","Rare Cards Sparkle","Replay The Spire","Shop Mod","StSLib","Trackpad","Transform Curses"],"gold_per_floor":[110,110,110,130,146,173,198,198,198,198,278,319,453,66,66,276,276,347,347,347,40,135,249,249,322,322,248,323,383,483,533,533,787,787,847,847,920,501,608,608,698,698,747,747,833,896,991,1041,1041,1171,1171,1171,297,389,514],"floor_reached":56,"language":"ENG","playtime":2930,"items_purged":[],"score":2184,"play_id":"59707277-21dc-4847-b848-b267ebacde6c","local_time":"20210216131459","is_ascension_mode":true,"campfire_choices":[{"floor":8.0,"key":"REST"},{"data":"hermit:Ricochet","floor":15.0,"key":"SMITH"},{"floor":24.0,"key":"REST"},{"floor":32.0,"key":"REST"},{"floor":40.0,"key":"RECALL"},{"data":"hermit:Dissolve","floor":42.0,"key":"SMITH"},{"data":"hermit:WideOpen","floor":44.0,"key":"SMITH"},{"data":"hermit:Quickdraw","floor":49.0,"key":"SMITH"},{"data":"Panacea","floor":52.0,"key":"SMITH"}],"circlet_count":0,"master_deck":["hermit:Strike_Hermit+1","hermit:Strike_Hermit+1","hermit:Strike_Hermit+1","hermit:Strike_Hermit+1","hermit:Defend_Hermit","hermit:Defend_Hermit","hermit:Defend_Hermit","hermit:Defend_Hermit","hermit:Snapshot","hermit:Covet","hermit:LowProfile+1","hermit:SprayPray+1","hermit:WideOpen+1","hermit:Ricochet+1","hermit:Quickdraw+1","hermit:EyeOfTheStorm","hermit:Reprieve","hermit:GoldenBullet","hermit:HighCaliber","hermit:Dissolve+1","hermit:ShadowCloak","hermit:DeadMansHand+1","hermit:HighNoon+1","hermit:Dive+1","hermit:FlashPowder","hermit:Maintenance+1","hermit:PistolWhip","hermit:Horror+1","hermit:Feint+1","hermit:HighCaliber+1","hermit:FinalCanter+1","AbeCurse","CurseOfTheBell","Bandage Up","hermit:Gestalt","Panacea+1","hermit:Brawl","hermit:Virtue+1","hermit:Horror+1","hermit:Horror+1","hermit:FatalDesire+1","hermit:Snipe+1","hermit:LuckOfTheDraw+1","hermit:Manifest+1","hermit:EyeOfTheStorm+1","hermit:Vantage+1","hermit:Deadeye+1","hubris:EnhanceAbility+1","Dark Shackles+1","Mind Blast+1","ReplayTheSpireMod:Brewmster+1","hermit:FlashPowder+1","hermit:Misfire"],"relics":["hermit:Momento","Replay:Bottled Eggs","Happy Flower","qcfpunch:Red_Headband","Replay:Bandana","ReplayTheSpireMod:Shallot","hubris:Towel","qcfpunch:White_Boots","Replay:Baseball","hubris:TerracottaHorce","hubris:Icosahedron","Bag of Marbles","hubris:SlimyHat","Guardian:PocketSentry","trackpad:BottledShadow","PreservedInsect","Golden Egg","Abe\u0027s Treasure","trackpad:Coffee","Calling Bell","CeramicFish","Onion Ring","qcfpunch:Duffel_Bag","MerchantsRug","Nunchaku","trackpad:CultistFigurine","qcfpunch:Red_Beret","trackpad:ByrdCharm","Pen Nib","InkBottle","Garlic","Anchor","ReplayTheSpireMod:ShopPack","Toy Ornithopter"],"acts_visited":["Exordium","TheCity","TheBeyond","TheEnding"],"potions_floor_usage":[55,55,55],"damage_taken":[{"damage":0.0,"enemies":"Cultist","floor":1.0,"turns":2.0},{"damage":1.0,"enemies":"Jaw Worm","floor":4.0,"turns":3.0},{"damage":0.0,"enemies":"Small Slimes","floor":5.0,"turns":2.0},{"damage":21.0,"enemies":"Lagavulin","floor":6.0,"turns":4.0},{"damage":0.0,"enemies":"Looter","floor":12.0,"turns":2.0},{"damage":19.0,"enemies":"3 Sentries","floor":13.0,"turns":7.0},{"damage":16.0,"enemies":"Slime Boss","floor":16.0,"turns":9.0},{"damage":0.0,"enemies":"Chosen","floor":18.0,"turns":3.0},{"damage":3.0,"enemies":"3 Byrds","floor":22.0,"turns":4.0},{"damage":22.0,"enemies":"Slavers","floor":23.0,"turns":5.0},{"damage":5.0,"enemies":"Cultist and Chosen","floor":25.0,"turns":4.0},{"damage":0.0,"enemies":"Replay:Snechameleon","floor":28.0,"turns":4.0},{"damage":0.0,"enemies":"Snecko","floor":29.0,"turns":5.0},{"damage":7.0,"enemies":"Gremlin Leader","floor":30.0,"turns":3.0},{"damage":6.0,"enemies":"Chosen and Byrds","floor":31.0,"turns":4.0},{"damage":26.0,"enemies":"Champ","floor":33.0,"turns":10.0},{"damage":0.0,"enemies":"Orb Walker","floor":35.0,"turns":2.0},{"damage":24.0,"enemies":"3 Shapes","floor":37.0,"turns":3.0},{"damage":0.0,"enemies":"Transient","floor":39.0,"turns":5.0},{"damage":0.0,"enemies":"R_Hoarder","floor":41.0,"turns":3.0},{"damage":0.0,"enemies":"Giant Head","floor":45.0,"turns":4.0},{"damage":0.0,"enemies":"Sphere and 2 Shapes","floor":46.0,"turns":3.0},{"damage":0.0,"enemies":"Reptomancer","floor":47.0,"turns":3.0},{"damage":0.0,"enemies":"Jaw Worm Horde","floor":48.0,"turns":1.0},{"damage":10.0,"enemies":"Awakened One","floor":50.0,"turns":7.0},{"damage":0.0,"enemies":"Shield and Spear","floor":54.0,"turns":2.0},{"damage":98,"enemies":"The Heart","floor":55,"turns":9}],"seed_played":"8488932752122176271","potions_obtained":[{"floor":4.0,"key":"Energy Potion"},{"floor":12.0,"key":"Venom Potion"},{"floor":16.0,"key":"SneckoOil"},{"floor":18.0,"key":"AttackPotion"},{"floor":23.0,"key":"SkillPotion"},{"floor":33.0,"key":"LifebloodPotion"},{"floor":35.0,"key":"LifebloodPotion"},{"floor":46.0,"key":"Swift Potion"},{"floor":48.0,"key":"AttackPotion"}],"is_trial":false,"path_per_floor":["M","?","?","M","M","E","T","R","T","?","?","M","E","$","R","B",null,"M","?","?","$","M","E","R","M","T","$","E","M","E","M","R","B",null,"M","?","M","$","M","R","E","R","T","R","E","M","E","M","R","B",null,"R","$","E","B",null],"character_chosen":"HERMIT","items_purchased":["Replay:Bottled Eggs","hermit:LowProfile+1","hermit:SprayPray","Swift Potion","hermit:HighCaliber","Replay:Baseball","hermit:Dissolve","hermit:ShadowCloak","Bag of Marbles","hubris:SlimyHat","hermit:PistolWhip","MerchantsRug","hermit:Virtue","hermit:Horror","Nunchaku","hermit:FatalDesire","Garlic","Anchor","ReplayTheSpireMod:ShopPack","hermit:BlackBile","SteroidPotion","FearPotion","ReplayTheSpireMod:Brewmster","hermit:FlashPowder"],"campfire_rested":3,"item_purchase_floors":[0,0,0,0,14,14,14,14,21,21,27,38,38,38,38,38,53,53,53,53,53,53,53,53],"current_hp_per_floor":[75,75,60,59,59,38,38,60,60,60,60,60,41,41,41,25,63,63,63,63,63,60,38,60,55,55,55,55,55,48,42,64,49,69,69,85,65,65,77,77,77,77,77,77,81,85,85,85,85,85,85,85,85,85,9],"gold":514,"neow_bonus":"","is_daily":false,"chose_seed":false,"campfire_upgraded":5,"win_rate":0.0,"timestamp":1613499299,"path_taken":["M","?","?","M","?","E","?","R","T","?","?","M","E","$","R","BOSS","M","?","?","?","M","E","R","?","T","$","E","M","E","M","R","BOSS","M","?","M","$","M","R","E","R","T","R","E","M","E","?","R","BOSS","R","$","E","BOSS"],"items_purchased_type":["Relic","Card","Card","Potion","Card","Relic","Card","Card","Relic","Relic","Card","Relic","Card","Card","Relic","Card","Relic","Relic","Relic","Potion","Potion","Potion","Card","Card"],"build_version":"2020-12-22","purchased_purges":0,"victory":true,"max_hp_per_floor":[75,75,75,75,75,75,75,75,75,75,75,75,75,75,75,75,75,75,75,75,75,75,75,75,75,75,75,75,75,75,75,75,75,75,75,85,85,85,85,85,85,85,85,85,85,85,85,85,85,85,85,85,85,85,85],"card_choices":[{"not_picked":["hermit:Feint","hermit:Roulette"],"picked":"hermit:WideOpen","floor":1.0},{"not_picked":["hermit:LowProfile","hermit:ItchyTrigger"],"picked":"hermit:Ricochet","floor":4.0},{"not_picked":["hermit:LowProfile","hermit:Brawl"],"picked":"hermit:Quickdraw","floor":5.0},{"not_picked":["hermit:Ricochet","hermit:HoleUp"],"picked":"hermit:EyeOfTheStorm","floor":6.0},{"not_picked":["hermit:Manifest","hermit:TakeAim"],"picked":"hermit:Reprieve","floor":12.0},{"not_picked":["hermit:EyeOfTheStorm","hermit:WideOpen"],"picked":"hermit:GoldenBullet","floor":13.0},{"not_picked":["hermit:EternalForm","hermit:Dissolve"],"picked":"hermit:HighNoon","floor":16.0},{"not_picked":["hermit:ShadowCloak","hermit:Headshot"],"picked":"hermit:DeadMansHand+1","floor":18.0},{"not_picked":["hermit:BodyArmor","hermit:Misfire"],"picked":"hermit:Dive+1","floor":22.0},{"not_picked":["hermit:Spite","hermit:Scavenge"],"picked":"hermit:FlashPowder","floor":23.0},{"not_picked":["hermit:Horror","hermit:HighCaliber"],"picked":"hermit:Maintenance+1","floor":25.0},{"not_picked":["hermit:Dive","hermit:Shortfuse"],"picked":"hermit:Horror+1","floor":28.0},{"not_picked":["hermit:Coalescence","hermit:Maintenance"],"picked":"hermit:Feint+1","floor":29.0},{"not_picked":["hermit:Deadeye","hermit:SprayPray"],"picked":"hermit:HighCaliber+1","floor":30.0},{"not_picked":["hermit:Grudge","hermit:Horror","hermit:ItchyTrigger"],"picked":"SKIP","floor":31.0},{"not_picked":["hermit:FromBeyond","hermit:HighNoon"],"picked":"hermit:FinalCanter","floor":33.0},{"not_picked":[],"picked":"Bandage Up","floor":35.0},{"not_picked":["hermit:Cheat","hermit:Enervate"],"picked":"hermit:Gestalt","floor":35.0},{"not_picked":[],"picked":"Panacea","floor":37.0},{"not_picked":["hermit:Midnight","hermit:Vantage"],"picked":"hermit:Brawl","floor":37.0},{"not_picked":["hermit:LowProfile+1","hermit:LoneWolf"],"picked":"hermit:Snipe+1","floor":39.0},{"not_picked":["hermit:GoldenBullet","hermit:ShadowCloak+1"],"picked":"hermit:LuckOfTheDraw+1","floor":41.0},{"not_picked":["hermit:Combo","hermit:Vantage"],"picked":"hermit:Manifest+1","floor":45.0},{"not_picked":["hermit:Spite+1","hermit:Combo+1"],"picked":"hermit:EyeOfTheStorm+1","floor":46.0},{"not_picked":["hermit:HoleUp","hermit:WideOpen"],"picked":"hermit:Vantage+1","floor":47.0},{"not_picked":["hermit:HoleUp+1","hermit:SprayPray+1"],"picked":"hermit:Deadeye+1","floor":48.0},{"not_picked":["Metamorphosis","Secret Technique"],"picked":"hubris:EnhanceAbility","floor":53.0},{"not_picked":["Impatience","Jack Of All Trades"],"picked":"Dark Shackles","floor":53.0},{"not_picked":["PanicButton","Blind"],"picked":"Mind Blast","floor":53.0},{"not_picked":["hermit:LowProfile+1","hermit:Vantage+1"],"picked":"hermit:Misfire","floor":54.0}],"player_experience":1363102,"relics_obtained":[{"floor":6.0,"key":"qcfpunch:Red_Headband"},{"floor":7.0,"key":"Replay:Bandana"},{"floor":9.0,"key":"ReplayTheSpireMod:Shallot"},{"floor":13.0,"key":"qcfpunch:White_Boots"},{"floor":23.0,"key":"Guardian:PocketSentry"},{"floor":26.0,"key":"trackpad:BottledShadow"},{"floor":28.0,"key":"PreservedInsect"},{"floor":30.0,"key":"Golden Egg"},{"floor":34.0,"key":"CeramicFish"},{"floor":34.0,"key":"Onion Ring"},{"floor":34.0,"key":"qcfpunch:Duffel_Bag"},{"floor":39.0,"key":"trackpad:CultistFigurine"},{"floor":41.0,"key":"qcfpunch:Red_Beret"},{"floor":41.0,"key":"trackpad:ByrdCharm"},{"floor":45.0,"key":"Pen Nib"},{"floor":47.0,"key":"InkBottle"},{"floor":54.0,"key":"Toy Ornithopter"}],"event_choices":[{"damage_healed":0.0,"max_hp_gain":0.0,"max_hp_loss":0.0,"gold_gain":0.0,"event_name":"Living Wall","player_choice":"Grow","floor":2.0,"gold_loss":0.0,"damage_taken":0.0,"cards_upgraded":["hermit:SprayPray"]},{"damage_healed":0.0,"max_hp_gain":0.0,"max_hp_loss":0.0,"gold_gain":0.0,"event_name":"betterSkull:BetterSkull","player_choice":"RE ","floor":3.0,"gold_loss":0.0,"damage_taken":17.0,"cards_upgraded":[],"relics_obtained":["Happy Flower"]},{"damage_healed":0.0,"max_hp_gain":0.0,"max_hp_loss":0.0,"gold_gain":80.0,"event_name":"Golden Wing","player_choice":"Gained Gold","floor":11.0,"gold_loss":0.0,"damage_taken":0.0},{"cards_removed":["hermit:DeadMansHand"],"damage_healed":0.0,"max_hp_gain":0.0,"max_hp_loss":0.0,"gold_gain":0.0,"event_name":"betterNote:BetterNote","player_choice":"Take \u0026 Give","floor":19.0,"gold_loss":0.0,"damage_taken":0.0,"cards_obtained":["hermit:HighNoon"]},{"cards_removed":["hermit:HighNoon"],"damage_healed":6.0,"max_hp_gain":10.0,"max_hp_loss":0.0,"gold_gain":0.0,"event_name":"Bonfire Elementals","player_choice":"Offered Rare","floor":36.0,"gold_loss":0.0,"damage_taken":0.0}],"is_beta":false,"boss_relics":[{"not_picked":["Empty Cage","qcfpunch:Crimson_Sash"],"picked":"hubris:TerracottaHorce"},{"not_picked":["hubris:BlackHole","ChewingGum"],"picked":"Replay:Grab Bag"},{"not_picked":["ReplayTheSpireMod:Onyx Gauntlets","Replay:Wanted Poster"],"picked":"Abe\u0027s Treasure"},{"not_picked":["hubris:VirtuousBlindfold","hubris:RunicObelisk"],"picked":"trackpad:Coffee"},{"not_picked":["trackpad:StolenKidneys","SacredBark"],"picked":"Calling Bell"}],"items_purged_floors":[],"is_endless":false,"potions_floor_spawned":[4,12,16,18,23,29,33,35,41,46,48],"ascension_level":6}}