{"host":"ifd7sfhtlbe34qll","time":1613519255,"event":{"mods":["2.2 Compatiblity","Act Like it!","Ascension Unlocker","BaseMod","Block Reminder","Colored Map","Curses Come First","Downfall","Highlight Path","Minty Spire (QoL Compilation)","Potion Indicator Mod","Quick Restart","Random Character Button","Relic Stats","StSLib","SuperFastMode"],"gold_per_floor":[99,113,129,129,148,180,231,243,243,70,96,111,122,151,164,164,164,164],"floor_reached":16,"language":"ENG","playtime":932,"items_purged":["Slimebound:Strike_Slimebound"],"score":248,"play_id":"2b8c87aa-a064-44ee-aa74-d3f729685835","local_time":"20210216174735","is_ascension_mode":true,"campfire_choices":[{"data":"Slimebound:Split","floor":1,"key":"SMITH"},{"data":"Slimebound:CorrosiveSpit","floor":9,"key":"SMITH"}],"circlet_count":0,"master_deck":["AscendersBane","Slimebound:Strike_Slimebound","Slimebound:Strike_Slimebound","Slimebound:Tackle","Slimebound:Defend_Slimebound","Slimebound:Defend_Slimebound","Slimebound:Defend_Slimebound","Slimebound:Split+1","Slimebound:CorrosiveSpit+1","Slimebound:Prepare","Slimebound:GrowthPunch","Slimebound:Split+1","Slimebound:Repurpose","Slimebound:FinishingTackle","Slimebound:SplitMire","Slimebound:ViciousTackle","Slimebound:RallyTheTroops","Slimebound:SplitSpecialist","Slimebound:LevelUp","Slimebound:Gluttony","Slimebound:LeechLife"],"relics":["Slimebound:AbsorbEndCombat","Boot","Torii","Blood Vial"],"acts_visited":["Exordium"],"potions_floor_usage":[6,6,11,14,16],"damage_taken":[{"damage":10,"enemies":"Small Slimes","floor":2,"turns":4},{"damage":1,"enemies":"Cultist","floor":3,"turns":4},{"damage":2,"enemies":"Jaw Worm","floor":5,"turns":3},{"damage":5,"enemies":"Lagavulin","floor":6,"turns":6},{"damage":9,"enemies":"Large Slime","floor":8,"turns":5},{"damage":1,"enemies":"downfall:FleeingMerchant","floor":10,"turns":4},{"damage":4,"enemies":"Gremlin Nob","floor":11,"turns":3},{"damage":22,"enemies":"Exordium Thugs","floor":12,"turns":4},{"damage":4,"enemies":"3 Louse","floor":13,"turns":3},{"damage":12,"enemies":"3 Sentries","floor":14,"turns":5},{"damage":8,"enemies":"2 Fungi Beasts","floor":15,"turns":3},{"damage":38,"enemies":"IC_STATUS_ARCHETYPE","floor":16,"turns":4}],"seed_played":"-6527517366487108704","potions_obtained":[{"floor":2,"key":"Slimebound:SlimyTonguePotion"},{"floor":3,"key":"EntropicBrew"},{"floor":12,"key":"EssenceOfSteel"},{"floor":14,"key":"SteroidPotion"},{"floor":15,"key":"Strength Potion"}],"is_trial":false,"path_per_floor":["R","M","M","?","M","E","T","M","R","$","E","M","M","E","M","B"],"character_chosen":"SLIMEBOUND","items_purchased":["Slimebound:RallyTheTroops"],"campfire_rested":0,"item_purchase_floors":[10],"current_hp_per_floor":[53,47,52,52,58,58,58,56,56,59,57,39,41,31,31,0,0,0],"gold":164,"neow_bonus":"REMOVE_CARD","is_daily":false,"chose_seed":false,"campfire_upgraded":2,"win_rate":0.0,"timestamp":1613519255,"path_taken":["R","M","M","?","M","E","T","M","R","$","E","?","M","E","M","BOSS"],"items_purchased_type":["Card"],"build_version":"2020-12-22","purchased_purges":1,"victory":false,"max_hp_per_floor":[59,59,59,59,59,59,59,59,59,59,59,59,59,59,59,59,59,59],"relic_stats":{"Blood Vial":4,"Torii":9,"counters":[12,45],"Boot":[0],"obtain_stats":[{"Blood Vial":14,"Torii":11,"Slimebound:AbsorbEndCombat":0,"Boot":6},{"Blood Vial":10,"Torii":7,"Slimebound:AbsorbEndCombat":0,"Boot":4},{"Blood Vial":39,"Torii":28,"Slimebound:AbsorbEndCombat":0,"Boot":16}]},"card_choices":[{"not_picked":["Slimebound:ServeAndProtect","Slimebound:HauntingLick"],"picked":"Slimebound:Prepare","floor":2},{"not_picked":["Slimebound:SplitBruiser","Slimebound:Repurpose"],"picked":"Slimebound:GrowthPunch","floor":3},{"not_picked":["Slimebound:SplitMire","Slimebound:SlimeSpikes"],"picked":"Slimebound:Repurpose","floor":5},{"not_picked":["Slimebound:SplitLeeching","Slimebound:SplitAcid"],"picked":"Slimebound:FinishingTackle","floor":6},{"not_picked":["Slimebound:FinishingTackle","Slimebound:Grow"],"picked":"Slimebound:SplitMire","floor":8},{"not_picked":["Slimebound:SplitAcid","Slimebound:FinishingTackle"],"picked":"Slimebound:ViciousTackle","floor":10},{"not_picked":["Slimebound:TongueLash","Slimebound:LivingWall"],"picked":"Slimebound:SplitSpecialist","floor":11},{"not_picked":["Slimebound:SamplingLick","Slimebound:LeechingTouch"],"picked":"Slimebound:LevelUp","floor":12},{"not_picked":["Slimebound:Repurpose","Slimebound:Schlurp"],"picked":"Slimebound:Gluttony","floor":13},{"not_picked":["Slimebound:LevelUp","Slimebound:GoopSpray"],"picked":"Slimebound:LeechLife","floor":14},{"not_picked":["Slimebound:LeechEnergy","Slimebound:RollThrough","Slimebound:SplitBruiser"],"picked":"SKIP","floor":15}],"player_experience":1738713,"relics_obtained":[{"floor":6,"key":"Boot"},{"floor":11,"key":"Torii"},{"floor":14,"key":"Blood Vial"}],"event_choices":[],"is_beta":false,"boss_relics":[],"items_purged_floors":[10],"is_endless":false,"potions_floor_spawned":[2,3,8,12,14,15],"killed_by":"IC_STATUS_ARCHETYPE","ascension_level":20}}