{"host":"bor2qt8pkh75ni8l","time":1613476138,"event":{"mods":["Act Like it!","BaseMod","Downfall","Minty Spire (QoL Compilation)","StSLib"],"gold_per_floor":[0,12,312,312,412,93,118,118,169,34,51,80,15,15,29,29,29,29],"floor_reached":16,"language":"ENG","playtime":743,"items_purged":["downfall:Icky","sneckomod:Strike","sneckomod:Defend"],"score":96,"play_id":"f06cfe51-cc54-4282-8deb-135674934e51","local_time":"20210216034858","is_ascension_mode":false,"campfire_choices":[{"data":"sneckomod:UnknownRareAttack","floor":1,"key":"SMITH"}],"circlet_count":0,"master_deck":["sneckomod:Strike","sneckomod:Strike","sneckomod:Defend","sneckomod:Defend","sneckomod:TailWhip","sneckomod:SnekBite","sneckomod:Unknown","sneckomod:Unknown","sneckomod:UnknownRareAttack+1","sneckomod:UnknownUncommonPower","sneckomod:WideSting","sneckomod:SnakeSap","bronze:Break+1","sneckomod:UnknownWeak","sneckomod:SerpentIdol","sneckomod:CheapStock","sneckomod:UnknownRareSkill","sneckomod:UnknownVulnerable"],"relics":["sneckomod:SneckoSoul","DollysMirror","MealTicket","Smiling Mask","Centennial Puzzle","Meat on the Bone"],"acts_visited":["Exordium"],"potions_floor_usage":[],"damage_taken":[{"damage":4,"enemies":"Small Slimes","floor":2,"turns":3},{"damage":0,"enemies":"downfall:FleeingMerchant","floor":6,"turns":4},{"damage":10,"enemies":"downfall:FleeingMerchant","floor":10,"turns":4},{"damage":0,"enemies":"2 Louse","floor":11,"turns":2},{"damage":37,"enemies":"3 Sentries","floor":12,"turns":5},{"damage":20,"enemies":"downfall:FleeingMerchant","floor":13,"turns":4},{"damage":0,"enemies":"Cultist","floor":15,"turns":3},{"damage":61,"enemies":"DF_ARCHETYPE_STREAMLINE","floor":16,"turns":6}],"seed_played":"1727556387654038343","potions_obtained":[{"floor":11,"key":"Strength Potion"},{"floor":12,"key":"PowerPotion"}],"is_trial":false,"path_per_floor":["R","M","?","?","?","$","T","R","T","$","M","E","$","?","M","B"],"character_chosen":"THE_SNECKO","items_purchased":["DollysMirror","sneckomod:SnakeSap","sneckomod:SerpentIdol"],"campfire_rested":0,"item_purchase_floors":[6,6,10],"current_hp_per_floor":[90,86,86,86,86,86,86,86,86,80,80,43,38,35,47,0,0,0],"gold":29,"neow_bonus":"THREE_RARE_CARDS","is_daily":false,"chose_seed":false,"campfire_upgraded":1,"win_rate":0.0,"timestamp":1613476138,"path_taken":["R","M","?","?","?","?","T","R","?","$","M","E","$","?","M","BOSS"],"items_purchased_type":["Relic","Card","Card"],"build_version":"2020-12-22","purchased_purges":3,"victory":false,"max_hp_per_floor":[90,90,90,90,90,90,90,90,90,90,90,90,90,90,90,90,90,90],"card_choices":[{"not_picked":["sneckomod:UnknownRarePower","sneckomod:Unknown3Cost"],"picked":"sneckomod:UnknownRareAttack","floor":0},{"not_picked":["sneckomod:Rotation","sneckomod:ImprovisedAttack"],"picked":"sneckomod:UnknownUncommonPower","floor":2},{"not_picked":["sneckomod:SoulRoll","sneckomod:UnknownBlock"],"picked":"sneckomod:WideSting","floor":6},{"not_picked":["sneckomod:Unknown1Cost","sneckomod:SoulCleanse"],"picked":"sneckomod:UnknownWeak","floor":10},{"not_picked":["sneckomod:UnknownCommonAttack","sneckomod:IronFang"],"picked":"sneckomod:CheapStock","floor":11},{"not_picked":["sneckomod:CheapStock","sneckomod:QuickBite"],"picked":"sneckomod:UnknownRareSkill","floor":12},{"not_picked":["sneckomod:SoulRoll","sneckomod:Nope","sneckomod:SoulCleanse"],"picked":"SKIP","floor":13},{"not_picked":["sneckomod:QuickBite","sneckomod:Unknown2Cost"],"picked":"sneckomod:UnknownVulnerable","floor":15}],"player_experience":608432,"relics_obtained":[{"floor":7,"key":"MealTicket"},{"floor":9,"key":"Smiling Mask"},{"floor":12,"key":"Centennial Puzzle"}],"event_choices":[{"cards_removed":["downfall:Icky"],"damage_healed":0,"gold_gain":0,"player_choice":"Card Removal","damage_taken":0,"max_hp_gain":0,"max_hp_loss":0,"event_name":"The Cleric","floor":4,"gold_loss":0},{"damage_healed":0,"gold_gain":0,"player_choice":"Success","damage_taken":3,"relics_obtained":["Meat on the Bone"],"max_hp_gain":0,"max_hp_loss":0,"event_name":"Scrap Ooze","floor":14,"gold_loss":0}],"is_beta":false,"boss_relics":[],"items_purged_floors":[6,10,13],"is_endless":false,"potions_floor_spawned":[11,12],"killed_by":"DF_ARCHETYPE_STREAMLINE","ascension_level":0}}