{"host":"9rehsd5oi9uaydbk","time":1613456526,"event":{"mods":["AchievementEnabler","Act Like it!","Aspiration","BaseMod","Better Third Choice","Colored Powertips","Curses Come First","Downfall","Hermit","Hubris","Jorbs\u0027s Wanderer Trilogy","Minty Spire (QoL Compilation)","StSLib","The Marked","The Runesmith"],"gold_per_floor":[109,109,41,41,58,58,87,87,140,140,154,49,49,49,49,148,148,166,186,285,285,285,285,295,295,295],"floor_reached":25,"language":"ENG","playtime":816,"items_purged":[],"score":197,"play_id":"2d36d1b8-fa33-4272-bc13-26c3a2e3c6ae","local_time":"20210216012206","is_ascension_mode":false,"campfire_choices":[{"data":"theMarked:Seal","floor":6,"key":"SMITH"},{"data":"theMarked:SoldierOfQuellstein","floor":8,"key":"SMITH"},{"data":"theMarked:Heritage","floor":10,"key":"SMITH"},{"data":"theMarked:Aftermath","floor":15,"key":"SMITH"},{"floor":23,"key":"REST"}],"circlet_count":0,"master_deck":["theMarked:Strike","theMarked:Strike","theMarked:Strike","theMarked:Strike","theMarked:Strike","theMarked:Defend","theMarked:Defend","theMarked:Defend","theMarked:Defend","theMarked:SoldierOfQuellstein+1","theMarked:CreepingChasm","theMarked:Memento+1","theMarked:Heritage+1","theMarked:Seal+1","theMarked:BanishingStrike+1","theMarked:Aftermath+1","theMarked:BiggerThanFate","theMarked:EmpowerWeapon","theMarked:EmpowerWeapon+1","theMarked:Memento"],"relics":["theMarked:ArtifactOfAir","aspiration:Nostalgia","Runesmith:BrokenRuby","Juzu Bracelet","Lantern","theMarked:SpiritSword","hubris:Towel"],"acts_visited":["Exordium","TheCity"],"potions_floor_usage":[7,16,16,25],"damage_taken":[{"damage":1,"enemies":"Jaw Worm","floor":1,"turns":3},{"damage":1,"enemies":"2 Louse","floor":5,"turns":2},{"damage":8,"enemies":"Lagavulin","floor":7,"turns":5},{"damage":0,"enemies":"Cultist","floor":11,"turns":2},{"damage":15,"enemies":"Slime Boss","floor":16,"turns":9},{"damage":2,"enemies":"Shell Parasite","floor":18,"turns":4},{"damage":25,"enemies":"2 Thieves","floor":19,"turns":3},{"damage":9,"enemies":"Centurion and Healer","floor":24,"turns":5},{"damage":56,"enemies":"Gremlin Leader","floor":25,"turns":6}],"seed_played":"8051672898364989214","potions_obtained":[{"floor":5,"key":"FearPotion"},{"floor":7,"key":"Fire Potion"},{"floor":19,"key":"sneckomod:MuddlingPotion"},{"floor":24,"key":"SpeedPotion"}],"is_trial":false,"path_per_floor":["M","?","$","?","M","R","E","R","T","R","M","$","?","?","R","B",null,"M","M","?","?","?","R","M","E"],"character_chosen":"THE_DEFAULT","items_purchased":["theMarked:Heritage","theMarked:Aftermath","PowerPotion"],"campfire_rested":1,"item_purchase_floors":[3,12,12],"current_hp_per_floor":[69,69,69,69,68,68,60,60,60,60,60,60,60,60,60,45,70,68,43,43,43,43,64,55,0,0],"gold":295,"neow_bonus":"NOSTALGIA","is_daily":false,"chose_seed":false,"campfire_upgraded":4,"win_rate":0.0,"timestamp":1613456526,"path_taken":["M","?","$","?","M","R","E","R","T","R","M","$","?","?","R","BOSS","M","M","?","?","?","R","M","E"],"items_purchased_type":["Card","Card","Potion"],"build_version":"2020-12-22","purchased_purges":0,"victory":false,"max_hp_per_floor":[70,70,70,70,70,70,70,70,70,70,70,70,70,70,70,70,70,70,70,70,70,70,70,70,70,70],"card_choices":[{"not_picked":["theMarked:TakeCover","theMarked:Improvise"],"picked":"theMarked:CreepingChasm","floor":1},{"not_picked":["theMarked:ChainLightning","theMarked:RepellingDischarge"],"picked":"theMarked:Seal","floor":5},{"not_picked":["theMarked:TakeCover","theMarked:ShockingTouch","theMarked:TurnInvisible"],"picked":"SKIP","floor":7},{"not_picked":["theMarked:OneWithTheBlade","theMarked:AttractMetal"],"picked":"theMarked:BanishingStrike","floor":11},{"not_picked":["theMarked:UnarmedFury","theMarked:DispelDoubt"],"picked":"theMarked:BiggerThanFate","floor":16},{"not_picked":["theMarked:Aftermath+1","theMarked:ChainLightning"],"picked":"theMarked:EmpowerWeapon","floor":18},{"not_picked":["theMarked:GodGivenPower+1","theMarked:EnhanceMovement"],"picked":"theMarked:EmpowerWeapon+1","floor":19},{"not_picked":["theMarked:Parkour","theMarked:EmpowerWeapon+1"],"picked":"theMarked:Memento","floor":24}],"player_experience":210695,"relics_obtained":[{"floor":7,"key":"Juzu Bracelet"},{"floor":9,"key":"Lantern"}],"event_choices":[{"damage_healed":0,"gold_gain":0,"player_choice":"Grow","damage_taken":0,"max_hp_gain":0,"max_hp_loss":0,"event_name":"Living Wall","floor":4,"gold_loss":0,"cards_upgraded":["theMarked:Memento"]},{"damage_healed":0,"gold_gain":0,"player_choice":"Ignored","damage_taken":0,"max_hp_gain":0,"max_hp_loss":0,"event_name":"Transmorgrifier","floor":13,"gold_loss":0},{"damage_healed":0,"gold_gain":0,"player_choice":"Upgraded","damage_taken":0,"max_hp_gain":0,"max_hp_loss":0,"event_name":"Upgrade Shrine","floor":14,"gold_loss":0,"cards_upgraded":["theMarked:BanishingStrike"]},{"damage_healed":0,"gold_gain":99,"player_choice":"Steal","damage_taken":0,"max_hp_gain":0,"max_hp_loss":0,"event_name":"betterThird:BetterNest","floor":20,"gold_loss":0},{"damage_healed":0,"gold_gain":0,"player_choice":"Ignored","damage_taken":0,"max_hp_gain":0,"max_hp_loss":0,"event_name":"Transmorgrifier","floor":21,"gold_loss":0}],"is_beta":false,"boss_relics":[{"not_picked":["bronze:MakeshiftBattery","aspiration:DefectSkillbook"],"picked":"theMarked:SpiritSword"}],"items_purged_floors":[],"is_endless":false,"potions_floor_spawned":[5,7,19,24],"killed_by":"Gremlin Leader","ascension_level":0}}