{"host":"iudiqz5bwex5meyb","time":1613495075,"event":{"mods":["AchievementEnabler","BaseMod","Block Reminder","Colored Map","Minty Spire (QoL Compilation)","StSLib","ojb\u0027s Better Paths Mod","ojb\u0027s Info Mod"],"gold_per_floor":[110,127,127,141,152,182,182,208,235,235,248,260,29,40,40,139,139,129,143,143,154,29,54,54,65,65,97,97,97],"floor_reached":28,"language":"ENG","playtime":3676,"items_purged":["Strike_G"],"score":371,"play_id":"5d6d6a81-77e8-497a-9bb0-7b1286a139ab","local_time":"20210216110435","is_ascension_mode":true,"campfire_choices":[{"data":"Noxious Fumes","floor":7,"key":"SMITH"},{"data":"Outmaneuver","floor":10,"key":"SMITH"},{"data":"Crippling Poison","floor":15,"key":"SMITH"},{"data":"Burst","floor":24,"key":"SMITH"}],"circlet_count":0,"master_deck":["Strike_G","Strike_G","Strike_G","Strike_G","Defend_G","Defend_G","Defend_G","Defend_G","Defend_G","Survivor","Neutralize","Blur","Deflect","Noxious Fumes+1","Deadly Poison","Outmaneuver+1","Blur","Backflip","Footwork","Crippling Poison+1","Burst+1","Acrobatics","Prepared","Backflip+1","Escape Plan","Doubt"],"relics":["Ring of the Snake","NeowsBlessing","Bronze Scales","Toy Ornithopter","Art of War","Cursed Key","Vajra","Tiny Chest","Matryoshka"],"acts_visited":["Exordium","TheCity"],"potions_floor_usage":[6,6,12,14,16,18,19,21,23,23,25,28,28],"damage_taken":[{"damage":0,"enemies":"Small Slimes","floor":1,"turns":1},{"damage":0,"enemies":"Cultist","floor":2,"turns":1},{"damage":0,"enemies":"2 Louse","floor":4,"turns":1},{"damage":16,"enemies":"Gremlin Gang","floor":5,"turns":5},{"damage":19,"enemies":"Lagavulin","floor":6,"turns":7},{"damage":18,"enemies":"3 Sentries","floor":8,"turns":6},{"damage":0,"enemies":"2 Fungi Beasts","floor":11,"turns":4},{"damage":5,"enemies":"Lots of Slimes","floor":12,"turns":5},{"damage":1,"enemies":"Exordium Wildlife","floor":14,"turns":6},{"damage":7,"enemies":"Hexaghost","floor":16,"turns":10},{"damage":20,"enemies":"2 Thieves","floor":18,"turns":4},{"damage":10,"enemies":"3 Byrds","floor":19,"turns":4},{"damage":0,"enemies":"3 Cultists","floor":21,"turns":5},{"damage":0,"enemies":"Book of Stabbing","floor":23,"turns":5},{"damage":17,"enemies":"Snake Plant","floor":25,"turns":4},{"damage":35,"enemies":"Gremlin Leader","floor":27,"turns":6},{"damage":18,"enemies":"Cultist and Chosen","floor":28,"turns":5}],"seed_played":"-5002146872471526764","potions_obtained":[{"floor":1,"key":"Dexterity Potion"},{"floor":4,"key":"Poison Potion"},{"floor":5,"key":"CunningPotion"},{"floor":8,"key":"Poison Potion"},{"floor":16,"key":"Block Potion"},{"floor":18,"key":"Swift Potion"},{"floor":20,"key":"Explosive Potion"},{"floor":20,"key":"AttackPotion"},{"floor":23,"key":"Ancient Potion"},{"floor":27,"key":"BlessingOfTheForge"}],"is_trial":false,"path_per_floor":["M","M","?","M","M","E","R","E","T","R","M","M","$","M","R","B",null,"M","M","?","M","$","E","R","M","T","E","M"],"character_chosen":"THE_SILENT","items_purchased":["SpeedPotion","BlessingOfTheForge","BlessingOfTheForge","Footwork","Fire Potion"],"campfire_rested":0,"item_purchase_floors":[13,13,13,13,22],"current_hp_per_floor":[70,70,70,70,54,35,35,17,17,17,17,17,17,21,21,19,57,42,37,37,42,42,52,52,40,40,5,0,0],"gold":97,"neow_bonus":"THREE_ENEMY_KILL","is_daily":false,"chose_seed":false,"campfire_upgraded":4,"win_rate":0.0,"timestamp":1613495075,"path_taken":["M","M","?","M","M","E","R","E","T","R","?","M","$","M","R","BOSS","M","M","?","M","$","E","R","?","T","E","M"],"items_purchased_type":["Potion","Potion","Potion","Card","Potion"],"build_version":"2020-12-22","purchased_purges":1,"victory":false,"max_hp_per_floor":[70,70,70,70,70,70,70,70,70,70,70,70,70,70,70,70,70,70,70,70,70,70,70,70,70,70,70,70,70],"card_choices":[{"not_picked":["Leg Sweep","Calculated Gamble"],"picked":"Blur","floor":1},{"not_picked":["Underhanded Strike","Backstab"],"picked":"Deflect","floor":2},{"not_picked":["Dodge and Roll","Accuracy"],"picked":"Noxious Fumes","floor":4},{"not_picked":["Endless Agony","PiercingWail"],"picked":"Deadly Poison","floor":5},{"not_picked":["Slice","Sucker Punch"],"picked":"Outmaneuver","floor":6},{"not_picked":["Cloak And Dagger","Setup"],"picked":"Blur","floor":8},{"not_picked":["Quick Slash","Storm of Steel","Sucker Punch"],"picked":"SKIP","floor":11},{"not_picked":["Prepared","Outmaneuver"],"picked":"Backflip","floor":12},{"not_picked":["Dagger Spray","Dagger Throw"],"picked":"Crippling Poison","floor":14},{"not_picked":["Bullet Time","Malaise"],"picked":"Burst","floor":16},{"not_picked":["Deflect","Flying Knee+1"],"picked":"Acrobatics","floor":18},{"not_picked":["Flying Knee","Finisher"],"picked":"Prepared","floor":19},{"not_picked":["Dagger Spray","Heel Hook"],"picked":"Backflip+1","floor":21},{"not_picked":["Cloak And Dagger+1","Backflip"],"picked":"Escape Plan","floor":23},{"not_picked":["Dagger Throw+1","Dagger Spray","Flechettes"],"picked":"SKIP","floor":25},{"not_picked":["Flechettes+1","Predator","Quick Slash"],"picked":"SKIP","floor":27}],"player_experience":283798,"relics_obtained":[{"floor":6,"key":"Toy Ornithopter"},{"floor":8,"key":"Art of War"},{"floor":23,"key":"Vajra"},{"floor":26,"key":"Tiny Chest"},{"floor":27,"key":"Matryoshka"}],"event_choices":[{"damage_healed":0,"gold_gain":0,"player_choice":"Gave Potion","damage_taken":0,"relics_obtained":["Bronze Scales"],"max_hp_gain":0,"max_hp_loss":0,"event_name":"WeMeetAgain","floor":3,"gold_loss":0},{"damage_healed":0,"gold_gain":0,"player_choice":"Got Potions","damage_taken":0,"max_hp_gain":0,"max_hp_loss":0,"event_name":"Lab","floor":20,"gold_loss":0}],"is_beta":false,"boss_relics":[{"not_picked":["Ectoplasm","WristBlade"],"picked":"Cursed Key"}],"items_purged_floors":[22],"is_endless":false,"potions_floor_spawned":[1,4,5,8,16,18,23,27],"killed_by":"Cultist and Chosen","ascension_level":5}}