{"host":"4nv61ujg37lx5d7m","time":1613482914,"event":{"mods":["BaseMod","Minty Spire (QoL Compilation)","Quick Restart"],"gold_per_floor":[119,119,119,138,153,184,184,212,212,387,413,433,433,64,64,161,161,181,192,192,206,31,64,163,163,163,177,202,202,214,243,243,344,344,363,83,102,114,114,114,146,146,171,221,239,258,278,308,308,308,308,308,15,50,50],"floor_reached":56,"language":"ZHS","playtime":3899,"items_purged":["Doubt","Writhe","Shame","Strike_R"],"score":1650,"play_id":"258126ad-864c-47d9-9a9d-1fced735e5e0","local_time":"20210216214154","is_ascension_mode":true,"campfire_choices":[{"data":"Shockwave","floor":7.0,"key":"SMITH"},{"floor":13.0,"key":"REST"},{"data":"True Grit","floor":15.0,"key":"SMITH"},{"data":"Rupture","floor":32.0,"key":"SMITH"},{"data":"Heavy Blade","floor":40,"key":"SMITH"},{"data":"Juggernaut","floor":42,"key":"SMITH"},{"floor":49,"key":"RECALL"},{"data":"Second Wind","floor":52,"key":"SMITH"}],"circlet_count":0,"master_deck":["Strike_R","Strike_R","Strike_R","Defend_R","Defend_R","Defend_R+1","Bash+1","Hemokinesis","Heavy Blade+1","Shockwave+1","Rupture+1","Metallicize","Evolve","Fire Breathing","Feel No Pain","Warcry","True Grit+1","Reaper","Seeing Red+1","Warcry+1","True Grit+1","Seeing Red","Impervious","Second Wind+1","Dark Embrace+1","Havoc+1","Feed","Juggernaut+1","CurseOfTheBell","Power Through+1","Seeing Red","Corruption","Body Slam","Parasite","Disarm+1","Sentinel+1","Juggernaut","Seeing Red"],"relics":["Snecko Eye","Red Skull","StoneCalendar","Gambling Chip","Bottled Lightning","White Beast Statue","TheAbacus","Cursed Key","Gremlin Horn","Anchor","Shuriken","Toy Ornithopter","Nilry\u0027s Codex","Mercury Hourglass","Calling Bell","Vajra","Eternal Feather","Magic Flower","Frozen Eye","Thread and Needle","TungstenRod","Kunai","Boot","Calipers"],"acts_visited":["Exordium","TheCity","TheBeyond","TheEnding"],"potions_floor_usage":[46,46,55,55],"damage_taken":[{"damage":2.0,"enemies":"Jaw Worm","floor":1.0,"turns":2.0},{"damage":0.0,"enemies":"2 Louse","floor":4.0,"turns":2.0},{"damage":2.0,"enemies":"Cultist","floor":5.0,"turns":1.0},{"damage":14.0,"enemies":"3 Sentries","floor":6.0,"turns":4.0},{"damage":9.0,"enemies":"Lagavulin","floor":8.0,"turns":5.0},{"damage":20.0,"enemies":"3 Sentries","floor":11.0,"turns":6.0},{"damage":6.0,"enemies":"Exordium Wildlife","floor":12.0,"turns":4.0},{"damage":7.0,"enemies":"Hexaghost","floor":16.0,"turns":7.0},{"damage":16.0,"enemies":"Spheric Guardian","floor":18.0,"turns":4.0},{"damage":10.0,"enemies":"Chosen","floor":19.0,"turns":6.0},{"damage":14.0,"enemies":"Snecko","floor":21.0,"turns":5.0},{"damage":7.0,"enemies":"Book of Stabbing","floor":23.0,"turns":4.0},{"damage":2.0,"enemies":"3 Cultists","floor":27.0,"turns":4.0},{"damage":4.0,"enemies":"Gremlin Leader","floor":28.0,"turns":7.0},{"damage":5.0,"enemies":"Centurion and Healer","floor":30.0,"turns":7.0},{"damage":34.0,"enemies":"Slavers","floor":31.0,"turns":7.0},{"damage":13.0,"enemies":"Automaton","floor":33.0,"turns":8.0},{"damage":2.0,"enemies":"Orb Walker","floor":35.0,"turns":5.0},{"damage":2,"enemies":"3 Shapes","floor":37,"turns":4},{"damage":43,"enemies":"3 Darklings","floor":38,"turns":7},{"damage":8,"enemies":"Giant Head","floor":41,"turns":6},{"damage":10,"enemies":"2 Orb Walkers","floor":44,"turns":3},{"damage":2,"enemies":"Writhing Mass","floor":45,"turns":5},{"damage":0,"enemies":"Jaw Worm Horde","floor":46,"turns":3},{"damage":14,"enemies":"4 Shapes","floor":47,"turns":4},{"damage":1,"enemies":"Reptomancer","floor":48,"turns":5},{"damage":30,"enemies":"Donu and Deca","floor":50,"turns":5},{"damage":1,"enemies":"Shield and Spear","floor":54,"turns":3},{"damage":40,"enemies":"The Heart","floor":55,"turns":7}],"seed_played":"6989391394446055116","potions_obtained":[{"floor":4.0,"key":"Ancient Potion"},{"floor":11.0,"key":"Swift Potion"},{"floor":12.0,"key":"LiquidMemories"},{"floor":16.0,"key":"Weak Potion"},{"floor":18.0,"key":"Explosive Potion"},{"floor":19.0,"key":"Regen Potion"},{"floor":28.0,"key":"Weak Potion"},{"floor":30.0,"key":"Swift Potion"},{"floor":31.0,"key":"BloodPotion"},{"floor":41,"key":"BlessingOfTheForge"},{"floor":44,"key":"ColorlessPotion"},{"floor":46,"key":"Fruit Juice"},{"floor":47,"key":"PowerPotion"}],"is_trial":false,"path_per_floor":["M","?","?","M","M","E","R","E","T","?","E","M","R","$","R","B",null,"M","M","?","M","$","E","?","?","T","M","E","?","M","E","R","B",null,"M","$","M","M","?","R","E","R","T","?","M","M","M","E","R","B",null,"R","$","E","B",null],"character_chosen":"IRONCLAD","items_purchased":["Feel No Pain","TheAbacus","Warcry","True Grit","Seeing Red","Frozen Eye","Boot"],"campfire_rested":1,"item_purchase_floors":[14,14,14,14,22,36,53],"current_hp_per_floor":[78,71,55,55,53,39,39,30,30,30,10,4,28,28,28,21,65,55,45,45,31,31,36,36,36,36,58,75,59,66,58,58,48,74,72,72,70,54,54,72,79,83,83,86,84,91,77,90,91,61,84,91,91,90,72],"gold":50,"neow_bonus":"BOSS_RELIC","is_daily":false,"chose_seed":false,"campfire_upgraded":6,"win_rate":0.0,"timestamp":1613482914,"path_taken":["M","?","?","M","M","E","R","E","T","?","E","?","R","?","R","BOSS","M","M","?","M","$","E","?","?","T","?","E","?","M","E","R","BOSS","M","$","M","M","?","R","E","R","T","?","M","M","M","E","R","BOSS","R","$","E","BOSS"],"items_purchased_type":["Card","Relic","Card","Card","Card","Relic","Relic"],"build_version":"2020-12-22","purchased_purges":4,"victory":true,"max_hp_per_floor":[80,80,80,80,80,80,80,80,80,80,80,80,80,80,80,80,80,80,80,80,80,80,80,80,80,80,80,80,80,80,80,80,83,83,83,83,83,83,83,83,83,83,83,86,86,91,91,91,91,91,91,91,91,91,91],"card_choices":[{"not_picked":["Thunderclap","Sword Boomerang"],"picked":"Hemokinesis","floor":1.0},{"not_picked":["Warcry","Clash"],"picked":"Heavy Blade","floor":4.0},{"not_picked":["Entrench","Sentinel"],"picked":"Shockwave","floor":5.0},{"not_picked":["Clash","Carnage"],"picked":"Rupture","floor":6.0},{"not_picked":["Sentinel","Havoc"],"picked":"Metallicize","floor":8.0},{"not_picked":["Hemokinesis","Wild Strike"],"picked":"Evolve","floor":11.0},{"not_picked":["Flex","Wild Strike"],"picked":"Fire Breathing","floor":12.0},{"not_picked":["Juggernaut","Immolate"],"picked":"Reaper","floor":16.0},{"not_picked":["Warcry","Disarm"],"picked":"Seeing Red+1","floor":18.0},{"not_picked":["Armaments","Disarm+1"],"picked":"Warcry+1","floor":19.0},{"not_picked":["Dropkick+1","Wild Strike"],"picked":"True Grit+1","floor":21.0},{"not_picked":["Anger","Havoc"],"picked":"Impervious","floor":23.0},{"not_picked":["Anger","Infernal Blade","Battle Trance"],"picked":"SKIP","floor":27.0},{"not_picked":["Armaments","Pommel Strike"],"picked":"Dark Embrace+1","floor":28.0},{"not_picked":["Blood for Blood","Heavy Blade+1"],"picked":"Havoc+1","floor":30.0},{"not_picked":["Combust","Clothesline+1"],"picked":"Feed","floor":31.0},{"not_picked":["Immolate","Bludgeon"],"picked":"Juggernaut","floor":33.0},{"not_picked":["Perfected Strike","Whirlwind+1"],"picked":"Power Through+1","floor":35.0},{"not_picked":["Feel No Pain","Cleave"],"picked":"Seeing Red","floor":37},{"not_picked":["Anger+1","Sword Boomerang+1"],"picked":"Corruption","floor":38},{"not_picked":["Pummel+1","Perfected Strike+1"],"picked":"Body Slam","floor":41},{"not_picked":["Carnage+1","Thunderclap"],"picked":"Disarm+1","floor":45},{"not_picked":["Heavy Blade","Inflame","Perfected Strike+1"],"picked":"SKIP","floor":46},{"not_picked":["Thunderclap+1","True Grit+1"],"picked":"Sentinel+1","floor":47},{"not_picked":["Twin Strike+1","Shrug It Off+1"],"picked":"Juggernaut","floor":48},{"not_picked":["Headbutt","Perfected Strike+1"],"picked":"Seeing Red","floor":54}],"player_experience":35572,"relics_obtained":[{"floor":6.0,"key":"StoneCalendar"},{"floor":8.0,"key":"Gambling Chip"},{"floor":9.0,"key":"Bottled Lightning"},{"floor":11.0,"key":"White Beast Statue"},{"floor":23.0,"key":"Anchor"},{"floor":26.0,"key":"Shuriken"},{"floor":28.0,"key":"Toy Ornithopter"},{"floor":29.0,"key":"Nilry\u0027s Codex"},{"floor":31.0,"key":"Mercury Hourglass"},{"floor":34.0,"key":"Vajra"},{"floor":34.0,"key":"Eternal Feather"},{"floor":34.0,"key":"Magic Flower"},{"floor":41,"key":"Thread and Needle"},{"floor":44,"key":"TungstenRod"},{"floor":48,"key":"Kunai"},{"floor":54,"key":"Calipers"}],"event_choices":[{"damage_healed":0.0,"max_hp_gain":0.0,"max_hp_loss":0.0,"gold_gain":0.0,"event_name":"Scrap Ooze","player_choice":"Success","floor":2.0,"gold_loss":0.0,"damage_taken":7.0,"relics_obtained":["Red Skull"]},{"damage_healed":0.0,"max_hp_gain":0.0,"max_hp_loss":0.0,"gold_gain":0.0,"event_name":"Shining Light","player_choice":"Entered Light","floor":3.0,"gold_loss":0.0,"damage_taken":16.0,"cards_upgraded":["Defend_R","Bash"]},{"damage_healed":0.0,"max_hp_gain":0.0,"max_hp_loss":0.0,"gold_gain":175.0,"event_name":"Liars Game","player_choice":"AGREE","floor":10.0,"gold_loss":0.0,"damage_taken":0.0,"cards_obtained":["Doubt"]},{"damage_healed":0.0,"max_hp_gain":0.0,"max_hp_loss":0.0,"gold_gain":0.0,"event_name":"The Mausoleum","player_choice":"Opened","floor":20.0,"gold_loss":0.0,"damage_taken":0.0,"relics_obtained":["Gremlin Horn"],"cards_obtained":["Writhe"]},{"damage_healed":0.0,"max_hp_gain":0.0,"max_hp_loss":0.0,"gold_gain":99.0,"event_name":"Nest","player_choice":"Stole From Cult","floor":24.0,"gold_loss":0.0,"damage_taken":0.0},{"damage_healed":0.0,"max_hp_gain":0.0,"max_hp_loss":0.0,"gold_gain":0.0,"cards_transformed":["Strike_R"],"event_name":"Transmorgrifier","player_choice":"Transformed","floor":25.0,"gold_loss":0.0,"damage_taken":0.0,"cards_obtained":["Second Wind"]},{"damage_healed":0.0,"max_hp_gain":0.0,"max_hp_loss":0.0,"gold_gain":0.0,"event_name":"Cursed Tome","player_choice":"Obtained Book","floor":29.0,"gold_loss":0.0,"damage_taken":16.0},{"cards_removed":["Defend_R"],"damage_healed":0,"gold_gain":0,"player_choice":"Removed Skill","damage_taken":0,"max_hp_gain":0,"max_hp_loss":0,"event_name":"Falling","floor":39,"gold_loss":0},{"damage_healed":0,"gold_gain":0,"player_choice":"Fight","damage_taken":0,"max_hp_gain":0,"max_hp_loss":0,"event_name":"Mysterious Sphere","floor":44,"gold_loss":0}],"is_beta":false,"boss_relics":[{"not_picked":["Ectoplasm","SacredBark"],"picked":"Cursed Key"},{"not_picked":["Fusion Hammer","Runic Cube"],"picked":"Calling Bell"}],"items_purged_floors":[14,22,36,53],"is_endless":false,"potions_floor_spawned":[4,11,12,16,18,19,21,23,27,28,30,31,33,35,37,38,41,44,45,46,47,48,54],"ascension_level":5}}