{"host":"gxo5t112wmw69ohk","time":1613520887,"event":{"mods":["Act Like it!","BaseMod","Downfall","GifTheSpireLib","Minty Spire (QoL Compilation)","Permanent Neow","StSLib"],"gold_per_floor":[99,119,119,139,139,39,39,54,39,39,56,156,188,199,215,313,313,113,113,113,113,113],"floor_reached":20,"language":"ENG","playtime":1546,"items_purged":[],"score":197,"play_id":"e8523f8e-1f7c-4c20-af9f-6ce0ba0f13ec","local_time":"20210216161447","is_ascension_mode":false,"campfire_choices":[{"floor":1.0,"key":"RECALL"},{"data":"champ:Taunt","floor":6.0,"key":"SMITH"},{"data":"champ:ShieldSlam","floor":18,"key":"SMITH"}],"circlet_count":0,"master_deck":["champ:Strike","champ:Defend","champ:Defend","champ:Execute","champ:Taunt+1","champ:RisingSlash","champ:Backstep","champ:VampiricStrike","champ:AdrenalArmor","champ:CrookedStrike","champ:SkillfulDodge+1","champ:Endure","champ:ShieldSlam+1","champ:FanOfKnives","champ:GladiatorStyle","champ:VampiricStrike"],"relics":["Empty Cage","champ:LiftRelic","downfall:HeartBlessingRed","Happy Flower","Velvet Choker","downfall:HeartBlessingGreen","downfall:HeartBlessingBlue"],"acts_visited":["Exordium","TheCity"],"potions_floor_usage":[],"damage_taken":[{"damage":27.0,"enemies":"Small Slimes","floor":2.0,"turns":5.0},{"damage":4.0,"enemies":"2 Louse","floor":4.0,"turns":2.0},{"damage":10.0,"enemies":"Cultist","floor":8.0,"turns":3.0},{"damage":30.0,"enemies":"downfall:FleeingMerchant","floor":9.0,"turns":4.0},{"damage":14.0,"enemies":"Large Slime","floor":11.0,"turns":6.0},{"damage":30.0,"enemies":"downfall:Heads","floor":12.0,"turns":6.0},{"damage":35.0,"enemies":"Lagavulin","floor":13.0,"turns":7.0},{"damage":25.0,"enemies":"2 Fungi Beasts","floor":14.0,"turns":3.0},{"damage":10.0,"enemies":"3 Louse","floor":15.0,"turns":3.0},{"damage":47.0,"enemies":"WA_ARCHETYPE_RETAIN","floor":16.0,"turns":7.0},{"damage":10,"enemies":"Spheric Guardian","floor":20,"turns":3}],"seed_played":"910774430804421401","potions_obtained":[{"floor":2.0,"key":"EntropicBrew"},{"floor":8.0,"key":"DistilledChaos"},{"floor":13.0,"key":"PowerPotion"}],"is_trial":false,"path_per_floor":["R","M","?","M","?","R","T","M","$","?","M","?","E","M","M","B",null,"R","?","M"],"character_chosen":"THE_CHAMP","items_purchased":[],"campfire_rested":0,"item_purchase_floors":[],"current_hp_per_floor":[90,83,83,79,79,79,79,79,79,79,75,75,90,90,90,78,90,100,100,100,100,100],"gold":113,"neow_bonus":"BOSS_RELIC","is_daily":false,"chose_seed":false,"campfire_upgraded":2,"win_rate":0.0,"timestamp":1613520887,"path_taken":["R","M","?","M","?","R","T","?","$","?","M","?","E","M","M","BOSS","R","?","M"],"items_purchased_type":[],"build_version":"2020-12-22","purchased_purges":0,"victory":false,"max_hp_per_floor":[90,90,90,90,90,90,90,90,90,90,90,90,90,90,90,90,90,100,100,100,100,100],"card_choices":[{"not_picked":["champ:DefensiveShout","champ:Circumvent"],"picked":"champ:RisingSlash","floor":2.0},{"not_picked":["champ:FalseCounter","champ:ShieldWall"],"picked":"champ:Backstep","floor":4.0},{"not_picked":["champ:HeartStrike","champ:BladeFlurry"],"picked":"champ:AdrenalArmor","floor":8.0},{"not_picked":["champ:StanceDance","champ:GladiatorForm"],"picked":"champ:CrookedStrike","floor":9.0},{"not_picked":["champ:EnGarde","champ:Shatter"],"picked":"champ:SkillfulDodge","floor":11.0},{"not_picked":["champ:Devastate","champ:FocusedDefense"],"picked":"champ:Endure","floor":12.0},{"not_picked":["champ:Backstep","champ:Duel"],"picked":"champ:FanOfKnives","floor":13.0},{"not_picked":["champ:StanceDance","champ:Encircle"],"picked":"champ:GladiatorStyle","floor":14.0},{"not_picked":["champ:FaceSlap","champ:BringItOn","champ:GladiatorForm"],"picked":"SKIP","floor":15.0},{"not_picked":["champ:Devastate","champ:CheapShot"],"picked":"champ:VampiricStrike","floor":16.0}],"player_experience":723546,"relics_obtained":[{"floor":13.0,"key":"Happy Flower"}],"event_choices":[{"cards_removed":["champ:Strike"],"damage_healed":0.0,"max_hp_gain":0.0,"max_hp_loss":0.0,"gold_gain":0.0,"event_name":"The Cleric","player_choice":"Card Removal","floor":10.0,"gold_loss":0.0,"damage_taken":0.0},{"damage_healed":0,"gold_gain":0,"player_choice":"Ignored","damage_taken":0,"max_hp_gain":0,"max_hp_loss":0,"event_name":"Ghosts","floor":19,"gold_loss":0}],"is_beta":false,"boss_relics":[{"not_picked":["bronze:MakeshiftBattery","Fusion Hammer"],"picked":"Velvet Choker"}],"items_purged_floors":[],"is_endless":false,"potions_floor_spawned":[2,8,12,13,14],"killed_by":"Spheric Guardian","ascension_level":0}}