{"host":"ul3z8ex5o8l5j7mh","time":1613495759,"event":{"mods":["AchievementEnabler","BaseMod","Bestiary","Colored Map","Colored Powertips","DeckTracker","Keyboard Shortcuts","Minty Spire (QoL Compilation)","Relic Sorter","Relic Stats","SuperFastMode"],"gold_per_floor":[115,390,89,102,118,144,144,107,160,193,193,16,16,32,32,32,32],"floor_reached":16,"language":"ENG","playtime":561,"items_purged":["Regret","Strike_R"],"score":160,"play_id":"2fe8c345-fcd6-44c1-9692-347b1ec0e2e6","local_time":"20210216181559","is_ascension_mode":true,"campfire_choices":[{"floor":7,"key":"REST"},{"floor":11,"key":"REST"},{"data":"Feed","floor":15,"key":"SMITH"}],"circlet_count":0,"master_deck":["Strike_R","Strike_R","Strike_R","Defend_R","Defend_R","Defend_R","Defend_R","Bash","Shrug It Off","Feed+1","Iron Wave","Iron Wave","Carnage","Searing Blow","Impervious","Shrug It Off"],"relics":["Burning Blood","Chemical X","Blood Vial","Orichalcum","Gremlin Horn"],"acts_visited":["Exordium"],"potions_floor_usage":[6],"damage_taken":[{"damage":23,"enemies":"Jaw Worm","floor":1,"turns":4},{"damage":6,"enemies":"Cultist","floor":4,"turns":5},{"damage":7,"enemies":"Small Slimes","floor":5,"turns":3},{"damage":58,"enemies":"3 Sentries","floor":6,"turns":15},{"damage":26,"enemies":"Gremlin Nob","floor":10,"turns":6},{"damage":8,"enemies":"Exordium Wildlife","floor":14,"turns":6},{"damage":82,"enemies":"Slime Boss","floor":16,"turns":8}],"seed_played":"6586677663986613399","potions_obtained":[{"floor":5,"key":"Dexterity Potion"},{"floor":10,"key":"CultistPotion"},{"floor":14,"key":"Dexterity Potion"}],"is_trial":false,"path_per_floor":["M","?","$","M","M","E","R","?","T","E","R","$","?","M","R","B"],"character_chosen":"IRONCLAD","items_purchased":["Feed","Chemical X","Searing Blow"],"campfire_rested":2,"item_purchase_floors":[3,3,12],"current_hp_per_floor":[71,71,71,74,76,27,56,56,56,41,71,71,71,74,74,0,0],"gold":32,"neow_bonus":"TEN_PERCENT_HP_BONUS","is_daily":false,"chose_seed":false,"campfire_upgraded":1,"win_rate":0.0,"timestamp":1613495759,"path_taken":["M","?","$","M","?","E","R","?","T","E","R","$","?","M","R","BOSS"],"items_purchased_type":["Card","Relic","Card"],"build_version":"2020-12-22","purchased_purges":2,"victory":false,"max_hp_per_floor":[88,88,88,91,94,97,97,97,97,100,100,100,100,103,103,103,103],"relic_stats":{"Blood Vial":6,"Gremlin Horn":[1,1],"counters":[7,47],"Chemical X":[1],"Orichalcum":[12],"obtain_stats":[{"Blood Vial":6,"Gremlin Horn":10,"Chemical X":3,"Orichalcum":9,"Burning Blood":0},{"Blood Vial":4,"Gremlin Horn":5,"Chemical X":1,"Orichalcum":4,"Burning Blood":0},{"Blood Vial":27,"Gremlin Horn":33,"Chemical X":4,"Orichalcum":27,"Burning Blood":0}],"Burning Blood":36},"card_choices":[{"not_picked":["Heavy Blade","Twin Strike"],"picked":"Shrug It Off","floor":1},{"not_picked":["Cleave","Thunderclap"],"picked":"Iron Wave","floor":4},{"not_picked":["Entrench","Body Slam","Havoc"],"picked":"SKIP","floor":5},{"not_picked":["Cleave","Body Slam"],"picked":"Iron Wave","floor":6},{"not_picked":["Feed","Havoc"],"picked":"Carnage","floor":10},{"not_picked":["Flex","Pummel"],"picked":"Shrug It Off","floor":14}],"player_experience":386756,"relics_obtained":[{"floor":6,"key":"Blood Vial"},{"floor":9,"key":"Orichalcum"},{"floor":10,"key":"Gremlin Horn"}],"event_choices":[{"damage_healed":0,"gold_gain":275,"player_choice":"Desecrate","damage_taken":0,"max_hp_gain":0,"max_hp_loss":0,"event_name":"Golden Shrine","floor":2,"gold_loss":0,"cards_obtained":["Regret"]},{"damage_healed":0,"gold_gain":0,"player_choice":"Left Gold","damage_taken":0,"max_hp_gain":0,"max_hp_loss":0,"event_name":"World of Goop","floor":8,"gold_loss":37},{"damage_healed":0,"gold_gain":0,"cards_transformed":["Strike_R"],"player_choice":"Transformed","damage_taken":0,"max_hp_gain":0,"max_hp_loss":0,"event_name":"Transmorgrifier","floor":13,"gold_loss":0,"cards_obtained":["Impervious"]}],"is_beta":false,"boss_relics":[],"items_purged_floors":[3,12],"is_endless":false,"potions_floor_spawned":[5,10,14],"killed_by":"Slime Boss","ascension_level":5}}