{"host":"t89hgnbv28rvz2d7","time":1613482246,"event":{"mods":["ATMod(阿瑾Mod)","Act Like it!","Aspiration","BaseMod","BetterRewards","Card Forge","Conspire","Dota2Spire","FoggyMod","Minty Spire (QoL Compilation)","Quick Restart","Replay The Spire","Shop Mod","ShortenTheSpire","Spicy Shops","StSLib","TestMod","The Dragon Tamer","WarShipGirlsR/战舰少女R mod","[JumpMod]舞动尖塔","篝火指南"],"gold_per_floor":[109,128,142,196,196,330,330,655,655,478,448,576,593,608,608,687,687,703,718,738,738,738,764,764,783,783,908,928,953,1049,684,684,855,855,866,371,371,371,371,505,505,505,531,531,163,296,696,828,49,249,349,349,349,4,234,334],"floor_reached":57,"language":"ZHS","playtime":5444,"items_purged":["Clumsy","Parasite","Pain","ReplayTheSpireMod:Restless Dread","Havoc","Regret","Sickly","Doubt","Defend_R","ReplayTheSpireMod:Stacked"],"score":3774,"play_id":"dd82c690-6864-4a43-a3cc-9b7d56f1c9ed","local_time":"20210216213046","is_ascension_mode":true,"campfire_choices":[{"floor":7.0,"key":"RECALL"},{"data":"AT_ShrugMaster","floor":24.0,"key":"SMITH"},{"data":"Armaments","floor":41.0,"key":"SMITH"}],"circlet_count":0,"master_deck":["AscendersBane","Strike_R+5","Strike_R+1","Strike_R+1","Strike_R+2","Strike_R+1","Defend_R","Defend_R+1","Bash+1","AT_FamilyPortrait+1","Armaments+1","AT_Dispersion+1","AT_ShrugMaster+1","Seeing Red+1","Berserk+1","Feel No Pain","AT_IchimonjiDouble","Barricade+1","Demon Form+1","Double Tap+1","Limit Break+1","AT_ShrugMaster","AT_DiedThrough","Madness","Madness","AT_Dispersion+1","AT_ManFootWork+1","Panache","Pot Of Greed","Dark Embrace+1","Demon Form+1","Juggernaut","testmod-EternalityOfKhronos+1","Fire Breathing+1","ReplayTheSpireMod:Necrogeddon+1","testmod-BackupPower","Disarm"],"relics":["Burning Blood","testmod-TestBox","HowToJump","testmod-Prudence","conspire:Dentures","aspiration:SeaSaltIceCream","Replay:Bottled Eggs","Medical Kit","testmod-IndustrialRevolution","Toolbox","Simple Rune","Singing Bowl","Pen Nib","AT_TheCollector","testmod-HeartOfStrike","rmod:firstchargereward","Bronze Scales","Kunai","InkBottle","AT_RedTearstoneRing","Whetstone","MerchantsRug","Replay:Rubber Ducky","Black Star","Nloth\u0027s Gift","Nunchaku","Replay:Baseball","AT_ArcaneBoots","Tiny Chest","Replay:Ringing Soul","Smiling Mask","Grinning Jar","Membership Card","Potion Belt","Frozen Eye","AT_SilvercatRing","testmod-BatchProcessingSystem","ReplayTheSpireMod:CursedCoin","AT_ChloranthyRing","Replay:PocketPolymizer","Paper Frog","conspire:TreasureMap","Ancient Tea Set","ReplayTheSpireMod:Shallot","Molten Egg 2","testmod-TurbochargingSystem","Ring of Misfortune","Ring of Panic","conspire:TopHat","Replay:Kaleidoscope","StoneCalendar","AT_ForceNature","ReplayFunnel","OrangePellets","AT_ImmortalShieldbow","Art of War","MealTicket","Boot","Guide Book","testmod-Fortitude","Bottled Tornado","conspire:DecoderRing","AT_DeathDance","testmod-RainbowHikingShoes","HandDrill","Bag of Preparation","testmod-LifeArmor","Turnip"],"acts_visited":["Exordium","TheCity","TheBeyond","TheEnding"],"potions_floor_usage":[],"damage_taken":[{"damage":0.0,"enemies":"Cultist","floor":1.0,"turns":2.0},{"damage":0.0,"enemies":"Small Slimes","floor":2.0,"turns":1.0},{"damage":0.0,"enemies":"2 Louse","floor":3.0,"turns":1.0},{"damage":0.0,"enemies":"Replay:BlueRogue","floor":6.0,"turns":2.0},{"damage":0.0,"enemies":"3 Sentries","floor":8.0,"turns":6.0},{"damage":0.0,"enemies":"Lagavulin","floor":12.0,"turns":4.0},{"damage":0.0,"enemies":"Large Slime","floor":13.0,"turns":1.0},{"damage":4.0,"enemies":"Gremlin Gang","floor":14.0,"turns":2.0},{"damage":0.0,"enemies":"Fading Forest","floor":16.0,"turns":13.0},{"damage":0.0,"enemies":"Shell Parasite","floor":18.0,"turns":1.0},{"damage":0.0,"enemies":"Spheric Guardian","floor":19.0,"turns":2.0},{"damage":24.0,"enemies":"Snake Plant","floor":20.0,"turns":2.0},{"damage":15.0,"enemies":"conspire:Head Lice","floor":23.0,"turns":4.0},{"damage":8.0,"enemies":"Centurion and Healer","floor":25.0,"turns":4.0},{"damage":25.0,"enemies":"Book of Stabbing","floor":27.0,"turns":3.0},{"damage":25.0,"enemies":"Shelled Parasite and Fungi","floor":28.0,"turns":2.0},{"damage":18.0,"enemies":"conspire:Head Lice","floor":29.0,"turns":3.0},{"damage":0.0,"enemies":"Automaton","floor":33.0,"turns":14.0},{"damage":11.0,"enemies":"3 Shapes","floor":35.0,"turns":4.0},{"damage":0.0,"enemies":"R_Hoarder","floor":40.0,"turns":4.0},{"damage":0.0,"enemies":"Giant Head","floor":46.0,"turns":3.0},{"damage":0.0,"enemies":"R_Hoarder","floor":48.0,"turns":3.0},{"damage":0.0,"enemies":"Donu and Deca","floor":50.0,"turns":3.0},{"damage":12.0,"enemies":"conspire:OrnateMirror","floor":51.0,"turns":4.0},{"damage":0.0,"enemies":"Shield and Spear","floor":55.0,"turns":2.0},{"damage":4,"enemies":"The Heart","floor":56,"turns":4}],"seed_played":"-7740531252617204985","potions_obtained":[{"floor":1.0,"key":"Dexterity Potion"},{"floor":8.0,"key":"BloodPotion"},{"floor":11.0,"key":"Elixir"},{"floor":11.0,"key":"LiquidBronze"},{"floor":16.0,"key":"Venom Potion"},{"floor":27.0,"key":"Energy Potion"},{"floor":29.0,"key":"BloodPotion"},{"floor":33.0,"key":"Dexterity Potion"},{"floor":48.0,"key":"SneckoOil"},{"floor":55.0,"key":"testmod-SpacePotion"}],"is_trial":false,"path_per_floor":["M","M","M","T","?","E","R","E","T","$","?","E","M","M","R","B",null,"M","M","M","?","?","E","R","M","T","E","M","E","?","$","R","B",null,"M","$","?","?","T","E","R","?","T","M","R","E","?","E","R","B","B",null,"R","$","E","B",null],"character_chosen":"IRONCLAD","items_purchased":["conspire:Dentures","aspiration:SeaSaltIceCream","Replay:Bottled Eggs","Medical Kit","testmod-IndustrialRevolution","Toolbox","Simple Rune","Singing Bowl","Pen Nib","AT_TheCollector","testmod-HeartOfStrike","BargainBundle","Counterbalance","InkBottle","AT_RedTearstoneRing","Whetstone","MerchantsRug","Elixir","testmod-TestPotion","AttackPotion","SteroidPotion","Havoc","Membership Card","Potion Belt","Frozen Eye","AT_SilvercatRing","ReplayTheSpireMod:CursedCoin","AT_ChloranthyRing","Replay:PocketPolymizer","Paper Frog","AT_ShrugMaster","conspire:TreasureMap","Ancient Tea Set","AT_DiedThrough","Replay:Kaleidoscope","StoneCalendar","AT_ForceNature","ReplayFunnel","OrangePellets","Guide Book","testmod-Fortitude","Bottled Tornado","conspire:DecoderRing","Fire Breathing","ReplayTheSpireMod:Necrogeddon+1","AT_DeathDance","testmod-RainbowHikingShoes","HandDrill","Bag of Preparation"],"campfire_rested":0,"item_purchase_floors":[0,0,0,0,0,0,0,0,0,0,0,10,10,10,10,10,10,10,10,10,10,10,31,31,31,31,36,36,36,36,36,36,36,36,45,45,45,45,45,49,49,49,49,49,49,54,54,54,54],"current_hp_per_floor":[76,79,79,79,79,79,79,88,88,85,85,87,87,87,87,87,87,87,89,73,73,73,66,66,64,64,48,32,23,32,35,69,78,107,108,111,91,94,94,103,106,109,109,109,112,121,121,130,133,139,133,148,151,156,159,159],"gold":334,"neow_bonus":"","is_daily":false,"chose_seed":false,"campfire_upgraded":2,"win_rate":0.0,"timestamp":1613482246,"path_taken":["M","M","M","?","?","E","R","E","T","$","?","E","M","M","R","BOSS","M","M","?","?","?","E","R","?","T","E","M","E","?","$","R","BOSS","M","$","?","?","?","E","R","?","T","?","R","E","?","E","R","BOSS","BOSS","R","$","E","BOSS"],"items_purchased_type":["Relic","Relic","Relic","Relic","Relic","Relic","Relic","Relic","Relic","Relic","Relic","Relic","Relic","Relic","Relic","Relic","Relic","Potion","Potion","Potion","Potion","Card","Relic","Relic","Relic","Relic","Relic","Relic","Relic","Relic","Card","Relic","Relic","Card","Relic","Relic","Relic","Relic","Relic","Relic","Relic","Relic","Relic","Card","Card","Relic","Relic","Relic","Relic"],"build_version":"2020-12-22","purchased_purges":10,"victory":true,"max_hp_per_floor":[77,79,79,79,79,79,79,88,88,85,85,87,87,87,87,87,87,87,89,91,91,91,93,93,93,93,96,99,102,111,114,114,117,117,123,126,129,132,132,135,138,141,141,141,144,147,147,150,153,153,153,153,156,156,159,159],"card_choices":[{"not_picked":["Iron Wave","ReplayTheSpireMod:Corrosion Curse","Dark Embrace"],"picked":"Singing Bowl","floor":1.0},{"not_picked":["Carnage","Armaments","Blood for Blood"],"picked":"Singing Bowl","floor":2.0},{"not_picked":["Sever Soul","AT_IchimonjiDouble"],"picked":"Armaments","floor":3.0},{"not_picked":[],"picked":"AT_Dispersion","floor":5.0},{"not_picked":["Body Slam","Clothesline"],"picked":"ReplayTheSpireMod:Stacked","floor":6.0},{"not_picked":["Corruption","Battle Trance","AT_GerminateFire"],"picked":"Singing Bowl","floor":8.0},{"not_picked":["Flame Barrier","AT_ManFootWork","Body Slam"],"picked":"Singing Bowl","floor":12.0},{"not_picked":["Pommel Strike","Thunderclap"],"picked":"AT_ShrugMaster","floor":13.0},{"not_picked":["Replay:Undeath\u0027s Touch","ReplayTheSpireMod:LeadingStrike"],"picked":"Seeing Red","floor":14.0},{"not_picked":["conspire:HitWhereItHurts","Corruption"],"picked":"Berserk","floor":16.0},{"not_picked":["Clothesline","Run Through"],"picked":"Feel No Pain","floor":18.0},{"not_picked":["Wild Strike+1","Evolve","ReplayTheSpireMod:Stacked"],"picked":"Singing Bowl","floor":19.0},{"not_picked":["Run Through","Flex","conspire:Charge"],"picked":"Singing Bowl","floor":20.0},{"not_picked":["Reckless Charge","Whirlwind","ReplayTheSpireMod:Strike From Hell"],"picked":"Singing Bowl","floor":23.0},{"not_picked":["Run Through+1","Replay:Undeath\u0027s Touch+1"],"picked":"AT_IchimonjiDouble","floor":25.0},{"not_picked":["Armaments","Demonic Infusion"],"picked":"Barricade","floor":27.0},{"not_picked":["Wild Strike","Fiend Fire"],"picked":"Demon Form","floor":28.0},{"not_picked":["Blood for Blood","Uppercut+1"],"picked":"Double Tap","floor":29.0},{"not_picked":["Wild Strike","Second Wind","Armaments"],"picked":"Singing Bowl","floor":30.0},{"not_picked":["Feed","AT_IchimonjiDouble","Clash"],"picked":"Singing Bowl","floor":30.0},{"not_picked":["ReplayTheSpireMod:Limb From Limb","Twin Strike+1","Thunderclap"],"picked":"Singing Bowl","floor":30.0},{"not_picked":["Demon Form","Berserk"],"picked":"Limit Break","floor":33.0},{"not_picked":["Run Through","AT_IchimonjiDouble","Abandon+1"],"picked":"Singing Bowl","floor":35.0},{"not_picked":["ReplayTheSpireMod:Strike From Hell+1","Evolve"],"picked":"AT_ManFootWork+1","floor":40.0},{"not_picked":["AT_DiedThrough","Second Wind"],"picked":"Demon Form","floor":46.0},{"not_picked":["AT_IchimonjiDouble+1","Shrug It Off"],"picked":"Juggernaut","floor":48.0},{"not_picked":["AT_Dispersion","ReplayTheSpireMod:Stacked+1"],"picked":"Disarm","floor":55.0}],"player_experience":180936,"relics_obtained":[{"floor":6.0,"key":"Bronze Scales"},{"floor":8.0,"key":"Strawberry"},{"floor":9.0,"key":"Kunai"},{"floor":12.0,"key":"Replay:Rubber Ducky"},{"floor":23.0,"key":"Nunchaku"},{"floor":23.0,"key":"Replay:Baseball"},{"floor":26.0,"key":"AT_SpeedBoots"},{"floor":27.0,"key":"Tiny Chest"},{"floor":27.0,"key":"Replay:Ringing Soul"},{"floor":29.0,"key":"Smiling Mask"},{"floor":29.0,"key":"Grinning Jar"},{"floor":39.0,"key":"ReplayTheSpireMod:Shallot"},{"floor":40.0,"key":"Molten Egg 2"},{"floor":40.0,"key":"testmod-TurbochargingSystem"},{"floor":42.0,"key":"Ring of Misfortune"},{"floor":42.0,"key":"Ring of Panic"},{"floor":43.0,"key":"conspire:TopHat"},{"floor":46.0,"key":"AT_ImmortalShieldbow"},{"floor":46.0,"key":"Art of War"},{"floor":48.0,"key":"MealTicket"},{"floor":48.0,"key":"Boot"},{"floor":55.0,"key":"testmod-LifeArmor"},{"floor":55.0,"key":"Turnip"}],"event_choices":[{"damage_healed":0.0,"max_hp_gain":0.0,"max_hp_loss":0.0,"gold_gain":0.0,"event_name":"The Woman in Blue","player_choice":"Bought 2 Potions","floor":11.0,"gold_loss":0.0,"damage_taken":0.0},{"damage_healed":0.0,"max_hp_gain":0.0,"max_hp_loss":0.0,"gold_gain":0.0,"event_name":"Ghosts","player_choice":"Ignored","floor":21.0,"gold_loss":0.0,"damage_taken":0.0},{"damage_healed":0.0,"max_hp_gain":0.0,"max_hp_loss":0.0,"gold_gain":0.0,"event_name":"N\u0027loth","player_choice":"Traded Relic","floor":22.0,"relics_lost":["Counterbalance"],"gold_loss":0.0,"damage_taken":0.0,"relics_obtained":["Nloth\u0027s Gift"]},{"damage_healed":0.0,"max_hp_gain":0.0,"max_hp_loss":0.0,"gold_gain":0.0,"event_name":"Winding Halls","player_choice":"Embrace Madness","floor":37.0,"gold_loss":0.0,"damage_taken":23.0,"cards_obtained":["Madness","Madness"]},{"damage_healed":0.0,"max_hp_gain":0.0,"max_hp_loss":0.0,"gold_gain":0.0,"event_name":"Duplicator","player_choice":"Copied","floor":38.0,"gold_loss":0.0,"damage_taken":0.0,"cards_obtained":["AT_Dispersion"]},{"damage_healed":0.0,"max_hp_gain":0.0,"max_hp_loss":0.0,"gold_gain":0.0,"event_name":"Tomb of Lord Red Mask","player_choice":"Ignored","floor":44.0,"gold_loss":0.0,"damage_taken":0.0},{"damage_healed":0.0,"max_hp_gain":0.0,"max_hp_loss":0.0,"gold_gain":400.0,"event_name":"恩洛斯的盘子","player_choice":"Sell","floor":47.0,"relics_lost":["AT_ATBox"],"gold_loss":0.0,"damage_taken":0.0}],"is_beta":false,"boss_relics":[{"not_picked":["Ring of Chaos","aspiration:RitualDagger"],"picked":"Black Star"},{"not_picked":["testmod-Fanaticism","testmod-SaigiyounoYou"],"picked":"testmod-BatchProcessingSystem"}],"items_purged_floors":[0,10,31,36,36,45,45,49,49,54],"is_endless":false,"potions_floor_spawned":[1,8,16,18,25,27,28,29,33,48,55],"ascension_level":20}}