{"host":"1poy056mauca3bbh","time":1613434311,"event":{"mods":["Ascension Unlocker","BaseMod","Bestiary","Block Reminder","Colored Map","Colored Powertips","Curses Come First","Highlight Path","Minty Spire (QoL Compilation)","Permanent Neow","Quick Restart","Rare Cards Sparkle","Relic Stats","Smile Girya","StSLib","UnlockEverythingMod"],"gold_per_floor":[117,117,34,34,34,60,60,60,60],"floor_reached":8,"language":"ENG","playtime":325,"items_purged":[],"score":104,"play_id":"b4f6f92e-47de-423b-865c-73ebf73d5718","local_time":"20210215191151","is_ascension_mode":true,"campfire_choices":[{"floor":7,"key":"REST"}],"circlet_count":0,"master_deck":["AscendersBane","Strike_G","Strike_G","Strike_G","Strike_G","Defend_G","Defend_G","Defend_G","Defend_G","Defend_G","Survivor","Neutralize","Blade Dance","Bullet Time+1","Crippling Poison","Envenom"],"relics":["Ring of the Snake","Happy Flower","Matryoshka","Akabeko"],"acts_visited":["Exordium"],"potions_floor_usage":[6,8],"damage_taken":[{"damage":3.0,"enemies":"2 Louse","floor":1.0,"turns":4.0},{"damage":54,"enemies":"3 Sentries","floor":6,"turns":15},{"damage":30,"enemies":"Lagavulin","floor":8,"turns":6}],"seed_played":"8388743275628250571","potions_obtained":[{"floor":1.0,"key":"Regen Potion"},{"floor":6,"key":"Ancient Potion"}],"is_trial":false,"path_per_floor":["M","?","$","?","?","E","R","E"],"character_chosen":"THE_SILENT","items_purchased":["Crippling Poison"],"campfire_rested":1,"item_purchase_floors":[3],"current_hp_per_floor":[56,56,56,45,45,6,25,0,0],"gold":60,"neow_bonus":"RANDOM_COMMON_RELIC","is_daily":false,"chose_seed":false,"campfire_upgraded":0,"win_rate":0.0,"timestamp":1613434311,"path_taken":["M","?","?","?","?","E","R","E"],"items_purchased_type":["Card"],"build_version":"2020-12-22","purchased_purges":0,"victory":false,"max_hp_per_floor":[66,66,66,66,66,66,66,66,66],"relic_stats":{"Happy Flower":[8],"counters":[3,25],"obtain_stats":[{"Matryoshka":4,"Happy Flower":0,"Akabeko":6,"Ring of the Snake":0},{"Matryoshka":1,"Happy Flower":0,"Akabeko":2,"Ring of the Snake":0},{"Matryoshka":4,"Happy Flower":0,"Akabeko":19,"Ring of the Snake":0}],"Ring of the Snake":[6]},"card_choices":[{"not_picked":["Calculated Gamble","Deflect"],"picked":"Blade Dance","floor":1.0},{"not_picked":["Dagger Spray","Sucker Punch"],"picked":"Envenom","floor":6}],"player_experience":154796,"relics_obtained":[{"floor":6,"key":"Akabeko"}],"event_choices":[{"damage_healed":0.0,"max_hp_gain":0.0,"max_hp_loss":0.0,"gold_gain":0.0,"cards_transformed":["Strike_G"],"event_name":"Transmorgrifier","player_choice":"Transformed","floor":2.0,"gold_loss":0.0,"damage_taken":0.0,"cards_obtained":["Bullet Time"]},{"damage_healed":0.0,"max_hp_gain":0.0,"max_hp_loss":0.0,"gold_gain":0.0,"event_name":"Scrap Ooze","player_choice":"Success","floor":4.0,"gold_loss":0.0,"damage_taken":11.0,"relics_obtained":["Matryoshka"]},{"damage_healed":0.0,"max_hp_gain":0.0,"max_hp_loss":0.0,"gold_gain":0.0,"event_name":"Upgrade Shrine","player_choice":"Upgraded","floor":5.0,"gold_loss":0.0,"damage_taken":0.0,"cards_upgraded":["Bullet Time"]}],"is_beta":false,"boss_relics":[],"items_purged_floors":[],"is_endless":false,"potions_floor_spawned":[1,6],"killed_by":"Lagavulin","ascension_level":20}}