{"host":"19r1ww88x2tc73i0","time":1613485569,"event":{"mods":["BaseMod","BetterRewards","Colored Map","Minty Spire (QoL Compilation)","Relic Stats","StSLib","SuperFastMode","slay the spire mod where everything is the same but ironclad has a cowboy hat"],"gold_per_floor":[112,123,198,212,229,229,248,248,295,295,295],"floor_reached":10,"language":"ENG","playtime":273,"items_purged":[],"score":120,"play_id":"478c4f9a-3715-42a4-bdbc-a5a5bd59d0a9","local_time":"25640216212609","is_ascension_mode":true,"campfire_choices":[{"data":"Beam Cell","floor":6,"key":"SMITH"}],"circlet_count":0,"master_deck":["AscendersBane","Strike_B","Strike_B","Strike_B","Strike_B","Defend_B","Defend_B","Defend_B","Defend_B","Zap","Dualcast","Beam Cell+1","Tempest","Lockon","Turbo","Cold Snap"],"relics":["Nuclear Battery","CultistMask"],"acts_visited":["Exordium"],"potions_floor_usage":[10],"damage_taken":[{"damage":0,"enemies":"2 Louse","floor":1,"turns":3},{"damage":1,"enemies":"Cultist","floor":2,"turns":4},{"damage":7,"enemies":"Small Slimes","floor":4,"turns":3},{"damage":7,"enemies":"Looter","floor":5,"turns":3},{"damage":19,"enemies":"Exordium Wildlife","floor":7,"turns":2},{"damage":23,"enemies":"Lagavulin","floor":10,"turns":3}],"seed_played":"-4899826890720192473","potions_obtained":[{"floor":1,"key":"Ancient Potion"},{"floor":4,"key":"Weak Potion"},{"floor":5,"key":"LiquidMemories"}],"is_trial":false,"path_per_floor":["M","M","?","M","M","R","M","?","T","E"],"character_chosen":"DEFECT","items_purchased":[],"campfire_rested":0,"item_purchase_floors":[],"current_hp_per_floor":[64,63,52,45,38,38,19,19,19,0,0],"gold":295,"neow_bonus":"BOSS_RELIC","is_daily":false,"chose_seed":false,"campfire_upgraded":1,"win_rate":0.0,"timestamp":1613485569,"path_taken":["M","M","?","M","M","R","M","?","T","E"],"items_purchased_type":[],"build_version":"2020-12-22","purchased_purges":0,"victory":false,"max_hp_per_floor":[71,71,71,71,71,71,71,71,71,71,71],"relic_stats":{"counters":[6,18],"obtain_stats":[{"CultistMask":8,"Cracked Core":0,"Nuclear Battery":0},{"CultistMask":5,"Cracked Core":0,"Nuclear Battery":0},{"CultistMask":15,"Cracked Core":0,"Nuclear Battery":0}]},"card_choices":[{"not_picked":["Self Repair","Steam"],"picked":"Beam Cell","floor":1},{"not_picked":["Heatsinks","Steam"],"picked":"Tempest","floor":2},{"not_picked":["Gash","Go for the Eyes"],"picked":"Lockon","floor":4},{"not_picked":["Blizzard","Stack"],"picked":"Turbo","floor":5},{"not_picked":["Streamline","Coolheaded"],"picked":"Cold Snap","floor":7}],"player_experience":1101075,"relics_obtained":[],"event_choices":[{"damage_healed":0,"gold_gain":75,"player_choice":"Gather Gold","damage_taken":11,"max_hp_gain":0,"max_hp_loss":0,"event_name":"World of Goop","floor":3,"gold_loss":0},{"damage_healed":0,"gold_gain":0,"player_choice":"Trade","damage_taken":0,"relics_obtained":["CultistMask"],"max_hp_gain":0,"max_hp_loss":0,"event_name":"FaceTrader","floor":8,"gold_loss":0}],"is_beta":false,"boss_relics":[],"items_purged_floors":[],"is_endless":false,"potions_floor_spawned":[1,4,5],"killed_by":"Lagavulin","ascension_level":20}}