{"host":"uuef13iiy6j2c50k","time":1613518870,"event":{"mods":["BaseMod","Minty Spire (QoL Compilation)","Quick Restart","Relic Stats","Slay-I","StSLib","SuperFastMode"],"gold_per_floor":[114,114,114,129,1,1,28,28,52,64,75,106,116,116,116,215,215,227,142,155,105,134,134,166,166,166,166,166,166],"floor_reached":28,"language":"ENG","playtime":766,"items_purged":["Pain","Strike_B"],"score":336,"play_id":"104f1d8b-7427-4ff4-a5c7-1f8340de18cb","local_time":"20210216134110","is_ascension_mode":true,"campfire_choices":[{"data":"Doom and Gloom","floor":6,"key":"SMITH"},{"data":"Ball Lightning","floor":8,"key":"SMITH"},{"data":"Turbo","floor":15,"key":"SMITH"},{"floor":23,"key":"REST"},{"floor":27,"key":"REST"}],"circlet_count":0,"master_deck":["Strike_B+1","Strike_B+1","Defend_B+1","Defend_B+1","Defend_B+1","Defend_B+1","Zap","Dualcast","Doom and Gloom+1","Glacier","Ball Lightning+1","Coolheaded","Turbo+1","Creative AI","Recycle","Heatsinks+1","Self Repair+1"],"relics":["Cracked Core","NeowsBlessing","WarpedTongs","Symbiotic Virus","Smiling Mask","Bag of Preparation","Sozu","White Beast Statue","Red Mask","Darkstone Periapt","CaptainsWheel"],"acts_visited":["Exordium","TheCity"],"potions_floor_usage":[22,28],"damage_taken":[{"damage":0,"enemies":"2 Louse","floor":1,"turns":1},{"damage":0,"enemies":"Small Slimes","floor":4,"turns":1},{"damage":0,"enemies":"Lagavulin","floor":7,"turns":1},{"damage":0,"enemies":"Cultist","floor":10,"turns":2},{"damage":6,"enemies":"Exordium Thugs","floor":11,"turns":3},{"damage":6,"enemies":"Gremlin Nob","floor":12,"turns":3},{"damage":2,"enemies":"Blue Slaver","floor":13,"turns":2},{"damage":12,"enemies":"The Guardian","floor":16,"turns":10},{"damage":3,"enemies":"Spheric Guardian","floor":18,"turns":7},{"damage":19,"enemies":"3 Byrds","floor":20,"turns":5},{"damage":7,"enemies":"Masked Bandits","floor":22,"turns":2},{"damage":32,"enemies":"Book of Stabbing","floor":24,"turns":7},{"damage":67,"enemies":"Slavers","floor":28,"turns":6}],"seed_played":"-5325390483167776168","potions_obtained":[{"floor":1,"key":"CultistPotion"},{"floor":10,"key":"GamblersBrew"},{"floor":13,"key":"Energy Potion"},{"floor":16,"key":"LiquidMemories"}],"is_trial":false,"path_per_floor":["M","?","?","M","$","R","E","R","T","M","M","E","M","?","R","B",null,"M","?","M","$","?","R","E","?","T","R","E"],"character_chosen":"DEFECT","items_purchased":["Ball Lightning"],"campfire_rested":2,"item_purchase_floors":[5],"current_hp_per_floor":[75,75,75,75,75,75,75,75,75,75,69,63,61,61,61,49,69,66,66,47,47,40,62,40,40,40,62,0,0],"gold":166,"neow_bonus":"THREE_ENEMY_KILL","is_daily":false,"chose_seed":false,"campfire_upgraded":3,"win_rate":0.0,"timestamp":1613518870,"path_taken":["M","?","?","?","?","R","E","R","T","M","M","E","M","?","R","BOSS","M","?","M","$","?","R","E","?","T","R","E"],"items_purchased_type":["Card"],"build_version":"2020-12-22","purchased_purges":2,"victory":false,"max_hp_per_floor":[75,75,75,75,75,75,75,75,75,75,75,75,75,75,75,75,75,75,75,75,75,75,75,75,75,75,75,75,75],"relic_stats":{"Sozu":4,"Darkstone Periapt":0,"counters":[13,50],"Bag of Preparation":[14],"Smiling Mask":50,"obtain_stats":[{"Sozu":17,"Darkstone Periapt":24,"CaptainsWheel":26,"NeowsBlessing":0,"Bag of Preparation":12,"Red Mask":22,"Cracked Core":0,"Symbiotic Virus":7,"Smiling Mask":9,"White Beast Statue":19,"WarpedTongs":3},{"Sozu":8,"Darkstone Periapt":12,"CaptainsWheel":12,"NeowsBlessing":0,"Bag of Preparation":6,"Red Mask":11,"Cracked Core":0,"Symbiotic Virus":3,"Smiling Mask":3,"White Beast Statue":9,"WarpedTongs":1},{"Sozu":23,"Darkstone Periapt":44,"CaptainsWheel":44,"NeowsBlessing":0,"Bag of Preparation":11,"Red Mask":37,"Cracked Core":0,"Symbiotic Virus":3,"Smiling Mask":3,"White Beast Statue":30,"WarpedTongs":1}],"WarpedTongs":[48]},"card_choices":[{"not_picked":["Stack","Undo"],"picked":"Doom and Gloom","floor":1},{"not_picked":["Blizzard","Streamline","Hologram"],"picked":"SKIP","floor":4},{"not_picked":["Sweeping Beam","Steam","Force Field"],"picked":"SKIP","floor":7},{"not_picked":["FTL","Beam Cell","Steam"],"picked":"SKIP","floor":10},{"not_picked":["Turbo","BootSequence"],"picked":"Coolheaded","floor":11},{"not_picked":["Chill","Lockon","Steam"],"picked":"SKIP","floor":12},{"not_picked":["Compile Driver","Leap"],"picked":"Turbo","floor":13},{"not_picked":["Machine Learning","Amplify"],"picked":"Creative AI","floor":16},{"not_picked":["Rebound","Go for the Eyes"],"picked":"Recycle","floor":18},{"not_picked":["Compile Driver","Coolheaded"],"picked":"Heatsinks+1","floor":20},{"not_picked":["Stack+1","Steam+1"],"picked":"Self Repair+1","floor":22},{"not_picked":["Compile Driver","Recycle","Skim"],"picked":"SKIP","floor":24}],"player_experience":57323,"relics_obtained":[{"floor":7,"key":"Symbiotic Virus"},{"floor":9,"key":"Smiling Mask"},{"floor":12,"key":"Bag of Preparation"},{"floor":22,"key":"Red Mask"},{"floor":24,"key":"Darkstone Periapt"},{"floor":26,"key":"CaptainsWheel"}],"event_choices":[{"damage_healed":0,"gold_gain":0,"cards_transformed":["Strike_B"],"player_choice":"Change","damage_taken":0,"max_hp_gain":0,"max_hp_loss":0,"event_name":"Living Wall","floor":2,"gold_loss":0,"cards_obtained":["Glacier"]},{"damage_healed":0,"gold_gain":0,"player_choice":"Rummage","damage_taken":0,"relics_obtained":["WarpedTongs"],"max_hp_gain":0,"max_hp_loss":0,"event_name":"Accursed Blacksmith","floor":3,"gold_loss":0,"cards_obtained":["Pain"]},{"damage_healed":0,"gold_gain":0,"player_choice":"Ignored","damage_taken":0,"max_hp_gain":0,"max_hp_loss":0,"event_name":"Liars Game","floor":14,"gold_loss":0},{"damage_healed":0,"gold_gain":0,"player_choice":"Obtained Relic","damage_taken":0,"relics_obtained":["White Beast Statue"],"max_hp_gain":0,"max_hp_loss":0,"event_name":"Addict","floor":19,"gold_loss":85},{"damage_healed":0,"gold_gain":0,"player_choice":"Fought Bandits","damage_taken":0,"max_hp_gain":0,"max_hp_loss":0,"event_name":"Masked Bandits","floor":22,"gold_loss":0},{"damage_healed":0,"gold_gain":0,"player_choice":"Simplicity","damage_taken":0,"max_hp_gain":0,"max_hp_loss":0,"event_name":"Back to Basics","floor":25,"gold_loss":0,"cards_upgraded":["Strike_B","Strike_B","Defend_B","Defend_B","Defend_B","Defend_B"]}],"is_beta":false,"boss_relics":[{"not_picked":["Busted Crown","Calling Bell"],"picked":"Sozu"}],"items_purged_floors":[5,21],"is_endless":false,"potions_floor_spawned":[1,10,13,16,18,20,22,24],"killed_by":"Slavers","ascension_level":5}}