{"host":"zsnmfqgcm92hlreo","time":1613461754,"event":{"mods":["AchievementEnabler","BaseMod","Bestiary","Block Reminder","Colored Map","Colored Powertips","Filter the Spire","Minty Spire (QoL Compilation)","Permanent Neow","Quick Restart","Relic Stats","StSLib","Weighted Paths"],"gold_per_floor":[115,115,115,133,158,158,192,192,192,192,30,30,66,91,91,182,182,206,206,206,220,270,304,184,184,184],"floor_reached":25,"language":"ENG","playtime":791,"items_purged":[],"score":454,"play_id":"8b1b23c7-9f81-4ad3-a1ca-8047f138d029","local_time":"20210216014914","is_ascension_mode":true,"campfire_choices":[{"data":"Loop","floor":6.0,"key":"SMITH"},{"data":"Chill","floor":8.0,"key":"SMITH"},{"data":"White Noise","floor":10.0,"key":"SMITH"},{"data":"Turbo","floor":12,"key":"SMITH"},{"data":"Darkness","floor":15,"key":"SMITH"}],"circlet_count":0,"master_deck":["AscendersBane","Zap","Dualcast","Steam","Electrodynamics","Loop+1","Cold Snap","Glacier","White Noise+1","Turbo+1","Auto Shields","Ball Lightning","Cold Snap","BootSequence","Chill+1","Darkness+1","Multi-Cast","CurseOfTheBell","Tempest+1","Rainbow","Glacier","Storm+1"],"relics":["Pandora\u0027s Box","Bloody Idol","White Beast Statue","Bottled Lightning","PreservedInsect","Thread and Needle","Calling Bell","Orichalcum","Frozen Egg 2","WingedGreaves","Regal Pillow"],"acts_visited":["Exordium","TheCity"],"potions_floor_usage":[25],"damage_taken":[{"damage":0.0,"enemies":"2 Louse","floor":1.0,"turns":2.0},{"damage":6.0,"enemies":"Jaw Worm","floor":4.0,"turns":2.0},{"damage":0.0,"enemies":"Cultist","floor":5.0,"turns":3.0},{"damage":3.0,"enemies":"Lagavulin","floor":7.0,"turns":9.0},{"damage":4,"enemies":"Gremlin Nob","floor":13,"turns":3},{"damage":0,"enemies":"Looter","floor":14,"turns":2},{"damage":26,"enemies":"Slime Boss","floor":16,"turns":5},{"damage":11,"enemies":"2 Thieves","floor":18,"turns":4},{"damage":0,"enemies":"Spheric Guardian","floor":21,"turns":2},{"damage":19,"enemies":"Book of Stabbing","floor":23,"turns":5},{"damage":43,"enemies":"Gremlin Leader","floor":25,"turns":4}],"seed_played":"-180097729074600863","potions_obtained":[{"floor":5.0,"key":"ColorlessPotion"},{"floor":7.0,"key":"Dexterity Potion"},{"floor":14,"key":"DuplicationPotion"}],"is_trial":false,"path_per_floor":["M","?","?","M","M","R","E","R","T","R","$","R","E","M","R","B",null,"M","?","?","M","?","E","$","E"],"character_chosen":"DEFECT","items_purchased":["PreservedInsect","Glacier","Storm+1"],"campfire_rested":0,"item_purchase_floors":[11,24,24],"current_hp_per_floor":[64,64,64,58,58,58,55,55,55,55,55,55,51,51,51,25,54,43,43,43,48,53,39,39,0,0],"gold":184,"neow_bonus":"BOSS_RELIC","is_daily":false,"chose_seed":false,"campfire_upgraded":5,"win_rate":0.0,"timestamp":1613461754,"path_taken":["M","?","?","M","M","R","E","R","T","R","$","R","E","?","R","BOSS","M","?","?","M","?","E","$","E"],"items_purchased_type":["Relic","Card","Card"],"build_version":"2020-12-22","purchased_purges":0,"victory":false,"max_hp_per_floor":[71,64,64,64,64,64,64,64,64,64,64,64,64,64,64,64,64,64,64,64,64,64,64,64,64,64],"relic_stats":{"Regal Pillow":0,"counters":[11,41],"Bloody Idol":15,"Pandora\u0027s Box":["Steam","Steam","Electrodynamics","Loop","Cold Snap","Glacier","White Noise","Turbo"],"PreservedInsect":114,"Orichalcum":[0],"obtain_stats":[{"Regal Pillow":23,"Golden Idol":2,"Thread and Needle":13,"PreservedInsect":11,"Orichalcum":17,"Frozen Egg 2":17,"White Beast Statue":7,"Calling Bell":17,"Bloody Idol":20,"Pandora\u0027s Box":0,"WingedGreaves":17,"Bottled Lightning":9,"Cracked Core":0},{"Regal Pillow":10,"Golden Idol":1,"Thread and Needle":5,"PreservedInsect":4,"Orichalcum":7,"Frozen Egg 2":7,"White Beast Statue":4,"Calling Bell":7,"Bloody Idol":8,"Pandora\u0027s Box":0,"WingedGreaves":7,"Bottled Lightning":4,"Cracked Core":0},{"Regal Pillow":37,"Golden Idol":2,"Thread and Needle":19,"PreservedInsect":16,"Orichalcum":26,"Frozen Egg 2":26,"White Beast Statue":16,"Calling Bell":26,"Bloody Idol":30,"Pandora\u0027s Box":0,"WingedGreaves":26,"Bottled Lightning":16,"Cracked Core":0}]},"card_choices":[{"not_picked":["Gash","Redo"],"picked":"Auto Shields","floor":1.0},{"not_picked":["Steam","Ball Lightning"],"picked":"Cold Snap","floor":4.0},{"not_picked":["Beam Cell","Barrage"],"picked":"BootSequence","floor":5.0},{"not_picked":["Go for the Eyes","Barrage"],"picked":"Chill","floor":7.0},{"not_picked":["Cold Snap","Consume"],"picked":"Darkness","floor":13},{"not_picked":["Heatsinks","Beam Cell","Sweeping Beam"],"picked":"SKIP","floor":14},{"not_picked":["Fission","All For One"],"picked":"Multi-Cast","floor":16},{"not_picked":["Leap+1","Stack"],"picked":"Tempest+1","floor":18},{"not_picked":["Ball Lightning","Barrage"],"picked":"Rainbow","floor":21},{"not_picked":["Reprogram","Fusion","Steam"],"picked":"SKIP","floor":23}],"player_experience":1161771,"relics_obtained":[{"floor":7.0,"key":"White Beast Statue"},{"floor":9.0,"key":"Bottled Lightning"},{"floor":13,"key":"Thread and Needle"},{"floor":17,"key":"Orichalcum"},{"floor":17,"key":"Frozen Egg 2"},{"floor":17,"key":"WingedGreaves"},{"floor":23,"key":"Regal Pillow"}],"event_choices":[{"damage_healed":0.0,"max_hp_gain":0.0,"max_hp_loss":7.0,"gold_gain":0.0,"event_name":"Golden Idol","player_choice":"Lose Max HP","floor":2.0,"gold_loss":0.0,"damage_taken":0.0,"relics_obtained":["Golden Idol"]},{"damage_healed":0.0,"max_hp_gain":0.0,"max_hp_loss":0.0,"gold_gain":0.0,"cards_transformed":["Steam"],"event_name":"Transmorgrifier","player_choice":"Transformed","floor":3.0,"gold_loss":0.0,"damage_taken":0.0,"cards_obtained":["Ball Lightning"]},{"damage_healed":0,"gold_gain":0,"player_choice":"Ignored","damage_taken":0,"max_hp_gain":0,"max_hp_loss":0,"event_name":"Beggar","floor":19,"gold_loss":0},{"damage_healed":0,"gold_gain":0,"player_choice":"Gave Idol","damage_taken":0,"relics_obtained":["Bloody Idol"],"max_hp_gain":0,"max_hp_loss":0,"event_name":"Forgotten Altar","floor":20,"relics_lost":["Golden Idol"],"gold_loss":0},{"damage_healed":0,"gold_gain":50,"player_choice":"Stole From Cult","damage_taken":0,"max_hp_gain":0,"max_hp_loss":0,"event_name":"Nest","floor":22,"gold_loss":0}],"is_beta":false,"boss_relics":[{"not_picked":["SacredBark","Nuclear Battery"],"picked":"Calling Bell"}],"items_purged_floors":[],"is_endless":false,"potions_floor_spawned":[5,7,13,14,16,18,21,23],"killed_by":"Gremlin Leader","ascension_level":20}}