{"host":"ydg0vn0pu4pubmdt","time":1613504527,"event":{"mods":["AchievementEnabler","BaseMod","Colored Map","Minty Spire (QoL Compilation)","Quick Restart","SuperFastMode"],"gold_per_floor":[137,137,172,18,18,18,49,89,89,89,150,221,121,184,184,308,308,345,383,408,408],"floor_reached":20,"language":"KOR","playtime":502,"items_purged":["Writhe","Strike_R"],"score":332,"play_id":"32571130-1d58-4a76-8e0f-e2456cf808f9","local_time":"20210217044207","is_ascension_mode":true,"campfire_choices":[{"data":"Offering","floor":6.0,"key":"SMITH"},{"data":"HandOfGreed","floor":10.0,"key":"SMITH"},{"data":"Rampage","floor":15.0,"key":"SMITH"}],"circlet_count":0,"master_deck":["AscendersBane","Strike_R","Strike_R","Strike_R","Strike_R","Defend_R","Defend_R","Defend_R","Defend_R","Bash","HandOfGreed+1","Burning Pact","Shrug It Off","Offering+1","Battle Trance","Rampage+1","Corruption","Dark Embrace"],"relics":["Burning Blood","Turnip","Akabeko","Gremlin Horn","Odd Mushroom","Cursed Key"],"acts_visited":["Exordium","TheCity"],"potions_floor_usage":[],"damage_taken":[{"damage":12.0,"enemies":"Cultist","floor":1.0,"turns":5.0},{"damage":14.0,"enemies":"Jaw Worm","floor":3.0,"turns":5.0},{"damage":0.0,"enemies":"2 Louse","floor":7.0,"turns":2.0},{"damage":10.0,"enemies":"Large Slime","floor":8.0,"turns":3.0},{"damage":16.0,"enemies":"Exordium Wildlife","floor":11.0,"turns":3.0},{"damage":6.0,"enemies":"The Mushroom Lair","floor":12.0,"turns":3.0},{"damage":7.0,"enemies":"Exordium Thugs","floor":14.0,"turns":3.0},{"damage":38.0,"enemies":"Slime Boss","floor":16.0,"turns":7.0},{"damage":27.0,"enemies":"2 Thieves","floor":18.0,"turns":4.0},{"damage":29.0,"enemies":"3 Byrds","floor":19.0,"turns":4.0},{"damage":17,"enemies":"Shelled Parasite and Fungi","floor":20,"turns":2}],"seed_played":"-1324569962904987623","potions_obtained":[{"floor":1.0,"key":"SteroidPotion"},{"floor":8.0,"key":"BlessingOfTheForge"},{"floor":14.0,"key":"BloodPotion"},{"floor":18.0,"key":"Fire Potion"}],"is_trial":false,"path_per_floor":["M","T","M","$","?","R","M","M","T","R","M","?","$","M","R","B",null,"M","M","M"],"character_chosen":"IRONCLAD","items_purchased":["Offering"],"campfire_rested":0,"item_purchase_floors":[4],"current_hp_per_floor":[62,62,54,54,36,36,42,38,38,38,28,28,28,42,42,10,59,38,15,0,0],"gold":408,"neow_bonus":"RANDOM_COLORLESS_2","is_daily":false,"chose_seed":false,"campfire_upgraded":3,"win_rate":0.0,"timestamp":1613504527,"path_taken":["M","?","M","?","?","R","?","M","T","R","M","?","$","M","R","BOSS","M","M","M"],"items_purchased_type":["Card"],"build_version":"2020-12-22","purchased_purges":2,"victory":false,"max_hp_per_floor":[75,75,75,75,75,75,75,75,75,75,75,75,75,75,75,75,75,75,75,75,75],"card_choices":[{"not_picked":["Metamorphosis","Sadistic Nature"],"picked":"HandOfGreed","floor":0.0},{"not_picked":["Heavy Blade","Warcry"],"picked":"Burning Pact","floor":1.0},{"not_picked":["Iron Wave","Flex"],"picked":"Shrug It Off","floor":3.0},{"not_picked":["Evolve","Ghostly Armor"],"picked":"Battle Trance","floor":7.0},{"not_picked":["Limit Break","Twin Strike","Carnage"],"picked":"SKIP","floor":8.0},{"not_picked":["Sever Soul","Flame Barrier","Metallicize"],"picked":"SKIP","floor":11.0},{"not_picked":["Pommel Strike","Heavy Blade"],"picked":"Rampage","floor":14.0},{"not_picked":["Impervious","Bludgeon"],"picked":"Corruption","floor":16.0},{"not_picked":["Perfected Strike","Hemokinesis"],"picked":"Dark Embrace","floor":18.0},{"not_picked":["Twin Strike","Shrug It Off","Headbutt"],"picked":"SKIP","floor":19.0}],"player_experience":604352,"relics_obtained":[{"floor":2.0,"key":"Turnip"},{"floor":9.0,"key":"Gremlin Horn"},{"floor":12.0,"key":"Odd Mushroom"}],"event_choices":[{"damage_healed":0.0,"max_hp_gain":0.0,"max_hp_loss":0.0,"gold_gain":0.0,"event_name":"Scrap Ooze","player_choice":"Success","floor":5.0,"gold_loss":0.0,"damage_taken":18.0,"relics_obtained":["Akabeko"]},{"damage_healed":0.0,"max_hp_gain":0.0,"max_hp_loss":0.0,"gold_gain":0.0,"event_name":"Mushrooms","player_choice":"Fought Mushrooms","floor":12.0,"gold_loss":0.0,"damage_taken":0.0}],"is_beta":false,"boss_relics":[{"not_picked":["SlaversCollar","Philosopher\u0027s Stone"],"picked":"Cursed Key"}],"items_purged_floors":[4,13],"is_endless":false,"potions_floor_spawned":[1,8,11,14,18],"killed_by":"Shelled Parasite and Fungi","ascension_level":20}}