{"host":"fc4hh3zaz3zk8cya","time":1613450217,"event":{"mods":["BaseMod","BetterRewards","Colored Map","Colored Powertips","Downfall","GifTheSpireLib","Highlight Path","Infinite Spire","Minty Spire (QoL Compilation)","Permanent Neow","Quick Restart","Replay The Spire","Shop Mod","StSLib","slay the spire mod where everything is the same but ironclad has a cowboy hat"],"gold_per_floor":[99,110,2,2,20,48,48,83,109,125,125,194,228,254,276,387,387,387,387,387],"floor_reached":18,"language":"ENG","playtime":1331,"items_purged":[],"score":181,"play_id":"76b12726-3fe4-4911-8c47-133907dae9e8","local_time":"20210215233657","is_ascension_mode":true,"campfire_choices":[{"floor":1,"key":"DIG"},{"floor":11,"key":"REST"}],"circlet_count":0,"master_deck":["Guardian:Strike_Guardian","Guardian:Strike_Guardian","Guardian:Strike_Guardian","Guardian:Strike_Guardian","Guardian:Defend_Guardian","Guardian:Defend_Guardian","Guardian:Defend_Guardian","Guardian:Defend_Guardian","Guardian:CurlUp","Guardian:EvasiveProtocol","Guardian:Recover","Survivor","Neutralize","Guardian:PrimingBeam","Guardian:Gem_Red","Guardian:Gem_Green","Guardian:BronzeOrb","Guardian:CrystalBeam","Guardian:Preprogram","Guardian:DonusPower","Guardian:TimeSifter","CurseOfTheBell"],"relics":["Sozu","infinitespire:Satchel","Gremlin Food","infinitespire:WardingShard","Replay:Wax Seal","Bronze Scales","Replay:Bandana","Calling Bell","Simple Rune","Replay:WaspNest","Lizard Tail"],"acts_visited":["Exordium","TheCity"],"potions_floor_usage":[],"damage_taken":[{"damage":6,"enemies":"Jaw Worm","floor":2,"turns":3},{"damage":2,"enemies":"downfall:FleeingMerchant","floor":3,"turns":4},{"damage":0,"enemies":"Small Slimes","floor":5,"turns":5},{"damage":28,"enemies":"Gremlin Nob","floor":6,"turns":7},{"damage":15,"enemies":"Lagavulin","floor":8,"turns":10},{"damage":0,"enemies":"Cultist","floor":10,"turns":4},{"damage":26,"enemies":"Lagavulin Event","floor":12,"turns":10},{"damage":0,"enemies":"Large Slime","floor":13,"turns":7},{"damage":2,"enemies":"2 Fungi Beasts","floor":14,"turns":2},{"damage":0,"enemies":"Red Slaver","floor":15,"turns":3},{"damage":8,"enemies":"SI_SHIV_ARCHETYPE","floor":16,"turns":7}],"seed_played":"-8720285433133989652","potions_obtained":[],"is_trial":false,"path_per_floor":["R_BF","M","$","?","M","E","T","E","T","M","R","?","M","M","M","B",null,"R_BF"],"character_chosen":"GUARDIAN","items_purchased":["Guardian:EvasiveProtocol","Guardian:Recover"],"campfire_rested":1,"item_purchase_floors":[3,3],"current_hp_per_floor":[80,74,72,72,72,44,44,29,29,29,53,27,27,25,25,17,80,80,80,80],"gold":387,"neow_bonus":"BOSS_RELIC","is_daily":false,"chose_seed":false,"campfire_upgraded":0,"win_rate":0.0,"timestamp":1613450217,"path_taken":["R_BF","M","$","?","M","E","T","E","?","M","R","?","M","M","M","BOSS","R_BF"],"items_purchased_type":["Card","Card"],"build_version":"2020-12-22","purchased_purges":0,"victory":false,"max_hp_per_floor":[80,80,80,80,80,80,80,80,80,80,80,80,80,80,80,80,80,80,80,80],"card_choices":[{"not_picked":["Guardian:BronzeOrb","Guardian:CrystalBeam"],"picked":"Guardian:Gem_Cyan","floor":2},{"not_picked":["Guardian:Suspension","Guardian:Orbwalk","Guardian:CrystalBeam"],"picked":"SKIP","floor":3},{"not_picked":["Guardian:Planning","Guardian:PolyBeam"],"picked":"Guardian:PrimingBeam","floor":5},{"not_picked":["Guardian:Incinerate","Guardian:WalkerClaw"],"picked":"Guardian:Gem_Crimson","floor":6},{"not_picked":["Guardian:FastForward","Guardian:Reroute"],"picked":"Guardian:Gem_Red","floor":8},{"not_picked":["Guardian:TemporalShield","Guardian:TemporalStrike"],"picked":"Guardian:Gem_Green","floor":10},{"not_picked":["Guardian:Reroute","Guardian:EvasiveProtocol"],"picked":"Guardian:BronzeOrb","floor":12},{"not_picked":["Guardian:RollAttack","Guardian:PrismaticBarrier"],"picked":"Guardian:CrystalBeam","floor":13},{"not_picked":["Guardian:RevengeProtocol","Guardian:TemporalShield"],"picked":"Guardian:Preprogram","floor":14},{"not_picked":["Guardian:Planning","Guardian:TemporalStrike"],"picked":"Guardian:DonusPower","floor":15},{"not_picked":["Guardian:ConstructionForm","Guardian:RevengeProtocol"],"picked":"Guardian:TimeSifter","floor":16}],"player_experience":84651,"relics_obtained":[{"floor":1,"key":"infinitespire:Satchel"},{"floor":6,"key":"Gremlin Food"},{"floor":7,"key":"infinitespire:WardingShard"},{"floor":8,"key":"Replay:Wax Seal"},{"floor":9,"key":"Bronze Scales"},{"floor":17,"key":"Simple Rune"},{"floor":17,"key":"Replay:WaspNest"},{"floor":17,"key":"Lizard Tail"}],"event_choices":[],"is_beta":false,"boss_relics":[{"not_picked":["Busted Crown","SlaversCollar"],"picked":"Calling Bell"}],"items_purged_floors":[],"is_endless":false,"potions_floor_spawned":[2,5,8,12,13,14],"ascension_level":1}}