{"host":"1ooxfz79hmpvpehx","time":1613440397,"event":{"mods":["BaseMod","Better Altar","Better Match","Better Note","Better Sensory Stone","Better Skull","Better Third Choice","Infinite Spire","Marked Mod","Minty Spire (QoL Compilation)","Quick Restart","RNG Fix","Replay The Spire","StSLib","SuperFastMode"],"gold_per_floor":[114,124,124,140,158,158,172,172,195,536,23,86,99,116,116,218,218,233,233,216,233,233,233],"floor_reached":22,"language":"ENG","playtime":467,"items_purged":["Strike_B","Strike_B"],"score":178,"play_id":"6fb09ae6-f688-4304-a2ff-1adb2164abd3","local_time":"20210215225317","is_ascension_mode":false,"campfire_choices":[{"data":"Storm","floor":6.0,"key":"SMITH"},{"data":"Loop","floor":8.0,"key":"SMITH"},{"floor":15.0,"key":"REST"}],"circlet_count":0,"master_deck":["Strike_B","Strike_B","Defend_B","Defend_B","Defend_B","Defend_B","Zap","Dualcast","Hologram","Creative AI+1","Storm+1","Loop+1","Thunder Strike","Storm","Multi-Cast","Hologram+1","infinitespire:UltimateForm","Aggregate"],"relics":["Cracked Core","NeowsBlessing","infinitespire:Lychee Nut","Toy Ornithopter","infinitespire:Freezer","Girya","infinitespire:Lucky Rock","Runic Dome","Replay:Towering Pillar of Hats"],"acts_visited":["Exordium","TheCity"],"potions_floor_usage":[16,16,16],"damage_taken":[{"damage":0.0,"enemies":"Cultist","floor":1.0,"turns":1.0},{"damage":0.0,"enemies":"Small Slimes","floor":2.0,"turns":1.0},{"damage":0.0,"enemies":"2 Louse","floor":5.0,"turns":1.0},{"damage":12.0,"enemies":"Looter","floor":7.0,"turns":4.0},{"damage":12.0,"enemies":"3 Sentries","floor":12.0,"turns":4.0},{"damage":7.0,"enemies":"Blue Slaver","floor":13.0,"turns":4.0},{"damage":0.0,"enemies":"Exordium Wildlife","floor":14.0,"turns":3.0},{"damage":17,"enemies":"Slime Boss","floor":16,"turns":7},{"damage":0,"enemies":"Chosen","floor":18,"turns":4},{"damage":22,"enemies":"2 Thieves","floor":20,"turns":5},{"damage":33,"enemies":"Cultist and Chosen","floor":21,"turns":6},{"damage":13,"enemies":"Centurion and Healer","floor":22,"turns":1}],"seed_played":"6527717714025662482","potions_obtained":[{"floor":5.0,"key":"BlessingOfTheForge"},{"floor":12.0,"key":"CultistPotion"},{"floor":13.0,"key":"Weak Potion"},{"floor":14.0,"key":"Adrenaline Potion"},{"floor":20,"key":"SteroidPotion"}],"is_trial":false,"path_per_floor":["M","M","?","?","M","R","M","R","T","?","$","?","M","M","R","B",null,"M","AVR","M","M","M"],"character_chosen":"DEFECT","items_purchased":["Thunder Strike","Girya"],"campfire_rested":1,"item_purchase_floors":[11,11],"current_hp_per_floor":[75,75,75,56,56,56,47,47,47,9,9,8,7,12,28,32,56,56,56,37,10,0,0],"gold":233,"neow_bonus":"THREE_ENEMY_KILL","is_daily":false,"chose_seed":false,"campfire_upgraded":2,"win_rate":0.0,"timestamp":1613440397,"path_taken":["M","M","?","?","?","R","M","R","T","?","$","?","?","M","R","BOSS","M","AVR","M","M","M"],"items_purchased_type":["Card","Relic"],"build_version":"2020-12-22","purchased_purges":2,"victory":false,"max_hp_per_floor":[75,75,75,56,56,56,56,56,56,56,56,56,56,56,56,56,56,56,56,56,56,56,56],"card_choices":[{"not_picked":["Panic Button","Loop"],"picked":"Hologram","floor":1.0},{"not_picked":["Panic Button","Stack"],"picked":"Creative AI","floor":2.0},{"not_picked":["FIFO Queue","Barrage"],"picked":"Storm","floor":4.0},{"not_picked":["Melter","Turbo"],"picked":"Loop","floor":5.0},{"not_picked":["Gash","Conserve Battery","Ball Lightning"],"picked":"SKIP","floor":7.0},{"not_picked":["Sweeping Beam","Go for the Eyes"],"picked":"Storm","floor":12.0},{"not_picked":["Ball Lightning","Hologram","Conserve Battery"],"picked":"SKIP","floor":13.0},{"not_picked":["Consume","Streamline","Auto Shields"],"picked":"SKIP","floor":14.0},{"not_picked":["Mirror Shield","Creative AI"],"picked":"Multi-Cast","floor":16},{"not_picked":["White Noise","Ball Lightning"],"picked":"Hologram+1","floor":18},{"not_picked":["Genetic Algorithm","Rebound","Steam+1"],"picked":"SKIP","floor":20},{"not_picked":["Sweeping Beam","Tempest+1"],"picked":"Aggregate","floor":21}],"player_experience":16661,"relics_obtained":[{"floor":4.0,"key":"infinitespire:Lychee Nut"},{"floor":9.0,"key":"Toy Ornithopter"},{"floor":12.0,"key":"infinitespire:Lucky Rock"}],"event_choices":[{"damage_healed":0.0,"max_hp_gain":0.0,"max_hp_loss":0.0,"gold_gain":341.0,"event_name":"betterSkull:BetterSkull","player_choice":"GO GO GO RE ","floor":10.0,"gold_loss":0.0,"damage_taken":43.0,"cards_upgraded":[],"relics_obtained":["infinitespire:Freezer"]},{"damage_healed":0.0,"max_hp_gain":0.0,"max_hp_loss":0.0,"gold_gain":30.0,"event_name":"Dead Adventurer","player_choice":"Searched \u00272\u0027 times","floor":12.0,"gold_loss":0.0,"damage_taken":0.0}],"is_beta":false,"boss_relics":[{"not_picked":["infinitespire:Cupcake","Cursed Key"],"picked":"Runic Dome"}],"items_purged_floors":[11,19],"is_endless":false,"potions_floor_spawned":[5,12,13,14,20],"killed_by":"Centurion and Healer","ascension_level":0}}