{"host":"04x9isxu4s2lvye3","time":1613439548,"event":{"mods":["BaseMod","Colored Powertips","Highlight Path","Minty Spire (QoL Compilation)"],"gold_per_floor":[115,115,127,145,165,196,208,238,319,319,337,337,364,364,364,469,469,481,173,173,173,173,205,205,220,244,244,259,275,289,3,3,3,3],"floor_reached":33,"language":"ENG","playtime":1754,"items_purged":["Strike_R"],"score":412,"play_id":"ea6762f7-68f6-4fcd-9142-f601f992b229","local_time":"20210215203908","is_ascension_mode":true,"campfire_choices":[{"data":"Berserk","floor":10.0,"key":"SMITH"},{"data":"Armaments","floor":12.0,"key":"SMITH"},{"floor":15.0,"key":"REST"},{"data":"Battle Trance","floor":32.0,"key":"SMITH"}],"circlet_count":0,"master_deck":["Defend_R","Defend_R","Defend_R","Defend_R","Bash","Rage","Berserk+1","Pommel Strike","Rampage","Armaments+1","Headbutt","Clothesline","Immolate","Shrug It Off","Battle Trance+1","Bite","Bite","Bite","Bite","Bite","Necronomicurse","Shrug It Off+1"],"relics":["Burning Blood","Boot","Anchor","Singing Bowl","Ice Cream","Sozu","Tiny Chest","Eternal Feather","Centennial Puzzle","Self Forming Clay","Regal Pillow","Necronomicon","CaptainsWheel"],"acts_visited":["Exordium","TheCity"],"potions_floor_usage":[],"damage_taken":[{"damage":0.0,"enemies":"Small Slimes","floor":1.0,"turns":3.0},{"damage":4.0,"enemies":"Cultist","floor":3.0,"turns":4.0},{"damage":0.0,"enemies":"2 Louse","floor":4.0,"turns":3.0},{"damage":0.0,"enemies":"Large Slime","floor":5.0,"turns":3.0},{"damage":32.0,"enemies":"Gremlin Nob","floor":6.0,"turns":4.0},{"damage":10.0,"enemies":"2 Fungi Beasts","floor":7.0,"turns":4.0},{"damage":27.0,"enemies":"3 Sentries","floor":8.0,"turns":9.0},{"damage":3.0,"enemies":"Blue Slaver","floor":11.0,"turns":3.0},{"damage":32.0,"enemies":"Gremlin Nob","floor":13.0,"turns":4.0},{"damage":14.0,"enemies":"Hexaghost","floor":16.0,"turns":9.0},{"damage":0.0,"enemies":"3 Byrds","floor":18.0,"turns":3.0},{"damage":41.0,"enemies":"Slavers","floor":23.0,"turns":6.0},{"damage":19.0,"enemies":"Spheric Guardian","floor":25.0,"turns":4.0},{"damage":12.0,"enemies":"Snake Plant","floor":28.0,"turns":4.0},{"damage":13.0,"enemies":"Snecko","floor":29.0,"turns":4.0},{"damage":14.0,"enemies":"Shelled Parasite and Fungi","floor":30.0,"turns":5.0},{"damage":107,"enemies":"Automaton","floor":33,"turns":12}],"seed_played":"-4081576832880234759","potions_obtained":[{"floor":1.0,"key":"DistilledChaos"},{"floor":4.0,"key":"LiquidBronze"},{"floor":5.0,"key":"ColorlessPotion"},{"floor":16.0,"key":"ColorlessPotion"}],"is_trial":false,"path_per_floor":["M","?","M","M","M","E","M","E","T","R","M","R","E","?","R","B",null,"M","$","?","?","T","E","T","M","T","?","M","M","M","$","R","B"],"character_chosen":"IRONCLAD","items_purchased":["Tiny Chest","Battle Trance","CaptainsWheel"],"campfire_rested":1,"item_purchase_floors":[19,19,31],"current_hp_per_floor":[86,86,88,88,88,62,58,37,37,37,42,42,18,18,45,37,78,84,84,64,53,53,35,35,36,36,20,32,43,42,42,54,0,0],"gold":3,"neow_bonus":"TEN_PERCENT_HP_BONUS","is_daily":false,"chose_seed":false,"campfire_upgraded":3,"win_rate":0.0,"timestamp":1613439548,"path_taken":["M","?","?","M","M","E","M","E","T","R","M","R","E","?","R","BOSS","M","$","?","?","?","E","?","M","T","?","M","M","?","$","R","BOSS"],"items_purchased_type":["Relic","Card","Relic"],"build_version":"2020-12-22","purchased_purges":1,"victory":false,"max_hp_per_floor":[88,88,88,88,88,88,88,88,88,88,90,90,92,92,92,92,92,92,92,64,69,69,71,71,73,73,73,75,77,77,77,77,77,77],"card_choices":[{"not_picked":["Pummel","Entrench"],"picked":"Rage","floor":1.0},{"not_picked":["Hemokinesis","True Grit"],"picked":"Pommel Strike","floor":3.0},{"not_picked":["Iron Wave","Cleave"],"picked":"Rampage","floor":4.0},{"not_picked":["Blood for Blood","Heavy Blade"],"picked":"Armaments","floor":5.0},{"not_picked":["Sentinel","Warcry","Dropkick"],"picked":"SKIP","floor":6.0},{"not_picked":["Havoc","Flex"],"picked":"Headbutt","floor":7.0},{"not_picked":["Rage","Dropkick"],"picked":"Clothesline","floor":8.0},{"not_picked":["Bludgeon","Twin Strike","Infernal Blade"],"picked":"Singing Bowl","floor":11.0},{"not_picked":["True Grit","Clash","Disarm"],"picked":"Singing Bowl","floor":13.0},{"not_picked":["Offering","Brutality"],"picked":"Immolate","floor":16.0},{"not_picked":["Sever Soul","Heavy Blade"],"picked":"Shrug It Off","floor":18.0},{"not_picked":["Battle Trance","Twin Strike","Clothesline+1"],"picked":"Singing Bowl","floor":23.0},{"not_picked":["Twin Strike+1","Headbutt","Armaments"],"picked":"Singing Bowl","floor":25.0},{"not_picked":["Flex","Pommel Strike","True Grit"],"picked":"Singing Bowl","floor":28.0},{"not_picked":["Dropkick+1","Heavy Blade","Iron Wave"],"picked":"Singing Bowl","floor":29.0},{"not_picked":["Combust","Whirlwind"],"picked":"Shrug It Off+1","floor":30.0}],"player_experience":307433,"relics_obtained":[{"floor":6.0,"key":"Boot"},{"floor":8.0,"key":"Anchor"},{"floor":9.0,"key":"Singing Bowl"},{"floor":13.0,"key":"Ice Cream"},{"floor":22.0,"key":"Eternal Feather"},{"floor":23.0,"key":"Centennial Puzzle"},{"floor":24.0,"key":"Self Forming Clay"},{"floor":26.0,"key":"Regal Pillow"},{"floor":27.0,"key":"Necronomicon"}],"event_choices":[{"damage_healed":0.0,"max_hp_gain":0.0,"max_hp_loss":0.0,"gold_gain":0.0,"event_name":"Match and Keep!","player_choice":"1 cards matched","floor":2.0,"gold_loss":0.0,"damage_taken":0.0,"cards_obtained":["Berserk"]},{"damage_healed":0.0,"max_hp_gain":0.0,"max_hp_loss":0.0,"gold_gain":0.0,"event_name":"Liars Game","player_choice":"Ignored","floor":14.0,"gold_loss":0.0,"damage_taken":0.0},{"damage_healed":0.0,"max_hp_gain":0.0,"max_hp_loss":28.0,"gold_gain":0.0,"event_name":"Vampires","player_choice":"Became a vampire","floor":20.0,"gold_loss":0.0,"damage_taken":0.0,"cards_obtained":["Bite","Bite","Bite","Bite","Bite"]},{"damage_healed":0.0,"max_hp_gain":5.0,"max_hp_loss":0.0,"gold_gain":0.0,"event_name":"Forgotten Altar","player_choice":"Shed Blood","floor":21.0,"gold_loss":0.0,"damage_taken":16.0},{"damage_healed":0.0,"max_hp_gain":0.0,"max_hp_loss":0.0,"gold_gain":0.0,"event_name":"Cursed Tome","player_choice":"Obtained Book","floor":27.0,"gold_loss":0.0,"damage_taken":16.0}],"is_beta":false,"boss_relics":[{"not_picked":["SlaversCollar","Runic Cube"],"picked":"Sozu"}],"items_purged_floors":[19],"is_endless":false,"potions_floor_spawned":[1,4,5,16,28,29,30],"killed_by":"Automaton","ascension_level":7}}