{"host":"jksq986fwerfio60","time":1613447085,"event":{"mods":["BaseMod","Colored Map","Colored Powertips","Downfall","Hermit","Jorbs\u0027s Wanderer Trilogy","Marisa¡]Ãú«B¡@Å]²z¨F¡^","Minty Spire (QoL Compilation)","Replay The Spire","Shop Mod","StSLib","The Construct","UnlockEverythingMod"],"gold_per_floor":[115,115,134,134,148,167,180,180,180,180,180,180,197,197,215,59,59,160,160,179,179,204,125,145,145,160,184,238,238,269,293,293,310,310,418,418,442,63,88,103,122,122,122,153,153,175,195,225,230,230],"floor_reached":49,"language":"ZHS","playtime":4972,"items_purged":["hermit:Defend_Hermit"],"score":520,"play_id":"bd675583-85a1-46b0-b1b4-3d5fbf4ab850","local_time":"20210216114445","is_ascension_mode":false,"campfire_choices":[{"floor":8,"key":"REST"},{"data":"hermit:Snipe","floor":10,"key":"SMITH"},{"floor":14,"key":"REST"},{"data":"hermit:GoldenBullet","floor":17,"key":"SMITH"},{"floor":25,"key":"REST"},{"floor":32,"key":"REST"},{"floor":34,"key":"REST"},{"floor":42,"key":"REST"}],"circlet_count":0,"master_deck":["hermit:Strike_Hermit","hermit:Strike_Hermit+1","hermit:Strike_Hermit+1","hermit:Strike_Hermit","hermit:Defend_Hermit","hermit:Defend_Hermit","hermit:Defend_Hermit","hermit:Snapshot","hermit:Covet","hermit:Coalescence","hermit:Snipe+1","hermit:Combo","hermit:Scavenge","hermit:TrackingShot","hermit:GoldenBullet+1","hermit:Gambit","hermit:Determination","hermit:Vantage","hermit:LowProfile+1","hermit:Vantage+1","hermit:BigShot","hermit:Enervate"],"relics":["hermit:Momento","Replay:Bottled Steam","Mercury Hourglass","Vajra","Replay:Grab Bag","Busted Crown","ChewingGum","construct:ClawGrip","Akabeko","Red Mask","hermit:BartenderGlass","Replay:Multitool","InkBottle","ReplayTheSpireMod:Lightbulb","MealTicket"],"acts_visited":["Exordium","TheCity","TheBeyond"],"potions_floor_usage":[35,35,35,40,40,41,41,44,44,46,46,46,47,48,48,48,48,48,49,49,49],"damage_taken":[{"damage":0,"enemies":"Small Slimes","floor":1,"turns":4},{"damage":11,"enemies":"Jaw Worm","floor":3,"turns":2},{"damage":6,"enemies":"Cultist","floor":5,"turns":3},{"damage":2,"enemies":"Exordium Wildlife","floor":6,"turns":4},{"damage":20,"enemies":"Exordium Thugs","floor":7,"turns":6},{"damage":11,"enemies":"Blue Slaver","floor":13,"turns":3},{"damage":3,"enemies":"Large Slime","floor":15,"turns":4},{"damage":14,"enemies":"Fading Forest","floor":18,"turns":11},{"damage":12,"enemies":"Chosen","floor":20,"turns":5},{"damage":26,"enemies":"2 Thieves","floor":22,"turns":4},{"damage":0,"enemies":"Cultist and Chosen","floor":24,"turns":6},{"damage":35,"enemies":"Snake Plant","floor":26,"turns":5},{"damage":11,"enemies":"3 Cultists","floor":27,"turns":5},{"damage":6,"enemies":"Masked Bandits","floor":30,"turns":3},{"damage":21,"enemies":"Snecko","floor":31,"turns":5},{"damage":2,"enemies":"Cultist and Chosen","floor":33,"turns":4},{"damage":33,"enemies":"Automaton","floor":35,"turns":8},{"damage":16,"enemies":"3 Shapes","floor":37,"turns":4},{"damage":31,"enemies":"3 Darklings","floor":39,"turns":4},{"damage":0,"enemies":"Jaw Worm Horde","floor":40,"turns":4},{"damage":23,"enemies":"Writhing Mass","floor":41,"turns":4},{"damage":0,"enemies":"Giant Head","floor":44,"turns":7},{"damage":0,"enemies":"Transient","floor":46,"turns":5},{"damage":20,"enemies":"3 Darklings","floor":47,"turns":3},{"damage":15,"enemies":"Nemesis","floor":48,"turns":7},{"damage":4,"enemies":"Orin","floor":49,"turns":6}],"seed_played":"7667045330317506474","potions_obtained":[{"floor":5,"key":"champ:CounterPotion"},{"floor":7,"key":"Energy Potion"},{"floor":24,"key":"LiquidBronze"},{"floor":35,"key":"Elixir"},{"floor":39,"key":"DistilledChaos"},{"floor":40,"key":"Dexterity Potion"},{"floor":44,"key":"SteroidPotion"},{"floor":47,"key":"Swift Potion"},{"floor":48,"key":"SpeedPotion"}],"is_trial":false,"path_per_floor":["M","?","M","?","M","M","M","R","T","R","PTL","PTL","M","R","M","$","R","B",null,"M","?","M","$","M","R","M","M","T","?","?","M","R","M","R","B",null,"M","$","M","M","M","R","?","E","T","M","M","E","?"],"character_chosen":"HERMIT","items_purchased":["Vajra","hermit:Determination","Replay:Multitool"],"campfire_rested":6,"item_purchase_floors":[16,23,38],"current_hp_per_floor":[75,60,49,49,43,41,21,43,43,43,43,43,32,54,51,51,51,47,75,63,63,37,37,37,59,24,13,13,38,32,11,33,31,53,20,75,59,59,28,37,14,36,36,36,36,36,16,1,0,0],"gold":230,"neow_bonus":"THREE_CARDS","is_daily":false,"chose_seed":false,"campfire_upgraded":2,"win_rate":0.0,"timestamp":1613447085,"path_taken":["M","?","M","?","M","M","?","R","T","R","PTL","PTL","M","R","M","$","R","BOSS","M","?","M","?","M","R","M","M","T","?","?","M","R","M","R","BOSS","M","$","M","M","M","R","?","E","T","?","M","E","?"],"items_purchased_type":["Relic","Card","Relic"],"build_version":"2020-12-22","purchased_purges":1,"victory":false,"max_hp_per_floor":[75,75,75,75,75,75,75,75,75,75,75,75,75,75,75,75,75,75,75,75,75,75,75,75,75,75,75,75,75,75,75,75,75,75,75,75,75,75,75,75,75,75,75,75,75,75,75,75,75,75],"card_choices":[{"not_picked":["hermit:Dive","hermit:WideOpen"],"picked":"hermit:Coalescence","floor":0},{"not_picked":["hermit:Malice","hermit:TrackingShot"],"picked":"hermit:Snipe","floor":1},{"not_picked":["hermit:WideOpen","hermit:HoleUp"],"picked":"hermit:Horror","floor":3},{"not_picked":["hermit:Quickdraw","hermit:LowProfile"],"picked":"hermit:Combo","floor":5},{"not_picked":["hermit:Manifest","hermit:CalledShot"],"picked":"hermit:Scavenge","floor":6},{"not_picked":["hermit:Snipe","hermit:FatalDesire","hermit:LuckOfTheDraw"],"picked":"SKIP","floor":7},{"not_picked":["hermit:Scavenge","hermit:Determination"],"picked":"hermit:TrackingShot","floor":13},{"not_picked":["hermit:Spite","hermit:WideOpen"],"picked":"hermit:GoldenBullet","floor":15},{"not_picked":["hermit:RoundhouseKick","hermit:HeroicBravado"],"picked":"hermit:Gambit","floor":18},{"not_picked":["hermit:Brawl"],"picked":"SKIP","floor":20},{"not_picked":["hermit:TrackingShot"],"picked":"SKIP","floor":22},{"not_picked":["hermit:TrackingShot"],"picked":"SKIP","floor":22},{"not_picked":["hermit:Roulette"],"picked":"SKIP","floor":24},{"not_picked":["hermit:WideOpen"],"picked":"SKIP","floor":26},{"not_picked":["hermit:Manifest+1"],"picked":"SKIP","floor":27},{"not_picked":[],"picked":"hermit:Vantage","floor":30},{"not_picked":[],"picked":"hermit:LowProfile+1","floor":31},{"not_picked":[],"picked":"hermit:Vantage+1","floor":33},{"not_picked":["hermit:Dive"],"picked":"SKIP","floor":37},{"not_picked":["hermit:Feint"],"picked":"SKIP","floor":39},{"not_picked":["hermit:TrackingShot"],"picked":"SKIP","floor":40},{"not_picked":["hermit:HoleUp+1"],"picked":"SKIP","floor":41},{"not_picked":["hermit:RoundhouseKick"],"picked":"SKIP","floor":44},{"not_picked":["hermit:WideOpen+1"],"picked":"SKIP","floor":46},{"not_picked":[],"picked":"hermit:BigShot","floor":47},{"not_picked":[],"picked":"hermit:Enervate","floor":48}],"player_experience":33048,"relics_obtained":[{"floor":9,"key":"Mercury Hourglass"},{"floor":28,"key":"Akabeko"},{"floor":30,"key":"Red Mask"},{"floor":44,"key":"InkBottle"},{"floor":45,"key":"ReplayTheSpireMod:Lightbulb"},{"floor":48,"key":"MealTicket"}],"event_choices":[{"damage_healed":0,"gold_gain":0,"player_choice":"Entered Light","damage_taken":15,"max_hp_gain":0,"max_hp_loss":0,"event_name":"Shining Light","floor":2,"gold_loss":0,"cards_upgraded":["hermit:Strike_Hermit","hermit:Strike_Hermit"]},{"cards_removed":["hermit:Horror"],"damage_healed":0,"gold_gain":0,"player_choice":"Gave Card","damage_taken":0,"relics_obtained":["Replay:Bottled Steam"],"max_hp_gain":0,"max_hp_loss":0,"event_name":"WeMeetAgain","floor":4,"gold_loss":0},{"damage_healed":0,"gold_gain":0,"player_choice":"Ignored","damage_taken":0,"max_hp_gain":0,"max_hp_loss":0,"event_name":"Ghosts","floor":21,"gold_loss":0},{"damage_healed":25,"gold_gain":0,"player_choice":"Heal","damage_taken":0,"max_hp_gain":0,"max_hp_loss":0,"event_name":"The Library","floor":29,"gold_loss":0},{"damage_healed":0,"gold_gain":0,"player_choice":"Fought Bandits","damage_taken":0,"max_hp_gain":0,"max_hp_loss":0,"event_name":"Masked Bandits","floor":30,"gold_loss":0},{"damage_healed":0,"gold_gain":0,"player_choice":"Ignored","damage_taken":0,"max_hp_gain":0,"max_hp_loss":0,"event_name":"NoteForYourself","floor":43,"gold_loss":0},{"damage_healed":0,"gold_gain":0,"player_choice":"Fight","damage_taken":0,"max_hp_gain":0,"max_hp_loss":0,"event_name":"OrinTheCat","floor":49,"gold_loss":0}],"is_beta":false,"boss_relics":[{"not_picked":["Replay:Wanted Poster","Ring of Chaos"],"picked":"Replay:Grab Bag"},{"not_picked":["Fusion Hammer","Velvet Choker"],"picked":"Busted Crown"},{"not_picked":["Sozu","Runic Dome"],"picked":"ChewingGum"},{"not_picked":["construct:WeddingRing","Empty Cage"],"picked":"construct:ClawGrip"},{"not_picked":["ReplayTheSpireMod:Onyx Gauntlets","hermit:DentedPlate"],"picked":"hermit:BartenderGlass"}],"items_purged_floors":[38],"is_endless":false,"potions_floor_spawned":[5,7,24,27,30,31,35,39,40,44,47,48],"killed_by":"Orin","ascension_level":0}}