{"host":"yn1175etg9ni8l0q","time":1613487285,"event":{"mods":["AchievementEnabler","BaseMod","Colored Map","Colored Powertips","DeckTracker","Minty Spire (QoL Compilation)","Rare Cards Sparkle","Relic Stats","SuperFastMode","everything is the same but u backflip on backflip"],"gold_per_floor":[110,120,136,211,181,181,195,195,219,235,252,279,279,298,298,298,298],"floor_reached":16,"language":"KOR","playtime":280,"items_purged":[],"score":177,"play_id":"22dbd2ac-4735-4e59-bb17-15230b666242","local_time":"20210216235445","is_ascension_mode":true,"campfire_choices":[{"data":"Body Slam","floor":6,"key":"SMITH"},{"data":"Body Slam","floor":8,"key":"SMITH"},{"floor":13,"key":"REST"},{"floor":15,"key":"REST"}],"circlet_count":0,"master_deck":["AscendersBane","Strike_R","Strike_R","Strike_R","Strike_R","Defend_R","Defend_R","Defend_R","Bash","Seeing Red","Juggernaut","Body Slam+1","Body Slam+1","Blood for Blood","Rage"],"relics":["Burning Blood","Vajra","Toy Ornithopter"],"acts_visited":["Exordium"],"potions_floor_usage":[11,12,16],"damage_taken":[{"damage":7,"enemies":"Jaw Worm","floor":1,"turns":3},{"damage":9,"enemies":"Small Slimes","floor":2,"turns":3},{"damage":11,"enemies":"Cultist","floor":3,"turns":4},{"damage":29,"enemies":"Exordium Wildlife","floor":7,"turns":4},{"damage":11,"enemies":"2 Fungi Beasts","floor":10,"turns":4},{"damage":3,"enemies":"3 Louse","floor":11,"turns":2},{"damage":30,"enemies":"Lagavulin","floor":12,"turns":5},{"damage":19,"enemies":"Exordium Wildlife","floor":14,"turns":4},{"damage":44,"enemies":"The Guardian","floor":16,"turns":8}],"seed_played":"2268464310711107840","potions_obtained":[{"floor":5,"key":"LiquidMemories"},{"floor":5,"key":"ElixirPotion"},{"floor":10,"key":"BloodPotion"},{"floor":14,"key":"Weak Potion"}],"is_trial":false,"path_per_floor":["M","M","M","?","?","R","M","R","T","M","M","E","R","M","R","B"],"character_chosen":"IRONCLAD","items_purchased":[],"campfire_rested":2,"item_purchase_floors":[],"current_hp_per_floor":[67,64,59,48,48,48,25,25,25,20,36,12,32,19,39,0,0],"gold":298,"neow_bonus":"TRANSFORM_TWO_CARDS","is_daily":false,"chose_seed":false,"campfire_upgraded":2,"win_rate":0.0,"timestamp":1613487285,"path_taken":["M","M","M","?","?","R","M","R","T","?","M","E","R","M","R","BOSS"],"items_purchased_type":[],"build_version":"2020-12-22","purchased_purges":0,"victory":false,"max_hp_per_floor":[68,68,68,68,68,68,68,68,68,68,68,68,68,68,68,68,68],"relic_stats":{"counters":[9,37],"obtain_stats":[{"Vajra":9,"Burning Blood":0,"Toy Ornithopter":12},{"Vajra":4,"Burning Blood":0,"Toy Ornithopter":7},{"Vajra":14,"Burning Blood":0,"Toy Ornithopter":25}],"Burning Blood":48,"Toy Ornithopter":5},"card_choices":[{"not_picked":["Headbutt","Iron Wave"],"picked":"Body Slam","floor":1},{"not_picked":["Dual Wield","Anger","Clothesline"],"picked":"SKIP","floor":2},{"not_picked":["Clothesline","Sentinel","Thunderclap"],"picked":"SKIP","floor":3},{"not_picked":["Dropkick","Perfected Strike"],"picked":"Body Slam","floor":7},{"not_picked":["Cleave","Flame Barrier"],"picked":"Blood for Blood","floor":10},{"not_picked":["Clothesline","Dual Wield","Fire Breathing"],"picked":"SKIP","floor":11},{"not_picked":["Burning Pact","Bludgeon"],"picked":"Rage","floor":12},{"not_picked":["Thunderclap","Iron Wave","Flex"],"picked":"SKIP","floor":14}],"player_experience":388694,"relics_obtained":[{"floor":9,"key":"Vajra"},{"floor":12,"key":"Toy Ornithopter"}],"event_choices":[{"damage_healed":0,"gold_gain":75,"player_choice":"Gather Gold","damage_taken":11,"max_hp_gain":0,"max_hp_loss":0,"event_name":"World of Goop","floor":4,"gold_loss":0},{"damage_healed":0,"gold_gain":0,"player_choice":"Bought 2 Potions","damage_taken":0,"max_hp_gain":0,"max_hp_loss":0,"event_name":"The Woman in Blue","floor":5,"gold_loss":0}],"is_beta":false,"boss_relics":[],"items_purged_floors":[],"is_endless":false,"potions_floor_spawned":[7,10,14],"killed_by":"The Guardian","ascension_level":14}}