{"host":"cpsutu8lprjuipd6","time":1613451479,"event":{"mods":["BaseMod","Colored Map","Minty Spire (QoL Compilation)","Permanent Neow","StSLib","SuperFastMode","The Bug Knight","Together in Spire"],"gold_per_floor":[113,130,130,55,5,5,5,5,5,5,22,22,33,93,93,197,197,214,114,114,114,114,114,114,114,114,140,55,55,74,101,101,202,202,220,220,220,237,237,237,251,262,262,137,137,137,137,208,208,208],"floor_reached":51,"language":"KOR","playtime":1236,"items_purged":["Twin Strike","Armaments","Shrug It Off"],"score":776,"play_id":"8b0d9f12-97d2-4bb4-b8b6-2855faa33a8f","local_time":"20210216135759","daily_mods":["Draft","Flight"],"is_ascension_mode":true,"campfire_choices":[{"data":"Dropkick","floor":6,"key":"SMITH"},{"data":"Clash","floor":7,"key":"SMITH"},{"data":"Clash","floor":15,"key":"SMITH"},{"data":"Thunderclap","floor":23,"key":"SMITH"},{"floor":29,"key":"REST"},{"floor":32,"key":"REST"},{"data":"Iron Wave","floor":40,"key":"SMITH"},{"data":"1","floor":47,"key":"LIFT"},{"data":"2","floor":49,"key":"LIFT"}],"circlet_count":0,"master_deck":["Dropkick+1","Thunderclap+1","Ghostly Armor+1","Clothesline","Iron Wave","Iron Wave+1","Thunderclap+1","Pommel Strike","Clash+1","Clash+1","Necronomicurse","Dropkick+1"],"relics":["Burning Blood","Ginger","Oddly Smooth Stone","SacredBark","Du-Vu Doll","Necronomicon","Gremlin Horn","Ancient Tea Set","Boot","Thread and Needle","SlaversCollar","Girya","Pantograph"],"acts_visited":["Exordium","TheCity","TheBeyond"],"potions_floor_usage":[42,50,50,50,50,50],"damage_taken":[{"damage":0,"enemies":"Cultist","floor":1,"turns":2},{"damage":0,"enemies":"Jaw Worm","floor":2,"turns":2},{"damage":0,"enemies":"2 Louse","floor":11,"turns":1},{"damage":0,"enemies":"Gremlin Gang","floor":13,"turns":2},{"damage":0,"enemies":"Gremlin Nob","floor":14,"turns":2},{"damage":18,"enemies":"Hexaghost","floor":16,"turns":8},{"damage":8,"enemies":"Shell Parasite","floor":18,"turns":4},{"damage":3,"enemies":"3 Byrds","floor":30,"turns":3},{"damage":23,"enemies":"Book of Stabbing","floor":31,"turns":5},{"damage":40,"enemies":"Automaton","floor":33,"turns":8},{"damage":36,"enemies":"3 Shapes","floor":35,"turns":4},{"damage":1,"enemies":"3 Darklings","floor":38,"turns":3},{"damage":0,"enemies":"Sphere and 2 Shapes","floor":41,"turns":2},{"damage":6,"enemies":"4 Shapes","floor":42,"turns":2},{"damage":24,"enemies":"Awakened One","floor":50,"turns":5}],"seed_played":"-6275815983464855062","potions_obtained":[{"floor":2,"key":"SpeedPotion"},{"floor":11,"key":"Swift Potion"},{"floor":14,"key":"Energy Potion"},{"floor":41,"key":"EntropicBrew"},{"floor":42,"key":"PowerPotion"}],"is_trial":true,"path_per_floor":["M","M","?","$","?","R","R","?","T","?","M","?","M","?","R","B",null,"M","$","?","$","?","R","?","?","T","T","?","R","M","E","R","B",null,"M","?","?","M","?","R","M","M","T","$","$","?","R","T","R","B",null],"character_chosen":"IRONCLAD","items_purchased":[],"campfire_rested":2,"item_purchase_floors":[],"current_hp_per_floor":[80,80,64,64,64,64,64,64,64,69,75,75,80,80,80,68,80,78,78,78,78,78,78,62,47,47,47,47,72,75,58,83,49,85,55,55,55,60,60,60,66,66,66,66,66,66,66,66,66,67],"gold":208,"neow_bonus":"","is_daily":false,"chose_seed":false,"campfire_upgraded":5,"win_rate":0.0,"timestamp":1613451479,"path_taken":["M","?","?","$","?","R","R","?","T","?","?","?","M","?","R","BOSS","M","$","?","?","?","R","?","?","T","?","?","R","?","E","R","BOSS","M","?","?","?","?","R","M","M","T","$","$","?","R","?","R","BOSS"],"items_purchased_type":[],"build_version":"2020-12-22","purchased_purges":3,"victory":true,"max_hp_per_floor":[80,80,80,80,80,80,80,80,80,80,80,80,80,80,80,80,80,80,80,80,80,80,80,80,85,85,85,85,85,85,85,85,85,85,85,85,85,85,85,85,85,85,85,85,85,85,85,85,85,85],"card_choices":[{"not_picked":["Disarm","Wild Strike"],"picked":"Cleave","floor":0},{"not_picked":["Wild Strike","Perfected Strike"],"picked":"Twin Strike","floor":0},{"not_picked":["Flex","Hemokinesis"],"picked":"Armaments","floor":0},{"not_picked":["Searing Blow","True Grit"],"picked":"Dropkick","floor":0},{"not_picked":["Armaments","Rupture"],"picked":"Pommel Strike","floor":0},{"not_picked":["Ghostly Armor","Rage"],"picked":"Thunderclap","floor":0},{"not_picked":["Cleave","True Grit"],"picked":"Ghostly Armor","floor":0},{"not_picked":["Wild Strike","Power Through"],"picked":"Clothesline","floor":0},{"not_picked":["Clothesline","Iron Wave"],"picked":"Anger","floor":0},{"not_picked":["Pummel","Warcry"],"picked":"Iron Wave","floor":0},{"not_picked":["Body Slam","Clothesline"],"picked":"Shrug It Off","floor":0},{"not_picked":["Anger","Rupture"],"picked":"Sever Soul","floor":0},{"not_picked":["Cleave","Shockwave"],"picked":"Iron Wave","floor":0},{"not_picked":["Shrug It Off","Wild Strike"],"picked":"Thunderclap","floor":0},{"not_picked":["Havoc","Disarm"],"picked":"Pommel Strike","floor":0},{"not_picked":["Heavy Blade","True Grit"],"picked":"Clash","floor":1},{"not_picked":["Dark Embrace","Battle Trance","Havoc"],"picked":"SKIP","floor":2},{"not_picked":["Warcry","Battle Trance","Feel No Pain"],"picked":"SKIP","floor":11},{"not_picked":["Sword Boomerang","Headbutt"],"picked":"Clash","floor":13},{"not_picked":["Anger","Flex","Clothesline"],"picked":"SKIP","floor":18},{"not_picked":["Clothesline","Thunderclap","Flex"],"picked":"SKIP","floor":30},{"not_picked":["Armaments+1","Sentinel","Havoc+1"],"picked":"SKIP","floor":31},{"not_picked":["Anger+1","Shockwave","Armaments"],"picked":"SKIP","floor":35},{"not_picked":["Sword Boomerang+1","Reckless Charge+1","Shrug It Off"],"picked":"SKIP","floor":38},{"not_picked":["Pommel Strike","Fire Breathing+1"],"picked":"Dropkick+1","floor":41},{"not_picked":["Double Tap","True Grit+1","Pummel+1"],"picked":"SKIP","floor":42}],"player_experience":97205,"relics_obtained":[{"floor":9,"key":"Ginger"},{"floor":24,"key":"Necronomicon"},{"floor":26,"key":"Gremlin Horn"},{"floor":27,"key":"Ancient Tea Set"},{"floor":31,"key":"Thread and Needle"},{"floor":43,"key":"Girya"},{"floor":48,"key":"Pantograph"}],"event_choices":[{"damage_healed":0,"gold_gain":0,"player_choice":"Entered Light","damage_taken":16,"max_hp_gain":0,"max_hp_loss":0,"event_name":"Shining Light","floor":3,"gold_loss":0,"cards_upgraded":["Ghostly Armor","Cleave"]},{"cards_removed":["Sever Soul"],"damage_healed":0,"gold_gain":0,"player_choice":"Card Removal","damage_taken":0,"max_hp_gain":0,"max_hp_loss":0,"event_name":"The Cleric","floor":5,"gold_loss":50},{"damage_healed":0,"gold_gain":0,"player_choice":"Ignored","damage_taken":0,"max_hp_gain":0,"max_hp_loss":0,"event_name":"Liars Game","floor":8,"gold_loss":0},{"cards_removed":["Anger"],"damage_healed":5,"gold_gain":0,"player_choice":"Offered Common","damage_taken":0,"max_hp_gain":0,"max_hp_loss":0,"event_name":"Bonfire Elementals","floor":10,"gold_loss":0},{"cards_removed":["Anger"],"damage_healed":5,"gold_gain":0,"player_choice":"Offered Special","damage_taken":0,"max_hp_gain":0,"max_hp_loss":0,"event_name":"Bonfire Elementals","floor":10,"gold_loss":0},{"cards_removed":["Cleave"],"damage_healed":0,"gold_gain":0,"player_choice":"Forget","damage_taken":0,"max_hp_gain":0,"max_hp_loss":0,"event_name":"Living Wall","floor":12,"gold_loss":0},{"damage_healed":0,"gold_gain":30,"player_choice":"Searched \u00273\u0027 times","damage_taken":0,"relics_obtained":["Oddly Smooth Stone"],"max_hp_gain":0,"max_hp_loss":0,"event_name":"Dead Adventurer","floor":14,"gold_loss":0},{"damage_healed":0,"gold_gain":0,"player_choice":"Ignored","damage_taken":0,"max_hp_gain":0,"max_hp_loss":0,"event_name":"Ghosts","floor":20,"gold_loss":0},{"damage_healed":0,"gold_gain":0,"player_choice":"Opened","damage_taken":0,"relics_obtained":["Du-Vu Doll"],"max_hp_gain":0,"max_hp_loss":0,"event_name":"The Mausoleum","floor":22,"gold_loss":0},{"damage_healed":0,"gold_gain":0,"player_choice":"Obtained Book","damage_taken":16,"max_hp_gain":0,"max_hp_loss":0,"event_name":"Cursed Tome","floor":24,"gold_loss":0},{"damage_healed":0,"gold_gain":0,"player_choice":"Shed Blood","damage_taken":20,"max_hp_gain":5,"max_hp_loss":0,"event_name":"Forgotten Altar","floor":25,"gold_loss":0},{"damage_healed":0,"gold_gain":0,"player_choice":"Obtained Relic","damage_taken":0,"relics_obtained":["Boot"],"max_hp_gain":0,"max_hp_loss":0,"event_name":"Addict","floor":28,"gold_loss":85},{"damage_healed":0,"gold_gain":0,"player_choice":"Ignored","damage_taken":0,"max_hp_gain":0,"max_hp_loss":0,"event_name":"Mysterious Sphere","floor":36,"gold_loss":0},{"damage_healed":0,"gold_gain":0,"player_choice":"Upgraded","damage_taken":0,"max_hp_gain":0,"max_hp_loss":0,"event_name":"Upgrade Shrine","floor":37,"gold_loss":0,"cards_upgraded":["Thunderclap"]},{"cards_removed":["Pommel Strike"],"damage_healed":0,"gold_gain":0,"player_choice":"Removed Attack","damage_taken":0,"max_hp_gain":0,"max_hp_loss":0,"event_name":"Falling","floor":39,"gold_loss":0},{"damage_healed":0,"gold_gain":0,"player_choice":"Memory 1","damage_taken":0,"max_hp_gain":0,"max_hp_loss":0,"event_name":"SensoryStone","floor":46,"gold_loss":0}],"is_beta":false,"boss_relics":[{"not_picked":["Busted Crown","Sozu"],"picked":"SacredBark"},{"not_picked":["Philosopher\u0027s Stone","Calling Bell"],"picked":"SlaversCollar"}],"items_purged_floors":[4,19,44],"is_endless":false,"potions_floor_spawned":[2,11,14,16,31,35,41,42],"ascension_level":1}}