{"host":"d2gh6suihlstufn7","time":1613456193,"event":{"mods":["AchievementEnabler","BaseMod","Colored Map","Colored Powertips","Minty Spire (QoL Compilation)","Permanent Neow","Quick Restart"],"gold_per_floor":[119,132,307,326,336,336,346,346,346,346,375,395,395,395,395,498,498,509,424,105,121,121,121,152,152,152,152,152,171,171,171,171,270,270,288,288,301,352,2,2,12,12,12,12,25,75,75,92,92,92,92],"floor_reached":50,"language":"KOR","playtime":1627,"items_purged":["Doubt","Writhe"],"score":483,"play_id":"c7187d04-39ef-4a1a-9b5f-18f8fcd13fc0","local_time":"20210216151633","is_ascension_mode":false,"campfire_choices":[{"floor":6,"key":"RECALL"},{"data":"Perfected Strike","floor":10,"key":"SMITH"},{"data":"Double Tap","floor":13,"key":"SMITH"},{"data":"Perfected Strike","floor":15,"key":"SMITH"},{"data":"Apotheosis","floor":23,"key":"SMITH"},{"data":"Impervious","floor":25,"key":"SMITH"},{"data":"Perfected Strike","floor":27,"key":"SMITH"},{"data":"Headbutt","floor":30,"key":"SMITH"},{"data":"Bash","floor":32,"key":"SMITH"},{"floor":40,"key":"REST"},{"floor":47,"key":"REST"},{"floor":49,"key":"REST"}],"circlet_count":0,"master_deck":["Strike_R","Strike_R","Strike_R","Strike_R","Strike_R","Defend_R","Defend_R","Defend_R","Defend_R","Bash+1","Perfected Strike+1","Headbutt+1","Perfected Strike+1","Double Tap+1","Impervious+1","Perfected Strike+1","Apotheosis+1","Pommel Strike","Wild Strike+1","Fire Breathing","Pommel Strike+1"],"relics":["Sozu","Sundial","Akabeko","SacredBark","Orichalcum","Pantograph","Mercury Hourglass","SlaversCollar","Charon\u0027s Ashes","Membership Card","Self Forming Clay","Molten Egg 2","Dead Branch"],"acts_visited":["Exordium","TheCity","TheBeyond"],"potions_floor_usage":[],"damage_taken":[{"damage":1,"enemies":"Cultist","floor":1,"turns":4},{"damage":0,"enemies":"2 Louse","floor":2,"turns":3},{"damage":0,"enemies":"Small Slimes","floor":4,"turns":2},{"damage":5,"enemies":"Red Slaver","floor":5,"turns":4},{"damage":10,"enemies":"Looter","floor":7,"turns":2},{"damage":0,"enemies":"Gremlin Nob","floor":11,"turns":2},{"damage":0,"enemies":"2 Fungi Beasts","floor":12,"turns":2},{"damage":46,"enemies":"Hexaghost","floor":16,"turns":8},{"damage":10,"enemies":"2 Thieves","floor":18,"turns":5},{"damage":4,"enemies":"Chosen","floor":21,"turns":3},{"damage":7,"enemies":"Slavers","floor":24,"turns":5},{"damage":6,"enemies":"Centurion and Healer","floor":29,"turns":4},{"damage":54,"enemies":"Automaton","floor":33,"turns":7},{"damage":26,"enemies":"3 Shapes","floor":35,"turns":4},{"damage":5,"enemies":"Orb Walker","floor":37,"turns":2},{"damage":52,"enemies":"2 Orb Walkers","floor":38,"turns":5},{"damage":4,"enemies":"4 Shapes","floor":41,"turns":3},{"damage":6,"enemies":"Transient","floor":45,"turns":5},{"damage":30,"enemies":"Mind Bloom Boss Battle","floor":46,"turns":3},{"damage":4,"enemies":"Sphere and 2 Shapes","floor":48,"turns":3},{"damage":88,"enemies":"Awakened One","floor":50,"turns":7}],"seed_played":"247451746764057512","potions_obtained":[],"is_trial":false,"path_per_floor":["M","M","?","M","M","R","M","?","T","R","E","M","R","?","R","B",null,"M","?","$","M","?","R","E","R","T","R","?","M","R","?","R","B",null,"M","?","M","?","$","R","M","?","T","$","M","?","R","M","R","B"],"character_chosen":"IRONCLAD","items_purchased":["Perfected Strike","Apotheosis","Membership Card","Self Forming Clay","Fire Breathing"],"campfire_rested":3,"item_purchase_floors":[20,20,39,39,39],"current_hp_per_floor":[79,79,79,79,74,74,64,64,64,64,64,64,64,64,64,18,80,70,70,70,66,66,66,59,59,59,59,80,74,74,74,74,26,80,54,74,69,17,17,41,37,70,70,70,64,40,61,57,70,0,0],"gold":92,"neow_bonus":"BOSS_RELIC","is_daily":false,"chose_seed":false,"campfire_upgraded":8,"win_rate":0.0,"timestamp":1613456193,"path_taken":["M","M","?","M","M","R","M","?","T","R","E","M","R","?","R","BOSS","M","?","$","M","?","R","E","R","T","R","?","M","R","?","R","BOSS","M","?","M","?","$","R","M","?","T","?","M","?","R","M","R","BOSS"],"items_purchased_type":["Card","Card","Relic","Relic","Card"],"build_version":"2020-12-22","purchased_purges":2,"victory":false,"max_hp_per_floor":[80,80,80,80,80,80,80,80,80,80,80,80,80,80,80,80,80,80,80,80,80,80,80,80,80,80,80,80,80,80,80,80,80,80,80,80,80,80,80,80,80,70,70,70,70,70,70,70,70,70,70],"card_choices":[{"not_picked":["Pummel","Warcry","Anger"],"picked":"SKIP","floor":1},{"not_picked":["Clothesline","Armaments"],"picked":"Perfected Strike","floor":2},{"not_picked":["Havoc","Anger"],"picked":"Headbutt","floor":4},{"not_picked":["Body Slam","Headbutt","Iron Wave"],"picked":"SKIP","floor":5},{"not_picked":["Hemokinesis","Rampage"],"picked":"Perfected Strike","floor":7},{"not_picked":["Iron Wave","True Grit"],"picked":"Double Tap","floor":11},{"not_picked":["Thunderclap","Seeing Red","Havoc"],"picked":"SKIP","floor":12},{"not_picked":["Double Tap","Brutality"],"picked":"Impervious","floor":16},{"not_picked":["Anger","Thunderclap+1","Flex+1"],"picked":"SKIP","floor":18},{"not_picked":["Carnage+1","Sentinel","True Grit+1"],"picked":"SKIP","floor":21},{"not_picked":["Burning Pact","Impervious","Havoc"],"picked":"SKIP","floor":24},{"not_picked":["Armaments","Feel No Pain"],"picked":"Pommel Strike","floor":29},{"not_picked":["Clothesline","Burning Pact+1"],"picked":"Wild Strike+1","floor":35},{"not_picked":["Shockwave+1","Havoc+1","Clothesline+1"],"picked":"SKIP","floor":37},{"not_picked":["True Grit+1","Cleave+1","Berserk"],"picked":"SKIP","floor":41},{"not_picked":["Thunderclap+1","Clothesline+1","True Grit+1"],"picked":"SKIP","floor":45},{"not_picked":["Sword Boomerang+1","Entrench"],"picked":"Pommel Strike+1","floor":46},{"not_picked":["Heavy Blade+1","Anger+1","Iron Wave+1"],"picked":"SKIP","floor":48}],"player_experience":206079,"relics_obtained":[{"floor":11,"key":"Akabeko"},{"floor":24,"key":"Pantograph"},{"floor":26,"key":"Mercury Hourglass"},{"floor":38,"key":"Charon\u0027s Ashes"},{"floor":43,"key":"Molten Egg 2"},{"floor":46,"key":"Dead Branch"}],"event_choices":[{"damage_healed":0,"gold_gain":175,"player_choice":"AGREE","damage_taken":0,"max_hp_gain":0,"max_hp_loss":0,"event_name":"Liars Game","floor":3,"gold_loss":0,"cards_obtained":["Doubt"]},{"damage_healed":0,"gold_gain":0,"player_choice":"Searched \u00272\u0027 times","damage_taken":0,"relics_obtained":["Sundial"],"max_hp_gain":0,"max_hp_loss":0,"event_name":"Dead Adventurer","floor":8,"gold_loss":0},{"damage_healed":0,"gold_gain":0,"player_choice":"Bought 0 Potions","damage_taken":0,"max_hp_gain":0,"max_hp_loss":0,"event_name":"The Woman in Blue","floor":14,"gold_loss":0},{"damage_healed":0,"gold_gain":0,"player_choice":"Obtained Relic","damage_taken":0,"relics_obtained":["Orichalcum"],"max_hp_gain":0,"max_hp_loss":0,"event_name":"Addict","floor":19,"gold_loss":85},{"damage_healed":0,"gold_gain":0,"player_choice":"Ignored","damage_taken":0,"max_hp_gain":0,"max_hp_loss":0,"event_name":"Ghosts","floor":22,"gold_loss":0},{"damage_healed":26,"gold_gain":0,"player_choice":"Heal","damage_taken":0,"max_hp_gain":0,"max_hp_loss":0,"event_name":"The Library","floor":28,"gold_loss":0},{"damage_healed":0,"gold_gain":0,"player_choice":"Ignored","damage_taken":0,"max_hp_gain":0,"max_hp_loss":0,"event_name":"Vampires","floor":31,"gold_loss":0},{"damage_healed":20,"gold_gain":0,"player_choice":"Writhe","damage_taken":0,"max_hp_gain":0,"max_hp_loss":0,"event_name":"Winding Halls","floor":36,"gold_loss":0,"cards_obtained":["Writhe"]},{"damage_healed":0,"gold_gain":0,"player_choice":"Fight","damage_taken":0,"max_hp_gain":0,"max_hp_loss":0,"event_name":"Mysterious Sphere","floor":38,"gold_loss":0},{"damage_healed":70,"gold_gain":0,"player_choice":"Heal","damage_taken":0,"max_hp_gain":0,"max_hp_loss":10,"event_name":"The Moai Head","floor":42,"gold_loss":0},{"damage_healed":0,"gold_gain":0,"player_choice":"Fight","damage_taken":0,"max_hp_gain":0,"max_hp_loss":0,"event_name":"MindBloom","floor":46,"gold_loss":0}],"is_beta":false,"boss_relics":[{"not_picked":["Runic Dome","Fusion Hammer"],"picked":"SacredBark"},{"not_picked":["Pandora\u0027s Box","Black Star"],"picked":"SlaversCollar"}],"items_purged_floors":[20,39],"is_endless":false,"potions_floor_spawned":[1,5,16,24,37,41,46,48],"killed_by":"Awakened One","ascension_level":0}}