{"host":"6xghz2lkudss8si6","time":1613484227,"event":{"mods":["AchievementEnabler","BaseMod","Colored Map","DeckTracker","Minty Spire (QoL Compilation)","Quick Restart","StSLib","SuperFastMode"],"gold_per_floor":[119,20,95,114,114,140,140,153,153,153,172,229,229,254,254,359,359,375,386,386,386,386,386,122,122,194,194,228,241,191,203,203,306,306,325,325,23,23,23,23,43,43,68,68,85,85,85,103,103,103],"floor_reached":51,"language":"KOR","playtime":2070,"items_purged":["Strike_P+1","Strike_P+1"],"score":779,"play_id":"5ae93a9e-2b6b-4840-8ddf-9294155aa828","local_time":"20210216230347","is_ascension_mode":true,"campfire_choices":[{"data":"Consecrate","floor":7,"key":"SMITH"},{"data":"Consecrate","floor":10,"key":"SMITH"},{"floor":15,"key":"REST"},{"data":"Devotion","floor":23,"key":"SMITH"},{"data":"Eruption","floor":25,"key":"SMITH"},{"data":"ClearTheMind","floor":27,"key":"SMITH"},{"floor":32,"key":"REST"},{"data":"Evaluate","floor":40,"key":"SMITH"},{"floor":44,"key":"REST"},{"data":"DeceiveReality","floor":47,"key":"SMITH"},{"floor":49,"key":"REST"}],"circlet_count":0,"master_deck":["Defend_P+1","Defend_P+1","Defend_P+1","Defend_P+1","Eruption+1","Vigilance","BowlingBash","Prostrate","Consecrate+1","EmptyBody","Consecrate+1","CarveReality","DeceiveReality+1","ClearTheMind+1","Devotion+1","DeceiveReality+1","Evaluate+1","Brilliance","Adaptation","Brilliance","ReachHeaven+1","Prostrate+1","Omniscience+1","InnerPeace+1","Pray+1","Brilliance","Writhe","Prostrate+1"],"relics":["PureWater","Shuriken","TungstenRod","Smiling Mask","Potion Belt","InkBottle","Letter Opener","Philosopher\u0027s Stone","Toxic Egg 2","Enchiridion","Gremlin Horn","Bottled Flame","Black Star","Oddly Smooth Stone"],"acts_visited":["Exordium","TheCity","TheBeyond"],"potions_floor_usage":[6,16,50,50,50],"damage_taken":[{"damage":0,"enemies":"2 Louse","floor":1,"turns":2},{"damage":6,"enemies":"Jaw Worm","floor":4,"turns":7},{"damage":18,"enemies":"Lagavulin","floor":6,"turns":12},{"damage":0,"enemies":"Small Slimes","floor":8,"turns":3},{"damage":0,"enemies":"Exordium Thugs","floor":11,"turns":3},{"damage":0,"enemies":"3 Sentries","floor":12,"turns":5},{"damage":26,"enemies":"Gremlin Nob","floor":14,"turns":4},{"damage":22,"enemies":"Hexaghost","floor":16,"turns":12},{"damage":6,"enemies":"Spheric Guardian","floor":18,"turns":4},{"damage":3,"enemies":"2 Thieves","floor":19,"turns":3},{"damage":13,"enemies":"Book of Stabbing","floor":28,"turns":6},{"damage":17,"enemies":"Snecko","floor":29,"turns":5},{"damage":0,"enemies":"Cultist and Chosen","floor":31,"turns":6},{"damage":0,"enemies":"Champ","floor":33,"turns":7},{"damage":0,"enemies":"3 Shapes","floor":35,"turns":4},{"damage":16,"enemies":"3 Darklings","floor":41,"turns":4},{"damage":4,"enemies":"Jaw Worm Horde","floor":45,"turns":3},{"damage":6,"enemies":"Transient","floor":48,"turns":5},{"damage":27,"enemies":"Awakened One","floor":50,"turns":9}],"seed_played":"8423749560615941083","potions_obtained":[{"floor":8,"key":"SteroidPotion"},{"floor":11,"key":"Energy Potion"},{"floor":12,"key":"Regen Potion"},{"floor":16,"key":"SpeedPotion"},{"floor":28,"key":"SteroidPotion"},{"floor":29,"key":"FairyPotion"}],"is_trial":false,"path_per_floor":["M","$","?","M","?","E","R","M","T","R","M","?","T","E","R","B",null,"M","M","?","?","?","R","$","R","T","R","E","M","$","M","R","B",null,"M","?","$","?","$","R","M","$","T","R","M","?","R","M","R","B",null],"character_chosen":"WATCHER","items_purchased":["Prostrate","PowerPotion","Brilliance","Adaptation","Pray+1","DuplicationPotion","Brilliance"],"campfire_rested":4,"item_purchase_floors":[2,2,24,24,37,37,37],"current_hp_per_floor":[72,72,61,55,48,30,30,30,30,30,30,30,30,4,25,8,72,66,63,63,63,51,51,51,51,51,51,38,21,21,21,42,42,72,72,72,72,72,72,72,56,56,56,72,68,72,72,66,72,45],"gold":103,"neow_bonus":"REMOVE_CARD","is_daily":false,"chose_seed":false,"campfire_upgraded":7,"win_rate":0.0,"timestamp":1613484227,"path_taken":["M","$","?","M","?","E","R","M","T","R","M","?","?","E","R","BOSS","M","M","?","?","?","R","$","R","T","R","E","M","$","M","R","BOSS","M","?","$","?","$","R","M","$","T","R","M","?","R","M","R","BOSS"],"items_purchased_type":["Card","Potion","Card","Card","Card","Potion","Card"],"build_version":"2020-12-22","purchased_purges":2,"victory":true,"max_hp_per_floor":[72,72,72,72,72,72,72,72,72,72,72,72,72,72,72,72,72,72,72,72,72,72,72,72,72,72,72,72,72,72,72,72,72,72,72,72,72,72,72,72,72,72,72,72,72,72,72,72,72,72],"card_choices":[{"not_picked":["Perseverance","Fasting2"],"picked":"BowlingBash","floor":1},{"not_picked":["EmptyFist","Halt"],"picked":"Consecrate","floor":4},{"not_picked":["CrushJoints","WheelKick"],"picked":"EmptyBody","floor":6},{"not_picked":["Evaluate","ThirdEye"],"picked":"Consecrate","floor":8},{"not_picked":["ThirdEye","Consecrate"],"picked":"CarveReality","floor":11},{"not_picked":["BowlingBash","PathToVictory"],"picked":"DeceiveReality","floor":12},{"not_picked":["WreathOfFlame","EmptyBody"],"picked":"ClearTheMind","floor":14},{"not_picked":["LessonLearned","DeusExMachina"],"picked":"Devotion","floor":16},{"not_picked":["Evaluate","PathToVictory"],"picked":"DeceiveReality+1","floor":18},{"not_picked":["CutThroughFate","Sanctity"],"picked":"Evaluate","floor":19},{"not_picked":["Halt+1","BowlingBash"],"picked":"Brilliance","floor":28},{"not_picked":["Protect+1","EmptyBody+1"],"picked":"ReachHeaven+1","floor":29},{"not_picked":["InnerPeace+1","ThirdEye+1"],"picked":"Prostrate+1","floor":31},{"not_picked":["Establishment","Brilliance"],"picked":"Omniscience+1","floor":33},{"not_picked":["SignatureMove","EmptyFist"],"picked":"InnerPeace+1","floor":35},{"not_picked":["Meditate+1","Adaptation","WaveOfTheHand+1"],"picked":"SKIP","floor":41},{"not_picked":["Weave","FollowUp","PathToVictory+1"],"picked":"SKIP","floor":45},{"not_picked":["FlyingSleeves+1","EmptyBody+1"],"picked":"Prostrate+1","floor":48}],"player_experience":247833,"relics_obtained":[{"floor":6,"key":"TungstenRod"},{"floor":9,"key":"Smiling Mask"},{"floor":12,"key":"Potion Belt"},{"floor":13,"key":"InkBottle"},{"floor":14,"key":"Letter Opener"},{"floor":22,"key":"Enchiridion"},{"floor":26,"key":"Gremlin Horn"},{"floor":28,"key":"Bottled Flame"},{"floor":43,"key":"Oddly Smooth Stone"}],"event_choices":[{"damage_healed":0,"gold_gain":75,"player_choice":"Gather Gold","damage_taken":11,"max_hp_gain":0,"max_hp_loss":0,"event_name":"World of Goop","floor":3,"gold_loss":0},{"damage_healed":0,"gold_gain":0,"player_choice":"Success","damage_taken":7,"relics_obtained":["Shuriken"],"max_hp_gain":0,"max_hp_loss":0,"event_name":"Scrap Ooze","floor":5,"gold_loss":0},{"damage_healed":0,"gold_gain":0,"player_choice":"Searched \u00272\u0027 times","damage_taken":0,"max_hp_gain":0,"max_hp_loss":0,"event_name":"Dead Adventurer","floor":12,"gold_loss":0},{"damage_healed":0,"gold_gain":0,"player_choice":"Opened","damage_taken":0,"relics_obtained":["Toxic Egg 2"],"max_hp_gain":0,"max_hp_loss":0,"event_name":"The Mausoleum","floor":20,"gold_loss":0},{"damage_healed":0,"gold_gain":0,"player_choice":"Simplicity","damage_taken":0,"max_hp_gain":0,"max_hp_loss":0,"event_name":"Back to Basics","floor":21,"gold_loss":0,"cards_upgraded":["Strike_P","Strike_P","Strike_P","Defend_P","Defend_P","Defend_P","Defend_P"]},{"damage_healed":0,"gold_gain":0,"player_choice":"Obtained Book","damage_taken":16,"max_hp_gain":0,"max_hp_loss":0,"event_name":"Cursed Tome","floor":22,"gold_loss":0},{"damage_healed":0,"gold_gain":0,"player_choice":"Ignored","damage_taken":0,"max_hp_gain":0,"max_hp_loss":0,"event_name":"Mysterious Sphere","floor":36,"gold_loss":0},{"cards_removed":["Strike_P"],"damage_healed":0,"gold_gain":0,"player_choice":"Removed Attack","damage_taken":0,"max_hp_gain":0,"max_hp_loss":0,"event_name":"Falling","floor":38,"gold_loss":0},{"damage_healed":18,"gold_gain":0,"player_choice":"Writhe","damage_taken":0,"max_hp_gain":0,"max_hp_loss":0,"event_name":"Winding Halls","floor":46,"gold_loss":0,"cards_obtained":["Writhe"]}],"is_beta":false,"boss_relics":[{"not_picked":["Busted Crown","Calling Bell"],"picked":"Philosopher\u0027s Stone"},{"not_picked":["Empty Cage","Astrolabe"],"picked":"Black Star"}],"items_purged_floors":[24,30],"is_endless":false,"potions_floor_spawned":[8,11,12,16,28,29,45],"ascension_level":1}}