{"host":"cpsutu8lprjuipd6","time":1613450160,"event":{"mods":["BaseMod","Colored Map","Minty Spire (QoL Compilation)","Permanent Neow","StSLib","SuperFastMode","The Bug Knight","Together in Spire"],"gold_per_floor":[109,133,58,8,8,37,54,68,94,107,107,141,41,113,113,113,113],"floor_reached":16,"language":"KOR","playtime":360,"items_purged":["Strike_R","Strike_R"],"score":113,"play_id":"9f99ab77-12c8-499c-a3cc-e01d6faa0351","local_time":"20210216133600","is_ascension_mode":true,"campfire_choices":[{"floor":15,"key":"REST"}],"circlet_count":0,"master_deck":["Strike_R","Strike_R","Strike_R","Defend_R","Defend_R","Defend_R","Bash","Thunderclap"],"relics":["Burning Blood","Red Skull","Pantograph","Centennial Puzzle","Golden Idol","MealTicket","Question Card"],"acts_visited":["Exordium"],"potions_floor_usage":[16],"damage_taken":[{"damage":1,"enemies":"Cultist","floor":1,"turns":3},{"damage":62,"enemies":"Lagavulin","floor":6,"turns":7},{"damage":1,"enemies":"Jaw Worm","floor":7,"turns":3},{"damage":3,"enemies":"Small Slimes","floor":8,"turns":3},{"damage":2,"enemies":"Exordium Wildlife","floor":10,"turns":3},{"damage":30,"enemies":"3 Sentries","floor":12,"turns":6},{"damage":75,"enemies":"Slime Boss","floor":16,"turns":9}],"seed_played":"-8007473861337428344","potions_obtained":[{"floor":1,"key":"Explosive Potion"},{"floor":8,"key":"Dexterity Potion"}],"is_trial":false,"path_per_floor":["M","T","$","?","?","E","M","M","T","M","?","E","$","T","R","B"],"character_chosen":"IRONCLAD","items_purchased":[],"campfire_rested":1,"item_purchase_floors":[],"current_hp_per_floor":[77,77,77,77,77,21,26,29,29,33,33,9,24,24,50,0,0],"gold":113,"neow_bonus":"TWENTY_PERCENT_HP_BONUS","is_daily":false,"chose_seed":false,"campfire_upgraded":0,"win_rate":0.0,"timestamp":1613450160,"path_taken":["M","?","$","?","?","E","?","M","T","M","?","E","?","?","R","BOSS"],"items_purchased_type":[],"build_version":"2020-12-22","purchased_purges":2,"victory":false,"max_hp_per_floor":[96,96,96,96,96,96,96,96,96,96,89,89,89,89,89,89,89],"card_choices":[{"not_picked":["Warcry","Feel No Pain","Sword Boomerang"],"picked":"SKIP","floor":1},{"not_picked":["Flame Barrier","Cleave"],"picked":"Thunderclap","floor":6},{"not_picked":["Thunderclap","Iron Wave","Heavy Blade"],"picked":"SKIP","floor":7},{"not_picked":["Sword Boomerang","Whirlwind","Wild Strike"],"picked":"SKIP","floor":8},{"not_picked":["Bloodletting","Sword Boomerang","Anger"],"picked":"SKIP","floor":10},{"not_picked":["Twin Strike","Combust","Metallicize"],"picked":"SKIP","floor":12}],"player_experience":96827,"relics_obtained":[{"floor":2,"key":"Red Skull"},{"floor":6,"key":"Pantograph"},{"floor":9,"key":"Centennial Puzzle"},{"floor":12,"key":"MealTicket"},{"floor":14,"key":"Question Card"}],"event_choices":[{"cards_removed":["Defend_R"],"damage_healed":0,"gold_gain":0,"player_choice":"Card Removal","damage_taken":0,"max_hp_gain":0,"max_hp_loss":0,"event_name":"The Cleric","floor":4,"gold_loss":50},{"damage_healed":0,"gold_gain":0,"player_choice":"Ignored","damage_taken":0,"max_hp_gain":0,"max_hp_loss":0,"event_name":"Liars Game","floor":5,"gold_loss":0},{"damage_healed":0,"gold_gain":0,"player_choice":"Lose Max HP","damage_taken":0,"relics_obtained":["Golden Idol"],"max_hp_gain":0,"max_hp_loss":7,"event_name":"Golden Idol","floor":11,"gold_loss":0}],"is_beta":false,"boss_relics":[],"items_purged_floors":[3,13],"is_endless":false,"potions_floor_spawned":[1,8],"killed_by":"Slime Boss","ascension_level":1}}