{"host":"cdbhaz9p3iutjbyx","time":1613484103,"event":{"mods":["AchievementEnabler","BaseMod","Downfall","GifTheSpireLib","Hubris","Minty Spire (QoL Compilation)","StSLib","The Cursed","The Disciple","The Forsaken","The Necromancer","The Senshi"],"gold_per_floor":[112,125,200,200,221,221,221],"floor_reached":6,"language":"ENG","playtime":375,"items_purged":[],"score":36,"play_id":"30f9a88f-a0fc-472e-947b-86d9141fb060","local_time":"20210216150143","is_ascension_mode":false,"campfire_choices":[],"circlet_count":0,"master_deck":["theForsaken:TheForsaken_Strike","theForsaken:TheForsaken_Strike","theForsaken:TheForsaken_Strike","theForsaken:TheForsaken_Strike","theForsaken:TheForsaken_Defend","theForsaken:TheForsaken_Defend","theForsaken:TheForsaken_Defend","theForsaken:TheForsaken_Defend","theForsaken:Smite","theForsaken:Penitence","theForsaken:Thunderbolt","theForsaken:DefensiveStance","theForsaken:HorrifyingStrike"],"relics":["theForsaken:JudgementScales","NeowsBlessing","Golden Idol"],"acts_visited":["Exordium"],"potions_floor_usage":[],"damage_taken":[{"damage":0,"enemies":"Cultist","floor":1,"turns":1},{"damage":0,"enemies":"Small Slimes","floor":2,"turns":1},{"damage":0,"enemies":"Jaw Worm","floor":5,"turns":1},{"damage":15,"enemies":"3 Sentries","floor":6,"turns":9}],"seed_played":"-5062644373378053493","potions_obtained":[{"floor":1,"key":"DistilledChaos"}],"is_trial":false,"path_per_floor":["M","M","?","?","M","E"],"character_chosen":"THE_FORSAKEN","items_purchased":[],"campfire_rested":0,"item_purchase_floors":[],"current_hp_per_floor":[65,65,54,38,38,32,32],"gold":221,"neow_bonus":"THREE_ENEMY_KILL","is_daily":false,"chose_seed":false,"campfire_upgraded":0,"win_rate":0.0,"timestamp":1613484103,"path_taken":["M","M","?","?","M","E"],"items_purchased_type":[],"build_version":"2020-12-22","purchased_purges":0,"victory":false,"max_hp_per_floor":[65,65,65,65,65,65,65],"card_choices":[{"not_picked":["theForsaken:CorruptedWord","theForsaken:RainingSunlight"],"picked":"theForsaken:Thunderbolt","floor":1},{"not_picked":["theForsaken:Preservation","theForsaken:PanicDive"],"picked":"theForsaken:DefensiveStance","floor":2},{"not_picked":["theForsaken:NobleSacrifice","theForsaken:BountifulSunlight"],"picked":"theForsaken:HorrifyingStrike","floor":5}],"player_experience":3953,"relics_obtained":[],"event_choices":[{"damage_healed":0,"gold_gain":75,"player_choice":"Gather Gold","damage_taken":11,"max_hp_gain":0,"max_hp_loss":0,"event_name":"World of Goop","floor":3,"gold_loss":0},{"damage_healed":0,"gold_gain":0,"player_choice":"Take Damage","damage_taken":16,"relics_obtained":["Golden Idol"],"max_hp_gain":0,"max_hp_loss":0,"event_name":"Golden Idol","floor":4,"gold_loss":0}],"is_beta":false,"boss_relics":[],"items_purged_floors":[],"is_endless":false,"potions_floor_spawned":[1],"killed_by":"3 Sentries","ascension_level":0}}