{"host":"6hzrz31j95f2y1pa","time":1613460241,"event":{"mods":["BaseMod","Colored Map","Downfall","Minty Spire (QoL Compilation)","StSLib"],"gold_per_floor":[0,16,32,48,62,212,212,212,539,18,46,63,92,173,192,263,263,63,80,91,36,36,36,36,36,36,67,80,80,65,80,96,172,172,72,91,106,121,138,328,353,353,353,353,379,379,394,404,414,414,414,441,109,109,109,109],"floor_reached":57,"language":"ENG","playtime":3100,"items_purged":["Doubt","downfall:Bewildered"],"score":2003,"play_id":"a09b0f8c-0d49-4f15-9193-962a1f2d2dfc","local_time":"20210216022401","is_ascension_mode":true,"campfire_choices":[{"data":"hexamod:Sear","floor":1.0,"key":"SMITH"},{"data":"hexamod:ThermalTransfer","floor":8.0,"key":"SMITH"},{"floor":18.0,"key":"RECALL"},{"data":"hexamod:Float","floor":23.0,"key":"SMITH"},{"data":"hexamod:GhostLash","floor":25.0,"key":"SMITH"},{"data":"hexamod:GiftsFromTheDead","floor":35.0,"key":"SMITH"},{"data":"hexamod:HeatShield","floor":42.0,"key":"SMITH"},{"data":"hexamod:WildfireWeapon","floor":44.0,"key":"SMITH"},{"data":"hexamod:UnleashSpirits","floor":46.0,"key":"SMITH"},{"data":"hexamod:HexaLevel","floor":54.0,"key":"SMITH"}],"circlet_count":0,"master_deck":["AscendersBane","hexamod:Sear+1","hexamod:Float+1","hexamod:GhostLash+1","hexamod:HeatShield+1","hexamod:SpectersWail+1","hexamod:ThermalTransfer+1","hexamod:FirstSeal","hexamod:GhostLash+1","hexamod:FastForward+1","hexamod:GhostShield+1","hexamod:WildfireWeapon+1","CurseOfTheBell","hexamod:RetreatToShadows+1","hexamod:RecurringNightmare+1","hexamod:StepThrough","hexamod:CouncilsJustice","hexamod:CouncilsJustice","hexamod:CouncilsJustice","Ghostly+1","Ghostly+1","Ghostly+1","hexamod:GiftsFromTheDead+1","hexamod:UnleashSpirits+1","hexamod:Haunt+1","hexamod:ThermalTransfer+1","hexamod:ExtraCrispy","hexamod:SearingWound+1","hexamod:HexaLevel+1","hexamod:Hexaguard+1"],"relics":["hexamod:SpiritBrand","CaptainsWheel","Old Coin","Shuriken","Nunchaku","Toxic Egg 2","Guardian:PocketSentry","Calling Bell","Strawberry","Matryoshka","Du-Vu Doll","downfall:HeartBlessingGreen","downfall:HeartBlessingBlue","sneckomod:BabySnecko","Whetstone","Pantograph","Ginger","Sozu","downfall:HeartBlessingRed","Ancient Tea Set","Smiling Mask","Bag of Marbles","Slimebound:StickyStick","Kunai"],"acts_visited":["Exordium","TheCity","TheBeyond","TheEnding"],"potions_floor_usage":[56],"damage_taken":[{"damage":3.0,"enemies":"Jaw Worm","floor":2.0,"turns":4.0},{"damage":0.0,"enemies":"Small Slimes","floor":3.0,"turns":3.0},{"damage":0.0,"enemies":"2 Louse","floor":4.0,"turns":2.0},{"damage":0.0,"enemies":"Large Slime","floor":5.0,"turns":4.0},{"damage":30.0,"enemies":"3 Sentries","floor":9.0,"turns":7.0},{"damage":0.0,"enemies":"downfall:FleeingMerchant","floor":10.0,"turns":4.0},{"damage":9.0,"enemies":"Lagavulin","floor":11.0,"turns":7.0},{"damage":3.0,"enemies":"Exordium Wildlife","floor":12.0,"turns":4.0},{"damage":10.0,"enemies":"3 Sentries","floor":13.0,"turns":5.0},{"damage":0.0,"enemies":"3 Louse","floor":15.0,"turns":3.0},{"damage":26.0,"enemies":"IC_STATUS_ARCHETYPE","floor":16.0,"turns":7.0},{"damage":0.0,"enemies":"Spheric Guardian","floor":19.0,"turns":4.0},{"damage":0.0,"enemies":"Chosen","floor":20.0,"turns":4.0},{"damage":4.0,"enemies":"downfall:FleeingMerchant","floor":21.0,"turns":4.0},{"damage":20.0,"enemies":"Gremlin Leader","floor":27.0,"turns":5.0},{"damage":19.0,"enemies":"Snake Plant","floor":28.0,"turns":2.0},{"damage":0.0,"enemies":"downfall:FleeingMerchant","floor":30.0,"turns":4.0},{"damage":1.0,"enemies":"Snecko","floor":31.0,"turns":3.0},{"damage":13.0,"enemies":"3 Cultists","floor":32.0,"turns":4.0},{"damage":39.0,"enemies":"DF_ARCHETYPE_CLAW","floor":33.0,"turns":9.0},{"damage":13.0,"enemies":"3 Darklings","floor":36.0,"turns":5.0},{"damage":3.0,"enemies":"Orb Walker","floor":37.0,"turns":2.0},{"damage":0.0,"enemies":"Maw","floor":38.0,"turns":6.0},{"damage":0.0,"enemies":"Jaw Worm Horde","floor":39.0,"turns":4.0},{"damage":0.0,"enemies":"downfall:FleeingMerchant","floor":40.0,"turns":3.0},{"damage":25.0,"enemies":"Reptomancer","floor":47.0,"turns":6.0},{"damage":1.0,"enemies":"Transient","floor":48.0,"turns":5.0},{"damage":12.0,"enemies":"4 Shapes","floor":49.0,"turns":4.0},{"damage":3.0,"enemies":"WA_ARCHETYPE_DIVINITY","floor":50.0,"turns":11.0},{"damage":14.0,"enemies":"downfall:CharBossMerchant","floor":52.0,"turns":8.0},{"damage":15,"enemies":"downfall:NeowBoss","floor":55,"turns":15},{"damage":38,"enemies":"downfall:NeowBossFinal","floor":56,"turns":10}],"seed_played":"379125147008157479","potions_obtained":[{"floor":3.0,"key":"Dexterity Potion"},{"floor":9.0,"key":"PowerPotion"},{"floor":11.0,"key":"Swift Potion"},{"floor":19.0,"key":"Block Potion"},{"floor":28.0,"key":"Block Potion"},{"floor":31.0,"key":"FearPotion"}],"is_trial":false,"path_per_floor":["R","M","M","M","M","?","T","R","E","$","E","M","E","T","M","B",null,"R","M","M","$","?","R","T","R","?","E","M","?","$","M","M","B",null,"R","M","M","M","M","$","T","R","?","R","?","R","E","M","M","B",null,"E","$","R","B","B",null],"character_chosen":"THE_SPIRIT","items_purchased":["Shuriken","Nunchaku","hexamod:StepThrough","hexamod:SearingWound+1","Kunai"],"campfire_rested":0,"item_purchase_floors":[10,10,21,40,53],"current_hp_per_floor":[57,54,54,54,54,54,54,54,24,31,29,33,30,30,37,18,59,69,76,80,80,80,80,80,80,80,67,48,40,40,39,26,8,32,32,26,30,37,40,40,40,40,40,40,40,40,22,28,23,37,39,32,32,32,32,9],"gold":109,"neow_bonus":"REMOVE_TWO","is_daily":false,"chose_seed":false,"campfire_upgraded":9,"win_rate":0.0,"timestamp":1613460241,"path_taken":["R","M","M","M","M","?","T","R","E","$","E","M","E","?","M","BOSS","R","M","M","$","?","R","T","R","?","E","M","?","$","M","M","BOSS","R","M","M","M","M","$","T","R","?","R","?","R","E","M","M","BOSS","E","$","R","BOSS","BOSS"],"items_purchased_type":["Relic","Relic","Card","Card","Relic"],"build_version":"2020-12-22","purchased_purges":2,"victory":true,"max_hp_per_floor":[63,63,63,63,63,63,63,63,63,63,63,63,63,63,63,63,70,80,80,80,80,80,80,80,80,80,80,80,40,40,40,40,40,40,40,40,40,40,40,40,40,40,40,40,40,40,40,40,40,40,40,40,40,40,40,40],"card_choices":[{"not_picked":["hexamod:InspiringFlames","hexamod:ChargedBarrage"],"picked":"hexamod:GhostLash","floor":2.0},{"not_picked":["hexamod:GhostOfSpireFuture","hexamod:StepThrough"],"picked":"hexamod:HeatShield","floor":3.0},{"not_picked":["hexamod:AdvancingGuard","hexamod:SkipABeat"],"picked":"hexamod:SpectersWail","floor":4.0},{"not_picked":["hexamod:CatchUp","hexamod:HeatShield"],"picked":"hexamod:ThermalTransfer","floor":5.0},{"not_picked":["hexamod:EtherealExpedition","hexamod:DynamicBlow"],"picked":"hexamod:FirstSeal","floor":9.0},{"not_picked":["hexamod:ExtraCrispy","hexamod:SecondSeal","hexamod:FlameSwitch"],"picked":"SKIP","floor":10.0},{"not_picked":["hexamod:BacktrackSmack","hexamod:HeatMetal"],"picked":"hexamod:GhostLash","floor":11.0},{"not_picked":["hexamod:GhostflameBarrier+1","hexamod:CatchUp+1"],"picked":"hexamod:FastForward+1","floor":12.0},{"not_picked":["hexamod:HeatMetal","hexamod:SuperheatedStrike","hexamod:HexaLevel"],"picked":"SKIP","floor":13.0},{"not_picked":["hexamod:BacktrackSmack","hexamod:HauntingEcho"],"picked":"hexamod:GhostShield+1","floor":15.0},{"not_picked":["hexamod:TurnItUp+1","hexamod:SixthSeal"],"picked":"hexamod:WildfireWeapon","floor":16.0},{"not_picked":["hexamod:GhostLash+1","hexamod:EmpoweredFlame"],"picked":"hexamod:RetreatToShadows+1","floor":19.0},{"not_picked":["hexamod:FastForward+1","hexamod:CatchUp+1"],"picked":"hexamod:RecurringNightmare+1","floor":20.0},{"not_picked":["hexamod:ThermalTransfer","hexamod:GhostShield+1","hexamod:FlamesFromBeyond+1"],"picked":"SKIP","floor":21.0},{"not_picked":["hexamod:GhostShield+1","hexamod:FourthSeal","hexamod:BurningTouch+1"],"picked":"SKIP","floor":27.0},{"not_picked":["hexamod:SecondSeal","hexamod:SpectralSpark+1","hexamod:GhostOfSpireFuture+1"],"picked":"SKIP","floor":28.0},{"not_picked":["hexamod:NecessarySacrifice+1","hexamod:ShieldOfDarkness+1","hexamod:HeatCrush"],"picked":"SKIP","floor":30.0},{"not_picked":["hexamod:FastForward+1","hexamod:HauntingEcho","hexamod:NightmareStrike"],"picked":"SKIP","floor":31.0},{"not_picked":["hexamod:ExtraCrispy","hexamod:PhantomFireball","hexamod:GiftsFromTheDead"],"picked":"SKIP","floor":32.0},{"not_picked":["hexamod:ExtraCrispy","hexamod:PhantomFireball"],"picked":"hexamod:GiftsFromTheDead","floor":32.0},{"not_picked":["hexamod:FifthSeal","hexamod:WildfireWeapon"],"picked":"hexamod:UnleashSpirits","floor":33.0},{"not_picked":["hexamod:CatchUp+1","hexamod:FlamesFromBeyond+1","hexamod:Firestarter"],"picked":"SKIP","floor":36.0},{"not_picked":["hexamod:SkipABeat+1","hexamod:RetreatToShadows+1"],"picked":"hexamod:Haunt+1","floor":37.0},{"not_picked":["hexamod:HauntingEcho","hexamod:FirstSeal"],"picked":"hexamod:ThermalTransfer+1","floor":38.0},{"not_picked":["hexamod:EtherealExpedition+1","hexamod:BurningTouch+1"],"picked":"hexamod:ExtraCrispy","floor":39.0},{"not_picked":["hexamod:HexaLevel","hexamod:GhostShield+1","hexamod:BacktrackSmack"],"picked":"SKIP","floor":47.0},{"not_picked":["hexamod:GhostShield+1","hexamod:BacktrackSmack"],"picked":"hexamod:HexaLevel","floor":47.0},{"not_picked":["hexamod:GhostShield+1","hexamod:Firestarter","hexamod:BurningTouch+1"],"picked":"SKIP","floor":48.0},{"not_picked":["hexamod:SpectralSpark+1","hexamod:FlamesFromBeyond+1"],"picked":"hexamod:Hexaguard+1","floor":49.0},{"not_picked":["hexamod:GhostLash","hexamod:GhostflameBarrier+1","hexamod:ShieldOfDarkness+1"],"picked":"SKIP","floor":52.0}],"player_experience":1451493,"relics_obtained":[{"floor":7.0,"key":"CaptainsWheel"},{"floor":9.0,"key":"Old Coin"},{"floor":11.0,"key":"Toxic Egg 2"},{"floor":13.0,"key":"Guardian:PocketSentry"},{"floor":17.0,"key":"Strawberry"},{"floor":17.0,"key":"Matryoshka"},{"floor":17.0,"key":"Du-Vu Doll"},{"floor":24.0,"key":"Whetstone"},{"floor":24.0,"key":"Pantograph"},{"floor":27.0,"key":"Ginger"},{"floor":41.0,"key":"Ancient Tea Set"},{"floor":41.0,"key":"Smiling Mask"},{"floor":45.0,"key":"Bag of Marbles"},{"floor":52.0,"key":"Slimebound:StickyStick"}],"event_choices":[],"is_beta":false,"boss_relics":[{"not_picked":["Snecko Eye","Black Star"],"picked":"Calling Bell"},{"not_picked":["Astrolabe","Philosopher\u0027s Stone"],"picked":"Sozu"}],"items_purged_floors":[10,53],"is_endless":false,"potions_floor_spawned":[3,9,11,13,15,19,20,28,31,37,48,49,52],"ascension_level":16}}