{"host":"bvc3bp2iol2n355r","time":1613461610,"event":{"mods":["AchievementEnabler","BaseMod","Dark Map","Downfall","Minty Spire (QoL Compilation)","Relic Stats","StSLib"],"gold_per_floor":[13,13,34,53,72,72,115,115,115,130,130,151,195,195,195,291,291,314,274,55,80,101,140,156,156,156,1,24,68,68,68,68,157,157,176,201,201,265,296,296,334,352,352,372,372,196,239,46,46,46,46,46,46,89,89],"floor_reached":56,"language":"ENG","playtime":2833,"items_purged":["Strike_R","Parasite"],"score":1944,"play_id":"281ec8e1-da8f-4a6d-8a57-623b65a69011","local_time":"20210216024650","is_ascension_mode":true,"campfire_choices":[{"data":"Carnage","floor":6.0,"key":"SMITH"},{"data":"Bash","floor":8.0,"key":"SMITH"},{"floor":11.0,"key":"REST"},{"data":"1","floor":15.0,"key":"LIFT"},{"data":"2","floor":25.0,"key":"LIFT"},{"data":"3","floor":30.0,"key":"LIFT"},{"floor":32.0,"key":"REST"},{"floor":40.0,"key":"RECALL"},{"floor":45,"key":"REST"},{"floor":49,"key":"REST"},{"floor":52,"key":"REST"}],"circlet_count":0,"master_deck":["AscendersBane","Strike_R","Strike_R","Strike_R+1","Strike_R","Defend_R","Defend_R","Defend_R","Defend_R","Bash+1","Carnage+1","Pommel Strike+1","Power Through","Feel No Pain","Clothesline","Body Slam+1","Pummel","Fiend Fire","Barricade+1","Power Through","Reaper","Shrug It Off+1","Finesse","Pommel Strike+1","Second Wind","Armaments","Dark Embrace+1","Shockwave+1"],"relics":["Burning Blood","Lizard Tail","Golden Idol","Ancient Tea Set","Self Forming Clay","Girya","Gremlin Horn","Fusion Hammer","ClockworkSouvenir","Blue Candle","Frozen Egg 2","Turnip","Black Star","champ:DuelingGlove","Prayer Wheel","Orichalcum","InkBottle","Singing Bowl","Oddly Smooth Stone","Whetstone","Bottled Lightning","Pear"],"acts_visited":["Exordium","TheCity","TheBeyond","TheEnding"],"potions_floor_usage":[47,55,55],"damage_taken":[{"damage":11.0,"enemies":"Cultist","floor":1.0,"turns":4.0},{"damage":15.0,"enemies":"Small Slimes","floor":3.0,"turns":3.0},{"damage":6.0,"enemies":"2 Louse","floor":4.0,"turns":3.0},{"damage":1.0,"enemies":"2 Fungi Beasts","floor":5.0,"turns":3.0},{"damage":24.0,"enemies":"3 Sentries","floor":7.0,"turns":18.0},{"damage":7.0,"enemies":"Exordium Thugs","floor":10.0,"turns":4.0},{"damage":10.0,"enemies":"Gremlin Gang","floor":12.0,"turns":5.0},{"damage":18.0,"enemies":"Gremlin Nob","floor":13.0,"turns":4.0},{"damage":64.0,"enemies":"The Guardian","floor":16.0,"turns":14.0},{"damage":6.0,"enemies":"3 Byrds","floor":18.0,"turns":4.0},{"damage":13.0,"enemies":"Shell Parasite","floor":21.0,"turns":3.0},{"damage":18.0,"enemies":"Snake Plant","floor":22.0,"turns":3.0},{"damage":13.0,"enemies":"Book of Stabbing","floor":23.0,"turns":4.0},{"damage":7.0,"enemies":"3 Cultists","floor":24.0,"turns":4.0},{"damage":6.0,"enemies":"Cultist and Chosen","floor":28.0,"turns":5.0},{"damage":12.0,"enemies":"Slavers","floor":29.0,"turns":5.0},{"damage":0.0,"enemies":"Shelled Parasite and Fungi","floor":31.0,"turns":2.0},{"damage":49.0,"enemies":"Collector","floor":33.0,"turns":16.0},{"damage":12.0,"enemies":"Orb Walker","floor":35.0,"turns":4.0},{"damage":27.0,"enemies":"3 Darklings","floor":36.0,"turns":10.0},{"damage":12.0,"enemies":"2 Orb Walkers","floor":38.0,"turns":5.0},{"damage":0.0,"enemies":"Mind Bloom Boss Battle","floor":39.0,"turns":6.0},{"damage":0.0,"enemies":"Reptomancer","floor":41.0,"turns":4.0},{"damage":0.0,"enemies":"Sphere and 2 Shapes","floor":42.0,"turns":3.0},{"damage":26,"enemies":"Writhing Mass","floor":44,"turns":5},{"damage":13,"enemies":"Nemesis","floor":47,"turns":11},{"damage":41,"enemies":"Donu and Deca","floor":50,"turns":11},{"damage":43,"enemies":"Shield and Spear","floor":54,"turns":9},{"damage":4,"enemies":"The Heart","floor":55,"turns":11}],"seed_played":"3550077706958795574","potions_obtained":[{"floor":3.0,"key":"Energy Potion"},{"floor":5.0,"key":"SneckoOil"},{"floor":10.0,"key":"Fire Potion"},{"floor":12.0,"key":"SpeedPotion"},{"floor":16.0,"key":"Energy Potion"},{"floor":18.0,"key":"Energy Potion"},{"floor":21.0,"key":"DistilledChaos"},{"floor":24.0,"key":"SmokeBomb"},{"floor":36.0,"key":"DistilledChaos"},{"floor":41.0,"key":"SpeedPotion"},{"floor":42.0,"key":"EssenceOfSteel"}],"is_trial":false,"path_per_floor":["M","?","M","M","M","R","E","R","T","M","R","M","E","?","R","B",null,"M","?","$","M","M","E","M","R","T","$","M","E","R","M","R","B",null,"M","M","?","?","?","R","E","M","T","M","R","$","E","$","R","B",null,"R","$","E","B",null],"character_chosen":"IRONCLAD","items_purchased":["ClockworkSouvenir","Barricade+1","Dark Embrace+1","Whetstone","Energy Potion"],"campfire_rested":5,"item_purchase_floors":[20,27,46,48,48],"current_hp_per_floor":[63,45,36,36,41,41,23,23,23,22,44,40,28,25,25,25,63,63,63,63,56,44,37,36,36,36,36,36,30,30,36,58,15,60,54,47,47,55,61,61,75,75,75,55,75,72,65,65,72,37,63,72,72,47,59],"gold":89,"neow_bonus":"ONE_RARE_RELIC","is_daily":false,"chose_seed":false,"campfire_upgraded":2,"win_rate":0.0,"timestamp":1613461610,"path_taken":["M","?","M","M","M","R","E","R","T","M","R","M","E","?","R","BOSS","M","?","$","M","M","E","?","R","T","$","M","E","R","M","R","BOSS","M","M","?","?","?","R","E","?","T","M","R","$","E","$","R","BOSS","R","$","E","BOSS"],"items_purchased_type":["Relic","Card","Card","Relic","Potion"],"build_version":"2020-12-22","purchased_purges":2,"victory":true,"max_hp_per_floor":[75,75,75,75,75,75,75,75,75,75,75,75,75,75,75,75,75,75,75,75,75,75,75,75,75,75,75,75,75,75,75,75,75,75,75,75,75,75,75,75,75,75,75,75,75,72,72,72,72,72,72,72,72,84,84],"relic_stats":{"Gremlin Horn":[29,30],"Singing Bowl":2,"counters":[29,183],"Golden Idol":216,"Self Forming Clay":[201],"Blue Candle":[1],"Whetstone":["Pommel Strike","Strike_R"],"Orichalcum":[12],"Burning Blood":162,"Lizard Tail":37,"Prayer Wheel":2,"Turnip":[10],"Black Star":3,"obtain_stats":[{"Girya":13,"champ:DuelingGlove":38,"Pear":54,"Gremlin Horn":14,"Singing Bowl":47,"Golden Idol":2,"Self Forming Clay":9,"Blue Candle":23,"Oddly Smooth Stone":47,"Whetstone":48,"Frozen Egg 2":26,"Orichalcum":41,"Ancient Tea Set":7,"Burning Blood":0,"ClockworkSouvenir":20,"Lizard Tail":0,"Prayer Wheel":39,"Fusion Hammer":17,"Turnip":29,"Black Star":34,"Bottled Lightning":54,"InkBottle":41},{"Girya":8,"champ:DuelingGlove":21,"Pear":28,"Gremlin Horn":8,"Singing Bowl":26,"Golden Idol":1,"Self Forming Clay":5,"Blue Candle":13,"Oddly Smooth Stone":26,"Whetstone":26,"Frozen Egg 2":14,"Orichalcum":23,"Ancient Tea Set":5,"Burning Blood":0,"ClockworkSouvenir":10,"Lizard Tail":0,"Prayer Wheel":22,"Fusion Hammer":9,"Turnip":16,"Black Star":18,"Bottled Lightning":28,"InkBottle":23},{"Girya":44,"champ:DuelingGlove":123,"Pear":172,"Gremlin Horn":44,"Singing Bowl":152,"Golden Idol":4,"Self Forming Clay":31,"Blue Candle":72,"Oddly Smooth Stone":152,"Whetstone":152,"Frozen Egg 2":76,"Orichalcum":133,"Ancient Tea Set":31,"Burning Blood":0,"ClockworkSouvenir":62,"Lizard Tail":0,"Prayer Wheel":129,"Fusion Hammer":58,"Turnip":86,"Black Star":104,"Bottled Lightning":172,"InkBottle":133}],"InkBottle":[20]},"card_choices":[{"not_picked":["True Grit","Clothesline"],"picked":"Carnage","floor":1.0},{"not_picked":["Twin Strike","Seeing Red"],"picked":"Pommel Strike","floor":3.0},{"not_picked":["Thunderclap","Sword Boomerang"],"picked":"Power Through","floor":4.0},{"not_picked":["Havoc","Twin Strike"],"picked":"Feel No Pain","floor":5.0},{"not_picked":["Infernal Blade","Searing Blow"],"picked":"Clothesline","floor":7.0},{"not_picked":["Twin Strike","Clash"],"picked":"Body Slam","floor":10.0},{"not_picked":["Fire Breathing","Pommel Strike","Searing Blow"],"picked":"SKIP","floor":12.0},{"not_picked":["Thunderclap","Anger"],"picked":"Pummel","floor":13.0},{"not_picked":["Demon Form","Exhume"],"picked":"Fiend Fire","floor":16.0},{"not_picked":["Heavy Blade","Flex","Havoc"],"picked":"SKIP","floor":18.0},{"not_picked":["Pommel Strike","Intimidate","Dual Wield"],"picked":"SKIP","floor":21.0},{"not_picked":["Bloodletting+1","Rage","Cleave"],"picked":"SKIP","floor":22.0},{"not_picked":["Rampage","Perfected Strike","Headbutt"],"picked":"SKIP","floor":23.0},{"not_picked":["Clothesline+1","Intimidate","Warcry"],"picked":"SKIP","floor":24.0},{"not_picked":["Limit Break","Dropkick"],"picked":"Power Through","floor":28.0},{"not_picked":["Sentinel","Iron Wave","Pommel Strike"],"picked":"SKIP","floor":29.0},{"not_picked":["Bludgeon","Exhume"],"picked":"Reaper","floor":33.0},{"not_picked":["Clash+1","Seeing Red+1"],"picked":"Shrug It Off+1","floor":35.0},{"not_picked":["Cleave+1","Clash","Anger"],"picked":"SKIP","floor":36.0},{"not_picked":["Panacea","Jack Of All Trades"],"picked":"Finesse","floor":37.0},{"not_picked":["Rampage","Dropkick"],"picked":"Pommel Strike+1","floor":38.0},{"not_picked":["Pommel Strike","Shockwave"],"picked":"Second Wind","floor":39.0},{"not_picked":["Havoc","Pommel Strike","Ghostly Armor"],"picked":"SKIP","floor":41.0},{"not_picked":["Sword Boomerang","Whirlwind+1"],"picked":"Armaments","floor":42.0},{"not_picked":["True Grit","Dropkick","Pommel Strike+1"],"picked":"SKIP","floor":42.0},{"not_picked":["Clothesline+1","True Grit","Reckless Charge"],"picked":"SKIP","floor":44},{"not_picked":["True Grit","Rage+1","Body Slam"],"picked":"SKIP","floor":44},{"not_picked":["Seeing Red","Inflame+1"],"picked":"Shockwave+1","floor":47},{"not_picked":["Sword Boomerang+1","Exhume","Spot Weakness+1"],"picked":"Singing Bowl","floor":54}],"player_experience":592841,"relics_obtained":[{"floor":7.0,"key":"Ancient Tea Set"},{"floor":9.0,"key":"Self Forming Clay"},{"floor":13.0,"key":"Girya"},{"floor":23.0,"key":"Blue Candle"},{"floor":26.0,"key":"Frozen Egg 2"},{"floor":29.0,"key":"Turnip"},{"floor":38.0,"key":"champ:DuelingGlove"},{"floor":39.0,"key":"Prayer Wheel"},{"floor":41.0,"key":"Orichalcum"},{"floor":41.0,"key":"InkBottle"},{"floor":47,"key":"Singing Bowl"},{"floor":47,"key":"Oddly Smooth Stone"},{"floor":54,"key":"Bottled Lightning"},{"floor":54,"key":"Pear"}],"event_choices":[{"damage_healed":0.0,"max_hp_gain":0.0,"max_hp_loss":0.0,"gold_gain":0.0,"event_name":"Golden Idol","player_choice":"Take Damage","floor":2.0,"gold_loss":0.0,"damage_taken":18.0,"relics_obtained":["Golden Idol"]},{"damage_healed":0.0,"max_hp_gain":0.0,"max_hp_loss":0.0,"gold_gain":0.0,"event_name":"Scrap Ooze","player_choice":"Success","floor":14.0,"gold_loss":0.0,"damage_taken":3.0,"relics_obtained":["Gremlin Horn"]},{"damage_healed":0.0,"max_hp_gain":0.0,"max_hp_loss":0.0,"gold_gain":0.0,"event_name":"Designer","player_choice":"Upgrade","floor":19.0,"gold_loss":40.0,"damage_taken":0.0,"cards_upgraded":["Body Slam"]},{"damage_healed":0.0,"max_hp_gain":0.0,"max_hp_loss":0.0,"gold_gain":0.0,"event_name":"SensoryStone","player_choice":"Memory 1","floor":37.0,"gold_loss":0.0,"damage_taken":0.0},{"damage_healed":0.0,"max_hp_gain":0.0,"max_hp_loss":0.0,"gold_gain":0.0,"event_name":"Mysterious Sphere","player_choice":"Fight","floor":38.0,"gold_loss":0.0,"damage_taken":0.0},{"damage_healed":0.0,"max_hp_gain":0.0,"max_hp_loss":0.0,"gold_gain":0.0,"event_name":"MindBloom","player_choice":"Fight","floor":39.0,"gold_loss":0.0,"damage_taken":0.0}],"is_beta":false,"boss_relics":[{"not_picked":["Busted Crown","Pandora\u0027s Box"],"picked":"Fusion Hammer"},{"not_picked":["Cursed Key","SacredBark"],"picked":"Black Star"}],"items_purged_floors":[20,46],"is_endless":false,"potions_floor_spawned":[3,5,10,12,16,18,21,24,29,31,36,41,42],"ascension_level":14}}