{"host":"hbvn1mkfq2iixsau","time":1613509598,"event":{"mods":["AchievementEnabler","Act Like it!","BaseMod","Better Altar","Better Match","Better Sensory Stone","Better Skull","Better Third Choice","Colored Map","Minty Spire (QoL Compilation)","Quick Restart","Relic Stats","Replay The Spire","Shop Mod","StSLib"],"gold_per_floor":[112,139,89,89,54,85,85,117,143,143,218,236,269,281,281,382,382,393,134,134,59,73,108,108,108,108,194,194,194],"floor_reached":28,"language":"ENG","playtime":1404,"items_purged":["Decay"],"score":315,"play_id":"d0d2f1de-aaaa-4c0e-8d38-422b235d9cd2","local_time":"20210216230638","is_ascension_mode":true,"campfire_choices":[{"data":"Genetic Algorithm","floor":7.0,"key":"SMITH"},{"data":"Storm","floor":15.0,"key":"SMITH"},{"floor":24.0,"key":"REST"}],"circlet_count":0,"master_deck":["Strike_B","Strike_B","Strike_B","Strike_B","Defend_B+1","Defend_B","Defend_B","Defend_B","Zap","Dualcast","Coolheaded","Loop","Genetic Algorithm+1","Conserve Battery+1","ReplayRNGCard+1","Storm+1","Coolheaded","Biased Cognition","BasicCrystalCard+1","Time Bomb","Echo Form","Self Repair","White Noise"],"relics":["Cracked Core","NeowsBlessing","betterThird:SlimedRelic","Kunai","Centennial Puzzle","Gremlin Food","War Paint","Inserter","Matryoshka","Garlic","Art of War","Replay:Bottled Snecko","Shuriken","Regal Pillow"],"acts_visited":["Exordium","TheCity"],"potions_floor_usage":[],"damage_taken":[{"damage":0.0,"enemies":"Cultist","floor":1.0,"turns":1.0},{"damage":0.0,"enemies":"3 Sentries","floor":6.0,"turns":1.0},{"damage":0.0,"enemies":"Gremlin Nob","floor":8.0,"turns":1.0},{"damage":0.0,"enemies":"2 Louse","floor":12.0,"turns":2.0},{"damage":17.0,"enemies":"Lagavulin","floor":13.0,"turns":8.0},{"damage":3.0,"enemies":"Small Slimes","floor":14.0,"turns":3.0},{"damage":50.0,"enemies":"Fading Forest","floor":16.0,"turns":11.0},{"damage":17.0,"enemies":"Shell Parasite","floor":18.0,"turns":4.0},{"damage":9.0,"enemies":"3 Byrds","floor":22.0,"turns":5.0},{"damage":23.0,"enemies":"Gremlin Leader","floor":23.0,"turns":7.0},{"damage":4,"enemies":"Cultist and Chosen","floor":28,"turns":3}],"seed_played":"-4836343217113225487","potions_obtained":[{"floor":8.0,"key":"DuplicationPotion"},{"floor":14.0,"key":"SpeedPotion"},{"floor":22.0,"key":"FocusPotion"},{"floor":23.0,"key":"Dexterity Potion"},{"floor":27,"key":"DuplicationPotion"}],"is_trial":false,"path_per_floor":["M","T","?","?","$","E","R","E","T","$","?","M","E","M","R_BF","B",null,"M","$","?","$","M","E","R","?","T","?","M"],"character_chosen":"DEFECT","items_purchased":["Loop","Matryoshka"],"campfire_rested":1,"item_purchase_floors":[5,19],"current_hp_per_floor":[75,75,64,64,64,64,64,64,64,64,57,57,40,37,37,7,75,58,58,58,58,49,26,48,33,33,15,11,11],"gold":194,"neow_bonus":"THREE_ENEMY_KILL","is_daily":false,"chose_seed":false,"campfire_upgraded":2,"win_rate":0.0,"timestamp":1613509598,"path_taken":["M","?","?","?","$","E","R","E","T","$","?","M","E","M","R_BF","BOSS","M","$","?","$","?","E","R","?","T","?","?"],"items_purchased_type":["Card","Relic"],"build_version":"2020-12-22","purchased_purges":1,"victory":false,"max_hp_per_floor":[75,75,75,75,75,75,75,75,75,75,75,75,75,75,75,75,75,75,75,75,75,75,75,75,75,75,75,75,75],"relic_stats":{"Centennial Puzzle":[21],"Regal Pillow":0,"Inserter":[9],"counters":[11,46],"Shuriken":[0],"Art of War":[2],"Kunai":[1],"War Paint":["Conserve Battery","ReplayRNGCard"],"obtain_stats":[{"Gremlin Food":9,"Regal Pillow":27,"Inserter":17,"NeowsBlessing":0,"War Paint":13,"Centennial Puzzle":8,"Matryoshka":19,"Shuriken":27,"betterThird:SlimedRelic":3,"Garlic":23,"Art of War":26,"Kunai":6,"Replay:Bottled Snecko":26,"Cracked Core":0},{"Gremlin Food":3,"Regal Pillow":10,"Inserter":7,"NeowsBlessing":0,"War Paint":5,"Centennial Puzzle":3,"Matryoshka":8,"Shuriken":10,"betterThird:SlimedRelic":1,"Garlic":10,"Art of War":10,"Kunai":2,"Replay:Bottled Snecko":10,"Cracked Core":0},{"Gremlin Food":3,"Regal Pillow":43,"Inserter":27,"NeowsBlessing":0,"War Paint":13,"Centennial Puzzle":3,"Matryoshka":31,"Shuriken":43,"betterThird:SlimedRelic":1,"Garlic":43,"Art of War":43,"Kunai":2,"Replay:Bottled Snecko":43,"Cracked Core":0}]},"card_choices":[{"not_picked":["Redo","Auto Shields"],"picked":"Coolheaded","floor":1.0},{"not_picked":["Panic Button","Blizzard"],"picked":"Genetic Algorithm","floor":6.0},{"not_picked":["ReplayTheSpireMod:Reroute Power","Cold Snap"],"picked":"Conserve Battery","floor":8.0},{"not_picked":["Hello World","ReplayTheSpireMod:Calculation Training"],"picked":"ReplayRNGCard","floor":12.0},{"not_picked":["Conserve Battery","Defragment"],"picked":"Storm","floor":13.0},{"not_picked":["Beam Cell","Hologram"],"picked":"Coolheaded","floor":14.0},{"not_picked":["Hyperbeam","Core Surge"],"picked":"Biased Cognition","floor":16.0},{"not_picked":["Go for the Eyes","Gash"],"picked":"BasicCrystalCard+1","floor":18.0},{"not_picked":["Ball Lightning","Tempest+1"],"picked":"Time Bomb","floor":22.0},{"not_picked":["Beam Cell+1","Gash","Go for the Eyes"],"picked":"SKIP","floor":23.0},{"not_picked":["Reinforced Body","Ball Lightning"],"picked":"Self Repair","floor":27},{"not_picked":["Sweeping Beam","Leap"],"picked":"White Noise","floor":27}],"player_experience":264660,"relics_obtained":[{"floor":6.0,"key":"Kunai"},{"floor":8.0,"key":"Centennial Puzzle"},{"floor":9.0,"key":"Gremlin Food"},{"floor":13.0,"key":"War Paint"},{"floor":23.0,"key":"Garlic"},{"floor":26.0,"key":"Art of War"},{"floor":26.0,"key":"Replay:Bottled Snecko"},{"floor":27,"key":"Shuriken"},{"floor":27,"key":"Regal Pillow"}],"event_choices":[{"damage_healed":0.0,"max_hp_gain":0.0,"max_hp_loss":0.0,"gold_gain":0.0,"event_name":"betterThird:BetterGoop","player_choice":"Slimed","floor":3.0,"gold_loss":50.0,"damage_taken":11.0},{"damage_healed":0.0,"max_hp_gain":0.0,"max_hp_loss":0.0,"gold_gain":0.0,"event_name":"Golden Wing","player_choice":"Ignored","floor":4.0,"gold_loss":0.0,"damage_taken":0.0},{"damage_healed":0.0,"max_hp_gain":0.0,"max_hp_loss":0.0,"gold_gain":75.0,"event_name":"FaceTrader","player_choice":"Touch","floor":11.0,"gold_loss":0.0,"damage_taken":7.0},{"damage_healed":0.0,"max_hp_gain":0.0,"max_hp_loss":0.0,"gold_gain":0.0,"event_name":"Wheel of Change","player_choice":"Cursed","floor":20.0,"gold_loss":0.0,"damage_taken":0.0,"cards_obtained":["Decay"]},{"damage_healed":0.0,"max_hp_gain":0.0,"max_hp_loss":15.0,"gold_gain":2.0,"event_name":"betterStone:BetterStone","player_choice":"2","floor":25.0,"gold_loss":0.0,"damage_taken":0.0}],"is_beta":false,"boss_relics":[{"not_picked":["Coffee Dripper","Runic Dome"],"picked":"Inserter"}],"items_purged_floors":[21],"is_endless":false,"potions_floor_spawned":[8,14,22,23],"killed_by":"Cultist and Chosen","ascension_level":1}}