{"host":"jpzdg3po3tjxdjri","time":1613509375,"event":{"mods":["BaseMod","Better Third Choice","Colored Map","Colored Powertips","Minty Spire (QoL Compilation)","StSLib"],"gold_per_floor":[116,130,305,321,99,99,117,130,130,162,162,162,177,211,211,312,312,327,226,226,141,66,101,90,119,172,172,172,198,56,84,84,186,236,247,247,261,281,73,108,141,156,181,181,181,200,200,228,228,228,228],"floor_reached":50,"language":"ENG","playtime":1965,"items_purged":["Strike_G","Strike_G","Strike_G"],"score":722,"play_id":"476724ab-76cb-4059-978b-5819a8122000","local_time":"20210216210255","is_ascension_mode":true,"campfire_choices":[{"data":"Phantasmal Killer","floor":6,"key":"SMITH"},{"data":"Poisoned Stab","floor":11,"key":"SMITH"},{"floor":15,"key":"REST"},{"floor":27,"key":"REST"},{"data":"Catalyst","floor":28,"key":"SMITH"},{"floor":32,"key":"REST"},{"floor":45,"key":"RECALL"},{"floor":47,"key":"REST"},{"data":"Dash","floor":49,"key":"SMITH"}],"circlet_count":0,"master_deck":["Strike_G","Defend_G","Defend_G","Defend_G","Defend_G","Defend_G","Survivor","Neutralize","Phantasmal Killer+1","Dagger Spray+1","Flechettes","Dagger Throw","Poisoned Stab+1","Backflip","Flying Knee","Quick Slash","Well Laid Plans","After Image","PiercingWail+1","Cloak And Dagger","Catalyst+1","Quick Slash","Dodge and Roll","Noxious Fumes+1","Crippling Poison+1","Escape Plan","Sadistic Nature+1","Dash","Die Die Die+1","Deadly Poison+1","Infinite Blades+1","Backflip+1","Footwork+1","Glass Knife","Dash+1","Deadly Poison+1","Parasite","Cloak And Dagger+1","Purity","Blade Dance"],"relics":["Ring of the Snake","Membership Card","Boot","Pear","CaptainsWheel","Darkstone Periapt","Sozu","WingedGreaves","Frozen Egg 2","Oddly Smooth Stone","Strawberry","Ginger","Tiny House","Blood Vial","Snake Skull","Whetstone","Akabeko","Ornamental Fan"],"acts_visited":["Exordium","TheCity","TheBeyond"],"potions_floor_usage":[14,25,25,29],"damage_taken":[{"damage":5,"enemies":"2 Louse","floor":1,"turns":3},{"damage":3,"enemies":"Small Slimes","floor":2,"turns":3},{"damage":3,"enemies":"Jaw Worm","floor":4,"turns":2},{"damage":1,"enemies":"3 Louse","floor":7,"turns":2},{"damage":11,"enemies":"Exordium Thugs","floor":8,"turns":4},{"damage":4,"enemies":"Gremlin Nob","floor":10,"turns":3},{"damage":5,"enemies":"Lots of Slimes","floor":13,"turns":2},{"damage":5,"enemies":"Lagavulin","floor":14,"turns":4},{"damage":30,"enemies":"The Guardian","floor":16,"turns":11},{"damage":7,"enemies":"3 Byrds","floor":18,"turns":4},{"damage":22,"enemies":"Book of Stabbing","floor":23,"turns":6},{"damage":19,"enemies":"2 Thieves","floor":24,"turns":4},{"damage":17,"enemies":"Gremlin Leader","floor":25,"turns":7},{"damage":4,"enemies":"Slavers","floor":29,"turns":5},{"damage":10,"enemies":"Book of Stabbing","floor":31,"turns":5},{"damage":19,"enemies":"Automaton","floor":33,"turns":10},{"damage":2,"enemies":"Orb Walker","floor":35,"turns":3},{"damage":16,"enemies":"3 Darklings","floor":37,"turns":5},{"damage":3,"enemies":"Jaw Worm Horde","floor":38,"turns":4},{"damage":7,"enemies":"Nemesis","floor":40,"turns":7},{"damage":11,"enemies":"Giant Head","floor":41,"turns":8},{"damage":11,"enemies":"Writhing Mass","floor":42,"turns":6},{"damage":7,"enemies":"3 Darklings","floor":46,"turns":3},{"damage":25,"enemies":"Nemesis","floor":48,"turns":7},{"damage":57,"enemies":"Time Eater","floor":50,"turns":7}],"seed_played":"7142727392050400363","potions_obtained":[{"floor":2,"key":"Block Potion"},{"floor":7,"key":"EssenceOfSteel"},{"floor":10,"key":"Poison Potion"},{"floor":16,"key":"Block Potion"}],"is_trial":false,"path_per_floor":["M","M","?","M","$","R","M","M","T","E","R","?","M","E","R","B",null,"M","$","?","?","?","E","M","E","T","R","R","E","$","E","R","B",null,"M","?","M","M","$","E","E","M","T","?","R","M","R","E","R","B"],"character_chosen":"THE_SILENT","items_purchased":["Membership Card","Boot","Cloak And Dagger","Catalyst","Quick Slash","Sadistic Nature+1","Blood Vial","Glass Knife"],"campfire_rested":4,"item_purchase_floors":[5,5,19,19,19,30,39,39],"current_hp_per_floor":[65,62,62,59,59,59,58,47,57,53,53,46,41,36,60,30,80,73,73,73,73,73,51,32,15,15,39,39,42,42,32,58,39,92,90,90,74,71,71,66,57,54,54,54,54,49,78,55,55,0,0],"gold":228,"neow_bonus":"ONE_RANDOM_RARE_CARD","is_daily":false,"chose_seed":false,"campfire_upgraded":4,"win_rate":0.0,"timestamp":1613509375,"path_taken":["M","M","?","M","$","R","M","M","T","E","R","?","M","E","R","BOSS","M","$","?","?","?","E","M","E","T","R","R","E","$","E","R","BOSS","M","?","M","M","$","E","E","?","T","?","R","M","R","E","R","BOSS"],"items_purchased_type":["Relic","Relic","Card","Card","Card","Card","Relic","Card"],"build_version":"2020-12-22","purchased_purges":3,"victory":false,"max_hp_per_floor":[70,70,70,70,70,70,70,70,80,80,80,80,80,80,80,80,80,80,80,80,80,80,80,80,80,80,80,80,87,87,87,87,87,92,92,92,92,92,92,92,92,98,98,98,98,98,98,98,98,98,98],"card_choices":[{"not_picked":["Infinite Blades","Skewer"],"picked":"Dagger Spray","floor":1},{"not_picked":["Masterful Stab","PiercingWail"],"picked":"Flechettes","floor":2},{"not_picked":["Outmaneuver","Distraction"],"picked":"Dagger Throw","floor":4},{"not_picked":["Backflip","Dagger Spray"],"picked":"Poisoned Stab","floor":7},{"not_picked":["Escape Plan","Concentrate"],"picked":"Backflip","floor":8},{"not_picked":["Underhanded Strike","Eviscerate"],"picked":"Flying Knee","floor":10},{"not_picked":["Caltrops","Heel Hook"],"picked":"Quick Slash","floor":13},{"not_picked":["Bullet Time","Dash"],"picked":"Well Laid Plans","floor":14},{"not_picked":["Corpse Explosion","Unload"],"picked":"After Image","floor":16},{"not_picked":["Finisher","Prepared"],"picked":"PiercingWail+1","floor":18},{"not_picked":["Flying Knee","Acrobatics"],"picked":"Dodge and Roll","floor":23},{"not_picked":["Acrobatics","Leg Sweep"],"picked":"Noxious Fumes+1","floor":24},{"not_picked":["Calculated Gamble","Setup+1"],"picked":"Crippling Poison","floor":25},{"not_picked":["Concentrate","Setup"],"picked":"Escape Plan","floor":29},{"not_picked":["Storm of Steel","Acrobatics"],"picked":"Dash","floor":31},{"not_picked":["Wraith Form v2+1","Corpse Explosion"],"picked":"Die Die Die","floor":33},{"not_picked":["PiercingWail","Backflip"],"picked":"Deadly Poison+1","floor":34},{"not_picked":["Prepared","Riddle With Holes+1"],"picked":"Infinite Blades+1","floor":35},{"not_picked":["Slice+1","All Out Attack+1"],"picked":"Backflip+1","floor":37},{"not_picked":["Flechettes+1","Deflect+1"],"picked":"Footwork+1","floor":38},{"not_picked":["Night Terror","Endless Agony+1"],"picked":"Dash","floor":40},{"not_picked":["Slice","Die Die Die"],"picked":"Deadly Poison+1","floor":41},{"not_picked":["Dagger Spray","Deadly Poison"],"picked":"Cloak And Dagger+1","floor":42},{"not_picked":["Chrysalis","Secret Technique"],"picked":"Purity","floor":44},{"not_picked":["Deflect+1","Bane","Acrobatics+1"],"picked":"SKIP","floor":46},{"not_picked":["Deflect","All Out Attack+1"],"picked":"Blade Dance","floor":48}],"player_experience":911727,"relics_obtained":[{"floor":9,"key":"Pear"},{"floor":10,"key":"CaptainsWheel"},{"floor":14,"key":"Darkstone Periapt"},{"floor":23,"key":"Frozen Egg 2"},{"floor":25,"key":"Oddly Smooth Stone"},{"floor":29,"key":"Strawberry"},{"floor":31,"key":"Ginger"},{"floor":40,"key":"Snake Skull"},{"floor":41,"key":"Whetstone"},{"floor":43,"key":"Akabeko"},{"floor":48,"key":"Ornamental Fan"}],"event_choices":[{"damage_healed":0,"gold_gain":175,"player_choice":"AGREE","damage_taken":130,"max_hp_gain":0,"max_hp_loss":0,"event_name":"betterThird:BetterSerpent","floor":3,"gold_loss":0},{"cards_removed":["Doubt"],"damage_healed":0,"gold_gain":0,"player_choice":"Card Removal","damage_taken":7,"max_hp_gain":0,"max_hp_loss":0,"event_name":"Golden Wing","floor":12,"gold_loss":0},{"damage_healed":0,"gold_gain":0,"player_choice":"Ignored","damage_taken":0,"max_hp_gain":0,"max_hp_loss":0,"event_name":"Ghosts","floor":20,"gold_loss":0},{"damage_healed":0,"gold_gain":0,"player_choice":"Obtained Relic","damage_taken":0,"relics_obtained":["WingedGreaves"],"max_hp_gain":0,"max_hp_loss":0,"event_name":"Addict","floor":21,"gold_loss":85},{"cards_removed":["Strike_G"],"damage_healed":0,"gold_gain":0,"player_choice":"Gave Gold","damage_taken":0,"max_hp_gain":0,"max_hp_loss":0,"event_name":"Beggar","floor":22,"gold_loss":75},{"damage_healed":0,"gold_gain":0,"player_choice":"Got Potions","damage_taken":0,"max_hp_gain":0,"max_hp_loss":0,"event_name":"Lab","floor":36,"gold_loss":0},{"damage_healed":0,"gold_gain":0,"player_choice":"Memory 1","damage_taken":0,"max_hp_gain":0,"max_hp_loss":0,"event_name":"SensoryStone","floor":44,"gold_loss":0}],"is_beta":false,"boss_relics":[{"not_picked":["Runic Pyramid","Astrolabe"],"picked":"Sozu"},{"not_picked":["Coffee Dripper","Snecko Eye"],"picked":"Tiny House"}],"items_purged_floors":[19,30,39],"is_endless":false,"potions_floor_spawned":[2,7,10,13,16,23,25,29,35,37,38,48],"killed_by":"Time Eater","ascension_level":1}}