{"host":"gzsdmyo07u314vug","time":1613488652,"event":{"mods":["2.2 Compatiblity","Astrologer","BaseMod","Colored Powertips","GifTheSpireLib","Gremlin Mod","Hermit","Jorbs\u0027s Wanderer Trilogy","Minty Spire (QoL Compilation)","Quick Restart","Rare Cards Sparkle","Relic Stats","Replay The Spire","Robot Space Explorer","Shop Mod","StSLib","The Bladedancer","The Bug Knight","The Construct","The Cursed","The Elementalist","The Hierophant","The IronCluck","The Marked","The Necromancer","The Runesmith","The Servant 0.9.4","Unceasing Turn Reminder","everything is the same but u backflip on backflip","slay the spire mod where everything is the same but ironclad has a cowboy hat"],"gold_per_floor":[18,36,56,2,21,21,31,31,31,31,64,81,81,94,94,195,195,208,208,208,67,80,80,105,5,5,25,25,43,70,70,70,172,172,190,190,21,31,31,31,62,62,109,124,142,155,155,155,155,155],"floor_reached":51,"language":"ENG","playtime":3661,"items_purged":["Defend_P","Eruption","Vigilance+1"],"score":1388,"play_id":"36ed3fcc-3e6e-4bfd-8cd8-821ba95115d4","local_time":"20210216121732","is_ascension_mode":true,"campfire_choices":[{"data":"Wallop","floor":6.0,"key":"SMITH"},{"data":"Weave","floor":8.0,"key":"SMITH"},{"data":"JustLucky","floor":10.0,"key":"SMITH"},{"data":"CutThroughFate","floor":13.0,"key":"SMITH"},{"data":"Vigilance","floor":15.0,"key":"SMITH"},{"data":"TalkToTheHand","floor":23.0,"key":"SMITH"},{"data":"TalkToTheHand","floor":28.0,"key":"SMITH"},{"data":"Replay:Vibes","floor":32.0,"key":"SMITH"},{"data":"Wireheading","floor":40.0,"key":"SMITH"},{"data":"Replay:Cycle","floor":42.0,"key":"SMITH"},{"floor":47,"key":"REST"},{"floor":49,"key":"REST"}],"circlet_count":0,"master_deck":["AscendersBane","Defend_P+1","Defend_P+1","CutThroughFate+1","Wallop+1","Weave+1","Replay:Hum+1","JustLucky+1","Wireheading+1","TalkToTheHand+1","TalkToTheHand+1","ThirdEye+1","JustLucky+1","Replay:Vibes+1","Replay:Cycle","Replay:Cycle+1","InnerPeace"],"relics":["PureWater","Blue Doll","War Paint","Empty Cage","ReplayTheSpireMod:Shallot","TeardropLocket","Whetstone","SlaversCollar","Orichalcum","Happy Flower"],"acts_visited":["Exordium","TheCity","TheBeyond"],"potions_floor_usage":[46,50,50,50],"damage_taken":[{"damage":0.0,"enemies":"Cultist","floor":1.0,"turns":3.0},{"damage":2.0,"enemies":"Jaw Worm","floor":2.0,"turns":5.0},{"damage":0.0,"enemies":"2 Louse","floor":3.0,"turns":3.0},{"damage":3.0,"enemies":"Exordium Wildlife","floor":5.0,"turns":3.0},{"damage":4.0,"enemies":"Looter","floor":7.0,"turns":3.0},{"damage":10.0,"enemies":"Gremlin Nob","floor":11.0,"turns":4.0},{"damage":8.0,"enemies":"Exordium Thugs","floor":12.0,"turns":4.0},{"damage":0.0,"enemies":"3 Louse","floor":14.0,"turns":3.0},{"damage":0.0,"enemies":"Hexaghost","floor":16.0,"turns":9.0},{"damage":8.0,"enemies":"2 Thieves","floor":18.0,"turns":4.0},{"damage":0.0,"enemies":"Chosen","floor":22.0,"turns":5.0},{"damage":15.0,"enemies":"HollowMod:Nosk","floor":24.0,"turns":4.0},{"damage":0.0,"enemies":"3 Cultists","floor":27.0,"turns":6.0},{"damage":0.0,"enemies":"Cultist and Chosen","floor":29.0,"turns":5.0},{"damage":0.0,"enemies":"Book of Stabbing","floor":30.0,"turns":5.0},{"damage":7.0,"enemies":"Pondfish","floor":33.0,"turns":16.0},{"damage":1.0,"enemies":"3 Shapes","floor":35.0,"turns":5.0},{"damage":0.0,"enemies":"Orb Walker","floor":38.0,"turns":3.0},{"damage":15.0,"enemies":"Reptomancer","floor":41.0,"turns":11.0},{"damage":0,"enemies":"Writhing Mass","floor":44,"turns":19},{"damage":0,"enemies":"Jaw Worm Horde","floor":45,"turns":4},{"damage":22,"enemies":"Sphere and 2 Shapes","floor":46,"turns":8},{"damage":12,"enemies":"Replay:Hell Engine","floor":50,"turns":11}],"seed_played":"-1378805382515286082","potions_obtained":[{"floor":5.0,"key":"Block Potion"},{"floor":7.0,"key":"construct:ShiftPotion"},{"floor":11.0,"key":"GamblersBrew"},{"floor":18.0,"key":"Energy Potion"},{"floor":24.0,"key":"ColorlessPotion"},{"floor":33.0,"key":"AttackPotion"},{"floor":41.0,"key":"SkillPotion"},{"floor":44,"key":"PowerPotion"},{"floor":45,"key":"LiquidMemories"},{"floor":46,"key":"Toxic Potion"}],"is_trial":false,"path_per_floor":["M","M","M","$","M","R","M","R","T","R","E","M","R","M","R","B",null,"M","?","?","$","M","R","E","$","T","M","R","M","E","?","R","B",null,"M","?","$","M","$","R","E","R","T","M","M","M","R","?","R","B",null],"character_chosen":"WATCHER","items_purchased":["Replay:Hum+1","Wireheading","TalkToTheHand","Replay:Cycle"],"campfire_rested":2,"item_purchase_floors":[4,21,21,37],"current_hp_per_floor":[65,63,63,63,60,60,56,56,56,56,46,38,38,38,38,38,64,56,56,56,56,56,56,41,41,41,41,41,41,41,41,41,34,63,62,62,62,62,62,62,47,47,47,47,47,25,46,46,67,55],"gold":155,"neow_bonus":"REMOVE_TWO","is_daily":false,"chose_seed":false,"campfire_upgraded":10,"win_rate":0.0,"timestamp":1613488652,"path_taken":["M","?","M","?","M","R","M","R","T","R","E","M","R","M","R","BOSS","M","?","?","$","M","R","E","$","T","?","R","M","E","?","R","BOSS","M","?","$","M","$","R","E","R","T","M","M","M","R","?","R","BOSS"],"items_purchased_type":["Card","Card","Card","Card"],"build_version":"2020-12-22","purchased_purges":3,"victory":true,"max_hp_per_floor":[72,72,72,72,72,72,72,72,72,72,72,72,72,72,72,72,72,72,72,72,72,72,72,72,72,72,72,72,72,72,72,72,72,72,72,72,72,72,72,72,72,72,72,72,72,72,72,72,72,72],"relic_stats":{"Happy Flower":[14],"counters":[23,143],"Whetstone":[],"War Paint":["Defend_P","Defend_P"],"Orichalcum":[0],"obtain_stats":[{"SlaversCollar":34,"ReplayTheSpireMod:Shallot":24,"Happy Flower":43,"Blue Doll":9,"TeardropLocket":26,"Whetstone":30,"PureWater":0,"War Paint":11,"Orichalcum":41,"Empty Cage":17},{"SlaversCollar":16,"ReplayTheSpireMod:Shallot":12,"Happy Flower":19,"Blue Doll":5,"TeardropLocket":12,"Whetstone":15,"PureWater":0,"War Paint":6,"Orichalcum":19,"Empty Cage":9},{"SlaversCollar":82,"ReplayTheSpireMod:Shallot":50,"Happy Flower":101,"Blue Doll":17,"TeardropLocket":50,"Whetstone":66,"PureWater":0,"War Paint":21,"Orichalcum":101,"Empty Cage":37}]},"card_choices":[{"not_picked":["FollowUp","SashWhip"],"picked":"CutThroughFate","floor":1.0},{"not_picked":["SignatureMove","Replay:BluntJabs"],"picked":"Wallop","floor":2.0},{"not_picked":["BowlingBash","FlurryOfBlows"],"picked":"Weave","floor":3.0},{"not_picked":["Vengeance","Evaluate"],"picked":"JustLucky","floor":5.0},{"not_picked":["FlyingSleeves","Ragnarok","Collect"],"picked":"SKIP","floor":7.0},{"not_picked":["Crescendo","Replay:Battleflow","SignatureMove"],"picked":"SKIP","floor":11.0},{"not_picked":["EmptyBody","Replay:BluntJabs","FlurryOfBlows"],"picked":"SKIP","floor":12.0},{"not_picked":["Crescendo","ClearTheMind","SignatureMove"],"picked":"SKIP","floor":14.0},{"not_picked":["FollowUp","Replay:Anticipation","InnerPeace+1"],"picked":"SKIP","floor":18.0},{"not_picked":["CrushJoints","Wallop"],"picked":"ThirdEye+1","floor":22.0},{"not_picked":["CutThroughFate","MentalFortress"],"picked":"JustLucky+1","floor":24.0},{"not_picked":["Consecrate+1","Crescendo","FearNoEvil"],"picked":"SKIP","floor":27.0},{"not_picked":["ThirdEye","SashWhip","Worship"],"picked":"SKIP","floor":29.0},{"not_picked":["Replay:Battleflow","DeusExMachina"],"picked":"Replay:Vibes","floor":30.0},{"not_picked":["Replay:ManipulateFuture+1","Replay:BluntJabs+1","PathToVictory+1"],"picked":"SKIP","floor":35.0},{"not_picked":["SashWhip","ThirdEye+1","BowlingBash"],"picked":"SKIP","floor":38.0},{"not_picked":["Pray+1","ForeignInfluence","Replay:BluntJabs"],"picked":"SKIP","floor":41.0},{"not_picked":["Replay:ManipulateFuture+1","PathToVictory"],"picked":"InnerPeace","floor":44},{"not_picked":["DeceiveReality+1","Fasting2+1","CutThroughFate"],"picked":"SKIP","floor":45},{"not_picked":["Replay:Battleflow","Swivel","Replay:ManipulateFuture"],"picked":"SKIP","floor":46}],"player_experience":910886,"relics_obtained":[{"floor":9.0,"key":"Blue Doll"},{"floor":11.0,"key":"War Paint"},{"floor":24.0,"key":"ReplayTheSpireMod:Shallot"},{"floor":26.0,"key":"TeardropLocket"},{"floor":30.0,"key":"Whetstone"},{"floor":41.0,"key":"Orichalcum"},{"floor":43.0,"key":"Happy Flower"}],"event_choices":[{"cards_removed":["Strike_P"],"damage_healed":0.0,"max_hp_gain":0.0,"max_hp_loss":0.0,"gold_gain":0.0,"event_name":"Back to Basics","player_choice":"Elegance","floor":19.0,"gold_loss":0.0,"damage_taken":0.0},{"damage_healed":0.0,"max_hp_gain":0.0,"max_hp_loss":0.0,"gold_gain":0.0,"event_name":"Match and Keep!","player_choice":"0 cards matched","floor":20.0,"gold_loss":0.0,"damage_taken":0.0,"cards_obtained":[]},{"damage_healed":0.0,"max_hp_gain":0.0,"max_hp_loss":0.0,"gold_gain":0.0,"event_name":"Ghosts","player_choice":"Ignored","floor":31.0,"gold_loss":0.0,"damage_taken":0.0},{"damage_healed":0.0,"max_hp_gain":0.0,"max_hp_loss":0.0,"gold_gain":0.0,"event_name":"Tomb of Lord Red Mask","player_choice":"Ignored","floor":36.0,"gold_loss":0.0,"damage_taken":0.0}],"is_beta":false,"boss_relics":[{"not_picked":["Black Star","Tiny House"],"picked":"Empty Cage"},{"not_picked":["Runic Dome","Cursed Key"],"picked":"SlaversCollar"}],"items_purged_floors":[21,25,37],"is_endless":false,"potions_floor_spawned":[5,7,11,18,24,33,41,44,45,46],"ascension_level":10}}