{"host":"kpcx2wrn7eq3nf7c","time":1613483053,"event":{"mods":["100% Spire Juice","Act Like it!","BaseMod","CapriCore","Friendly Minions","Gensokyo","Hermit","Koishi","Marisa（霧雨　魔理沙）","Minty Spire (QoL Compilation)","SOS（斯巴达之子）","StSLib","The Animator","The Immortal","The Servant 0.9.4","Waifu the Spire","Youmu（魂魄妖梦）","【功能Mod】聪明的最终Boss","残留之物"],"gold_per_floor":[122,122,138,149,213,213,166,142,142,202,245,245,285,323,323,386,386,445,505,430,430,458,458,507,494,566,99,147,162,196,254,254,372,372,403,492,75,122,172,238,238,238,238,238,238,26,26,75,75,138,138,138,70,150,156],"floor_reached":56,"language":"ZHS","playtime":4378,"items_purged":["Attack_a","Defend_Dante","Defend_Dante"],"score":1477,"play_id":"436375ed-99ab-40c0-adc4-4b99b8e50ab9","local_time":"20210216214413","is_ascension_mode":false,"campfire_choices":[{"data":"Gunslinger","floor":6,"key":"SMITH"},{"data":"Swordcombo","floor":15,"key":"SMITH"},{"data":"Straight","floor":23,"key":"SMITH"},{"data":"Provocation","floor":32,"key":"SMITH"},{"data":"Swordmaster","floor":42,"key":"SMITH"},{"data":"Redorb","floor":44,"key":"SMITH"},{"data":"Dash2","floor":47,"key":"SMITH"},{"floor":49,"key":"RECALL"},{"data":"Pandora","floor":52,"key":"SMITH"}],"circlet_count":0,"master_deck":["Attack_a+1","Attack_b+1","Shoot","Provocation+1","Redorb+1","DevilstarS","Greenorb","Gunslinger+1","Royaldefend","Swordcombo+1","Enemystep","Weaponchange+1","Straight+1","Doubleshoot","BeastUppercut+1","Royaldefend","EbonyIvory","Honeycombofire+1","Royaldefend","Straight+1","Stinger+1","Airtrick","Chargeshoot2+1","CoyoteA","EbonyIvory","Swordmaster+1","Pandora+1","Dash2+1","Airhike+1","Swordcombo+1","EbonyIvory"],"relics":["SSS","Combocheck","Gambling Chip","Omamori","Bag of Preparation","Unceasing Top","Whetstone","Sozu","Centennial Puzzle","Bottled Flame","PreservedInsect","HandDrill","Molten Egg 2","Red Mask","Coffee Dripper","Mango","Ornamental Fan","Torii","Art of War","Ancient Tea Set","Pocketwatch"],"acts_visited":["Exordium","TheCity","TheBeyond","TheEnding"],"potions_floor_usage":[5,7,55],"damage_taken":[{"damage":7,"enemies":"Cultist","floor":1,"turns":5},{"damage":3,"enemies":"Small Slimes","floor":3,"turns":4},{"damage":7,"enemies":"2 Louse","floor":4,"turns":3},{"damage":7,"enemies":"Looter","floor":5,"turns":5},{"damage":74,"enemies":"Gremlin Nob","floor":7,"turns":6},{"damage":9,"enemies":"Large Slime","floor":8,"turns":6},{"damage":0,"enemies":"3 Louse","floor":10,"turns":3},{"damage":0,"enemies":"Gremlin Nob","floor":11,"turns":3},{"damage":25,"enemies":"3 Sentries","floor":13,"turns":8},{"damage":0,"enemies":"Looter","floor":14,"turns":2},{"damage":0,"enemies":"Slime Boss","floor":16,"turns":5},{"damage":0,"enemies":"Spheric Guardian","floor":18,"turns":3},{"damage":0,"enemies":"Chosen","floor":19,"turns":3},{"damage":9,"enemies":"Snecko","floor":22,"turns":4},{"damage":8,"enemies":"Snake Plant","floor":24,"turns":3},{"damage":3,"enemies":"Slavers","floor":25,"turns":3},{"damage":0,"enemies":"Gremlin Leader","floor":28,"turns":3},{"damage":0,"enemies":"Centurion and Healer","floor":29,"turns":2},{"damage":0,"enemies":"Masked Bandits","floor":30,"turns":2},{"damage":0,"enemies":"Cultist and Chosen","floor":31,"turns":3},{"damage":0,"enemies":"Champ","floor":33,"turns":4},{"damage":7,"enemies":"3 Shapes","floor":35,"turns":2},{"damage":0,"enemies":"2 Orb Walkers","floor":36,"turns":3},{"damage":0,"enemies":"3 Darklings","floor":38,"turns":2},{"damage":0,"enemies":"Mind Bloom Boss Battle","floor":39,"turns":1},{"damage":0,"enemies":"Reptomancer","floor":40,"turns":3},{"damage":0,"enemies":"Jaw Worm Horde","floor":48,"turns":1},{"damage":0,"enemies":"Awakened One","floor":50,"turns":3},{"damage":0,"enemies":"Shield and Spear","floor":54,"turns":2},{"damage":3,"enemies":"The Heart","floor":55,"turns":4}],"seed_played":"4505319013324658348","potions_obtained":[{"floor":1,"key":"Explosive Potion"},{"floor":4,"key":"SkillPotion"},{"floor":8,"key":"DistilledChaos"},{"floor":11,"key":"Fire Potion"}],"is_trial":false,"path_per_floor":["M","T","M","M","M","R","E","M","T","M","?","?","E","M","R","B",null,"M","M","?","?","M","R","M","E","T","$","E","M","?","M","R","B",null,"M","?","$","M","?","E","?","R","T","R","T","$","R","M","R","B",null,"R","$","E","B",null],"character_chosen":"DANTE","items_purchased":["Royaldefend","EbonyIvory","PreservedInsect","HandDrill","CoyoteA","Ornamental Fan","Pandora","Dash2","Swordcombo+1"],"campfire_rested":0,"item_purchase_floors":[27,27,27,27,37,37,46,46,53],"current_hp_per_floor":[81,81,78,78,80,80,14,5,5,8,12,41,20,28,28,28,88,88,88,88,88,87,87,79,83,83,83,88,88,88,88,88,88,88,81,100,100,102,102,102,102,102,102,102,102,102,102,102,102,102,102,102,102,102,100],"gold":156,"neow_bonus":"TEN_PERCENT_HP_BONUS","is_daily":false,"chose_seed":false,"campfire_upgraded":8,"win_rate":0.0,"timestamp":1613483053,"path_taken":["M","?","M","M","M","R","E","M","T","M","?","?","E","M","R","BOSS","M","M","?","?","M","R","M","E","T","$","E","M","?","M","R","BOSS","M","?","$","M","?","E","?","R","T","R","?","$","R","M","R","BOSS","R","$","E","BOSS"],"items_purchased_type":["Card","Card","Relic","Relic","Card","Relic","Card","Card","Card"],"build_version":"2020-12-22","purchased_purges":3,"victory":true,"max_hp_per_floor":[88,88,88,88,88,88,88,88,88,88,88,88,88,88,88,88,88,88,88,88,88,88,88,88,88,88,88,88,88,88,88,88,88,88,88,102,102,102,102,102,102,102,102,102,102,102,102,102,102,102,102,102,102,102,102],"card_choices":[{"not_picked":["LucifercomboA","Holywater"],"picked":"DevilstarS","floor":1},{"not_picked":["Weaponupgrade","Chargeshoot2"],"picked":"Greenorb","floor":3},{"not_picked":["LucifercomboA","Dash1"],"picked":"Gunslinger","floor":4},{"not_picked":["LucifercomboD","Unrisingdragon"],"picked":"Royaldefend","floor":5},{"not_picked":["BeastUppercut","LucifercomboD","Gunslinger"],"picked":"SKIP","floor":7},{"not_picked":["Weaponupgrade","Dash1","BeastUppercut"],"picked":"SKIP","floor":8},{"not_picked":["Dash1","Unrisingdragon","Chargeshoot"],"picked":"SKIP","floor":10},{"not_picked":["GilgameshcomboA","LucifercomboA"],"picked":"Swordcombo","floor":11},{"not_picked":["Chargeshoot2","BeastUppercut","Millionstab"],"picked":"SKIP","floor":13},{"not_picked":["GilgameshcomboA","Airhike","Kick13"],"picked":"SKIP","floor":14},{"not_picked":["Blueorb","Purpleorb"],"picked":"Enemystep","floor":16},{"not_picked":["Dash1","Chargeshoot2","LucifercomboC"],"picked":"SKIP","floor":18},{"not_picked":["Gunslinger","Weaponreturn"],"picked":"Weaponchange+1","floor":19},{"not_picked":["Airhike","LucifercomboD"],"picked":"Straight","floor":22},{"not_picked":["DT","GilgameshcomboA"],"picked":"Doubleshoot","floor":24},{"not_picked":["Unrisingdragon","Dash1"],"picked":"BeastUppercut+1","floor":25},{"not_picked":["Straight+1","Stinger+1"],"picked":"Honeycombofire+1","floor":28},{"not_picked":["Rebellion","Hightime"],"picked":"Royaldefend","floor":29},{"not_picked":["Dash1","Stinger+1"],"picked":"Straight+1","floor":30},{"not_picked":["VitalstarS","Weaponchange+1"],"picked":"Stinger+1","floor":31},{"not_picked":["Blueorb","Stylechange"],"picked":"Airtrick","floor":33},{"not_picked":["Holywater","LucifercomboA+1"],"picked":"Chargeshoot2+1","floor":35},{"not_picked":["Millionkick+1","Straight+1"],"picked":"EbonyIvory","floor":38},{"not_picked":["SSScard+1","Straight+1"],"picked":"Swordmaster","floor":39},{"not_picked":["DevilstarS","Royaldefend+1","Dash2"],"picked":"SKIP","floor":40},{"not_picked":["Gunstinger+1","Dash1"],"picked":"Airhike+1","floor":48},{"not_picked":["VitalstarM","Stylechange"],"picked":"EbonyIvory","floor":54}],"player_experience":1257030,"relics_obtained":[{"floor":2,"key":"Gambling Chip"},{"floor":7,"key":"Omamori"},{"floor":9,"key":"Bag of Preparation"},{"floor":11,"key":"Unceasing Top"},{"floor":13,"key":"Whetstone"},{"floor":25,"key":"Centennial Puzzle"},{"floor":26,"key":"Bottled Flame"},{"floor":28,"key":"Molten Egg 2"},{"floor":30,"key":"Red Mask"},{"floor":36,"key":"Mango"},{"floor":39,"key":"Torii"},{"floor":40,"key":"Art of War"},{"floor":43,"key":"Ancient Tea Set"},{"floor":54,"key":"Pocketwatch"}],"event_choices":[{"damage_healed":0,"gold_gain":30,"player_choice":"Searched \u00272\u0027 times","damage_taken":0,"max_hp_gain":0,"max_hp_loss":0,"event_name":"Dead Adventurer","floor":11,"gold_loss":0},{"damage_healed":29,"gold_gain":0,"player_choice":"Banana","damage_taken":0,"max_hp_gain":0,"max_hp_loss":0,"event_name":"Big Fish","floor":12,"gold_loss":0},{"cards_removed":["Defend_Dante"],"damage_healed":0,"gold_gain":0,"player_choice":"Gave Gold","damage_taken":0,"max_hp_gain":0,"max_hp_loss":0,"event_name":"Beggar","floor":20,"gold_loss":75},{"cards_removed":["Defend_Dante"],"damage_healed":0,"gold_gain":0,"player_choice":"Elegance","damage_taken":0,"max_hp_gain":0,"max_hp_loss":0,"event_name":"Back to Basics","floor":21,"gold_loss":0},{"damage_healed":0,"gold_gain":0,"player_choice":"Fought Bandits","damage_taken":0,"max_hp_gain":0,"max_hp_loss":0,"event_name":"Masked Bandits","floor":30,"gold_loss":0},{"damage_healed":0,"gold_gain":0,"player_choice":"Fight","damage_taken":0,"max_hp_gain":0,"max_hp_loss":0,"event_name":"Mysterious Sphere","floor":36,"gold_loss":0},{"damage_healed":0,"gold_gain":0,"player_choice":"Fight","damage_taken":0,"max_hp_gain":0,"max_hp_loss":0,"event_name":"MindBloom","floor":39,"gold_loss":0},{"cards_removed":["Shoot"],"damage_healed":0,"gold_gain":0,"player_choice":"Removed Attack","damage_taken":0,"max_hp_gain":0,"max_hp_loss":0,"event_name":"Falling","floor":41,"gold_loss":0}],"is_beta":false,"boss_relics":[{"not_picked":["PlaceholderMod:LiveLive","SacredBark"],"picked":"Sozu"},{"not_picked":["Runic Dome","Tiny House"],"picked":"Coffee Dripper"}],"items_purged_floors":[27,37,46],"is_endless":false,"potions_floor_spawned":[1,4,8,11,18,22,28,29,31,33,36,38,39,54],"ascension_level":0}}