{"host":"eft627g0ddukeijo","time":1613483040,"event":{"mods":["AchievementEnabler","BaseMod","Bestiary","Better Note","Block Reminder","Colored Powertips","Filter the Spire","Highlight Path","Minty Spire (QoL Compilation)","Permanent Neow","Quick Restart","Rare Cards Sparkle","Relic Stats","Slay-I","StSLib","Weighted Paths"],"gold_per_floor":[112,132,17,17,30,62,62,93,116,116,150,150,175,193,193,296,296,332,343,363,44,44,72,72,98,145,156,156,174,174,207,207,306,306,317,330,344,397,412,412,437,437,488,488,333,359,369,395,395,395,395,395,36,69,69],"floor_reached":56,"language":"ENG","playtime":3635,"items_purged":["Defend_P"],"score":1841,"play_id":"65a64d4e-c012-45ea-b76e-b3eeb0783597","local_time":"20210216224400","is_ascension_mode":true,"campfire_choices":[{"floor":7.0,"key":"RECALL"},{"data":"Tantrum","floor":10.0,"key":"SMITH"},{"floor":15.0,"key":"REST"},{"floor":24.0,"key":"REST"},{"floor":28.0,"key":"REST"},{"floor":32.0,"key":"REST"},{"floor":40.0,"key":"REST"},{"floor":44.0,"key":"REST"},{"floor":49.0,"key":"REST"},{"floor":52.0,"key":"REST"}],"circlet_count":0,"master_deck":["Defend_P+1","Eruption+1","Vigilance+1","LessonLearned+1","TalkToTheHand+1","EmptyMind+1","FearNoEvil+1","BattleHymn+1","Tantrum+1","Consecrate+1","Scrawl+1","Crescendo+1","MentalFortress+1","Panacea","SashWhip","MentalFortress+1","Wireheading+1","Ragnarok+1","Vault+1","Nirvana+1","Halt+1","WindmillStrike+1","TalkToTheHand","SpiritShield","LikeWater+1","LikeWater+1","Adaptation","Trip+1","ClearTheMind","Swivel+1"],"relics":["Astrolabe","Centennial Puzzle","Strawberry","Ornamental Fan","White Beast Statue","Fusion Hammer","MealTicket","Nloth\u0027s Gift","Akabeko","Question Card","Bag of Preparation","Orichalcum","SacredBark","Du-Vu Doll","Art of War","Happy Flower","Smiling Mask","Oddly Smooth Stone","OrangePellets","Anchor"],"acts_visited":["Exordium","TheCity","TheBeyond","TheEnding"],"potions_floor_usage":[55,55],"damage_taken":[{"damage":9.0,"enemies":"Small Slimes","floor":1.0,"turns":5.0},{"damage":2.0,"enemies":"Jaw Worm","floor":2.0,"turns":4.0},{"damage":0.0,"enemies":"Cultist","floor":5.0,"turns":4.0},{"damage":0.0,"enemies":"Gremlin Nob","floor":6.0,"turns":2.0},{"damage":0.0,"enemies":"Lagavulin","floor":8.0,"turns":3.0},{"damage":10.0,"enemies":"3 Sentries","floor":11.0,"turns":3.0},{"damage":7.0,"enemies":"Lagavulin","floor":13.0,"turns":3.0},{"damage":15.0,"enemies":"3 Louse","floor":14.0,"turns":2.0},{"damage":0.0,"enemies":"Slime Boss","floor":16.0,"turns":6.0},{"damage":0.0,"enemies":"3 Byrds","floor":18.0,"turns":3.0},{"damage":10.0,"enemies":"2 Thieves","floor":19.0,"turns":2.0},{"damage":14.0,"enemies":"Shelled Parasite and Fungi","floor":20.0,"turns":2.0},{"damage":2.0,"enemies":"Gremlin Leader","floor":23.0,"turns":3.0},{"damage":14.0,"enemies":"Book of Stabbing","floor":25.0,"turns":3.0},{"damage":0.0,"enemies":"Centurion and Healer","floor":27.0,"turns":2.0},{"damage":0.0,"enemies":"3 Cultists","floor":29.0,"turns":3.0},{"damage":0.0,"enemies":"Gremlin Leader","floor":31.0,"turns":3.0},{"damage":0.0,"enemies":"Collector","floor":33.0,"turns":5.0},{"damage":6.0,"enemies":"Orb Walker","floor":35.0,"turns":3.0},{"damage":19.0,"enemies":"3 Shapes","floor":36.0,"turns":5.0},{"damage":0.0,"enemies":"Maw","floor":37.0,"turns":7.0},{"damage":14.0,"enemies":"2 Orb Walkers","floor":38.0,"turns":5.0},{"damage":11.0,"enemies":"Sphere and 2 Shapes","floor":39.0,"turns":5.0},{"damage":0.0,"enemies":"Reptomancer","floor":41.0,"turns":7.0},{"damage":0.0,"enemies":"Nemesis","floor":46.0,"turns":4.0},{"damage":0.0,"enemies":"Transient","floor":47.0,"turns":6.0},{"damage":14.0,"enemies":"Reptomancer","floor":48.0,"turns":4.0},{"damage":48.0,"enemies":"Time Eater","floor":50.0,"turns":9.0},{"damage":0.0,"enemies":"Shield and Spear","floor":54.0,"turns":8.0},{"damage":3,"enemies":"The Heart","floor":55,"turns":7}],"seed_played":"8994589388448304959","potions_obtained":[{"floor":1.0,"key":"BlessingOfTheForge"},{"floor":2.0,"key":"BlessingOfTheForge"},{"floor":5.0,"key":"BottledMiracle"},{"floor":14.0,"key":"ColorlessPotion"},{"floor":16.0,"key":"BlessingOfTheForge"},{"floor":18.0,"key":"StancePotion"},{"floor":19.0,"key":"Ambrosia"},{"floor":20.0,"key":"Energy Potion"},{"floor":23.0,"key":"FairyPotion"},{"floor":25.0,"key":"DistilledChaos"},{"floor":33.0,"key":"Weak Potion"},{"floor":35.0,"key":"LiquidMemories"},{"floor":38.0,"key":"CultistPotion"},{"floor":48.0,"key":"LiquidMemories"}],"is_trial":false,"path_per_floor":["M","M","$","?","M","E","R","E","T","R","E","?","E","M","R","B",null,"M","M","M","$","?","E","R","E","T","M","R","M","?","E","R","B",null,"M","M","M","?","M","R","E","?","T","R","$","E","M","E","R","B",null,"R","$","E","B",null],"character_chosen":"WATCHER","items_purchased":["Tantrum","MentalFortress","MealTicket","Panacea","Happy Flower","Adaptation","OrangePellets","Trip","ClearTheMind"],"campfire_rested":8,"item_purchase_floors":[3,21,21,21,45,53,53,53,53],"current_hp_per_floor":[63,61,61,61,61,61,61,61,68,68,58,58,51,36,59,59,74,74,64,50,50,50,48,71,57,57,57,79,79,79,79,79,79,79,73,54,54,40,29,52,52,52,52,75,79,79,79,65,79,31,67,79,79,79,76],"gold":69,"neow_bonus":"BOSS_RELIC","is_daily":false,"chose_seed":false,"campfire_upgraded":1,"win_rate":0.0,"timestamp":1613483040,"path_taken":["M","M","$","?","M","E","R","E","T","R","E","?","E","?","R","BOSS","M","M","M","$","?","E","R","E","T","?","R","M","?","E","R","BOSS","M","M","M","?","M","R","E","?","T","R","$","E","M","E","R","BOSS","R","$","E","BOSS"],"items_purchased_type":["Card","Card","Relic","Card","Relic","Card","Relic","Card","Card"],"build_version":"2020-12-22","purchased_purges":1,"victory":true,"max_hp_per_floor":[72,72,72,72,72,72,72,72,79,79,79,79,79,79,79,79,79,79,79,79,79,79,79,79,79,79,79,79,79,79,79,79,79,79,79,79,79,79,79,79,79,79,79,79,79,79,79,79,79,79,79,79,79,79,79],"relic_stats":{"Happy Flower":[12],"counters":[30,128],"Astrolabe":["LessonLearned","TalkToTheHand","EmptyMind"],"Bag of Preparation":[32],"Orichalcum":[36],"Question Card":14,"Smiling Mask":0,"OrangePellets":[3],"Centennial Puzzle":[40],"Ornamental Fan":[236],"MealTicket":4,"Nloth\u0027s Gift":8,"Art of War":[2],"obtain_stats":[{"Happy Flower":45,"Astrolabe":0,"SacredBark":34,"Oddly Smooth Stone":48,"Bag of Preparation":26,"Orichalcum":31,"Boot":6,"Question Card":25,"Smiling Mask":46,"White Beast Statue":13,"Akabeko":23,"Du-Vu Doll":38,"OrangePellets":53,"Centennial Puzzle":8,"Anchor":54,"Ornamental Fan":11,"Strawberry":9,"MealTicket":21,"Fusion Hammer":17,"Nloth\u0027s Gift":22,"Art of War":41,"PureWater":0},{"Happy Flower":24,"Astrolabe":0,"SacredBark":18,"Oddly Smooth Stone":27,"Bag of Preparation":14,"Orichalcum":17,"Boot":4,"Question Card":14,"Smiling Mask":25,"White Beast Statue":7,"Akabeko":13,"Du-Vu Doll":22,"OrangePellets":28,"Centennial Puzzle":5,"Anchor":29,"Ornamental Fan":6,"Strawberry":5,"MealTicket":12,"Fusion Hammer":9,"Nloth\u0027s Gift":12,"Art of War":24,"PureWater":0},{"Happy Flower":90,"Astrolabe":0,"SacredBark":58,"Oddly Smooth Stone":104,"Bag of Preparation":45,"Orichalcum":53,"Boot":15,"Question Card":45,"Smiling Mask":94,"White Beast Statue":24,"Akabeko":42,"Du-Vu Doll":78,"OrangePellets":113,"Centennial Puzzle":18,"Anchor":121,"Ornamental Fan":21,"Strawberry":18,"MealTicket":39,"Fusion Hammer":32,"Nloth\u0027s Gift":39,"Art of War":90,"PureWater":0}]},"card_choices":[{"not_picked":["FlurryOfBlows","Wireheading"],"picked":"FearNoEvil","floor":1.0},{"not_picked":["DeceiveReality","ClearTheMind"],"picked":"BattleHymn","floor":2.0},{"not_picked":["Prostrate","JustLucky","FlyingSleeves"],"picked":"SKIP","floor":5.0},{"not_picked":["WaveOfTheHand","Evaluate"],"picked":"Consecrate","floor":6.0},{"not_picked":["Protect","SashWhip","FollowUp"],"picked":"SKIP","floor":8.0},{"not_picked":["Pray","SignatureMove","EmptyFist"],"picked":"SKIP","floor":11.0},{"not_picked":["LessonLearned","CrushJoints","EmptyFist"],"picked":"SKIP","floor":13.0},{"not_picked":["LessonLearned","CrushJoints","EmptyFist"],"picked":"SKIP","floor":13.0},{"not_picked":["CrushJoints","Protect","JustLucky"],"picked":"SKIP","floor":14.0},{"not_picked":["Devotion","ConjureBlade"],"picked":"Scrawl","floor":16.0},{"not_picked":["JustLucky","SignatureMove"],"picked":"Crescendo","floor":18.0},{"not_picked":["Weave","JustLucky","Pray+1"],"picked":"SKIP","floor":19.0},{"not_picked":["Protect","Perseverance","FlyingSleeves"],"picked":"SKIP","floor":20.0},{"not_picked":["Prostrate","EmptyFist"],"picked":"SashWhip","floor":23.0},{"not_picked":["JustLucky","Consecrate"],"picked":"MentalFortress","floor":25.0},{"not_picked":["EmptyBody","Consecrate","PathToVictory","Crescendo"],"picked":"SKIP","floor":27.0},{"not_picked":["ThirdEye","EmptyFist","CrushJoints"],"picked":"Wireheading","floor":29.0},{"not_picked":["DevaForm","Indignation","CarveReality"],"picked":"Ragnarok","floor":31.0},{"not_picked":["MasterReality","Omniscience","Establishment"],"picked":"Vault","floor":33.0},{"not_picked":["ThirdEye+1","EmptyBody","ConjureBlade"],"picked":"Nirvana+1","floor":35.0},{"not_picked":["PathToVictory+1","CarveReality+1","Fasting2"],"picked":"Halt","floor":36.0},{"not_picked":["Weave+1","Crescendo+1","Consecrate+1","Halt+1"],"picked":"SKIP","floor":37.0},{"not_picked":["Prostrate+1","EmptyMind","SashWhip+1"],"picked":"WindmillStrike+1","floor":38.0},{"not_picked":["EmptyFist","Worship+1","Consecrate+1","Protect"],"picked":"SKIP","floor":39.0},{"not_picked":["Alpha","Halt+1","Nirvana"],"picked":"TalkToTheHand","floor":41.0},{"not_picked":["DevaForm","CrushJoints","Brilliance"],"picked":"SpiritShield","floor":46.0},{"not_picked":["SashWhip","Wireheading+1","CrushJoints"],"picked":"LikeWater+1","floor":47.0},{"not_picked":["Worship","DevaForm","FearNoEvil+1"],"picked":"LikeWater+1","floor":48.0},{"not_picked":["Conclude+1","Devotion","Evaluate+1"],"picked":"Swivel+1","floor":54.0}],"player_experience":609170,"relics_obtained":[{"floor":6.0,"key":"Boot"},{"floor":8.0,"key":"Centennial Puzzle"},{"floor":9.0,"key":"Strawberry"},{"floor":11.0,"key":"Ornamental Fan"},{"floor":13.0,"key":"White Beast Statue"},{"floor":23.0,"key":"Akabeko"},{"floor":25.0,"key":"Question Card"},{"floor":26.0,"key":"Bag of Preparation"},{"floor":31.0,"key":"Orichalcum"},{"floor":38.0,"key":"Du-Vu Doll"},{"floor":41.0,"key":"Art of War"},{"floor":46.0,"key":"Smiling Mask"},{"floor":48.0,"key":"Oddly Smooth Stone"},{"floor":54.0,"key":"Anchor"}],"event_choices":[{"cards_removed":["Defend_P"],"damage_healed":0.0,"max_hp_gain":0.0,"max_hp_loss":0.0,"gold_gain":0.0,"event_name":"Living Wall","player_choice":"Forget","floor":4.0,"gold_loss":0.0,"damage_taken":0.0},{"cards_removed":["Defend_P"],"damage_healed":0.0,"max_hp_gain":0.0,"max_hp_loss":0.0,"gold_gain":0.0,"event_name":"Bonfire Elementals","player_choice":"Offered Basic","floor":12.0,"gold_loss":0.0,"damage_taken":0.0},{"damage_healed":0.0,"max_hp_gain":0.0,"max_hp_loss":0.0,"gold_gain":0.0,"event_name":"N\u0027loth","player_choice":"Traded Relic","floor":22.0,"relics_lost":["Boot"],"gold_loss":0.0,"damage_taken":0.0,"relics_obtained":["Nloth\u0027s Gift"]},{"cards_removed":["Strike_P"],"damage_healed":0.0,"max_hp_gain":0.0,"max_hp_loss":0.0,"gold_gain":0.0,"event_name":"betterNote:BetterNote","player_choice":"Give","floor":30.0,"gold_loss":0.0,"damage_taken":0.0,"cards_obtained":["Strike_B"]},{"damage_healed":0.0,"max_hp_gain":0.0,"max_hp_loss":0.0,"gold_gain":0.0,"event_name":"Mysterious Sphere","player_choice":"Fight","floor":38.0,"gold_loss":0.0,"damage_taken":0.0},{"cards_removed":["Strike_P"],"damage_healed":0.0,"max_hp_gain":0.0,"max_hp_loss":0.0,"gold_gain":0.0,"event_name":"Purifier","player_choice":"Purged","floor":42.0,"gold_loss":0.0,"damage_taken":0.0}],"is_beta":false,"boss_relics":[{"not_picked":["Velvet Choker","Coffee Dripper"],"picked":"Fusion Hammer"},{"not_picked":["Busted Crown","Tiny House"],"picked":"SacredBark"}],"items_purged_floors":[3],"is_endless":false,"potions_floor_spawned":[1,2,5,14,16,18,19,20,23,25,27,29,31,33,35,36,37,38,39,41,46,47,48,54],"ascension_level":5}}