{"host":"v3uiz0f6o9fje2a8","time":1613513267,"event":{"mods":["AchievementEnabler","Act Like it!","BaseMod","Block Reminder","Colored Map","Colored Powertips","Downfall","Infinite Spire","Jorbs\u0027s Wanderer Trilogy","Minty Spire (QoL Compilation)","Rare Cards Sparkle","Robot Space Explorer","StSLib","The Hierophant","The Marked","The Runesmith"],"gold_per_floor":[109,128,725,738,756,756,756],"floor_reached":6,"language":"ENG","playtime":470,"items_purged":["Strike_B"],"score":38,"play_id":"d33f9500-88cf-4f03-a1a7-7b5fbf8dfd8d","local_time":"20210216220747","is_ascension_mode":false,"campfire_choices":[],"circlet_count":0,"master_deck":["Strike_B","Strike_B","Strike_B","Defend_B","Defend_B","Defend_B","Defend_B","Zap","Dualcast","Redo","Leap","Heatsinks","Barrage","Auto Shields","Creative AI","Rainbow","White Noise","Redo"],"relics":["Cracked Core","Eternal Feather","infinitespire:ShieldingShard"],"acts_visited":["Exordium"],"potions_floor_usage":[6],"damage_taken":[{"damage":0,"enemies":"infinitespire:Voidling","floor":1,"turns":3},{"damage":0,"enemies":"Small Slimes","floor":2,"turns":3},{"damage":16,"enemies":"Cultist","floor":4,"turns":5},{"damage":22,"enemies":"2 Fungi Beasts","floor":5,"turns":6},{"damage":67,"enemies":"Gremlin Nob","floor":6,"turns":5}],"seed_played":"-7856525699121902322","potions_obtained":[{"floor":1,"key":"Energy Potion"},{"floor":4,"key":"DuplicationPotion"}],"is_trial":false,"path_per_floor":["M","M","$","M","M","E"],"character_chosen":"DEFECT","items_purchased":["Barrage","Auto Shields","Creative AI","Rainbow","Eternal Feather","infinitespire:ShieldingShard"],"campfire_rested":0,"item_purchase_floors":[3,3,3,3,3,3],"current_hp_per_floor":[75,75,75,59,37,0,0],"gold":756,"neow_bonus":"THREE_CARDS","is_daily":false,"chose_seed":false,"campfire_upgraded":0,"win_rate":0.0,"timestamp":1613513267,"path_taken":["M","?","$","M","M","E"],"items_purchased_type":["Card","Card","Card","Card","Relic","Relic"],"build_version":"2020-12-22","purchased_purges":1,"victory":false,"max_hp_per_floor":[75,75,75,75,75,75,75],"card_choices":[{"not_picked":["Steam","Rebound"],"picked":"Redo","floor":0},{"not_picked":["Beam Cell","Hologram"],"picked":"Leap","floor":1},{"not_picked":["Leap","Conserve Battery"],"picked":"Heatsinks","floor":2},{"not_picked":["Rip and Tear","Compile Driver"],"picked":"White Noise","floor":4},{"not_picked":["Steam Power","Steam"],"picked":"Redo","floor":5}],"player_experience":68989,"relics_obtained":[],"event_choices":[],"is_beta":false,"boss_relics":[],"items_purged_floors":[3],"is_endless":false,"potions_floor_spawned":[1,4],"killed_by":"Gremlin Nob","ascension_level":0}}