{"host":"f76wcztdlwlduum6","time":1613444290,"event":{"mods":["BaseMod","BetterRewards","Colored Powertips","Minty Spire (QoL Compilation)","Quick Restart","Rare Cards Sparkle","Relic Stats","StSLib","SuperFastMode","everything is the same but u backflip on backflip"],"gold_per_floor":[111,111,127,38,188,188,221,233,233,233,259,273,285,295,295,370,370,389,404,25,43,43,43,43],"floor_reached":23,"language":"ENG","playtime":768,"items_purged":["Doubt"],"score":406,"play_id":"2fe222d8-9cc2-4e6a-bbf3-d320a6957fa4","local_time":"20210215205810","is_ascension_mode":true,"campfire_choices":[{"data":"Defragment","floor":6,"key":"SMITH"},{"data":"Chaos","floor":15,"key":"SMITH"}],"circlet_count":0,"master_deck":["AscendersBane","Strike_B","Strike_B","Defend_B","Defend_B","Defend_B","Defend_B","Zap","Dualcast","Master of Strategy","Defragment+1","Ball Lightning","Chaos","Loop","Cold Snap","Ball Lightning","Seek","Hologram","Conserve Battery","Chaos+1","Echo Form","Hologram","Self Repair","Conserve Battery+1","Decay"],"relics":["Cracked Core","Meat on the Bone","Cables","StoneCalendar","Nuclear Battery","Sling"],"acts_visited":["Exordium","TheCity"],"potions_floor_usage":[7,11,16,23,23],"damage_taken":[{"damage":0,"enemies":"2 Louse","floor":1,"turns":2},{"damage":6,"enemies":"Cultist","floor":3,"turns":3},{"damage":15,"enemies":"3 Sentries","floor":7,"turns":8},{"damage":0,"enemies":"Small Slimes","floor":8,"turns":2},{"damage":16,"enemies":"Lagavulin","floor":11,"turns":5},{"damage":7,"enemies":"3 Louse","floor":12,"turns":4},{"damage":17,"enemies":"Exordium Thugs","floor":13,"turns":4},{"damage":12,"enemies":"Gremlin Gang","floor":14,"turns":4},{"damage":20,"enemies":"Hexaghost","floor":16,"turns":7},{"damage":12,"enemies":"Spheric Guardian","floor":18,"turns":4},{"damage":3,"enemies":"Chosen","floor":19,"turns":5},{"damage":25,"enemies":"Centurion and Healer","floor":21,"turns":7},{"damage":51,"enemies":"Gremlin Leader","floor":23,"turns":6}],"seed_played":"-510687699943284004","potions_obtained":[{"floor":3,"key":"SkillPotion"},{"floor":8,"key":"CultistPotion"},{"floor":13,"key":"Fire Potion"},{"floor":14,"key":"SteroidPotion"},{"floor":16,"key":"Fruit Juice"},{"floor":21,"key":"Fire Potion"}],"is_trial":false,"path_per_floor":["M","?","M","$","?","R","E","M","T","?","E","M","M","M","R","B",null,"M","M","$","M","?","E"],"character_chosen":"DEFECT","items_purchased":["Chaos","Self Repair","Sling","AttackPotion"],"campfire_rested":0,"item_purchase_floors":[4,20,20,20],"current_hp_per_floor":[46,46,40,40,40,40,25,37,37,37,33,38,33,33,33,30,65,53,50,50,44,44,0,0],"gold":43,"neow_bonus":"RANDOM_COLORLESS_2","is_daily":false,"chose_seed":false,"campfire_upgraded":2,"win_rate":0.0,"timestamp":1613444290,"path_taken":["M","?","?","$","?","R","E","M","T","?","E","M","M","?","R","BOSS","M","M","$","M","?","E"],"items_purchased_type":["Card","Card","Relic","Potion"],"build_version":"2020-12-22","purchased_purges":1,"victory":false,"max_hp_per_floor":[71,71,71,71,71,71,71,71,71,71,71,71,71,71,71,76,76,76,76,76,76,76,76,76],"relic_stats":{"counters":[13,60],"StoneCalendar":[65],"obtain_stats":[{"StoneCalendar":11,"Cracked Core":0,"Sling":20,"Meat on the Bone":7,"Cables":9,"Nuclear Battery":17},{"StoneCalendar":5,"Cracked Core":0,"Sling":11,"Meat on the Bone":3,"Cables":4,"Nuclear Battery":9},{"StoneCalendar":20,"Cracked Core":0,"Sling":47,"Meat on the Bone":13,"Cables":15,"Nuclear Battery":39}],"Meat on the Bone":84,"Cables":[40,25,8,3,4]},"card_choices":[{"not_picked":["Apotheosis","Panache"],"picked":"Master of Strategy","floor":0},{"not_picked":["Barrage","Sweeping Beam"],"picked":"Defragment","floor":1},{"not_picked":["Turbo","Rebound"],"picked":"Ball Lightning","floor":3},{"not_picked":["BootSequence","Static Discharge"],"picked":"Loop","floor":7},{"not_picked":["Rebound","Beam Cell"],"picked":"Cold Snap","floor":8},{"not_picked":["Rebound","Conserve Battery"],"picked":"Seek","floor":11},{"not_picked":["Redo","Scrape"],"picked":"Hologram","floor":12},{"not_picked":["Darkness","Sunder"],"picked":"Conserve Battery","floor":13},{"not_picked":["Auto Shields","Sweeping Beam"],"picked":"Chaos","floor":14},{"not_picked":["Machine Learning","Core Surge"],"picked":"Echo Form","floor":16},{"not_picked":["Sunder","Turbo","Stack"],"picked":"SKIP","floor":18},{"not_picked":["Recycle","Sunder"],"picked":"Hologram","floor":19},{"not_picked":["Steam","Reinforced Body"],"picked":"Conserve Battery+1","floor":21}],"player_experience":337018,"relics_obtained":[{"floor":7,"key":"Meat on the Bone"},{"floor":9,"key":"Cables"},{"floor":11,"key":"StoneCalendar"}],"event_choices":[{"cards_removed":["Strike_B"],"damage_healed":0,"gold_gain":0,"player_choice":"Offered Basic","damage_taken":0,"max_hp_gain":0,"max_hp_loss":0,"event_name":"Bonfire Elementals","floor":2,"gold_loss":0},{"damage_healed":0,"gold_gain":150,"player_choice":"AGREE","damage_taken":0,"max_hp_gain":0,"max_hp_loss":0,"event_name":"Liars Game","floor":5,"gold_loss":0,"cards_obtained":["Doubt"]},{"damage_healed":0,"gold_gain":0,"cards_transformed":["Strike_B"],"player_choice":"Transformed","damage_taken":0,"max_hp_gain":0,"max_hp_loss":0,"event_name":"Transmorgrifier","floor":10,"gold_loss":0,"cards_obtained":["Ball Lightning"]},{"damage_healed":0,"gold_gain":0,"player_choice":"Cursed","damage_taken":0,"max_hp_gain":0,"max_hp_loss":0,"event_name":"Wheel of Change","floor":22,"gold_loss":0,"cards_obtained":["Decay"]}],"is_beta":false,"boss_relics":[{"not_picked":["SacredBark","Runic Dome"],"picked":"Nuclear Battery"}],"items_purged_floors":[20],"is_endless":false,"potions_floor_spawned":[3,8,13,14,16,21],"killed_by":"Gremlin Leader","ascension_level":20}}