{"host":"czyrp3agadxx2eka","time":1613499720,"event":{"mods":["Bard","BaseMod","Beaked The Cultist","BetterRewards","Colored Map","Downfall","Infinite Spire","Minty Spire (QoL Compilation)","Replay The Spire","Shop Mod","StSLib","The Construct","The Elementalist"],"gold_per_floor":[118,135,135,145,145,181,151,170,170,170,188,241,241,265,265,394,394,304,241,257,122,143,143,143,143,190,190,190,5,5,23,23,23,23],"floor_reached":33,"language":"ENG","playtime":1933,"items_purged":["ReplayTheSpireMod:Wings of Steel"],"score":243,"play_id":"e18a1fb6-9f42-485c-ab18-63953f303f6f","local_time":"20210216162200","is_ascension_mode":false,"campfire_choices":[{"data":"beaked:Evade","floor":10,"key":"SMITH"},{"floor":15,"key":"REST"},{"data":"beaked:DigDeep","floor":23,"key":"SMITH"},{"floor":25,"key":"REST"},{"data":"beaked:FeelMyPain","floor":28,"key":"SMITH"},{"data":"Apotheosis","floor":32,"key":"SMITH"}],"circlet_count":0,"master_deck":["beaked:Strike_Y+1","beaked:Strike_Y+1","beaked:Strike_Y+1","beaked:Strike_Y+1","beaked:Strike_Y+1","beaked:Defend_Y+1","beaked:Defend_Y+1","beaked:Defend_Y+1","beaked:Defend_Y+1","beaked:Ceremony","beaked:Ceremony","beaked:Ceremony+1","beaked:Evade+1","beaked:DigDeep+1","beaked:WarriorEssence","beaked:SacrificialAttack","beaked:Foresight","Pot Of Greed","Pot Of Greed","beaked:FeelMyPain+1","beaked:WarriorEssence","beaked:Caw","beaked:TuckingFeathers+1","ReplayTheSpireMod:RavenHex+1","Pot Of Greed","Apotheosis+1","beaked:Foresight+1"],"relics":["beaked:MendingPlumage","Pet Ghost","Golden Idol","beaked:ShinyBauble","Grinning Jar","Oddly Smooth Stone","ReplayTheSpireMod:DimensionalGlitch","PreservedInsect","Nloth\u0027s Gift"],"acts_visited":["Exordium","TheCity"],"potions_floor_usage":[8,8,11,16,18,31],"damage_taken":[{"damage":15,"enemies":"Cultist","floor":1,"turns":4},{"damage":6,"enemies":"Jaw Worm","floor":2,"turns":5},{"damage":10,"enemies":"2 Louse","floor":4,"turns":5},{"damage":31,"enemies":"Replay:BlueRogue","floor":6,"turns":6},{"damage":57,"enemies":"Lots of Slimes","floor":8,"turns":6},{"damage":8,"enemies":"Exordium Thugs","floor":11,"turns":5},{"damage":22,"enemies":"Looter","floor":14,"turns":5},{"damage":52,"enemies":"The Guardian","floor":16,"turns":10},{"damage":64,"enemies":"2 Thieves","floor":18,"turns":5},{"damage":47,"enemies":"Spheric Guardian","floor":20,"turns":5},{"damage":5,"enemies":"Snecko","floor":22,"turns":5},{"damage":41,"enemies":"Snake Plant","floor":31,"turns":3},{"damage":24,"enemies":"Champ","floor":33,"turns":2}],"seed_played":"-109077304836266698","potions_obtained":[{"floor":4,"key":"AttackPotion"},{"floor":7,"key":"Adrenaline Potion"},{"floor":7,"key":"Fire Potion"},{"floor":11,"key":"Cursed Concoction"},{"floor":14,"key":"DistilledChaos"},{"floor":22,"key":"Fruit Juice"}],"is_trial":false,"path_per_floor":["M","M","?","M","?","E","?","M","T","R","M","T","?","M","R","B",null,"M","?","M","$","M","R","?","R","T","?","R","$","?","M","R","B"],"character_chosen":"BEAKED_THE_CULTIST","items_purchased":["ReplayTheSpireMod:RavenHex+1","Apotheosis"],"campfire_rested":2,"item_purchase_floors":[21,29],"current_hp_per_floor":[40,47,40,50,38,34,34,9,9,9,21,21,21,17,32,26,50,8,28,3,3,16,16,16,31,31,31,31,31,31,7,7,0,0],"gold":23,"neow_bonus":"RANDOM_EVENT","is_daily":false,"chose_seed":false,"campfire_upgraded":4,"win_rate":0.0,"timestamp":1613499720,"path_taken":["M","M","?","M","?","E","?","?","T","R","M","?","?","?","R","BOSS","M","?","M","$","M","R","?","R","T","?","R","$","?","M","R","BOSS"],"items_purchased_type":["Card","Card"],"build_version":"2020-12-22","purchased_purges":1,"victory":false,"max_hp_per_floor":[50,50,50,50,50,50,50,50,50,50,50,50,50,50,50,50,50,50,50,50,50,50,50,50,50,50,50,50,50,50,55,55,55,55],"card_choices":[{"not_picked":["beaked:CursingBlood","beaked:Resilience"],"picked":"beaked:Evade","floor":1},{"not_picked":["beaked:CursingBlood","beaked:Tradeoff"],"picked":"beaked:DigDeep","floor":2},{"not_picked":["beaked:WindBringer","beaked:BraceForImpact"],"picked":"beaked:WarriorEssence","floor":4},{"not_picked":["beaked:Negation","beaked:MimicHuntress"],"picked":"beaked:SacrificialAttack","floor":6},{"not_picked":["beaked:Redirect","beaked:TuckingFeathers"],"picked":"beaked:Foresight","floor":8},{"not_picked":["beaked:Cower","beaked:Pecker"],"picked":"beaked:FeelMyPain","floor":11},{"not_picked":["beaked:TuckingFeathers","beaked:Flinch"],"picked":"beaked:WarriorEssence","floor":14},{"not_picked":["beaked:ShadowFade","beaked:Brainwash"],"picked":"beaked:Caw","floor":16},{"not_picked":["ReplayTheSpireMod:RavenHex","beaked:WarriorEssence"],"picked":"beaked:TuckingFeathers+1","floor":18},{"not_picked":["beaked:BarbedWire","beaked:SurvivalInstinct","beaked:Resilience"],"picked":"SKIP","floor":20},{"not_picked":["beaked:Poke+1","beaked:WarriorEssence","beaked:Windmill"],"picked":"SKIP","floor":22},{"not_picked":["beaked:StunningBlow","beaked:Redirect"],"picked":"beaked:Foresight+1","floor":31}],"player_experience":37036,"relics_obtained":[{"floor":6,"key":"beaked:ShinyBauble"},{"floor":9,"key":"Grinning Jar"},{"floor":12,"key":"Oddly Smooth Stone"},{"floor":26,"key":"PreservedInsect"}],"event_choices":[{"damage_healed":0,"gold_gain":0,"player_choice":"Grow","damage_taken":0,"max_hp_gain":0,"max_hp_loss":0,"event_name":"Living Wall","floor":0,"gold_loss":0,"cards_upgraded":["beaked:Ceremony"]},{"damage_healed":0,"gold_gain":0,"player_choice":"Success","damage_taken":7,"relics_obtained":["Pet Ghost"],"max_hp_gain":0,"max_hp_loss":0,"event_name":"Scrap Ooze","floor":3,"gold_loss":0},{"damage_healed":0,"gold_gain":0,"player_choice":"Take Damage","damage_taken":12,"relics_obtained":["Golden Idol"],"max_hp_gain":0,"max_hp_loss":0,"event_name":"Golden Idol","floor":5,"gold_loss":0},{"damage_healed":0,"gold_gain":0,"player_choice":"Bought 2 Potions","damage_taken":0,"max_hp_gain":0,"max_hp_loss":0,"event_name":"The Woman in Blue","floor":7,"gold_loss":0},{"damage_healed":0,"gold_gain":0,"cards_transformed":["beaked:Strike_Y"],"player_choice":"Transformed","damage_taken":0,"max_hp_gain":0,"max_hp_loss":0,"event_name":"Transmorgrifier","floor":13,"gold_loss":0,"cards_obtained":["ReplayTheSpireMod:Wings of Steel"]},{"damage_healed":0,"gold_gain":0,"player_choice":"Simplicity","damage_taken":0,"max_hp_gain":0,"max_hp_loss":0,"event_name":"Back to Basics","floor":24,"gold_loss":0,"cards_upgraded":["beaked:Strike_Y","beaked:Strike_Y","beaked:Strike_Y","beaked:Strike_Y","beaked:Strike_Y","beaked:Defend_Y","beaked:Defend_Y","beaked:Defend_Y","beaked:Defend_Y"]},{"damage_healed":0,"gold_gain":0,"player_choice":"Traded Relic","damage_taken":0,"relics_obtained":["Nloth\u0027s Gift"],"max_hp_gain":0,"max_hp_loss":0,"event_name":"N\u0027loth","floor":30,"relics_lost":["InkBottle"],"gold_loss":0}],"is_beta":false,"boss_relics":[{"not_picked":["Runic Pyramid","Snecko Eye"],"picked":"ReplayTheSpireMod:DimensionalGlitch"}],"items_purged_floors":[21],"is_endless":false,"potions_floor_spawned":[4,11,14,22],"killed_by":"Champ","ascension_level":0}}