{"host":"9rqxlbwknj581inl","time":1613510383,"event":{"mods":["BaseMod","Colored Map","Colored Powertips","Minty Spire (QoL Compilation)","Quick Restart","Random Character Mod"],"gold_per_floor":[114,38,58,58,70,88,108,108,108,168,188,204,204,219,219,320,320,331,341,238,258,277,277,277,277],"floor_reached":24,"language":"ENG","playtime":4878,"items_purged":["Strike_B"],"score":194,"play_id":"cf5a2b7b-db07-47e1-8d31-d8522cbeb0f2","local_time":"20210216141943","is_ascension_mode":false,"campfire_choices":[{"data":"Zap","floor":8,"key":"SMITH"},{"data":"Dualcast","floor":13,"key":"SMITH"},{"data":"Undo","floor":15,"key":"SMITH"},{"data":"Rainbow","floor":23,"key":"SMITH"}],"circlet_count":0,"master_deck":["Strike_B","Strike_B","Strike_B","Defend_B","Defend_B","Defend_B","Defend_B","Zap+1","Dualcast+1","Loop","Undo+1","Melter","Conserve Battery","Cold Snap","Go for the Eyes","Melter","Leap","Compile Driver","Darkness","Rainbow+1","Lockon","Cold Snap","Hologram","Stack","Darkness"],"relics":["Cracked Core","Gremlin Horn","Art of War","Smiling Mask","Inserter"],"acts_visited":["Exordium","TheCity"],"potions_floor_usage":[7,10,16,24],"damage_taken":[{"damage":1,"enemies":"Cultist","floor":1,"turns":3},{"damage":6,"enemies":"Jaw Worm","floor":3,"turns":3},{"damage":0,"enemies":"2 Louse","floor":5,"turns":1},{"damage":9,"enemies":"Exordium Wildlife","floor":6,"turns":5},{"damage":11,"enemies":"3 Louse","floor":7,"turns":2},{"damage":2,"enemies":"3 Sentries","floor":10,"turns":7},{"damage":3,"enemies":"Looter","floor":11,"turns":2},{"damage":0,"enemies":"Exordium Wildlife","floor":12,"turns":2},{"damage":4,"enemies":"2 Fungi Beasts","floor":14,"turns":3},{"damage":12,"enemies":"Hexaghost","floor":16,"turns":10},{"damage":0,"enemies":"Spheric Guardian","floor":18,"turns":1},{"damage":13,"enemies":"Chosen","floor":19,"turns":5},{"damage":37,"enemies":"Shelled Parasite and Fungi","floor":21,"turns":6},{"damage":0,"enemies":"Sentry and Sphere","floor":22,"turns":4},{"damage":32,"enemies":"Snecko","floor":24,"turns":6}],"seed_played":"8685809713042016135","potions_obtained":[{"floor":1,"key":"Swift Potion"},{"floor":3,"key":"SkillPotion"},{"floor":6,"key":"Explosive Potion"},{"floor":10,"key":"BlessingOfTheForge"},{"floor":11,"key":"SneckoOil"},{"floor":14,"key":"PotionOfCapacity"},{"floor":19,"key":"Swift Potion"},{"floor":21,"key":"LiquidMemories"}],"is_trial":false,"path_per_floor":["M","$","M","T","M","M","M","R","T","?","M","M","R","M","R","B",null,"M","M","$","M","M","R","M"],"character_chosen":"DEFECT","items_purchased":["Undo","Hologram"],"campfire_rested":0,"item_purchase_floors":[2,20],"current_hp_per_floor":[81,81,75,75,75,66,55,55,55,53,50,50,50,46,46,34,82,82,69,69,32,32,32,0,0],"gold":277,"neow_bonus":"TEN_PERCENT_HP_BONUS","is_daily":false,"chose_seed":false,"campfire_upgraded":4,"win_rate":0.0,"timestamp":1613510383,"path_taken":["M","?","M","?","M","M","M","R","T","?","?","M","R","M","R","BOSS","M","M","$","M","M","R","M"],"items_purchased_type":["Card","Card"],"build_version":"2020-12-22","purchased_purges":1,"victory":false,"max_hp_per_floor":[82,82,82,82,82,82,82,82,82,82,82,82,82,82,82,82,82,82,82,82,82,82,82,82,82],"card_choices":[{"not_picked":["Scrape","White Noise"],"picked":"Loop","floor":1},{"not_picked":["Rebound","Streamline"],"picked":"Melter","floor":3},{"not_picked":["FTL","Reprogram"],"picked":"Conserve Battery","floor":5},{"not_picked":["Go for the Eyes","Compile Driver"],"picked":"Cold Snap","floor":6},{"not_picked":["Self Repair","Streamline"],"picked":"Go for the Eyes","floor":7},{"not_picked":["Hyperbeam","Self Repair"],"picked":"Melter","floor":10},{"not_picked":["Barrage","Reprogram"],"picked":"Leap","floor":11},{"not_picked":["Go for the Eyes","Storm"],"picked":"Compile Driver","floor":12},{"not_picked":["Conserve Battery","Sweeping Beam"],"picked":"Darkness","floor":14},{"not_picked":["Core Surge","Hyperbeam"],"picked":"Rainbow","floor":16},{"not_picked":["Go for the Eyes","Force Field"],"picked":"Lockon","floor":18},{"not_picked":["Hologram","Chill"],"picked":"Cold Snap","floor":19},{"not_picked":["Compile Driver","Chill"],"picked":"Stack","floor":21},{"not_picked":["Go for the Eyes","Gash"],"picked":"Darkness","floor":22}],"player_experience":102670,"relics_obtained":[{"floor":4,"key":"Gremlin Horn"},{"floor":9,"key":"Art of War"},{"floor":10,"key":"Smiling Mask"}],"event_choices":[{"damage_healed":0,"gold_gain":0,"player_choice":"Searched \u00272\u0027 times","damage_taken":0,"max_hp_gain":0,"max_hp_loss":0,"event_name":"Dead Adventurer","floor":10,"gold_loss":0}],"is_beta":false,"boss_relics":[{"not_picked":["Nuclear Battery","Snecko Eye"],"picked":"Inserter"}],"items_purged_floors":[20],"is_endless":false,"potions_floor_spawned":[1,3,6,10,11,14,19,21],"killed_by":"Snecko","ascension_level":0}}