{"host":"am0cr9xwekqmrere","time":1613441142,"event":{"mods":["AchievementEnabler","Act Like it!","BaseMod","Better Altar","Better Match","Better Note","Better Sensory Stone","Better Skull","Better Third Choice","BetterRewards","Conspire","Downfall","Hubris","Infinite Spire","Minty Spire (QoL Compilation)","Rare Cards Sparkle","Spicy Shops","StSLib","Unceasing Turn Reminder"],"gold_per_floor":[0,12,0,13,13,0,0,0,0,34,34,68,68,102,112,209,209,109,124,135,135,45,56,56,69,3,3,3,22,22,22,40,135,135,35,61,61,61,61,61,86,97,97,97,97],"floor_reached":43,"language":"ENG","playtime":1637,"items_purged":["downfall:Malfunctioning"],"score":432,"play_id":"d7a26ce0-73bc-457e-83eb-28c6d44fb2a2","local_time":"20210215200542","is_ascension_mode":false,"campfire_choices":[{"data":"hexamod:Float","floor":1.0,"key":"SMITH"},{"data":"Apotheosis","floor":9.0,"key":"SMITH"},{"floor":11.0,"key":"REST"},{"data":"hexamod:HexaLevel","floor":18.0,"key":"SMITH"},{"floor":28.0,"key":"RECALL"},{"data":"hexamod:Sear","floor":30.0,"key":"SMITH"},{"data":"hexamod:InspiringFlames","floor":35.0,"key":"SMITH"}],"circlet_count":0,"master_deck":["hexamod:Strike+1","hexamod:Strike","hexamod:Strike","hexamod:Strike+1","hexamod:Defend","hexamod:Defend","hexamod:Defend","hexamod:Defend","hexamod:Sear+1","hexamod:Float+1","Apotheosis+1","hexamod:FlamesFromBeyond","hexamod:HeatCrush+1","hexamod:GhostflameBarrier","hexamod:ThirdSeal","hexamod:SoulSteal+1","hexamod:EmpoweredFlame","hexamod:AdvancingGuard+1","hexamod:HeatShield","hexamod:CatchUp","hexamod:FourthSeal","hexamod:ShieldOfDarkness","hexamod:ParanormalForm","hexamod:HexaLevel+1","hexamod:Hexaguard","hexamod:FirstSeal","hexamod:Incineration","hexamod:GiftsFromTheDead","hexamod:FourthSeal","hexamod:GhostflameBarrier","hexamod:ThirdSeal","hexamod:FirstSeal","hexamod:Firestarter","hexamod:TimeOfNeed+1","hexamod:InspiringFlames+1","hexamod:GhostShield","hexamod:FifthSeal","hexamod:SpectersWail","hexamod:WildfireWeapon","hexamod:VolcanoVisage","hexamod:SecondSeal","hexamod:GiftsFromTheDead","hexamod:SecondSeal","hexamod:SwordOfDarkness","hexamod:RetreatToShadows","hexamod:AdvancingGuard+1","The Bomb","Dramatic Entrance","hexamod:FlamesFromBeyond+1"],"relics":["hexamod:SpiritBrand","hubris:Towel","StrikeDummy","Whetstone","Mummified Hand","infinitespire:WardingShard","Letter Opener","bronze:MakeshiftBattery","downfall:HeartBlessingGreen","FaceOfCleric","conspire:BottledYoYo","StoneCalendar","hubris:Stopwatch","downfall:HeartBlessingRed","hubris:MedicalManual"],"acts_visited":["Exordium","TheCity","TheBeyond"],"potions_floor_usage":[42,43,43,43,43,43,43],"damage_taken":[{"damage":0.0,"enemies":"Small Slimes","floor":2.0,"turns":5.0},{"damage":0.0,"enemies":"downfall:FleeingMerchant","floor":3.0,"turns":4.0},{"damage":0.0,"enemies":"Cultist","floor":4.0,"turns":4.0},{"damage":15.0,"enemies":"downfall:FleeingMerchant","floor":6.0,"turns":4.0},{"damage":21.0,"enemies":"3 Sentries","floor":10.0,"turns":8.0},{"damage":24.0,"enemies":"Gremlin Nob","floor":12.0,"turns":4.0},{"damage":9.0,"enemies":"conspire:MimicChest","floor":14.0,"turns":6.0},{"damage":11.0,"enemies":"Jaw Worm","floor":15.0,"turns":3.0},{"damage":2.0,"enemies":"SI_SHIV_ARCHETYPE","floor":16.0,"turns":7.0},{"damage":0.0,"enemies":"3 Byrds","floor":19.0,"turns":3.0},{"damage":8.0,"enemies":"Spheric Guardian","floor":20.0,"turns":6.0},{"damage":0.0,"enemies":"downfall:FleeingMerchant","floor":22.0,"turns":4.0},{"damage":8.0,"enemies":"Snake Plant","floor":23.0,"turns":2.0},{"damage":2.0,"enemies":"Snecko","floor":25.0,"turns":3.0},{"damage":0.0,"enemies":"downfall:FleeingMerchant","floor":26.0,"turns":4.0},{"damage":7.0,"enemies":"3 Cultists","floor":29.0,"turns":4.0},{"damage":3.0,"enemies":"Cultist and Chosen","floor":32.0,"turns":6.0},{"damage":35.0,"enemies":"WA_ARCHETYPE_CALM","floor":33.0,"turns":9.0},{"damage":17.0,"enemies":"3 Darklings","floor":36.0,"turns":7.0},{"damage":13,"enemies":"3 Shapes","floor":42,"turns":3},{"damage":71,"enemies":"Giant Head","floor":43,"turns":7}],"seed_played":"899450235742493458","potions_obtained":[{"floor":2.0,"key":"SteroidPotion"},{"floor":10.0,"key":"SpeedPotion"},{"floor":12.0,"key":"SteroidPotion"},{"floor":14.0,"key":"Strength Potion"},{"floor":16.0,"key":"hexamod:EctoCoolerPotion"},{"floor":19.0,"key":"SteroidPotion"},{"floor":19.0,"key":"Explosive Potion"},{"floor":20.0,"key":"PowerPotion"},{"floor":22.0,"key":"Fire Potion"},{"floor":23.0,"key":"Block Potion"},{"floor":26.0,"key":"CultistPotion"},{"floor":32.0,"key":"hexamod:DoubleChargePotion"},{"floor":33.0,"key":"EntropicBrew"},{"floor":36.0,"key":"Strength Potion"},{"floor":42,"key":"hexamod:InfernoChargePotion"}],"is_trial":false,"path_per_floor":["R","M","$","M","?","$","T","?","R","E","R","E","?","?","M","B",null,"R","M","M","?","$","M","T","M","$","?","R","M","R","AVR","M","B",null,"R","M","?","?","T","?","T","M","E"],"character_chosen":"THE_SPIRIT","items_purchased":["hexamod:Firestarter"],"campfire_rested":1,"item_purchase_floors":[26],"current_hp_per_floor":[70,70,70,70,70,55,55,55,55,34,55,31,31,22,11,9,70,70,70,62,62,70,63,63,62,63,63,63,64,64,64,69,49,77,77,75,78,78,78,78,78,66,0,0,0],"gold":97,"neow_bonus":"RANDOM_COLORLESS_2","is_daily":false,"chose_seed":false,"campfire_upgraded":5,"win_rate":0.0,"timestamp":1613441142,"path_taken":["R","M","$","M","?","$","T","?","R","E","R","E","?","?","M","BOSS","R","?","M","?","?","M","T","?","$","?","R","M","R","AVR","M","BOSS","R","M","?","?","?","?","T","?","E"],"items_purchased_type":["Card"],"build_version":"2020-12-22","purchased_purges":1,"victory":false,"max_hp_per_floor":[70,70,70,70,70,70,70,70,70,70,70,70,70,70,70,70,70,70,70,70,70,71,72,72,73,74,74,74,75,75,75,76,77,77,77,78,81,81,81,81,81,82,82,82,82],"card_choices":[{"not_picked":["Thinking Ahead","Sadistic Nature"],"picked":"Apotheosis","floor":0.0},{"not_picked":["hexamod:HauntingEcho","hexamod:GhostShield"],"picked":"hexamod:FlamesFromBeyond","floor":2.0},{"not_picked":["hexamod:NightmareStrike","hexamod:EtherealExpedition"],"picked":"hexamod:HeatCrush","floor":3.0},{"not_picked":["hexamod:SkipABeat","hexamod:GhostShield"],"picked":"hexamod:GhostflameBarrier","floor":4.0},{"not_picked":["hexamod:PowerFromBeyond","hexamod:RecurringNightmare"],"picked":"hexamod:ThirdSeal","floor":6.0},{"not_picked":["hexamod:Incineration","hexamod:FlameSwitch"],"picked":"hexamod:SoulSteal","floor":10.0},{"not_picked":["hexamod:Firestarter","hexamod:SpectralSpark"],"picked":"hexamod:EmpoweredFlame","floor":10.0},{"not_picked":["hexamod:DynamicBlow","hexamod:EtherealExpedition"],"picked":"hexamod:AdvancingGuard","floor":12.0},{"not_picked":["hexamod:SwordOfDarkness","hexamod:ThermalTransfer"],"picked":"hexamod:HeatShield","floor":12.0},{"not_picked":["hexamod:FlamesFromBeyond","hexamod:GhostShield"],"picked":"hexamod:CatchUp","floor":14.0},{"not_picked":["hexamod:FlamesFromBeyond","hexamod:SecondSeal"],"picked":"hexamod:FourthSeal","floor":14.0},{"not_picked":["hexamod:SkipABeat","hexamod:NightmareGuise"],"picked":"hexamod:ShieldOfDarkness","floor":15.0},{"not_picked":["hexamod:SearingWound","hexamod:GhostOfSpirePresent"],"picked":"hexamod:ParanormalForm","floor":16.0},{"not_picked":["hexamod:TurnItUp","hexamod:WildfireWeapon"],"picked":"hexamod:HexaLevel","floor":16.0},{"not_picked":["hexamod:SpectersWail","hexamod:NightmareGuise"],"picked":"hexamod:Hexaguard","floor":19.0},{"not_picked":["hexamod:Firestarter","hexamod:BacktrackSmack"],"picked":"hexamod:FirstSeal","floor":20.0},{"not_picked":["hexamod:FastForward","hexamod:GhostShield","hexamod:Again"],"picked":"SKIP","floor":20.0},{"not_picked":["hexamod:BurningTouch+1","hexamod:RetreatToShadows"],"picked":"hexamod:Incineration","floor":22.0},{"not_picked":["hexamod:GhostShield","hexamod:EtherealExpedition"],"picked":"hexamod:GiftsFromTheDead","floor":22.0},{"not_picked":["hexamod:Firestarter+1","hexamod:RetreatToShadows"],"picked":"hexamod:FourthSeal","floor":23.0},{"not_picked":["hexamod:RetreatToShadows+1","hexamod:SpectersWail"],"picked":"hexamod:GhostflameBarrier","floor":25.0},{"not_picked":["hexamod:ShieldOfDarkness","hexamod:SwordOfDarkness"],"picked":"hexamod:ThirdSeal","floor":25.0},{"not_picked":["hexamod:BacktrackSmack","hexamod:Hexaguard+1"],"picked":"hexamod:FirstSeal","floor":26.0},{"not_picked":["hexamod:FastForward","hexamod:Haunt"],"picked":"hexamod:InspiringFlames","floor":29.0},{"not_picked":["hexamod:FlamesFromBeyond","hexamod:BacktrackSmack+1"],"picked":"hexamod:GhostShield","floor":29.0},{"not_picked":["hexamod:InspiringFlames","hexamod:ShieldOfDarkness"],"picked":"hexamod:FifthSeal","floor":32.0},{"not_picked":["hexamod:Haunt","hexamod:SwordOfDarkness"],"picked":"hexamod:SpectersWail","floor":32.0},{"not_picked":["hexamod:ParanormalForm","hexamod:GhostflameInferno"],"picked":"hexamod:WildfireWeapon","floor":33.0},{"not_picked":["hexamod:ForkedFlame","hexamod:ApocalypseNow"],"picked":"hexamod:VolcanoVisage","floor":33.0},{"not_picked":["hexamod:ThirdSeal","hexamod:SixthSeal"],"picked":"hexamod:SecondSeal","floor":33.0},{"not_picked":["hexamod:ApocalypticArmor","hexamod:WildfireWeapon"],"picked":"hexamod:GiftsFromTheDead","floor":33.0},{"not_picked":["hexamod:ThirdSeal","hexamod:FirstSeal"],"picked":"hexamod:SecondSeal","floor":36.0},{"not_picked":["hexamod:Hexaguard+1","hexamod:BacktrackSmack+1"],"picked":"hexamod:SwordOfDarkness","floor":36.0},{"not_picked":["hexamod:BacktrackSmack+1","hexamod:SpectersWail+1"],"picked":"hexamod:RetreatToShadows","floor":36.0},{"not_picked":["hexamod:Haunt","hexamod:ThermalTransfer+1"],"picked":"hexamod:AdvancingGuard+1","floor":36.0},{"not_picked":["Deep Breath","Impatience"],"picked":"The Bomb","floor":40},{"not_picked":["Sadistic Nature","Jack Of All Trades"],"picked":"Dramatic Entrance","floor":40},{"not_picked":["hexamod:GhostShield+1","hexamod:EtherealExpedition"],"picked":"hexamod:FlamesFromBeyond+1","floor":42},{"not_picked":["hexamod:GhostLash+1","hexamod:VolcanoVisage","hexamod:NightmareStrike+1"],"picked":"SKIP","floor":42}],"player_experience":2802654,"relics_obtained":[{"floor":7.0,"key":"StrikeDummy"},{"floor":8.0,"key":"Whetstone"},{"floor":10.0,"key":"Mummified Hand"},{"floor":12.0,"key":"infinitespire:WardingShard"},{"floor":14.0,"key":"Letter Opener"},{"floor":24.0,"key":"conspire:BottledYoYo"},{"floor":39,"key":"hubris:MedicalManual"}],"event_choices":[{"damage_healed":0.0,"max_hp_gain":0.0,"max_hp_loss":0.0,"gold_gain":0.0,"event_name":"FaceTrader","player_choice":"Trade","floor":21.0,"gold_loss":0.0,"damage_taken":0.0,"relics_obtained":["FaceOfCleric"]},{"cards_removed":["Apotheosis"],"damage_healed":0.0,"max_hp_gain":0.0,"max_hp_loss":0.0,"gold_gain":0.0,"event_name":"betterNote:BetterNote","player_choice":"Take \u0026 Give","floor":27.0,"gold_loss":0.0,"damage_taken":0.0,"cards_obtained":["hexamod:TimeOfNeed"]},{"damage_healed":0,"gold_gain":0,"player_choice":"Ignored","damage_taken":0,"max_hp_gain":0,"max_hp_loss":0,"event_name":"Mysterious Sphere","floor":38,"gold_loss":0},{"damage_healed":0,"gold_gain":3,"player_choice":"1","damage_taken":0,"max_hp_gain":0,"max_hp_loss":0,"event_name":"betterStone:BetterStone","floor":40,"gold_loss":0}],"is_beta":false,"boss_relics":[{"not_picked":["Coffee Dripper","SlaversCollar"],"picked":"bronze:MakeshiftBattery"},{"not_picked":["Snecko Eye","Astrolabe"],"picked":"hubris:Stopwatch"}],"items_purged_floors":[22],"is_endless":false,"potions_floor_spawned":[2,10,12,14,19,20,23,29,33],"killed_by":"Giant Head","ascension_level":0}}