{"host":"nzc89rt2v0ulh15o","time":1613487329,"event":{"mods":["2.2 Compatiblity","BaseMod","Downfall","Hermit","Hubris","Jorbs\u0027s Wanderer Trilogy","Minty Spire (QoL Compilation)","Replay The Spire","Shade Mod","Shop Mod","StSLib","The Bug Knight","The Construct","The Cursed","The Disciple","The Hierophant","The Runesmith","The Servant 0.9.4"],"gold_per_floor":[115,115,125,144,200,200,200,200,200,211,211,230,230,250,250,352,352,363,376,376,376,376],"floor_reached":21,"language":"SPA","playtime":661,"items_purged":[],"score":239,"play_id":"86d07bc1-f85b-4ad3-89f9-cb5bc33bd6bd","local_time":"20210216085529","is_ascension_mode":true,"campfire_choices":[{"data":"Replay:Undeath\u0027s Touch","floor":6.0,"key":"SMITH"},{"data":"Replay:Undeath\u0027s Touch","floor":8.0,"key":"SMITH"},{"data":"Replay:Many Hands","floor":11.0,"key":"SMITH"}],"circlet_count":0,"master_deck":["Strike_R","Strike_R","Strike_R","Strike_R","Defend_R","Defend_R","Defend_R","Defend_R","Bash","Replay:Many Hands+1","Replay:Undeath\u0027s Touch+1","Cleave","Replay:Undeath\u0027s Touch+1","Regret","Demonic Infusion+1","Replay:Undeath\u0027s Touch"],"relics":["Burning Blood","Vajra","Art of War","Mirror","Tiny Chest","hubris:BlackHole"],"acts_visited":["Exordium","TheCity"],"potions_floor_usage":[],"damage_taken":[{"damage":11.0,"enemies":"Cultist","floor":1.0,"turns":4.0},{"damage":3.0,"enemies":"Small Slimes","floor":3.0,"turns":3.0},{"damage":4.0,"enemies":"2 Louse","floor":4.0,"turns":3.0},{"damage":11.0,"enemies":"Blue Slaver","floor":10.0,"turns":3.0},{"damage":6.0,"enemies":"Looter","floor":12.0,"turns":2.0},{"damage":9.0,"enemies":"Large Slime","floor":14.0,"turns":4.0},{"damage":26,"enemies":"Slime Boss","floor":16,"turns":10},{"damage":25,"enemies":"2 Thieves","floor":18,"turns":3},{"damage":2,"enemies":"Chosen","floor":19,"turns":3},{"damage":69,"enemies":"3 Cultists","floor":21,"turns":5}],"seed_played":"-254965697935751618","potions_obtained":[{"floor":3.0,"key":"Weak Potion"},{"floor":5.0,"key":"SkillPotion"},{"floor":5.0,"key":"Doom Potion"},{"floor":19,"key":"Elixir"}],"is_trial":false,"path_per_floor":["M","T","M","M","?","R","?","R","T","M","R","M","?","M","R","B",null,"M","M","?","M"],"character_chosen":"IRONCLAD","items_purchased":[],"campfire_rested":0,"item_purchase_floors":[],"current_hp_per_floor":[67,67,70,72,52,52,45,45,45,40,40,40,40,37,61,41,70,51,55,55,0,0],"gold":376,"neow_bonus":"ONE_RANDOM_RARE_CARD","is_daily":false,"chose_seed":false,"campfire_upgraded":3,"win_rate":0.0,"timestamp":1613487329,"path_taken":["M","?","?","?","?","R","?","R","T","M","R","M","?","M","R","BOSS","M","M","?","M"],"items_purchased_type":[],"build_version":"2020-12-22","purchased_purges":0,"victory":false,"max_hp_per_floor":[80,80,80,80,80,80,80,80,80,80,80,80,80,80,80,80,80,80,80,80,80,80],"card_choices":[{"not_picked":["Wild Strike","Shrug It Off"],"picked":"Replay:Undeath\u0027s Touch","floor":1.0},{"not_picked":["Massacre","Clothesline","Combust"],"picked":"SKIP","floor":3.0},{"not_picked":["Body Slam","Rupture"],"picked":"Cleave","floor":4.0},{"not_picked":["Iron Wave","Flame Barrier"],"picked":"Replay:Undeath\u0027s Touch","floor":5.0},{"not_picked":["Heavy Blade","Evolve","Fire Breathing"],"picked":"SKIP","floor":10.0},{"not_picked":["Flex","Clothesline","Pommel Strike"],"picked":"SKIP","floor":12.0},{"not_picked":["Armaments","Rupture"],"picked":"Demonic Infusion","floor":14.0},{"not_picked":["Run Through","Body Slam","Burning Pact"],"picked":"SKIP","floor":18},{"not_picked":["Burning Pact","Perfected Strike+1"],"picked":"Replay:Undeath\u0027s Touch","floor":19}],"player_experience":484703,"relics_obtained":[{"floor":2.0,"key":"Vajra"},{"floor":5.0,"key":"Art of War"},{"floor":9.0,"key":"Mirror"}],"event_choices":[{"cards_removed":["Strike_R"],"damage_healed":0.0,"max_hp_gain":0.0,"max_hp_loss":0.0,"gold_gain":0.0,"event_name":"Golden Wing","player_choice":"Card Removal","floor":7.0,"gold_loss":0.0,"damage_taken":7.0},{"damage_healed":0.0,"max_hp_gain":0.0,"max_hp_loss":0.0,"gold_gain":0.0,"event_name":"Big Fish","player_choice":"Box","floor":13.0,"gold_loss":0.0,"damage_taken":0.0,"relics_obtained":["Tiny Chest"],"cards_obtained":["Regret"]},{"damage_healed":0,"gold_gain":0,"player_choice":"Ignored","damage_taken":0,"max_hp_gain":0,"max_hp_loss":0,"event_name":"Vampires","floor":20,"gold_loss":0}],"is_beta":false,"boss_relics":[{"not_picked":["hubris:CrackedHourglass","Ring of Chaos"],"picked":"hubris:BlackHole"}],"items_purged_floors":[],"is_endless":false,"potions_floor_spawned":[3,12,19],"killed_by":"3 Cultists","ascension_level":8}}