{"host":"y6zg4wwu39otf01a","time":1613494897,"event":{"mods":["Act Like it!","Aspiration","BaseMod","Better Altar","Better Match","Better Note","Better Sensory Stone","Better Skull","Better Third Choice","Challenge The Spire","Colored Map","Colored Powertips","Conspire","GifTheSpireLib","Glutton Mod","Halation","Hermit","Highlight Path","Hubris","Infinite Spire","Mimic Mod","Minty Spire (QoL Compilation)","Quick Restart","Random Character Button","Rare Cards Sparkle","Replay The Spire","Retaliation","Spicy Shops","StSLib","Stuff the Spire","The Blue Laboratory","The Jungle"],"gold_per_floor":[113,124,1,1,1,29,40,74,74,90,90,18,18,36,36,131,131,141,161,16,36,54,54,54],"floor_reached":23,"language":"ENG","playtime":1302,"items_purged":[],"score":251,"play_id":"4020151a-9a52-46f9-8b5f-59e61a39bf34","local_time":"20210216110137","is_ascension_mode":true,"campfire_choices":[{"data":"ReplayTheSpireMod:Exploit Weakness","floor":11,"key":"SMITH"},{"data":"Neutralize","floor":13,"key":"SMITH"},{"data":"Sucker Punch","floor":15,"key":"SMITH"}],"circlet_count":0,"master_deck":["Strike_G","Strike_G","Strike_G","Strike_G","Strike_G","Defend_G","Defend_G","Defend_G","Defend_G","Survivor","Neutralize+1","hubris:Counter","ReplayTheSpireMod:Exploit Weakness+1","StuffTheSpire:BumpUp","Backflip","Backstab","Poisoned Stab","StuffTheSpire:Injection","Sucker Punch+1","Poison Darts","StuffTheSpire:Injection+1","Poisoned Stab","StuffTheSpire:DoubleShiv","Toxin Wave+1"],"relics":["Ring of the Snake","NeowsBlessing","Pen Nib","Replay:Bottled Flurry","Snake Skull","hubris:Reverence","infinitespire:Eraser","StuffTheSpire:TintedRock","hubris:Stopwatch","Replay:Kaleidoscope"],"acts_visited":["Exordium","Exordium"],"potions_floor_usage":[8,14,16,21],"damage_taken":[{"damage":0,"enemies":"Small Slimes","floor":1,"turns":1},{"damage":0,"enemies":"Cultist","floor":2,"turns":1},{"damage":0,"enemies":"Gremlin Nob","floor":6,"turns":1},{"damage":0,"enemies":"2 Louse","floor":7,"turns":1},{"damage":18,"enemies":"Lagavulin","floor":8,"turns":4},{"damage":4,"enemies":"2 Fungi Beasts","floor":10,"turns":3},{"damage":27,"enemies":"Large Slime","floor":14,"turns":5},{"damage":29,"enemies":"Fading Forest","floor":16,"turns":11},{"damage":16,"enemies":"theJungle:Flameango_and_Byrd","floor":18,"turns":5},{"damage":19,"enemies":"theJungle:MUSHROOMGANG","floor":19,"turns":4},{"damage":7,"enemies":"theJungle:2_Snecko_Cultists","floor":21,"turns":4},{"damage":18,"enemies":"theJungle:Lyon","floor":22,"turns":3},{"damage":20,"enemies":"theJungle:MamaSnecko","floor":23,"turns":5}],"seed_played":"616675502019866521","potions_obtained":[{"floor":1,"key":"Venom Potion"},{"floor":10,"key":"blueLaboratory:NinjaPotion"},{"floor":14,"key":"PowerPotion"},{"floor":16,"key":"blueLaboratory:BottleOfVodka"},{"floor":22,"key":"blueLaboratory:RememoryPotion"}],"is_trial":false,"path_per_floor":["M","M","$","?","?","E","M","E","T","M","R","$","R","M","R","B",null,"M","M","$","M","M","E"],"character_chosen":"THE_SILENT","items_purchased":["StuffTheSpire:BumpUp","Pen Nib","StuffTheSpire:TintedRock","Replay:Kaleidoscope","Poisoned Stab"],"campfire_rested":0,"item_purchase_floors":[3,3,12,20,20],"current_hp_per_floor":[70,70,70,70,70,70,70,52,52,48,48,48,48,21,21,2,70,54,35,35,28,10,0,0],"gold":54,"neow_bonus":"THREE_ENEMY_KILL","is_daily":false,"chose_seed":false,"campfire_upgraded":3,"win_rate":0.0,"timestamp":1613494897,"path_taken":["M","M","$","?","?","E","?","E","T","?","R","?","R","M","R","BOSS","M","M","$","M","?","E"],"items_purchased_type":["Card","Relic","Relic","Relic","Card"],"build_version":"2020-12-22","purchased_purges":0,"victory":false,"max_hp_per_floor":[70,70,70,70,70,70,70,70,70,70,70,70,70,70,70,70,70,70,70,70,70,70,70,70],"card_choices":[{"not_picked":["Backflip","Crippling Poison"],"picked":"hubris:Counter","floor":1},{"not_picked":["StuffTheSpire:Incursion","Masterful Stab"],"picked":"ReplayTheSpireMod:Exploit Weakness","floor":2},{"not_picked":["Distraction","Bane"],"picked":"Backstab","floor":6},{"not_picked":["Slice","All Out Attack","Distraction"],"picked":"SKIP","floor":7},{"not_picked":["Backflip","Dagger Spray"],"picked":"Poisoned Stab","floor":8},{"not_picked":["Acrobatics","Slice"],"picked":"StuffTheSpire:Injection","floor":10},{"not_picked":["Dodge and Roll","Poisoned Stab"],"picked":"Sucker Punch","floor":14},{"not_picked":["Replay:Bag of Tricks","Corpse Explosion"],"picked":"Poison Darts","floor":16},{"not_picked":["hubris:Sniper","Outmaneuver"],"picked":"StuffTheSpire:Injection+1","floor":18},{"not_picked":["Slice","Cloak And Dagger","PiercingWail"],"picked":"SKIP","floor":19},{"not_picked":["Dagger Spray","Outmaneuver"],"picked":"StuffTheSpire:DoubleShiv","floor":21},{"not_picked":["Infinite Blades","Hidden Blade"],"picked":"Toxin Wave+1","floor":22}],"player_experience":857975,"relics_obtained":[{"floor":4,"key":"Replay:Bottled Flurry"},{"floor":6,"key":"Snake Skull"},{"floor":8,"key":"hubris:Reverence"},{"floor":9,"key":"infinitespire:Eraser"}],"event_choices":[{"damage_healed":0,"gold_gain":0,"cards_transformed":["Defend_G"],"player_choice":"Transformed","damage_taken":0,"max_hp_gain":0,"max_hp_loss":0,"event_name":"Transmorgrifier","floor":5,"gold_loss":0,"cards_obtained":["Backflip"]}],"is_beta":false,"boss_relics":[{"not_picked":["hubris:BlackHole","StuffTheSpire:RunicConfusion"],"picked":"hubris:Stopwatch"}],"items_purged_floors":[],"is_endless":false,"potions_floor_spawned":[1,10,14,16,22],"killed_by":"theJungle:MamaSnecko","ascension_level":2}}