{"host":"bg8va46pgqgvtzim","time":1613486499,"event":{"mods":["BaseMod","Minty Spire (QoL Compilation)","Quick Restart","StSLib","SuperFastMode"],"gold_per_floor":[111,126,126,143,93,21,36,64,64,139,166,166,190,208,228,242,242,255,273,273,348,379,379,379,476,476,491,504,276,276,296,45,57,88,88,116,126,137,146,146,200,227,142,171,171,200,216,226,254,254,254,365,365,386,399,194,194,207,221,260,260,301,330,350,350,350,361,166,186,214,214,214,164,164,164,164,164,47,75,75],"floor_reached":81,"language":"ZHS","playtime":4551,"items_purged":["Strike_G","Strike_G","Strike_G","Flying Knee","Bouncing Flask+1"],"score":2025,"play_id":"7b5793c4-a1d1-4920-99d3-e13c71f40cba","local_time":"20210216224139","is_ascension_mode":true,"campfire_choices":[{"data":"Bouncing Flask","floor":9.0,"key":"SMITH"},{"data":"Acrobatics","floor":20.0,"key":"SMITH"},{"data":"Well Laid Plans","floor":23.0,"key":"SMITH"},{"data":"Acrobatics","floor":24.0,"key":"SMITH"},{"data":"Apotheosis","floor":35.0,"key":"SMITH"},{"floor":45.0,"key":"RECALL"},{"data":"Tools of the Trade","floor":50.0,"key":"SMITH"},{"data":"Neutralize","floor":51.0,"key":"SMITH"},{"data":"After Image","floor":61.0,"key":"SMITH"},{"data":"Escape Plan","floor":65.0,"key":"SMITH"},{"data":"Survivor","floor":71.0,"key":"SMITH"},{"data":"Defend_G","floor":74.0,"key":"SMITH"},{"data":"Defend_G","floor":77.0,"key":"SMITH"}],"circlet_count":0,"master_deck":["Defend_G","Defend_G+1","Defend_G+1","Survivor+1","Neutralize+1","Well Laid Plans+1","Eviscerate+1","Acrobatics+1","Escape Plan+1","Tools of the Trade+1","Acrobatics+1","Blur+1","Apotheosis+1","Prepared+1","Setup+1","Expertise+1","After Image+1","Acrobatics+1","Concentrate+1","Acrobatics+1","Terror+1","Tactician+1","Prepared+1"],"relics":["Ring of the Snake","Eternal Feather","Odd Mushroom","White Beast Statue","Orichalcum","Potion Belt","Smiling Mask","HoveringKite","Sundial","CeramicFish","Toxic Egg 2","Singing Bowl","Snake Skull","Bag of Preparation","StrikeDummy","Philosopher\u0027s Stone","Anchor","Mango","Bag of Marbles","Mummified Hand","Membership Card","Paper Crane","Centennial Puzzle","Orrery","Strawberry"],"acts_visited":["Exordium","TheCity","TheBeyond","TheEnding"],"potions_floor_usage":[80,80],"damage_taken":[{"damage":0.0,"enemies":"Cultist","floor":1.0,"turns":4.0},{"damage":0.0,"enemies":"2 Louse","floor":2.0,"turns":3.0},{"damage":0.0,"enemies":"Jaw Worm","floor":4.0,"turns":7.0},{"damage":3.0,"enemies":"3 Louse","floor":7.0,"turns":4.0},{"damage":2.0,"enemies":"Lagavulin","floor":8.0,"turns":7.0},{"damage":14.0,"enemies":"The Mushroom Lair","floor":11.0,"turns":7.0},{"damage":1.0,"enemies":"2 Fungi Beasts","floor":14.0,"turns":4.0},{"damage":0.0,"enemies":"Looter","floor":15.0,"turns":5.0},{"damage":4.0,"enemies":"3 Louse","floor":16.0,"turns":4.0},{"damage":2.0,"enemies":"Exordium Thugs","floor":18.0,"turns":4.0},{"damage":2.0,"enemies":"Large Slime","floor":19.0,"turns":5.0},{"damage":7.0,"enemies":"Gremlin Nob","floor":22.0,"turns":4.0},{"damage":5.0,"enemies":"The Guardian","floor":25.0,"turns":12.0},{"damage":0.0,"enemies":"Shell Parasite","floor":27.0,"turns":3.0},{"damage":0.0,"enemies":"Chosen","floor":28.0,"turns":5.0},{"damage":0.0,"enemies":"Sentry and Sphere","floor":31.0,"turns":5.0},{"damage":3.0,"enemies":"Chosen and Byrds","floor":33.0,"turns":5.0},{"damage":4.0,"enemies":"Book of Stabbing","floor":34.0,"turns":6.0},{"damage":1.0,"enemies":"Slavers","floor":36.0,"turns":5.0},{"damage":0.0,"enemies":"Snecko","floor":37.0,"turns":4.0},{"damage":0.0,"enemies":"3 Cultists","floor":38.0,"turns":4.0},{"damage":0.0,"enemies":"Centurion and Healer","floor":42.0,"turns":3.0},{"damage":9.0,"enemies":"Gremlin Leader","floor":44.0,"turns":5.0},{"damage":0.0,"enemies":"Book of Stabbing","floor":46.0,"turns":4.0},{"damage":8.0,"enemies":"Sentry and Sphere","floor":47.0,"turns":3.0},{"damage":5.0,"enemies":"Chosen and Byrds","floor":48.0,"turns":5.0},{"damage":0.0,"enemies":"Snecko","floor":49.0,"turns":4.0},{"damage":0.0,"enemies":"Collector","floor":52.0,"turns":6.0},{"damage":0.0,"enemies":"3 Shapes","floor":54.0,"turns":3.0},{"damage":0.0,"enemies":"3 Darklings","floor":55.0,"turns":4.0},{"damage":0.0,"enemies":"4 Shapes","floor":58.0,"turns":2.0},{"damage":0.0,"enemies":"Maw","floor":59.0,"turns":4.0},{"damage":0.0,"enemies":"Nemesis","floor":60.0,"turns":3.0},{"damage":0.0,"enemies":"Reptomancer","floor":62.0,"turns":3.0},{"damage":0.0,"enemies":"3 Darklings","floor":63.0,"turns":2.0},{"damage":0.0,"enemies":"Writhing Mass","floor":64.0,"turns":2.0},{"damage":0.0,"enemies":"Transient","floor":67.0,"turns":5.0},{"damage":0.0,"enemies":"Spire Growth","floor":69.0,"turns":2.0},{"damage":0.0,"enemies":"Nemesis","floor":70.0,"turns":3.0},{"damage":0.0,"enemies":"Time Eater","floor":75.0,"turns":7.0},{"damage":0.0,"enemies":"Shield and Spear","floor":79.0,"turns":1.0},{"damage":0,"enemies":"The Heart","floor":80,"turns":3}],"seed_played":"4322795046782249184","potions_obtained":[{"floor":7.0,"key":"DistilledChaos"},{"floor":11.0,"key":"Poison Potion"},{"floor":14.0,"key":"Energy Potion"},{"floor":15.0,"key":"Swift Potion"},{"floor":18.0,"key":"LiquidBronze"},{"floor":19.0,"key":"Regen Potion"},{"floor":22.0,"key":"PowerPotion"},{"floor":25.0,"key":"PowerPotion"},{"floor":31.0,"key":"Weak Potion"},{"floor":33.0,"key":"BlessingOfTheForge"},{"floor":34.0,"key":"SkillPotion"},{"floor":36.0,"key":"AttackPotion"},{"floor":37.0,"key":"GhostInAJar"},{"floor":38.0,"key":"Strength Potion"},{"floor":47.0,"key":"LiquidMemories"},{"floor":62.0,"key":"ColorlessPotion"},{"floor":79.0,"key":"DuplicationPotion"}],"is_trial":false,"path_per_floor":["M","M","?","M","?","$","M","E","R","?","?","T","T","M","M","M","?","M","M","R","?","E","R","R","B",null,"M","M","$","?","M","$","M","E","R","E","M","M","?","T","T","M","?","E","R","E","M","M","M","R","R","B",null,"M","M","$","?","M","M","E","R","E","M","M","R","T","M","$","M","E","R","T","$","R","B",null,"R","$","E","B",null],"character_chosen":"THE_SILENT","items_purchased":["Bouncing Flask","Apotheosis","Sundial","Anchor","Membership Card","Orrery"],"campfire_rested":0,"item_purchase_floors":[6,29,32,56,68,78],"current_hp_per_floor":[63,63,56,56,56,56,53,51,57,46,32,32,32,31,31,27,20,18,16,22,16,9,18,27,22,63,63,63,63,63,63,63,60,56,63,62,62,62,62,62,62,62,62,55,64,66,60,57,57,69,71,71,71,71,73,73,73,75,77,91,91,91,91,91,91,91,93,93,95,97,97,97,97,97,97,97,97,105,114,114],"gold":75,"neow_bonus":"REMOVE_TWO","is_daily":false,"chose_seed":false,"campfire_upgraded":12,"win_rate":0.0,"timestamp":1613486499,"path_taken":["M","M","?","M","?","?","M","E","R","?","?","T","T","?","M","M","?","M","M","R","?","E","R","R","BOSS","M","M","$","?","M","?","M","E","R","E","M","M","?","T","T","?","?","E","R","E","M","M","M","R","R","BOSS","M","M","$","?","M","M","E","R","E","M","?","R","T","M","?","M","E","R","?","$","R","BOSS","R","$","E","BOSS"],"items_purchased_type":["Card","Card","Relic","Relic","Relic","Relic"],"build_version":"2020-12-22","purchased_purges":5,"victory":true,"max_hp_per_floor":[63,63,63,63,63,63,63,63,63,63,63,63,63,63,63,63,63,63,63,63,63,63,63,63,63,63,63,63,63,63,63,63,63,63,63,63,63,63,63,63,63,63,63,65,65,67,69,71,71,71,71,71,71,71,73,73,73,75,77,91,91,91,91,91,91,91,93,93,95,97,97,97,97,97,97,97,97,105,114,114],"card_choices":[{"not_picked":["Quick Slash","PiercingWail","Outmaneuver"],"picked":"SKIP","floor":1.0},{"not_picked":["Acrobatics","Slice"],"picked":"Well Laid Plans","floor":2.0},{"not_picked":["Dodge and Roll","Poisoned Stab","PiercingWail"],"picked":"SKIP","floor":7.0},{"not_picked":["Night Terror","Bane","Flying Knee"],"picked":"SKIP","floor":8.0},{"not_picked":["Acrobatics","Sucker Punch"],"picked":"Eviscerate","floor":11.0},{"not_picked":["Concentrate","Riddle With Holes"],"picked":"Acrobatics","floor":14.0},{"not_picked":["Dagger Throw","Masterful Stab","Noxious Fumes"],"picked":"SKIP","floor":15.0},{"not_picked":["Blade Dance","Poisoned Stab"],"picked":"Escape Plan","floor":16.0},{"not_picked":["Finisher","Backflip","Sucker Punch"],"picked":"SKIP","floor":18.0},{"not_picked":["Setup","Slice"],"picked":"Tools of the Trade","floor":19.0},{"not_picked":["All Out Attack","Dodge and Roll"],"picked":"Acrobatics","floor":22.0},{"not_picked":["Choke","Underhanded Strike+1"],"picked":"Blur+1","floor":27.0},{"not_picked":["Outmaneuver","Acrobatics+1","Well Laid Plans"],"picked":"SKIP","floor":28.0},{"not_picked":["Crippling Poison+1","Flying Knee","Dagger Throw"],"picked":"SKIP","floor":31.0},{"not_picked":["Infinite Blades+1","Well Laid Plans","Heel Hook"],"picked":"SKIP","floor":33.0},{"not_picked":["Dagger Spray","Blade Dance+1","Distraction+1"],"picked":"SKIP","floor":34.0},{"not_picked":["Envenom","Wraith Form v2","Flechettes+1"],"picked":"SKIP","floor":36.0},{"not_picked":["Leg Sweep+1","Flying Knee","Backstab"],"picked":"SKIP","floor":37.0},{"not_picked":["Outmaneuver+1","Deadly Poison+1","Deflect+1"],"picked":"SKIP","floor":38.0},{"not_picked":["Dagger Spray","Choke+1"],"picked":"Setup+1","floor":42.0},{"not_picked":["Slice+1","Dagger Throw","Well Laid Plans"],"picked":"Singing Bowl","floor":44.0},{"not_picked":["Dodge and Roll+1","Bane+1","Sucker Punch"],"picked":"Singing Bowl","floor":46.0},{"not_picked":["Sucker Punch","Noxious Fumes","Distraction+1"],"picked":"Singing Bowl","floor":47.0},{"not_picked":["Choke","Deadly Poison+1","Escape Plan+1"],"picked":"Singing Bowl","floor":48.0},{"not_picked":["Backflip+1","Caltrops"],"picked":"Expertise+1","floor":49.0},{"not_picked":["Wraith Form v2","Envenom"],"picked":"After Image","floor":52.0},{"not_picked":["Flying Knee","Quick Slash"],"picked":"Acrobatics+1","floor":54.0},{"not_picked":["Masterful Stab+1","Dodge and Roll+1","Deflect+1"],"picked":"Singing Bowl","floor":55.0},{"not_picked":["Dodge and Roll+1","Flechettes+1","Dagger Spray+1"],"picked":"Singing Bowl","floor":58.0},{"not_picked":["Wraith Form v2","Skewer","Dagger Spray+1"],"picked":"Singing Bowl","floor":59.0},{"not_picked":["Prepared+1","Dodge and Roll+1"],"picked":"Concentrate+1","floor":60.0},{"not_picked":["Accuracy","Dodge and Roll+1"],"picked":"Acrobatics+1","floor":62.0},{"not_picked":["Bouncing Flask+1","Well Laid Plans+1"],"picked":"Terror+1","floor":63.0},{"not_picked":["Deflect+1","Sucker Punch+1"],"picked":"Tactician+1","floor":64.0},{"not_picked":["Escape Plan+1","Flying Knee+1","Quick Slash+1"],"picked":"Singing Bowl","floor":67.0},{"not_picked":["Dagger Spray","Backstab","Backflip+1"],"picked":"Singing Bowl","floor":69.0},{"not_picked":["Crippling Poison+1","Deflect+1","Flechettes"],"picked":"Singing Bowl","floor":70.0},{"not_picked":["Cloak And Dagger+1","PiercingWail+1","Endless Agony"],"picked":"Singing Bowl","floor":78.0},{"not_picked":["Quick Slash+1","Choke+1","Deadly Poison+1"],"picked":"Singing Bowl","floor":78.0},{"not_picked":["Quick Slash+1","Finisher","Grand Finale"],"picked":"Singing Bowl","floor":78.0},{"not_picked":["Accuracy+1","Underhanded Strike+1","Doppelganger+1"],"picked":"Singing Bowl","floor":78.0},{"not_picked":["Noxious Fumes+1","Flying Knee"],"picked":"Prepared+1","floor":78.0},{"not_picked":["Slice","Bane+1","Cloak And Dagger+1"],"picked":"Singing Bowl","floor":79.0}],"player_experience":2474481,"relics_obtained":[{"floor":8.0,"key":"Eternal Feather"},{"floor":11.0,"key":"Odd Mushroom"},{"floor":12.0,"key":"White Beast Statue"},{"floor":13.0,"key":"Orichalcum"},{"floor":22.0,"key":"Smiling Mask"},{"floor":34.0,"key":"CeramicFish"},{"floor":36.0,"key":"Toxic Egg 2"},{"floor":40.0,"key":"Singing Bowl"},{"floor":44.0,"key":"Bag of Preparation"},{"floor":46.0,"key":"StrikeDummy"},{"floor":60.0,"key":"Mango"},{"floor":62.0,"key":"Bag of Marbles"},{"floor":66.0,"key":"Mummified Hand"},{"floor":70.0,"key":"Paper Crane"},{"floor":72.0,"key":"Centennial Puzzle"},{"floor":79.0,"key":"Strawberry"}],"event_choices":[{"cards_removed":["Strike_G"],"damage_healed":0.0,"max_hp_gain":0.0,"max_hp_loss":0.0,"gold_gain":0.0,"event_name":"Golden Wing","player_choice":"Card Removal","floor":3.0,"gold_loss":0.0,"damage_taken":7.0},{"cards_removed":["Defend_G"],"damage_healed":0.0,"max_hp_gain":0.0,"max_hp_loss":0.0,"gold_gain":0.0,"event_name":"The Cleric","player_choice":"Card Removal","floor":5.0,"gold_loss":50.0,"damage_taken":0.0},{"damage_healed":0.0,"max_hp_gain":0.0,"max_hp_loss":0.0,"gold_gain":75.0,"event_name":"World of Goop","player_choice":"Gather Gold","floor":10.0,"gold_loss":0.0,"damage_taken":11.0},{"damage_healed":0.0,"max_hp_gain":0.0,"max_hp_loss":0.0,"gold_gain":0.0,"event_name":"Mushrooms","player_choice":"Fought Mushrooms","floor":11.0,"gold_loss":0.0,"damage_taken":0.0},{"damage_healed":0.0,"max_hp_gain":0.0,"max_hp_loss":0.0,"gold_gain":0.0,"event_name":"Scrap Ooze","player_choice":"Success","floor":17.0,"gold_loss":0.0,"damage_taken":7.0,"relics_obtained":["Potion Belt"]},{"damage_healed":0.0,"max_hp_gain":0.0,"max_hp_loss":0.0,"gold_gain":75.0,"event_name":"FaceTrader","player_choice":"Touch","floor":21.0,"gold_loss":0.0,"damage_taken":6.0},{"damage_healed":0.0,"max_hp_gain":0.0,"max_hp_loss":0.0,"gold_gain":0.0,"event_name":"The Library","player_choice":"Read","floor":39.0,"gold_loss":0.0,"damage_taken":0.0,"cards_obtained":["Prepared"]},{"damage_healed":0.0,"max_hp_gain":0.0,"max_hp_loss":0.0,"gold_gain":0.0,"event_name":"Addict","player_choice":"Obtained Relic","floor":43.0,"gold_loss":85.0,"damage_taken":0.0,"relics_obtained":["Snake Skull"]},{"damage_healed":0.0,"max_hp_gain":0.0,"max_hp_loss":0.0,"gold_gain":0.0,"event_name":"Upgrade Shrine","player_choice":"Upgraded","floor":57.0,"gold_loss":0.0,"damage_taken":0.0,"cards_upgraded":["Eviscerate"]}],"is_beta":false,"boss_relics":[{"not_picked":["Sozu","SacredBark"],"picked":"HoveringKite"},{"not_picked":["WristBlade","Busted Crown"],"picked":"Philosopher\u0027s Stone"}],"items_purged_floors":[29,56,68,73,78],"is_endless":false,"potions_floor_spawned":[7,11,14,15,16,18,19,22,25,27,28,31,33,34,36,37,38,42,44,46,47,48,49,52,54,55,58,59,60,62,63,64,67,69,70,79],"ascension_level":1}}