{"host":"d6ni0fvdmr494qs7","time":1613490776,"event":{"mods":["BaseMod","Colored Powertips","Lobotomy","LobotomyExtend","Marisa£®ÏF”Í°°ƒß¿Ì…≥£©","Minty Spire (QoL Compilation)","Ryuuou¡˙Õı","Spicy Shops","StSLib"],"gold_per_floor":[109,125,125,144,157,157,182,202,249,249,266,266,266],"floor_reached":12,"language":"ZHS","playtime":803,"items_purged":[],"score":86,"play_id":"3cafcf2a-cfb0-429f-a1b8-7295898984f5","local_time":"20210216235256","is_ascension_mode":true,"campfire_choices":[{"data":"Accuracy","floor":6,"key":"SMITH"},{"floor":10,"key":"REST"}],"circlet_count":0,"master_deck":["Strike_G","Strike_G","Strike_G","Strike_G","Strike_G","Defend_G","Defend_G","Defend_G","Defend_G","Defend_G","Survivor+1","Neutralize+1","Wellcheers","Quick Slash+1","Bloodbath","Dazed","WallGazer","Accuracy+1","ShyLook","LongBird","SpiderBud","MeatLantern"],"relics":["Ring of the Snake","CogitoBucket","LetterFromLob","Moonlight_r","Mercury Hourglass","BehaviorAdjustment","Oddly Smooth Stone"],"acts_visited":["Exordium"],"potions_floor_usage":[],"damage_taken":[{"damage":5.0,"enemies":"Small Slimes","floor":1.0,"turns":5.0},{"damage":0,"enemies":"Cultist","floor":2,"turns":5},{"damage":0,"enemies":"Jaw Worm","floor":4,"turns":5},{"damage":13,"enemies":"2 Fungi Beasts","floor":5,"turns":6},{"damage":16,"enemies":"Gremlin Nob","floor":7,"turns":4},{"damage":22,"enemies":"Red Slaver","floor":8,"turns":5},{"damage":3,"enemies":"3 Louse","floor":11,"turns":3},{"damage":53,"enemies":"Lagavulin","floor":12,"turns":3}],"seed_played":"5351464159134941648","potions_obtained":[{"floor":1.0,"key":"DistilledChaos"},{"floor":7,"key":"BlessingOfTheForge"},{"floor":11,"key":"SkillPotion"}],"is_trial":false,"path_per_floor":["M","M","?","M","M","R","E","M","T","R","M","E"],"character_chosen":"THE_SILENT","items_purchased":[],"campfire_rested":1,"item_purchase_floors":[],"current_hp_per_floor":[65,65,68,68,55,55,40,19,19,39,36,0,0],"gold":266,"neow_bonus":"","is_daily":false,"chose_seed":false,"campfire_upgraded":1,"win_rate":0.0,"timestamp":1613490776,"path_taken":["M","M","?","M","M","R","E","M","T","R","M","E"],"items_purchased_type":[],"build_version":"2020-12-22","purchased_purges":0,"victory":false,"max_hp_per_floor":[70,70,68,68,68,68,68,68,68,68,68,68,68],"card_choices":[{"not_picked":["UniverseFragment","RedShoes"],"picked":"Wellcheers","floor":1.0},{"not_picked":["Dagger Throw","Prepared"],"picked":"Quick Slash","floor":1.0},{"not_picked":["VoidDream","BeautyBeast"],"picked":"Bloodbath","floor":2},{"not_picked":["Backflip","Dagger Spray"],"picked":"Reflex","floor":2},{"not_picked":["BeautyBeast","MHz"],"picked":"WallGazer","floor":4},{"not_picked":["Deflect","Sucker Punch"],"picked":"Accuracy","floor":4},{"not_picked":["OldLady","CherryBlossoms"],"picked":"ShyLook","floor":5},{"not_picked":["Footwork","Leg Sweep","Well Laid Plans"],"picked":"SKIP","floor":5},{"not_picked":["Porccubus","OldLady"],"picked":"LongBird","floor":7},{"not_picked":["Sucker Punch","Bane","Crippling Poison"],"picked":"SKIP","floor":7},{"not_picked":["CherryBlossoms","DespairKnight"],"picked":"SpiderBud","floor":8},{"not_picked":["Underhanded Strike","All Out Attack","PiercingWail"],"picked":"SKIP","floor":8},{"not_picked":["Alriune","QueenOfHatred"],"picked":"MeatLantern","floor":11},{"not_picked":["Dagger Throw","Masterful Stab","All Out Attack"],"picked":"SKIP","floor":11}],"player_experience":226893,"relics_obtained":[{"floor":1.0,"key":"LetterFromLob"},{"floor":7,"key":"Mercury Hourglass"},{"floor":9,"key":"Oddly Smooth Stone"}],"event_choices":[],"is_beta":false,"boss_relics":[],"items_purged_floors":[],"is_endless":false,"potions_floor_spawned":[1,7,11],"killed_by":"Lagavulin","ascension_level":1}}