{"host":"or8fr2mp0k3eluj8","time":1613456809,"event":{"mods":["AchievementEnabler","BaseMod","Colored Map","DeckTracker","Minty Spire (QoL Compilation)","StSLib","SuperFastMode"],"gold_per_floor":[114,214,233,250,250,250,279,291,328,365,396,40,40,59,59,162,162,180,191,290,290,307,333,333,333],"floor_reached":24,"language":"KOR","playtime":821,"items_purged":["Strike_R"],"score":260,"play_id":"160a8ff0-de72-472e-a4f4-ddc52b28cb5f","local_time":"20210216152649","is_ascension_mode":true,"campfire_choices":[{"data":"Carnage","floor":6,"key":"SMITH"},{"data":"Bash","floor":8,"key":"SMITH"},{"data":"Seeing Red","floor":15,"key":"SMITH"}],"circlet_count":0,"master_deck":["Strike_R","Strike_R","Strike_R","Strike_R","Defend_R","Defend_R","Defend_R","Defend_R","Bash+1","Cleave","Headbutt","Carnage+1","Offering","Shrug It Off","Seeing Red+1","Disarm","Fiend Fire","CurseOfTheBell","Sentinel+1","Shockwave","Fire Breathing+1"],"relics":["Burning Blood","NeowsBlessing","MawBank","Red Skull","Blue Candle","Sling","Happy Flower","Shuriken","Calling Bell","Bag of Marbles","Letter Opener","Ginger","Lantern","Strawberry"],"acts_visited":["Exordium","TheCity"],"potions_floor_usage":[10,23],"damage_taken":[{"damage":0,"enemies":"Jaw Worm","floor":1,"turns":1},{"damage":0,"enemies":"Cultist","floor":3,"turns":1},{"damage":0,"enemies":"2 Louse","floor":4,"turns":1},{"damage":8,"enemies":"Gremlin Nob","floor":7,"turns":3},{"damage":21,"enemies":"Lagavulin","floor":10,"turns":3},{"damage":6,"enemies":"Blue Slaver","floor":11,"turns":1},{"damage":6,"enemies":"Large Slime","floor":14,"turns":3},{"damage":42,"enemies":"The Guardian","floor":16,"turns":12},{"damage":6,"enemies":"Chosen","floor":18,"turns":3},{"damage":29,"enemies":"Spheric Guardian","floor":19,"turns":4},{"damage":22,"enemies":"Chosen and Byrds","floor":22,"turns":5},{"damage":32,"enemies":"Book of Stabbing","floor":23,"turns":6}],"seed_played":"-4683760764943333570","potions_obtained":[{"floor":1,"key":"Regen Potion"},{"floor":7,"key":"Fire Potion"},{"floor":16,"key":"AttackPotion"},{"floor":18,"key":"DuplicationPotion"},{"floor":23,"key":"BlessingOfTheForge"}],"is_trial":false,"path_per_floor":["M","?","M","M","?","R","E","R","T","E","M","$","T","M","R","B",null,"M","M","?","?","M","E","R"],"character_chosen":"IRONCLAD","items_purchased":["Sling","Happy Flower"],"campfire_rested":0,"item_purchase_floors":[12,12],"current_hp_per_floor":[80,80,80,80,72,72,70,70,70,55,55,55,55,55,55,19,80,80,57,57,57,41,31,31,31],"gold":333,"neow_bonus":"THREE_ENEMY_KILL","is_daily":false,"chose_seed":false,"campfire_upgraded":3,"win_rate":0.0,"timestamp":1613456809,"path_taken":["M","?","M","?","?","R","E","R","T","E","M","$","?","?","R","BOSS","M","M","?","?","M","E","R"],"items_purchased_type":["Relic","Relic"],"build_version":"2020-12-22","purchased_purges":1,"victory":false,"max_hp_per_floor":[80,80,80,80,80,80,80,80,80,80,80,80,80,80,80,80,80,80,80,80,80,80,87,87,87],"card_choices":[{"not_picked":["Perfected Strike","Pommel Strike"],"picked":"Cleave","floor":1},{"not_picked":["Flame Barrier","Perfected Strike"],"picked":"Headbutt","floor":3},{"not_picked":["Clash","Limit Break"],"picked":"Carnage","floor":4},{"not_picked":["Metallicize","Perfected Strike"],"picked":"Offering","floor":7},{"not_picked":["Ghostly Armor","Battle Trance"],"picked":"Shrug It Off","floor":10},{"not_picked":["Wild Strike","Reckless Charge"],"picked":"Seeing Red","floor":11},{"not_picked":["Heavy Blade","Cleave"],"picked":"Disarm","floor":14},{"not_picked":["Brutality","Feed"],"picked":"Fiend Fire","floor":16},{"not_picked":["Headbutt","Flex"],"picked":"Sentinel+1","floor":18},{"not_picked":["Headbutt+1","Inflame"],"picked":"Shockwave","floor":19},{"not_picked":["Flex","Juggernaut","Pommel Strike"],"picked":"SKIP","floor":22},{"not_picked":["Whirlwind+1","Sever Soul"],"picked":"Fire Breathing+1","floor":23}],"player_experience":359403,"relics_obtained":[{"floor":7,"key":"MawBank"},{"floor":9,"key":"Red Skull"},{"floor":10,"key":"Blue Candle"},{"floor":13,"key":"Shuriken"},{"floor":17,"key":"Bag of Marbles"},{"floor":17,"key":"Letter Opener"},{"floor":17,"key":"Ginger"},{"floor":23,"key":"Strawberry"}],"event_choices":[{"damage_healed":0,"gold_gain":100,"player_choice":"Pray","damage_taken":0,"max_hp_gain":0,"max_hp_loss":0,"event_name":"Golden Shrine","floor":2,"gold_loss":0},{"damage_healed":0,"gold_gain":0,"player_choice":"Damaged","damage_taken":8,"max_hp_gain":0,"max_hp_loss":0,"event_name":"Wheel of Change","floor":5,"gold_loss":0},{"damage_healed":0,"gold_gain":99,"player_choice":"Stole From Cult","damage_taken":0,"max_hp_gain":0,"max_hp_loss":0,"event_name":"Nest","floor":20,"gold_loss":0},{"damage_healed":0,"gold_gain":0,"player_choice":"Opened","damage_taken":0,"relics_obtained":["Lantern"],"max_hp_gain":0,"max_hp_loss":0,"event_name":"The Mausoleum","floor":21,"gold_loss":0}],"is_beta":false,"boss_relics":[{"not_picked":["Runic Dome","Coffee Dripper"],"picked":"Calling Bell"}],"items_purged_floors":[12],"is_endless":false,"potions_floor_spawned":[1,7,16,18,19,23],"ascension_level":3}}