{"host":"p7cjtxxrilhp4dw7","time":1613512374,"event":{"mods":["BaseMod","Block Reminder","Colored Map","Curses Come First","Downfall","Highlight Path","Minty Spire (QoL Compilation)","StSLib"],"gold_per_floor":[99,99,99,116,133,150,177,190,203,203,231,53,78,94,106,209,209,209,219,219,231,241,241,264,264,43,43,71,71,91,121,141,240,240,240,253,360,379,155,155,155,168,178,178,228,261,311,311,321,321,321,321],"floor_reached":50,"language":"ENG","playtime":4641,"items_purged":["Slimebound:Strike_Slimebound"],"score":539,"play_id":"5efd3f11-acf3-4ef2-857a-6d6efa382e6a","local_time":"20210216145253","is_ascension_mode":false,"campfire_choices":[{"data":"Slimebound:CheckThePlaybook","floor":1,"key":"SMITH"},{"data":"Slimebound:BestDefense","floor":10,"key":"SMITH"},{"data":"Slimebound:Grow","floor":18,"key":"SMITH"},{"floor":25,"key":"REST"},{"data":"expansioncontent:QuickStudy","floor":27,"key":"SMITH"},{"data":"Slimebound:Nibble","floor":35,"key":"SMITH"},{"data":"expansioncontent:StudyTheSpire","floor":44,"key":"SMITH"}],"circlet_count":0,"master_deck":["Slimebound:Strike_Slimebound","Slimebound:Tackle","Slimebound:Defend_Slimebound","Slimebound:Defend_Slimebound","Slimebound:Defend_Slimebound","Slimebound:Defend_Slimebound","Slimebound:Split","Slimebound:CorrosiveSpit","Slimebound:CheckThePlaybook+1","Slimebound:GoopSpray","Slimebound:Nibble+1","Slimebound:Equalize","Slimebound:BestDefense+1","Slimebound:LeechEnergy","expansioncontent:QuickStudy+1","Slimebound:RollThrough","Slimebound:Grow+1","Slimebound:LeechLife","RitualDagger","Slimebound:MegaLick+1","Slimebound:FlameTackle+1","Slimebound:SlimeSpikes","Slimebound:HauntingLick+1","Slimebound:Prepare","Slimebound:DisruptingSlam+1","expansioncontent:StudyTheSpire+1","Slimebound:LivingWall","expansioncontent:AwakenDeath"],"relics":["Slimebound:AbsorbEndCombat","Art of War","Matryoshka","Odd Mushroom","MutagenicStrength","Boot","Anchor","Sling","Bag of Preparation","Dream Catcher","Gremlin Horn","Bronze Scales","Cursed Key","Omamori","Akabeko","Incense Burner","StrikeDummy","TungstenRod"],"acts_visited":["Exordium","TheCity","TheBeyond"],"potions_floor_usage":[11,12,14,16,16,21,37,45,50,50],"damage_taken":[{"damage":4,"enemies":"Small Slimes","floor":4,"turns":4},{"damage":2,"enemies":"2 Louse","floor":5,"turns":3},{"damage":3,"enemies":"Cultist","floor":6,"turns":2},{"damage":7,"enemies":"Lots of Slimes","floor":8,"turns":4},{"damage":7,"enemies":"Large Slime","floor":9,"turns":1},{"damage":20,"enemies":"3 Sentries","floor":11,"turns":5},{"damage":3,"enemies":"downfall:FleeingMerchant","floor":12,"turns":4},{"damage":1,"enemies":"The Mushroom Lair","floor":13,"turns":2},{"damage":0,"enemies":"3 Louse","floor":14,"turns":2},{"damage":8,"enemies":"Blue Slaver","floor":15,"turns":1},{"damage":19,"enemies":"SI_SHIV_ARCHETYPE","floor":16,"turns":5},{"damage":15,"enemies":"3 Byrds","floor":19,"turns":5},{"damage":7,"enemies":"downfall:LooterAlt2","floor":21,"turns":3},{"damage":37,"enemies":"Shelled Parasite and Fungi","floor":22,"turns":7},{"damage":3,"enemies":"downfall:FleeingMerchant","floor":26,"turns":4},{"damage":21,"enemies":"Slavers","floor":28,"turns":4},{"damage":6,"enemies":"Snake Plant","floor":30,"turns":3},{"damage":18,"enemies":"Book of Stabbing","floor":31,"turns":4},{"damage":0,"enemies":"Cultist and Chosen","floor":32,"turns":3},{"damage":16,"enemies":"WA_ARCHETYPE_CALM","floor":33,"turns":7},{"damage":13,"enemies":"3 Shapes","floor":36,"turns":1},{"damage":2,"enemies":"downfall:FleeingMerchant","floor":37,"turns":2},{"damage":1,"enemies":"Orb Walker","floor":38,"turns":3},{"damage":1,"enemies":"3 Darklings","floor":42,"turns":3},{"damage":6,"enemies":"Jaw Worm Horde","floor":43,"turns":3},{"damage":0,"enemies":"Jaw Worm Horde","floor":45,"turns":4},{"damage":7,"enemies":"Reptomancer","floor":46,"turns":4},{"damage":24,"enemies":"2 Orb Walkers","floor":47,"turns":5},{"damage":4,"enemies":"Spire Growth","floor":49,"turns":1},{"damage":102,"enemies":"IC_BLOCK_ARCHETYPE","floor":50,"turns":7}],"seed_played":"-8819091091720938638","potions_obtained":[{"floor":3,"key":"Regen Potion"},{"floor":3,"key":"FearPotion"},{"floor":3,"key":"bronze:BurnAndBuffPotion"},{"floor":11,"key":"AttackPotion"},{"floor":13,"key":"Explosive Potion"},{"floor":14,"key":"PowerPotion"},{"floor":22,"key":"SpeedPotion"},{"floor":30,"key":"LiquidBronze"},{"floor":32,"key":"Slimebound:SlimedPotion"},{"floor":42,"key":"bronze:BurnAndBuffPotion"},{"floor":45,"key":"Regen Potion"}],"is_trial":false,"path_per_floor":["R","?","?","M","M","M","T","M","M","R","E","$","?","M","M","B",null,"R","M","?","M","M","?","T","R","$","R","E","T","M","E","M","B",null,"R","M","$","M","$","?","T","M","M","R","?","E","?","?","M","B"],"character_chosen":"SLIMEBOUND","items_purchased":["expansioncontent:QuickStudy","Slimebound:SlimeSpikes","Sling","Omamori","expansioncontent:StudyTheSpire","Slimebound:LivingWall"],"campfire_rested":1,"item_purchase_floors":[12,26,26,37,39,39],"current_hp_per_floor":[65,65,65,63,63,60,60,61,56,56,40,63,65,65,59,48,65,65,65,59,62,41,41,41,60,65,65,52,52,50,49,59,51,65,65,59,61,65,65,65,65,65,63,63,65,62,53,53,55,0,0,0],"gold":321,"neow_bonus":"ONE_RANDOM_RARE_CARD","is_daily":false,"chose_seed":false,"campfire_upgraded":6,"win_rate":0.0,"timestamp":1613512373,"path_taken":["R","?","?","?","M","M","T","M","?","R","E","$","?","M","M","BOSS","R","M","?","M","M","?","T","R","$","R","E","?","M","E","M","BOSS","R","M","$","M","$","?","T","M","M","R","?","E","?","?","M","BOSS"],"items_purchased_type":["Card","Card","Relic","Relic","Card","Card"],"build_version":"2020-12-22","purchased_purges":1,"victory":false,"max_hp_per_floor":[65,65,65,65,65,65,65,65,65,65,65,65,65,65,65,65,65,65,65,65,65,65,65,65,65,65,65,65,65,65,65,65,65,65,65,65,65,65,65,65,65,65,65,65,65,65,65,65,65,65,65,65],"card_choices":[{"not_picked":["Slimebound:LevelUp","Slimebound:ProtectTheBoss"],"picked":"Slimebound:GoopSpray","floor":4},{"not_picked":["Slimebound:ComboTackle","Slimebound:Repurpose"],"picked":"Slimebound:Nibble","floor":5},{"not_picked":["Slimebound:SplitLeeching","Slimebound:HungryTackle","Slimebound:GoopTackle"],"picked":"SKIP","floor":6},{"not_picked":["Slimebound:TagTeam","Slimebound:SplitAcid"],"picked":"Slimebound:Equalize","floor":8},{"not_picked":["Slimebound:SplitMire","Slimebound:ComboTackle"],"picked":"Slimebound:BestDefense","floor":9},{"not_picked":["Slimebound:TongueLash","Slimebound:GoopSpray"],"picked":"Slimebound:LeechEnergy","floor":11},{"not_picked":["Slimebound:PressTheAttack","Slimebound:SelfFormingGoo","Slimebound:GoopTackle"],"picked":"SKIP","floor":12},{"not_picked":["Slimebound:LeechEnergy","Slimebound:SelfFormingGoo"],"picked":"Slimebound:RollThrough","floor":14},{"not_picked":["Slimebound:ProtectTheBoss","Slimebound:ComboTackle"],"picked":"Slimebound:Grow","floor":15},{"not_picked":["Slimebound:SlimeSlap","Slimebound:MinionMaster"],"picked":"Slimebound:LeechLife","floor":16},{"not_picked":["Slimebound:DivideAndConquer","Slimebound:Prepare","Slimebound:Schlurp"],"picked":"SKIP","floor":19},{"not_picked":["Slimebound:SpikyOuterGoop","Slimebound:LevelUp","Slimebound:Prepare"],"picked":"SKIP","floor":21},{"not_picked":["Slimebound:Gluttony+1","Slimebound:DisruptingSlam"],"picked":"Slimebound:MegaLick+1","floor":22},{"not_picked":["Slimebound:ComboTackle","Slimebound:Grow+1"],"picked":"Slimebound:FlameTackle+1","floor":26},{"not_picked":["Slimebound:Grow","Slimebound:SlimeBrawl+1"],"picked":"Slimebound:HauntingLick+1","floor":28},{"not_picked":["Slimebound:Grow","Slimebound:Repurpose","Slimebound:LeechingTouch"],"picked":"SKIP","floor":30},{"not_picked":["Slimebound:DouseInSlime","Slimebound:GoopTackle","Slimebound:HungryTackle"],"picked":"SKIP","floor":31},{"not_picked":["Slimebound:Chomp","Slimebound:HauntingLick"],"picked":"Slimebound:Prepare","floor":32},{"not_picked":["Slimebound:LeechingTouch+1","Slimebound:Gluttony+1","Slimebound:MegaLick"],"picked":"SKIP","floor":36},{"not_picked":["Slimebound:GoopTackle+1","Slimebound:WasteNot"],"picked":"Slimebound:DisruptingSlam+1","floor":37},{"not_picked":["Slimebound:LeadByExample+1","Slimebound:SamplingLick","Slimebound:Recollect"],"picked":"SKIP","floor":38},{"not_picked":["Slimebound:ItLooksTasty+1","Slimebound:GoopTackle","Slimebound:Recollect"],"picked":"SKIP","floor":42},{"not_picked":["Slimebound:AcidTongue","Slimebound:HauntingLick","Slimebound:ItLooksTasty+1"],"picked":"SKIP","floor":43},{"not_picked":["Slimebound:GoopSpray","Slimebound:Schlurp+1","Slimebound:SplitLeeching"],"picked":"SKIP","floor":46},{"not_picked":["expansioncontent:HyperBeam","expansioncontent:PolyBeam"],"picked":"expansioncontent:AwakenDeath","floor":48},{"not_picked":["Slimebound:LeechEnergy","Slimebound:Replication","Slimebound:SlimeTap"],"picked":"SKIP","floor":49}],"player_experience":774010,"relics_obtained":[{"floor":7,"key":"Art of War"},{"floor":11,"key":"Matryoshka"},{"floor":13,"key":"Odd Mushroom"},{"floor":24,"key":"Boot"},{"floor":24,"key":"Anchor"},{"floor":28,"key":"Bag of Preparation"},{"floor":29,"key":"Dream Catcher"},{"floor":29,"key":"Gremlin Horn"},{"floor":31,"key":"Bronze Scales"},{"floor":41,"key":"Akabeko"},{"floor":45,"key":"Incense Burner"},{"floor":46,"key":"StrikeDummy"},{"floor":47,"key":"TungstenRod"}],"event_choices":[{"damage_healed":0,"gold_gain":0,"player_choice":"Got Potions","damage_taken":0,"max_hp_gain":0,"max_hp_loss":0,"event_name":"Lab","floor":3,"gold_loss":0},{"damage_healed":0,"gold_gain":0,"player_choice":"Fought Mushrooms","damage_taken":0,"max_hp_gain":0,"max_hp_loss":0,"event_name":"Mushrooms","floor":13,"gold_loss":0},{"damage_healed":0,"gold_gain":0,"player_choice":"Inject Mutagens","damage_taken":0,"relics_obtained":["MutagenicStrength"],"max_hp_gain":0,"max_hp_loss":0,"event_name":"Drug Dealer","floor":23,"gold_loss":0},{"damage_healed":0,"gold_gain":0,"player_choice":"Fight","damage_taken":0,"max_hp_gain":0,"max_hp_loss":0,"event_name":"Mysterious Sphere","floor":47,"gold_loss":0}],"is_beta":false,"boss_relics":[{"not_picked":["Runic Dome","SlaversCollar","Runic Pyramid"]},{"not_picked":["SacredBark","Velvet Choker"],"picked":"Cursed Key"}],"items_purged_floors":[37],"is_endless":false,"potions_floor_spawned":[4,8,11,13,14,22,30,32,33,36,42,45,46,47],"killed_by":"IC_BLOCK_ARCHETYPE","ascension_level":0}}