{"host":"ln8zowmpyx5bxamj","time":1613438746,"event":{"mods":["Act Like it!","BaseMod","CapriCore","Colored Map","Conspire","Gensokyo","GifTheSpireLib","Hallownest","Hubris","Koishi","KomeijiMod","Marisa????????","Minty Spire (QoL Compilation)","Permanent Neow","Prisma Mod","Replay The Spire","StSLib","The Immortal","Yuyuko"],"gold_per_floor":[115,115,40,40,50,80,80,93,93,128,40,69,69,97,97,195,195,110,110,124,24,65,65,91,101,126,159,69,102,57,73,73,169,169,182,182,59,59,9,44,44,77,77,187,201,221,254,274,274,274,274],"floor_reached":50,"language":"ENG","playtime":7872,"items_purged":["Defend_MRS","Strike_MRS","AsteroidBelt"],"score":790,"play_id":"95c28b72-4106-4851-83f0-ff19ca94c416","local_time":"20210215192546","is_ascension_mode":true,"campfire_choices":[{"data":"UpSweep","floor":7.0,"key":"SMITH"},{"floor":15.0,"key":"REST"},{"data":"PropBag","floor":23.0,"key":"SMITH"},{"floor":32.0,"key":"REST"},{"floor":41.0,"key":"REST"},{"floor":49,"key":"REST"}],"circlet_count":0,"master_deck":["Strike_MRS","Strike_MRS","Defend_MRS","Defend_MRS","Defend_MRS","MasterSpark+1","UpSweep+1","MachineGunSpark","SuperPerseids","AlicesGift","PropBag+1","ShootTheMoon","CasketOfStar+1","UltimateShortwave","FinalSpark","AbeCurse","MachineGunSpark","Parasite","Parasite","MilkyWay","6A","6A","AsteroidBelt+1","EnergyFlow+1","MillisecondPulsars","MilkyWay+1","Singularity","ManaRampage","MysteriousBeam+1","EarthLightRay","MachineGunSpark+1","PulseMagic"],"relics":["MiniHakkero","Hallownest:DreamNailRelic","hubris:GlazedTorus","Ginger","Kunai","Replay:Wax Seal","conspire:Boomerang","hubris:Towel","Iron Hammer","Abe\u0027s Treasure","Hallownest:WatcherSealRelic","ShroomBag","Smiling Mask","Regal Pillow","Hallownest:StagBellRelic1","Pen Nib","Black Star","GoodDreamPillow","Hallownest:HeavyBlowRelic","Dream Catcher","Orichalcum","Unceasing Top","Replay:Baseball","Bottled Lightning","Happy Flower","Letter Opener","Meat on the Bone"],"acts_visited":["Exordium","Hallownest:Greenpath","Hallownest:CityofTears"],"potions_floor_usage":[46,46,50,50],"damage_taken":[{"damage":5.0,"enemies":"Hallownest:monsterHuskWarrior","floor":1.0,"turns":3.0},{"damage":2.0,"enemies":"Hallownest:monsterHuskGuard","floor":5.0,"turns":3.0},{"damage":2.0,"enemies":"Hallownest:eliteVengeflyKing","floor":6.0,"turns":5.0},{"damage":2.0,"enemies":"Hallownest:2_Tiktiks_and_1_Crawlid","floor":8.0,"turns":3.0},{"damage":0.0,"enemies":"Hallownest:eliteMossKnight","floor":10.0,"turns":5.0},{"damage":0.0,"enemies":"Hallownest:eliteVengeflyKing","floor":12.0,"turns":4.0},{"damage":20.0,"enemies":"Hallownest:eliteCrystalGuardian","floor":14.0,"turns":4.0},{"damage":42.0,"enemies":"Hallownest:BossBrokenVessel","floor":16.0,"turns":8.0},{"damage":0.0,"enemies":"Hallownest:3_Youths","floor":18.0,"turns":6.0},{"damage":10.0,"enemies":"Hallownest:2_Mistakes","floor":20.0,"turns":3.0},{"damage":14.0,"enemies":"Hallownest:Glutton_and_Coward","floor":22.0,"turns":4.0},{"damage":7.0,"enemies":"Hallownest:Nosk","floor":24.0,"turns":6.0},{"damage":5.0,"enemies":"Hallownest:Master_and_Novice","floor":25.0,"turns":3.0},{"damage":14.0,"enemies":"Hallownest:eliteSoulWarrior","floor":27.0,"turns":5.0},{"damage":0.0,"enemies":"Hallownest:eliteWatcherKnight","floor":29.0,"turns":7.0},{"damage":1.0,"enemies":"Hallownest:2_Husk_Sentries","floor":31.0,"turns":2.0},{"damage":15.0,"enemies":"Hallownest:BossSoulMaster","floor":33.0,"turns":5.0},{"damage":20.0,"enemies":"Hallownest:Shield_Heavy","floor":35.0,"turns":4.0},{"damage":20.0,"enemies":"Hallownest:eliteHiveKnight","floor":40.0,"turns":6.0},{"damage":20.0,"enemies":"Hallownest:eliteCollector","floor":42.0,"turns":8.0},{"damage":8,"enemies":"Hallownest:3_Siblings","floor":45,"turns":6},{"damage":0,"enemies":"Hallownest:Shield_Sturdy","floor":46,"turns":4},{"damage":20,"enemies":"Hallownest:eliteHiveKnight","floor":47,"turns":4},{"damage":0,"enemies":"Hallownest:2_Soldiers_and_1_Guardian","floor":48,"turns":5},{"damage":72,"enemies":"Hallownest:BossHollowKnight","floor":50,"turns":6}],"seed_played":"6200893615742426190","potions_obtained":[{"floor":5.0,"key":"Dexterity Potion"},{"floor":14.0,"key":"Elixir"},{"floor":22.0,"key":"Explosive Potion"},{"floor":24.0,"key":"BottledSpark"},{"floor":25.0,"key":"SpeedPotion"},{"floor":31.0,"key":"FearPotion"},{"floor":33.0,"key":"Strength Potion"},{"floor":35.0,"key":"Languid Potion"},{"floor":45,"key":"Dexterity Potion"},{"floor":47,"key":"Block Potion"},{"floor":48,"key":"Weak Potion"}],"is_trial":false,"path_per_floor":["M","?","$","?","M","E","R","M","T","E","$","E","?","E","R","B",null,"M","?","M","$","M","R","E","M","T","E","?","E","?","M","R","B",null,"M","?","?","?","$","E","R","E","T","?","M","M","E","M","R_BF","B"],"character_chosen":"MARISA","items_purchased":["Replay:Wax Seal","CasketOfStar+1"],"campfire_rested":4,"item_purchase_floors":[11,11],"current_hp_per_floor":[70,70,70,70,68,66,66,64,64,64,64,64,64,44,66,24,75,75,75,65,65,51,51,44,43,43,33,33,49,49,52,75,64,75,55,55,55,55,55,39,75,55,55,25,25,31,19,25,62,0,0],"gold":274,"neow_bonus":"UPGRADE_CARD","is_daily":false,"chose_seed":false,"campfire_upgraded":2,"win_rate":0.0,"timestamp":1613438746,"path_taken":["M","?","$","?","M","E","R","M","T","E","?","E","?","E","R","BOSS","M","?","M","$","M","R","E","?","T","E","?","E","?","M","R","BOSS","M","?","?","?","$","E","R","E","T","?","?","?","E","M","R_BF","BOSS"],"items_purchased_type":["Relic","Card"],"build_version":"2020-12-22","purchased_purges":3,"victory":false,"max_hp_per_floor":[75,75,75,75,75,75,75,75,75,75,75,75,75,75,75,75,75,75,75,75,75,75,75,75,75,75,75,75,75,75,75,75,75,75,75,75,75,75,75,75,75,75,75,75,75,75,75,75,75,75,75],"card_choices":[{"not_picked":["6A","IllusionStar"],"picked":"MachineGunSpark","floor":1.0},{"not_picked":["WitchLeyline","Occultation"],"picked":"AlicesGift","floor":5.0},{"not_picked":["Singularity","StarlightTyphoon"],"picked":"PropBag","floor":6.0},{"not_picked":["DoubleSpark","GrandCross"],"picked":"ShootTheMoon","floor":8.0},{"not_picked":["DC","GravityBeat","OneTimeOff"],"picked":"SKIP","floor":10.0},{"not_picked":["JA","MachineGunSpark"],"picked":"UltimateShortwave","floor":12.0},{"not_picked":["DragonMeteor","BigCrunch"],"picked":"AsteroidBelt","floor":14.0},{"not_picked":["BlazingStar","CollectingQuirk"],"picked":"FinalSpark","floor":16.0},{"not_picked":["MysteriousBeam","UnstableBomb"],"picked":"MachineGunSpark","floor":18.0},{"not_picked":["GasGiant+1","GravityBeat","GrandCross"],"picked":"SKIP","floor":20.0},{"not_picked":["DoubleSpark+1","IllusionStar","DragonMeteor"],"picked":"SKIP","floor":22.0},{"not_picked":["MysteriousBeam","NonDirectionalLaser"],"picked":"MilkyWay","floor":24.0},{"not_picked":["OneTimeOff","IllusionStar"],"picked":"6A","floor":25.0},{"not_picked":["CollectingQuirk","Acceleration"],"picked":"6A","floor":27.0},{"not_picked":["Orbital","RefractionSpark+1"],"picked":"AsteroidBelt+1","floor":29.0},{"not_picked":["NonDirectionalLaser","GravityBeat"],"picked":"EnergyFlow+1","floor":31.0},{"not_picked":["ManaRampage","BinaryStars"],"picked":"MillisecondPulsars","floor":33.0},{"not_picked":["FairyDestructionRay","ShootTheMoon+1"],"picked":"MilkyWay+1","floor":35.0},{"not_picked":["FairyDestructionRay","DoubleSpark+1"],"picked":"Singularity","floor":40.0},{"not_picked":["SporeBomb+1","MysteriousBeam+1"],"picked":"ManaRampage","floor":41.0},{"not_picked":["StarlightTyphoon+1","MilkyWay+1","DarkSpark+1"],"picked":"SKIP","floor":42.0},{"not_picked":["WitchOfGreed","BigCrunch"],"picked":"MysteriousBeam+1","floor":44.0},{"not_picked":["IllusionStar","SuperPerseids"],"picked":"EarthLightRay","floor":44.0},{"not_picked":["GravityBeat+1","WitchLeyline+1","IllusionStar+1"],"picked":"SKIP","floor":45},{"not_picked":["DoubleSpark","GrandCross"],"picked":"MachineGunSpark+1","floor":46},{"not_picked":["Robbery+1","MysteriousBeam+1","GasGiant"],"picked":"SKIP","floor":47},{"not_picked":["WitchOfGreed","FairyDestructionRay"],"picked":"PulseMagic","floor":48}],"player_experience":759170,"relics_obtained":[{"floor":6.0,"key":"hubris:GlazedTorus"},{"floor":9.0,"key":"Ginger"},{"floor":10.0,"key":"Kunai"},{"floor":12.0,"key":"conspire:Boomerang"},{"floor":14.0,"key":"Iron Hammer"},{"floor":24.0,"key":"ShroomBag"},{"floor":26.0,"key":"Smiling Mask"},{"floor":27.0,"key":"Regal Pillow"},{"floor":29.0,"key":"Pen Nib"},{"floor":40.0,"key":"Dream Catcher"},{"floor":40.0,"key":"Orichalcum"},{"floor":42.0,"key":"Unceasing Top"},{"floor":42.0,"key":"Replay:Baseball"},{"floor":43.0,"key":"Bottled Lightning"},{"floor":47,"key":"Happy Flower"},{"floor":47,"key":"Letter Opener"}],"event_choices":[{"damage_healed":0.0,"max_hp_gain":0.0,"max_hp_loss":0.0,"gold_gain":0.0,"event_name":"conspire:Investor","player_choice":"Leave","floor":36.0,"gold_loss":0.0,"damage_taken":0.0}],"is_beta":false,"boss_relics":[{"not_picked":["Sozu","hubris:ScarierMask"],"picked":"Abe\u0027s Treasure"},{"not_picked":["ReplayTheSpireMod:DimensionalGlitch","Replay:Wanted Poster"],"picked":"Black Star"}],"items_purged_floors":[3,21,39],"is_endless":false,"potions_floor_spawned":[5,14,22,24,25,31,33,35,45,47,48],"killed_by":"Hallownest:BossHollowKnight","ascension_level":1}}