{"host":"1ooxfz79hmpvpehx","time":1613438538,"event":{"mods":["BaseMod","Better Altar","Better Match","Better Note","Better Sensory Stone","Better Skull","Better Third Choice","Infinite Spire","Marked Mod","Minty Spire (QoL Compilation)","Quick Restart","RNG Fix","Replay The Spire","StSLib","SuperFastMode"],"gold_per_floor":[110,70,70,86,86,86,11,41,53,83,128,140,106,218,230,337,349,379,391,417,443,471,483,495,495],"floor_reached":24,"language":"ENG","playtime":499,"items_purged":["Defend_B"],"score":254,"play_id":"d9d58495-0af0-4846-a413-0abd31b107df","local_time":"20210215222218","is_ascension_mode":false,"campfire_choices":[{"data":"Zap","floor":6.0,"key":"SMITH"},{"data":"Doom and Gloom","floor":12.0,"key":"SMITH"},{"floor":15.0,"key":"DIG"},{"data":"Double Energy","floor":23.0,"key":"SMITH"},{"data":"White Noise","floor":23.0,"key":"SMITH"}],"circlet_count":0,"master_deck":["Strike_B","Strike_B","Strike_B","Strike_B","Defend_B","Defend_B","Defend_B","Zap+1","Dualcast","infinitespire:UltimateForm+1","Sweeping Beam","Doom and Gloom+1","Conserve Battery","Amplify","Pain","betterMatch:CurseCard","Clumsy","Double Energy+1","White Noise+1","Conserve Battery"],"relics":["Cracked Core","NeowsBlessing","MawBank","PreservedInsect","betterThird:SlimedRelic","Lizard Tail","Replay:Ancient Bell","Ancient Tea Set","Darkstone Periapt","Replay:Arrowhead"],"acts_visited":["Exordium","TheCity"],"potions_floor_usage":[],"damage_taken":[{"damage":0.0,"enemies":"Cultist","floor":1.0,"turns":1.0},{"damage":0.0,"enemies":"2 Louse","floor":4.0,"turns":1.0},{"damage":0.0,"enemies":"Lagavulin","floor":8.0,"turns":2.0},{"damage":8.0,"enemies":"Jaw Worm","floor":10.0,"turns":3.0},{"damage":23.0,"enemies":"Gremlin Nob","floor":11.0,"turns":4.0},{"damage":2.0,"enemies":"Hexaghost","floor":16.0,"turns":5.0},{"damage":12.0,"enemies":"Chosen","floor":18.0,"turns":5.0},{"damage":13.0,"enemies":"2 Thieves","floor":20.0,"turns":3.0},{"damage":64.0,"enemies":"Cultist and Chosen","floor":21.0,"turns":7.0},{"damage":27.0,"enemies":"Centurion and Healer","floor":22.0,"turns":5.0},{"damage":26,"enemies":"Snake Plant","floor":24,"turns":5}],"seed_played":"1735203203003186189","potions_obtained":[{"floor":2.0,"key":"DistilledChaos"},{"floor":2.0,"key":"SneckoOil"},{"floor":2.0,"key":"EntropicBrew"},{"floor":4.0,"key":"CultistPotion"},{"floor":11.0,"key":"Reflective Coating"},{"floor":16.0,"key":"Fire Potion"},{"floor":18.0,"key":"Strength Potion"}],"is_trial":false,"path_per_floor":["M","?","?","M","?","R","$","E","T","M","E","R","?","?","R","B",null,"M","?","M","M","M","R","M"],"character_chosen":"DEFECT","items_purchased":[],"campfire_rested":0,"item_purchase_floors":[],"current_hp_per_floor":[75,75,58,58,58,58,58,58,58,50,27,27,16,16,16,14,93,81,81,68,4,26,26,0,0],"gold":495,"neow_bonus":"THREE_ENEMY_KILL","is_daily":false,"chose_seed":false,"campfire_upgraded":4,"win_rate":0.0,"timestamp":1613438538,"path_taken":["M","?","?","M","?","R","$","E","T","?","E","R","?","?","R","BOSS","M","?","?","M","M","R","M"],"items_purchased_type":[],"build_version":"2020-12-22","purchased_purges":1,"victory":false,"max_hp_per_floor":[75,75,75,75,75,75,75,75,75,75,75,75,75,75,75,75,93,93,93,93,93,93,93,93,93],"card_choices":[{"not_picked":["Ball Lightning","ReplayTheSpireMod:Calculation Training","Redo"],"picked":"SKIP","floor":1.0},{"not_picked":["infinitespire:TheBestDefense","infinitespire:Menacing"],"picked":"infinitespire:UltimateForm","floor":3.0},{"not_picked":["Steam Power","Coolheaded"],"picked":"Sweeping Beam","floor":4.0},{"not_picked":["Multi-Cast","Beam Cell"],"picked":"Doom and Gloom","floor":8.0},{"not_picked":["ReplaySort","Cold Snap"],"picked":"Conserve Battery","floor":10.0},{"not_picked":["Ball Lightning","Barrage","Coolheaded"],"picked":"SKIP","floor":11.0},{"not_picked":["Multi-Cast","Biased Cognition"],"picked":"Amplify","floor":16.0},{"not_picked":["Writhe","Parasite"],"picked":"Pain","floor":17.0},{"not_picked":["Clumsy","Regret"],"picked":"betterMatch:CurseCard","floor":17.0},{"not_picked":["Pain","Regret"],"picked":"Clumsy","floor":17.0},{"not_picked":["FTL","Ball Lightning"],"picked":"Double Energy","floor":18.0},{"not_picked":["BootSequence","BasicCrystalCard"],"picked":"White Noise","floor":20.0},{"not_picked":["BasicCrystalCard","Reinforced Body"],"picked":"Conserve Battery","floor":21.0},{"not_picked":["Consume+1","BasicCrystalCard+1","Beam Cell"],"picked":"SKIP","floor":22.0}],"player_experience":16661,"relics_obtained":[{"floor":8.0,"key":"MawBank"},{"floor":11.0,"key":"PreservedInsect"},{"floor":15.0,"key":"Lizard Tail"}],"event_choices":[{"damage_healed":0.0,"max_hp_gain":0.0,"max_hp_loss":0.0,"gold_gain":0.0,"event_name":"The Woman in Blue","player_choice":"Bought 3 Potions","floor":2.0,"gold_loss":0.0,"damage_taken":0.0},{"damage_healed":0.0,"max_hp_gain":0.0,"max_hp_loss":0.0,"gold_gain":0.0,"event_name":"Upgrade Shrine","player_choice":"Upgraded","floor":5.0,"gold_loss":0.0,"damage_taken":0.0,"cards_upgraded":["infinitespire:UltimateForm"]},{"damage_healed":0.0,"max_hp_gain":0.0,"max_hp_loss":0.0,"gold_gain":0.0,"event_name":"betterThird:BetterGoop","player_choice":"Slimed","floor":13.0,"gold_loss":46.0,"damage_taken":11.0},{"damage_healed":0.0,"max_hp_gain":0.0,"max_hp_loss":0.0,"gold_gain":100.0,"event_name":"Golden Shrine","player_choice":"Pray","floor":14.0,"gold_loss":0.0,"damage_taken":0.0},{"cards_removed":["Pain"],"damage_healed":0.0,"max_hp_gain":0.0,"max_hp_loss":0.0,"gold_gain":0.0,"event_name":"betterNote:BetterNote","player_choice":"Give","floor":19.0,"gold_loss":0.0,"damage_taken":0.0,"cards_obtained":["Strike_B"]}],"is_beta":false,"boss_relics":[{"not_picked":["Fusion Hammer","Kintsugi"],"picked":"Replay:Ancient Bell"},{"not_picked":["MealTicket","Blue Doll"],"picked":"Ancient Tea Set"},{"not_picked":["Letter Opener","Divine Protection"],"picked":"Darkstone Periapt"},{"not_picked":["infinitespire:CursedDice","Du-Vu Doll"],"picked":"Replay:Arrowhead"}],"items_purged_floors":[7],"is_endless":false,"potions_floor_spawned":[4,11,16,18],"killed_by":"Snake Plant","ascension_level":0}}