{"host":"7e6a7vfmtx61a48y","time":1613487620,"event":{"mods":["BaseMod","Better Note","BetterRewards","Block Reminder","Colored Powertips","Curses Come First","Gremlin Skip","Hubris","Minty Spire (QoL Compilation)","Quick Restart","Rare Cards Sparkle","Reliquary","StSLib","SuperFastMode"],"gold_per_floor":[111,127,52,63,63,63,94,94,170,170,185,212,212,212,212,311,311,321,333,333,333,333,333,351,386,386,401,418,72,86,99,99,99,99],"floor_reached":33,"language":"ENG","playtime":1288,"items_purged":["Defend_R"],"score":443,"play_id":"d6ff8ddc-5d49-4008-8f0e-1db5a99a35cd","local_time":"20210216230020","is_ascension_mode":true,"campfire_choices":[{"data":"Armaments","floor":6.0,"key":"SMITH"},{"data":"Cleave","floor":10.0,"key":"SMITH"},{"data":"Bash","floor":13.0,"key":"SMITH"},{"data":"Perfected Strike","floor":15.0,"key":"SMITH"},{"data":"Shockwave","floor":23.0,"key":"SMITH"},{"floor":32.0,"key":"REST"}],"circlet_count":0,"master_deck":["AscendersBane","Strike_R+1","Strike_R+1","Strike_R+1","Strike_R+1","Defend_R+1","Defend_R+1","Defend_R+1","Bash+1","Armaments+1","Cleave+1","Twin Strike","Inflame","Anger","Perfected Strike+1","Limit Break","Shockwave+1","Iron Wave","Seeing Red","hubris:StunningStrike"],"relics":["Burning Blood","hubris:Icosahedron","Smiling Mask","Sundial","reliquary:MedicineBall","reliquary:Aerogel","Black Star","MutagenicStrength","hubris:Zylophone","Orichalcum","reliquary:PorcupineQuills","reliquary:RoseTintedGlasses"],"acts_visited":["Exordium","TheCity"],"potions_floor_usage":[33],"damage_taken":[{"damage":1.0,"enemies":"Cultist","floor":1.0,"turns":4.0},{"damage":4.0,"enemies":"2 Louse","floor":2.0,"turns":3.0},{"damage":10.0,"enemies":"Jaw Worm","floor":4.0,"turns":4.0},{"damage":27.0,"enemies":"3 Sentries","floor":7.0,"turns":8.0},{"damage":0.0,"enemies":"Gremlin Gang","floor":11.0,"turns":3.0},{"damage":5.0,"enemies":"Gremlin Nob","floor":12.0,"turns":3.0},{"damage":39.0,"enemies":"Hexaghost","floor":16.0,"turns":6.0},{"damage":20.0,"enemies":"Shell Parasite","floor":18.0,"turns":5.0},{"damage":13.0,"enemies":"Spheric Guardian","floor":19.0,"turns":4.0},{"damage":35.0,"enemies":"Centurion and Healer","floor":24.0,"turns":4.0},{"damage":30.0,"enemies":"Slavers","floor":25.0,"turns":5.0},{"damage":16.0,"enemies":"Sentry and Sphere","floor":27.0,"turns":4.0},{"damage":5.0,"enemies":"Cultist and Chosen","floor":28.0,"turns":3.0},{"damage":9.0,"enemies":"Centurion and Healer","floor":30.0,"turns":3.0},{"damage":5.0,"enemies":"Snecko","floor":31.0,"turns":3.0},{"damage":42,"enemies":"Automaton","floor":33,"turns":4}],"seed_played":"-4319239404085613692","potions_obtained":[{"floor":1.0,"key":"DuplicationPotion"},{"floor":7.0,"key":"DistilledChaos"},{"floor":11.0,"key":"FairyPotion"},{"floor":18.0,"key":"Block Potion"},{"floor":24.0,"key":"EssenceOfSteel"},{"floor":25.0,"key":"BlessingOfTheForge"},{"floor":30.0,"key":"SkillPotion"},{"floor":31.0,"key":"FearPotion"}],"is_trial":false,"path_per_floor":["M","M","$","M","?","R","E","T","T","R","M","E","R","?","R","B",null,"M","M","?","?","?","R","M","E","T","M","M","$","M","M","R","B"],"character_chosen":"IRONCLAD","items_purchased":["hubris:StunningStrike","Energy Potion","reliquary:RoseTintedGlasses","Ancient Potion"],"campfire_rested":1,"item_purchase_floors":[29,29,29,29],"current_hp_per_floor":[85,87,87,83,83,83,62,62,62,62,68,69,69,69,69,36,75,61,54,54,54,54,54,25,27,27,17,18,18,15,16,42,0,0],"gold":99,"neow_bonus":"TEN_PERCENT_HP_BONUS","is_daily":false,"chose_seed":false,"campfire_upgraded":5,"win_rate":0.0,"timestamp":1613487620,"path_taken":["M","M","$","?","?","R","E","?","T","R","?","E","R","?","R","BOSS","M","?","?","?","?","R","?","E","T","M","M","$","M","M","R","BOSS"],"items_purchased_type":["Card","Potion","Relic","Potion"],"build_version":"2020-12-22","purchased_purges":1,"victory":false,"max_hp_per_floor":[88,88,88,88,88,88,88,88,88,88,88,88,88,88,88,88,88,88,88,88,88,88,88,88,88,88,88,88,88,88,88,88,88,88],"card_choices":[{"not_picked":["hubris:ReadiedAction","Clash"],"picked":"Armaments","floor":1.0},{"not_picked":["Hemokinesis","Clash","Wild Strike"],"picked":"SKIP","floor":2.0},{"not_picked":["Bloodletting","Pommel Strike"],"picked":"Cleave","floor":4.0},{"not_picked":["Clash","Power Through"],"picked":"Twin Strike","floor":7.0},{"not_picked":["Evolve","Juggernaut"],"picked":"Inflame","floor":11.0},{"not_picked":["Berserk","Cleave"],"picked":"Anger","floor":12.0},{"not_picked":["Double Tap","Bludgeon"],"picked":"Limit Break","floor":16.0},{"not_picked":["Body Slam","Perfected Strike"],"picked":"Shockwave","floor":18.0},{"not_picked":["Body Slam","Uppercut","Pommel Strike"],"picked":"SKIP","floor":19.0},{"not_picked":["Feel No Pain","Iron Wave","Burning Pact"],"picked":"SKIP","floor":24.0},{"not_picked":["Havoc","Shrug It Off"],"picked":"Iron Wave","floor":25.0},{"not_picked":["Body Slam","Pommel Strike+1"],"picked":"Seeing Red","floor":27.0},{"not_picked":["Second Wind","Twin Strike","Thunderclap"],"picked":"SKIP","floor":28.0},{"not_picked":["Ghostly Armor","Power Through","Immolate"],"picked":"SKIP","floor":30.0},{"not_picked":["Armaments","Thunderclap","Perfected Strike"],"picked":"SKIP","floor":31.0}],"player_experience":360181,"relics_obtained":[{"floor":7.0,"key":"Smiling Mask"},{"floor":8.0,"key":"Sundial"},{"floor":9.0,"key":"reliquary:MedicineBall"},{"floor":12.0,"key":"reliquary:Aerogel"},{"floor":25.0,"key":"hubris:Zylophone"},{"floor":25.0,"key":"Orichalcum"},{"floor":26.0,"key":"reliquary:PorcupineQuills"}],"event_choices":[{"damage_healed":0.0,"max_hp_gain":0.0,"max_hp_loss":0.0,"gold_gain":0.0,"cards_transformed":["Strike_R"],"event_name":"Transmorgrifier","player_choice":"Transformed","floor":14.0,"gold_loss":0.0,"damage_taken":0.0,"cards_obtained":["Perfected Strike"]},{"damage_healed":0.0,"max_hp_gain":0.0,"max_hp_loss":0.0,"gold_gain":0.0,"event_name":"Drug Dealer","player_choice":"Inject Mutagens","floor":20.0,"gold_loss":0.0,"damage_taken":0.0,"relics_obtained":["MutagenicStrength"]},{"damage_healed":0.0,"max_hp_gain":0.0,"max_hp_loss":0.0,"gold_gain":0.0,"event_name":"Ghosts","player_choice":"Ignored","floor":21.0,"gold_loss":0.0,"damage_taken":0.0},{"damage_healed":0.0,"max_hp_gain":0.0,"max_hp_loss":0.0,"gold_gain":0.0,"event_name":"Back to Basics","player_choice":"Simplicity","floor":22.0,"gold_loss":0.0,"damage_taken":0.0,"cards_upgraded":["Strike_R","Strike_R","Strike_R","Strike_R","Defend_R","Defend_R","Defend_R"]}],"is_beta":false,"boss_relics":[{"not_picked":["Snecko Eye","Velvet Choker"],"picked":"Black Star"}],"items_purged_floors":[3],"is_endless":false,"potions_floor_spawned":[1,7,11,18,24,25,30,31],"killed_by":"Automaton","ascension_level":12}}