{"host":"80c6n8e3swdb4824","time":1613462802,"event":{"mods":["Act Like it!","BaseMod","BetterRewards","Highlight Path","Marisa£®ÏF”Í°°ƒß¿Ì…≥£©","Minty Spire (QoL Compilation)","Quick Restart","Rare Cards Sparkle","Replay The Spire","StSLib","SuperFastMode","The Cursed"],"gold_per_floor":[110,16,16,16,39,83,96,110,137,137,137,161,161,186,186,307,307,331,11,11,25,25,44,44,44,44],"floor_reached":25,"language":"ZHS","playtime":1266,"items_purged":["Strike_MRS","Strike_MRS","Defend_MRS","Defend_MRS"],"score":303,"play_id":"be9f7835-5542-481b-9931-95d3aea9fcde","local_time":"20210216160642","is_ascension_mode":false,"campfire_choices":[{"floor":10.0,"key":"RECALL"},{"data":"Acceleration","floor":13.0,"key":"SMITH"},{"data":"EarthLightRay","floor":15.0,"key":"SMITH"},{"data":"PropBag","floor":24.0,"key":"SMITH"}],"circlet_count":0,"master_deck":["Strike_MRS","Strike_MRS","Defend_MRS","Defend_MRS","MasterSpark","UpSweep","PropBag+1","Flash of Steel","Acceleration+1","MysteriousBeam+1","6A+1","Master of Strategy","OrrerysSun","Flash of Steel","ShootingEcho","WitchLeyline","Acceleration","EarthLightRay+1","AbsoluteMagnitude","Violence","Parasite","Parasite","PropBag+1"],"relics":["MiniHakkero","Golden Idol","Vajra","Coffee Dripper","ShroomBag"],"acts_visited":["Exordium","TheCity"],"potions_floor_usage":[],"damage_taken":[{"damage":0.0,"enemies":"Small Slimes","floor":1.0,"turns":2.0},{"damage":1.0,"enemies":"Jaw Worm","floor":5.0,"turns":3.0},{"damage":3.0,"enemies":"Lagavulin","floor":6.0,"turns":5.0},{"damage":0.0,"enemies":"Cultist","floor":7.0,"turns":2.0},{"damage":2.0,"enemies":"Blue Slaver","floor":8.0,"turns":2.0},{"damage":0.0,"enemies":"Lots of Slimes","floor":12.0,"turns":1.0},{"damage":3.0,"enemies":"Large Slime","floor":14.0,"turns":2.0},{"damage":13.0,"enemies":"Fading Forest","floor":16.0,"turns":11.0},{"damage":0.0,"enemies":"Chosen","floor":18.0,"turns":3.0},{"damage":0.0,"enemies":"Spheric Guardian","floor":21.0,"turns":1.0},{"damage":1.0,"enemies":"Shelled Parasite and Fungi","floor":23.0,"turns":2.0},{"damage":0,"enemies":"Centurion and Healer","floor":25,"turns":1}],"seed_played":"5044186338293242723","potions_obtained":[{"floor":4.0,"key":"ColorlessPotion"},{"floor":4.0,"key":"Ancient Potion"},{"floor":4.0,"key":"Weak Potion"},{"floor":16.0,"key":"Explosive Potion"},{"floor":18.0,"key":"DistilledChaos"}],"is_trial":false,"path_per_floor":["M","$","?","?","M","E","M","M","T","R","?","M","R","M","R","B",null,"M","$","?","M","?","M","R","M"],"character_chosen":"MARISA","items_purchased":["PropBag+1","Flash of Steel","Acceleration","MysteriousBeam","6A+1","Master of Strategy","Flash of Steel","Violence"],"campfire_rested":0,"item_purchase_floors":[0,0,0,0,0,0,2,19],"current_hp_per_floor":[39,39,39,39,38,35,35,33,33,33,33,33,33,30,30,33,69,69,69,69,69,69,69,69,69,69],"gold":44,"neow_bonus":"","is_daily":false,"chose_seed":false,"campfire_upgraded":3,"win_rate":0.0,"timestamp":1613462802,"path_taken":["M","$","?","?","M","E","M","?","T","R","?","M","R","?","R","BOSS","M","$","?","M","?","M","R","?"],"items_purchased_type":["Card","Card","Card","Card","Card","Card","Card","Card"],"build_version":"2020-12-22","purchased_purges":4,"victory":false,"max_hp_per_floor":[75,75,69,69,69,69,69,69,69,69,69,69,69,69,69,69,69,69,69,69,69,69,69,69,69,69],"card_choices":[{"not_picked":["ChargeUpSpray","SporeBomb"],"picked":"OrrerysSun","floor":1.0},{"not_picked":["MagicAbsorber","6A"],"picked":"ShootingEcho","floor":5.0},{"not_picked":["PowerUp","GrandCross"],"picked":"WitchLeyline","floor":6.0},{"not_picked":["MysteriousBeam","SporeBomb"],"picked":"Acceleration","floor":7.0},{"not_picked":["ChargeUpSpray","NonDirectionalLaser","SporeBomb"],"picked":"SKIP","floor":8.0},{"not_picked":["DarkMatter","ShootingEcho","BigCrunch"],"picked":"SKIP","floor":12.0},{"not_picked":["NonDirectionalLaser","WitchLeyline"],"picked":"EarthLightRay","floor":14.0},{"not_picked":["BigCrunch","MaximisePower"],"picked":"AbsoluteMagnitude","floor":16.0},{"not_picked":["IllusionStar","6A","AsteroidBelt+1"],"picked":"SKIP","floor":18.0},{"not_picked":["MysteriousBeam","PowerUp","MilkyWay+1"],"picked":"SKIP","floor":21.0},{"not_picked":["NonDirectionalLaser","IllusionStar"],"picked":"PropBag","floor":23.0}],"player_experience":213595,"relics_obtained":[{"floor":6.0,"key":"Vajra"}],"event_choices":[{"damage_healed":0.0,"max_hp_gain":0.0,"max_hp_loss":6.0,"gold_gain":0.0,"event_name":"Golden Idol","player_choice":"Lose Max HP","floor":3.0,"gold_loss":0.0,"damage_taken":0.0,"relics_obtained":["Golden Idol"]},{"damage_healed":0.0,"max_hp_gain":0.0,"max_hp_loss":0.0,"gold_gain":0.0,"event_name":"Lab","player_choice":"Got Potions","floor":4.0,"gold_loss":0.0,"damage_taken":0.0},{"damage_healed":0.0,"max_hp_gain":0.0,"max_hp_loss":0.0,"gold_gain":0.0,"event_name":"Accursed Blacksmith","player_choice":"Forge","floor":11.0,"gold_loss":0.0,"damage_taken":0.0,"cards_upgraded":["MysteriousBeam"]},{"cards_removed":["Shame"],"damage_healed":0.0,"max_hp_gain":0.0,"max_hp_loss":0.0,"gold_gain":0.0,"event_name":"Purifier","player_choice":"Purged","floor":22.0,"gold_loss":0.0,"damage_taken":0.0}],"is_beta":false,"boss_relics":[{"not_picked":["Abe\u0027s Treasure","Tiny House"],"picked":"Coffee Dripper"}],"items_purged_floors":[0,0,0,19],"is_endless":false,"potions_floor_spawned":[5,7,8,14,16,18],"killed_by":"Centurion and Healer","ascension_level":0}}