{"host":"i09pxcjttd31eh4q","time":1613481847,"event":{"mods":["AchievementEnabler","BaseMod","Colored Map","Keyboard Shortcuts","Minty Spire (QoL Compilation)","StSLib","SuperFastMode"],"gold_per_floor":[113,188,238,251,269,269,269,269,295,295,311,117,132,52,52,128,128,146,146,80,80,80,98,118,144,171,171,171],"floor_reached":27,"language":"KOR","playtime":626,"items_purged":["Strike_G","Strike_G"],"score":442,"play_id":"a6b2c4f6-49cd-42c9-91cd-b02e582d39da","local_time":"20210216222407","is_ascension_mode":true,"campfire_choices":[{"data":"Prepared","floor":7.0,"key":"SMITH"},{"data":"Bouncing Flask","floor":15.0,"key":"SMITH"}],"circlet_count":0,"master_deck":["AscendersBane","Strike_G","Strike_G+1","Defend_G","Defend_G+1","Defend_G","Defend_G","Survivor+1","Neutralize+1","Prepared+1","Dagger Throw","Reflex","Bouncing Flask+1","Burst","Malaise","Finisher","Concentrate","Reflex+1","Prepared"],"relics":["Ring of the Snake","NeowsBlessing","The Courier","War Paint","Bag of Preparation","Black Star","Potion Belt","Bronze Scales","Snake Skull"],"acts_visited":["Exordium","TheCity"],"potions_floor_usage":[25,27],"damage_taken":[{"damage":0.0,"enemies":"Small Slimes","floor":1.0,"turns":1.0},{"damage":0.0,"enemies":"Cultist","floor":4.0,"turns":1.0},{"damage":0.0,"enemies":"2 Louse","floor":5.0,"turns":1.0},{"damage":0.0,"enemies":"Large Slime","floor":11.0,"turns":3.0},{"damage":0.0,"enemies":"Blue Slaver","floor":13.0,"turns":6.0},{"damage":9.0,"enemies":"The Guardian","floor":16.0,"turns":7.0},{"damage":8.0,"enemies":"Shell Parasite","floor":18.0,"turns":7.0},{"damage":22,"enemies":"3 Byrds","floor":23,"turns":6},{"damage":11,"enemies":"Shelled Parasite and Fungi","floor":24,"turns":8},{"damage":9,"enemies":"Book of Stabbing","floor":25,"turns":5},{"damage":3,"enemies":"Slavers","floor":27,"turns":3}],"seed_played":"8582863654525716025","potions_obtained":[{"floor":4.0,"key":"SteroidPotion"},{"floor":5.0,"key":"Regen Potion"},{"floor":11.0,"key":"LiquidMemories"},{"floor":23,"key":"Poison Potion"},{"floor":24,"key":"PowerPotion"},{"floor":25,"key":"Ancient Potion"}],"is_trial":false,"path_per_floor":["M","?","?","M","M","?","R","?","T","?","M","$","M","$","R","B",null,"M","?","$","?","?","M","M","E","T","E"],"character_chosen":"THE_SILENT","items_purchased":["Bag of Preparation","Concentrate"],"campfire_rested":0,"item_purchase_floors":[12,20],"current_hp_per_floor":[59,48,48,48,48,28,28,23,23,23,23,23,38,38,38,29,57,49,49,49,49,49,27,16,7,7,4,4],"gold":171,"neow_bonus":"THREE_ENEMY_KILL","is_daily":false,"chose_seed":false,"campfire_upgraded":2,"win_rate":0.0,"timestamp":1613481847,"path_taken":["M","?","?","M","?","?","R","?","T","?","M","$","M","?","R","BOSS","M","?","$","?","?","M","M","E","T","E"],"items_purchased_type":["Relic","Card"],"build_version":"2020-12-22","purchased_purges":2,"victory":false,"max_hp_per_floor":[66,66,66,66,66,66,66,66,66,66,66,66,66,66,66,66,66,66,66,66,66,66,66,66,66,66,66,66],"card_choices":[{"not_picked":["Deadly Poison","Terror"],"picked":"Prepared","floor":1.0},{"not_picked":["Bane","PiercingWail"],"picked":"Dagger Throw","floor":4.0},{"not_picked":["Crippling Poison","Deadly Poison","Outmaneuver"],"picked":"SKIP","floor":5.0},{"not_picked":["Outmaneuver","Terror"],"picked":"Reflex","floor":11.0},{"not_picked":["Finisher","Unload"],"picked":"Bouncing Flask","floor":13.0},{"not_picked":["Envenom","Die Die Die"],"picked":"Burst","floor":16.0},{"not_picked":["Sucker Punch","Poisoned Stab","Dagger Throw"],"picked":"SKIP","floor":18.0},{"not_picked":["Poisoned Stab","Flying Knee"],"picked":"Reflex+1","floor":23},{"not_picked":["Outmaneuver","Heel Hook","Bane"],"picked":"SKIP","floor":24},{"not_picked":["Blade Dance","Sucker Punch"],"picked":"Prepared","floor":25}],"player_experience":912923,"relics_obtained":[{"floor":9.0,"key":"War Paint"},{"floor":25,"key":"Potion Belt"},{"floor":25,"key":"Bronze Scales"},{"floor":26,"key":"Snake Skull"}],"event_choices":[{"damage_healed":0.0,"max_hp_gain":0.0,"max_hp_loss":0.0,"gold_gain":75.0,"event_name":"World of Goop","player_choice":"Gather Gold","floor":2.0,"gold_loss":0.0,"damage_taken":11.0},{"damage_healed":0.0,"max_hp_gain":0.0,"max_hp_loss":0.0,"gold_gain":50.0,"event_name":"Golden Shrine","player_choice":"Pray","floor":3.0,"gold_loss":0.0,"damage_taken":0.0},{"damage_healed":0.0,"max_hp_gain":0.0,"max_hp_loss":0.0,"gold_gain":0.0,"event_name":"Shining Light","player_choice":"Entered Light","floor":6.0,"gold_loss":0.0,"damage_taken":20.0,"cards_upgraded":["Strike_G","Neutralize"]},{"damage_healed":0.0,"max_hp_gain":0.0,"max_hp_loss":0.0,"gold_gain":0.0,"event_name":"Scrap Ooze","player_choice":"Success","floor":8.0,"gold_loss":0.0,"damage_taken":5.0,"relics_obtained":["The Courier"]},{"damage_healed":0.0,"max_hp_gain":0.0,"max_hp_loss":0.0,"gold_gain":0.0,"event_name":"Liars Game","player_choice":"Ignored","floor":10.0,"gold_loss":0.0,"damage_taken":0.0},{"damage_healed":0,"gold_gain":0,"cards_transformed":["Strike_G","Defend_G"],"player_choice":"Became Test Subject","damage_taken":0,"max_hp_gain":0,"max_hp_loss":0,"event_name":"Drug Dealer","floor":19,"gold_loss":0,"cards_obtained":["Malaise","Finisher"]},{"damage_healed":0,"gold_gain":0,"player_choice":"Ignored","damage_taken":0,"max_hp_gain":0,"max_hp_loss":0,"event_name":"Vampires","floor":21,"gold_loss":0}],"is_beta":false,"boss_relics":[{"not_picked":["Sozu","Coffee Dripper"],"picked":"Black Star"}],"items_purged_floors":[12,14],"is_endless":false,"potions_floor_spawned":[4,5,11,23,24,25],"killed_by":"Slavers","ascension_level":20}}