{"host":"n95r2z13dwkl182w","time":1613454705,"event":{"mods":["2.2 Compatiblity","AchievementEnabler","BaseMod","Colored Map","Hermit","Marisa£¨Ùöéë¡¡Øª×âÞÞ£©","Minty Spire (QoL Compilation)","StSLib","SuperFastMode","The Poker Player","everything is the same but u backflip on backflip"],"gold_per_floor":[109,109,184,201,56,91,101,101,127,302,302,316,85,95,95,193,193,204,204,119,70,80,80,107,107,183,183,194,210,210,226,226,323,323,333,351,112,112,124,150,150,180,180,180,180,180,180,205,205,205,205],"floor_reached":50,"language":"KOR","playtime":1339,"items_purged":["Doubt"],"score":707,"play_id":"d00cc1fd-6dae-4f10-97d4-2bf05e29cea8","local_time":"20210216145145","is_ascension_mode":true,"campfire_choices":[{"data":"Bash","floor":8.0,"key":"SMITH"},{"data":"Pommel Strike","floor":15.0,"key":"SMITH"},{"data":"Juggernaut","floor":23.0,"key":"SMITH"},{"data":"Ghostly","floor":25.0,"key":"SMITH"},{"data":"Ghostly","floor":30.0,"key":"SMITH"},{"data":"Ghostly","floor":32.0,"key":"SMITH"},{"data":"Ghostly","floor":41.0,"key":"SMITH"},{"data":"Ghostly","floor":44.0,"key":"SMITH"},{"data":"Pommel Strike","floor":46.0,"key":"SMITH"},{"data":"Seeing Red","floor":49,"key":"SMITH"}],"circlet_count":0,"master_deck":["Strike_R","Strike_R+1","Strike_R","Strike_R","Strike_R","Defend_R","Defend_R","Defend_R","Defend_R","Bash+1","Perfected Strike","Perfected Strike+1","Pommel Strike+1","Juggernaut+1","Twin Strike","Ghostly+1","Ghostly+1","Ghostly+1","Ghostly+1","Ghostly+1","Shrug It Off","Twin Strike+1","Twin Strike","Feed","Feed","Twin Strike","Pommel Strike+1","Seeing Red+1","Madness","Madness"],"relics":["Black Blood","NeowsBlessing","Toy Ornithopter","Oddly Smooth Stone","Bag of Preparation","Lantern","MealTicket","Whetstone","Mark of Pain","Nunchaku","Matryoshka","Paper Frog","InkBottle","Eternal Feather","Happy Flower","Frozen Egg 2","Juzu Bracelet","Gremlin Horn","Ice Cream"],"acts_visited":["Exordium","TheCity","TheBeyond"],"potions_floor_usage":[50],"damage_taken":[{"damage":0.0,"enemies":"Jaw Worm","floor":1.0,"turns":1.0},{"damage":0.0,"enemies":"2 Louse","floor":4.0,"turns":1.0},{"damage":0.0,"enemies":"Lagavulin","floor":6.0,"turns":1.0},{"damage":0.0,"enemies":"Cultist","floor":7.0,"turns":3.0},{"damage":6.0,"enemies":"Large Slime","floor":12.0,"turns":5.0},{"damage":0.0,"enemies":"Exordium Wildlife","floor":14.0,"turns":1.0},{"damage":56.0,"enemies":"Hexaghost","floor":16.0,"turns":9.0},{"damage":12.0,"enemies":"3 Byrds","floor":18.0,"turns":5.0},{"damage":2.0,"enemies":"Chosen","floor":22.0,"turns":4.0},{"damage":25.0,"enemies":"Slavers","floor":24.0,"turns":5.0},{"damage":0.0,"enemies":"Snake Plant","floor":28.0,"turns":1.0},{"damage":1.0,"enemies":"Snecko","floor":29.0,"turns":4.0},{"damage":1.0,"enemies":"Centurion and Healer","floor":31.0,"turns":4.0},{"damage":1.0,"enemies":"Automaton","floor":33.0,"turns":9.0},{"damage":12.0,"enemies":"3 Darklings","floor":35.0,"turns":7.0},{"damage":9.0,"enemies":"Orb Walker","floor":36.0,"turns":3.0},{"damage":9.0,"enemies":"4 Shapes","floor":39.0,"turns":5.0},{"damage":21.0,"enemies":"Giant Head","floor":40.0,"turns":8.0},{"damage":19.0,"enemies":"Nemesis","floor":42.0,"turns":5.0},{"damage":30,"enemies":"Reptomancer","floor":48,"turns":7},{"damage":101,"enemies":"Time Eater","floor":50,"turns":10}],"seed_played":"1875861790065119612","potions_obtained":[{"floor":4.0,"key":"PowerPotion"},{"floor":12.0,"key":"Explosive Potion"},{"floor":14.0,"key":"LiquidMemories"},{"floor":24.0,"key":"EssenceOfSteel"},{"floor":29.0,"key":"SteroidPotion"},{"floor":31.0,"key":"Strength Potion"},{"floor":35.0,"key":"LiquidMemories"},{"floor":36.0,"key":"ColorlessPotion"},{"floor":48,"key":"Weak Potion"}],"is_trial":false,"path_per_floor":["M","?","?","M","$","E","M","R","T","?","T","M","$","M","R","B",null,"M","?","?","$","M","R","E","R","T","?","M","M","R","M","R","B",null,"M","M","$","?","M","E","R","E","T","R","?","R","?","E","R","B"],"character_chosen":"IRONCLAD","items_purchased":["Oddly Smooth Stone","Whetstone","Shrug It Off","Eternal Feather"],"campfire_rested":0,"item_purchase_floors":[5,13,21,37],"current_hp_per_floor":[80,68,57,63,63,69,75,75,75,75,75,75,80,80,80,30,80,74,40,40,40,40,40,21,21,21,16,22,30,30,43,43,51,51,51,51,51,51,57,53,57,53,53,60,52,60,60,42,60,0,0],"gold":205,"neow_bonus":"THREE_ENEMY_KILL","is_daily":false,"chose_seed":false,"campfire_upgraded":10,"win_rate":0.0,"timestamp":1613454705,"path_taken":["M","?","?","M","$","E","M","R","T","?","?","M","$","M","R","BOSS","M","?","?","$","M","R","E","R","T","?","?","M","R","M","R","BOSS","M","M","$","?","M","E","R","E","T","R","?","R","?","E","R","BOSS"],"items_purchased_type":["Relic","Relic","Card","Relic"],"build_version":"2020-12-22","purchased_purges":1,"victory":false,"max_hp_per_floor":[80,80,80,80,80,80,80,80,80,80,80,80,80,80,80,80,80,80,40,40,40,40,40,40,40,40,45,45,48,48,51,51,51,51,51,51,51,51,57,57,57,60,60,60,60,60,60,60,60,60,60],"card_choices":[{"not_picked":["Anger","Twin Strike"],"picked":"Perfected Strike","floor":1.0},{"not_picked":["True Grit","Clash"],"picked":"Perfected Strike","floor":4.0},{"not_picked":["Rampage","Heavy Blade","Warcry"],"picked":"SKIP","floor":6.0},{"not_picked":["Shrug It Off","Sentinel","Heavy Blade"],"picked":"SKIP","floor":7.0},{"not_picked":["Shrug It Off","Rage"],"picked":"Pommel Strike","floor":12.0},{"not_picked":["Power Through","Offering","Armaments"],"picked":"SKIP","floor":14.0},{"not_picked":["Offering","Limit Break"],"picked":"Juggernaut","floor":16.0},{"not_picked":["Dark Embrace","Intimidate"],"picked":"Twin Strike","floor":18.0},{"not_picked":["Heavy Blade","Clash"],"picked":"Twin Strike+1","floor":22.0},{"not_picked":["Armaments","Clash+1"],"picked":"Twin Strike","floor":24.0},{"not_picked":["Rage","Heavy Blade+1"],"picked":"Feed","floor":28.0},{"not_picked":["Whirlwind","Armaments"],"picked":"Shrug It Off","floor":29.0},{"not_picked":["Headbutt","Heavy Blade","Clash"],"picked":"SKIP","floor":31.0},{"not_picked":["Bludgeon","Barricade"],"picked":"Feed","floor":33.0},{"not_picked":["Dark Embrace","Sword Boomerang"],"picked":"Twin Strike","floor":35.0},{"not_picked":["Evolve+1","Headbutt+1"],"picked":"Pommel Strike","floor":36.0},{"not_picked":["Reckless Charge","Bloodletting"],"picked":"Seeing Red","floor":39.0},{"not_picked":["Demon Form","Searing Blow+1","Rage"],"picked":"SKIP","floor":40.0},{"not_picked":["Body Slam","Headbutt","Clothesline"],"picked":"SKIP","floor":42.0},{"not_picked":["Offering","Thunderclap","Feel No Pain+1"],"picked":"SKIP","floor":48}],"player_experience":88840,"relics_obtained":[{"floor":6.0,"key":"Bag of Preparation"},{"floor":9.0,"key":"Lantern"},{"floor":11.0,"key":"MealTicket"},{"floor":24.0,"key":"Matryoshka"},{"floor":26.0,"key":"Paper Frog"},{"floor":26.0,"key":"InkBottle"},{"floor":40.0,"key":"Happy Flower"},{"floor":42.0,"key":"Frozen Egg 2"},{"floor":43.0,"key":"Juzu Bracelet"},{"floor":43.0,"key":"Gremlin Horn"},{"floor":48,"key":"Ice Cream"}],"event_choices":[{"damage_healed":0.0,"max_hp_gain":0.0,"max_hp_loss":0.0,"gold_gain":0.0,"event_name":"Scrap Ooze","player_choice":"Success","floor":2.0,"gold_loss":0.0,"damage_taken":12.0,"relics_obtained":["Toy Ornithopter"]},{"damage_healed":0.0,"max_hp_gain":0.0,"max_hp_loss":0.0,"gold_gain":75.0,"event_name":"World of Goop","player_choice":"Gather Gold","floor":3.0,"gold_loss":0.0,"damage_taken":11.0},{"damage_healed":0.0,"max_hp_gain":0.0,"max_hp_loss":0.0,"gold_gain":175.0,"event_name":"Liars Game","player_choice":"AGREE","floor":10.0,"gold_loss":0.0,"damage_taken":0.0,"cards_obtained":["Doubt"]},{"damage_healed":0.0,"max_hp_gain":0.0,"max_hp_loss":40.0,"gold_gain":0.0,"event_name":"Ghosts","player_choice":"Became a Ghost","floor":19.0,"gold_loss":0.0,"damage_taken":0.0,"cards_obtained":["Ghostly","Ghostly","Ghostly","Ghostly","Ghostly"]},{"damage_healed":0.0,"max_hp_gain":0.0,"max_hp_loss":0.0,"gold_gain":0.0,"event_name":"Addict","player_choice":"Obtained Relic","floor":20.0,"gold_loss":85.0,"damage_taken":0.0,"relics_obtained":["Nunchaku"]},{"damage_healed":0.0,"max_hp_gain":5.0,"max_hp_loss":0.0,"gold_gain":0.0,"event_name":"Forgotten Altar","player_choice":"Shed Blood","floor":27.0,"gold_loss":0.0,"damage_taken":10.0},{"cards_removed":["Shrug It Off"],"damage_healed":0.0,"max_hp_gain":0.0,"max_hp_loss":0.0,"gold_gain":0.0,"event_name":"Falling","player_choice":"Removed Skill","floor":38.0,"gold_loss":0.0,"damage_taken":0.0},{"damage_healed":0.0,"max_hp_gain":0.0,"max_hp_loss":0.0,"gold_gain":0.0,"event_name":"Winding Halls","player_choice":"Embrace Madness","floor":45.0,"gold_loss":0.0,"damage_taken":8.0,"cards_obtained":["Madness","Madness"]},{"damage_healed":0.0,"max_hp_gain":0.0,"max_hp_loss":0.0,"gold_gain":0.0,"event_name":"SecretPortal","player_choice":"Ignored","floor":47.0,"gold_loss":0.0,"damage_taken":0.0}],"is_beta":false,"boss_relics":[{"not_picked":["Astrolabe","Cursed Key"],"picked":"Mark of Pain"},{"not_picked":["Empty Cage","Runic Cube"],"picked":"Black Blood"}],"items_purged_floors":[13],"is_endless":false,"potions_floor_spawned":[4,12,14,24,29,31,35,36,48],"killed_by":"Time Eater","ascension_level":3}}