{"host":"phniwng9zo19jwdb","time":1613515563,"event":{"mods":["AchievementEnabler","BaseMod","Colored Powertips","Dark Map","Faster Ascension Climbing","GifTheSpireLib","Minty Spire (QoL Compilation)","Permanent Neow","Rare Cards Sparkle","Relic Filter Mod","StSLib","Weighted Paths"],"gold_per_floor":[15,34,34,53,53,53,53],"floor_reached":6,"language":"ENG","playtime":135,"items_purged":[],"score":72,"play_id":"22dbaa17-29a3-49c0-99b4-3208b1e59767","local_time":"20210216234603","is_ascension_mode":true,"campfire_choices":[],"circlet_count":0,"master_deck":["AscendersBane","Strike_G","Strike_G","Strike_G","Strike_G","Strike_G","Defend_G","Defend_G","Defend_G","Defend_G","Defend_G","Survivor","Neutralize","Apotheosis","Dagger Spray","Poisoned Stab","Footwork"],"relics":["Ring of the Snake","Golden Idol","Eternal Feather"],"acts_visited":["Exordium"],"potions_floor_usage":[],"damage_taken":[{"damage":0,"enemies":"Jaw Worm","floor":1,"turns":5},{"damage":4,"enemies":"Small Slimes","floor":2,"turns":5},{"damage":0,"enemies":"2 Louse","floor":4,"turns":2},{"damage":11,"enemies":"3 Sentries","floor":6,"turns":4}],"seed_played":"-3382181768242361528","potions_obtained":[{"floor":4,"key":"Weak Potion"}],"is_trial":false,"path_per_floor":["M","M","?","M","T","E"],"character_chosen":"THE_SILENT","items_purchased":[],"campfire_rested":0,"item_purchase_floors":[],"current_hp_per_floor":[59,55,55,55,55,44,44],"gold":53,"neow_bonus":"RANDOM_COLORLESS_2","is_daily":false,"chose_seed":false,"campfire_upgraded":0,"win_rate":0.0,"timestamp":1613515563,"path_taken":["M","M","?","M","?","E"],"items_purchased_type":[],"build_version":"2020-12-22","purchased_purges":0,"victory":false,"max_hp_per_floor":[66,66,60,60,60,60,60],"card_choices":[{"not_picked":["Panache","Magnetism"],"picked":"Apotheosis","floor":0},{"not_picked":["Accuracy","Crippling Poison"],"picked":"Dagger Spray","floor":1},{"not_picked":["Quick Slash","Dodge and Roll"],"picked":"Poisoned Stab","floor":2},{"not_picked":["Sucker Punch","Calculated Gamble"],"picked":"Footwork","floor":4}],"player_experience":151455,"relics_obtained":[{"floor":5,"key":"Eternal Feather"}],"event_choices":[{"damage_healed":0,"gold_gain":0,"player_choice":"Lose Max HP","damage_taken":0,"relics_obtained":["Golden Idol"],"max_hp_gain":0,"max_hp_loss":6,"event_name":"Golden Idol","floor":3,"gold_loss":0}],"is_beta":false,"boss_relics":[],"items_purged_floors":[],"is_endless":false,"potions_floor_spawned":[4],"killed_by":"3 Sentries","ascension_level":20}}