{"host":"strpjp9enjjpooof","time":1613473765,"event":{"mods":["Aspiration","BaseMod","Better Altar","Better Match","Better Note","Better Sensory Stone","Better Skull","Better Third Choice","Colored Powertips","Conspire","Energized Spire","GifTheSpireLib","Halation","Hubris","Minty Spire (QoL Compilation)","Relic Filter Mod","Reliquary","Replay The Spire","Spicy Shops","Spikes Relics","StSLib","Stuff the Spire","The Blue Laboratory","Together in Spire"],"gold_per_floor":[117,133,153,81,81,116,116,186,186,199,8,8,18,49,49,152,152,167,177,190,253,265,265,20,84,107,157,207,224,251,263,263,361,361,372,495,515,545,32,57,57,57],"floor_reached":41,"language":"ENG","playtime":2430,"items_purged":[],"score":507,"play_id":"259bc1b1-593d-4600-ad7c-505b7e06db73","local_time":"20210216020925","is_ascension_mode":false,"campfire_choices":[{"data":"StuffTheSpire:Injection","floor":7,"key":"SMITH"},{"floor":12,"key":"REST"},{"data":"StuffTheSpire:ClusterCrunch","floor":15,"key":"SMITH"},{"floor":23,"key":"REST"}],"circlet_count":0,"master_deck":["Strike_G","Strike_G","Strike_G","Strike_G","Strike_G","Defend_G","Defend_G","Defend_G","Defend_G","Defend_G","Survivor","Neutralize","Underhanded Strike+1","StuffTheSpire:Injection+1","Poisoned Stab","StuffTheSpire:Python","Bullet Time+1","StuffTheSpire:ClusterCrunch","Deflect","StuffTheSpire:ClusterCrunch+1","Malaise+1","Blade Dance","Leg Sweep","PiercingWail+1","StuffTheSpire:Injection","StuffTheSpire:BrimstoneBlast+1","Expertise+1","Writhe","PiercingWail","Poisoned Stab","Doppelganger","Corpse Explosion","Blade Dance","Underhanded Strike","StuffTheSpire:Sprint","hubris:EnhanceAbility","Madness","Reforge","conspire:PoisonWeapons+1"],"relics":["Ring of the Snake","StuffTheSpire:DarkSteelAnvil","SsserpentHead","Centennial Puzzle","Letter Opener","ReplayTheSpireMod:Lightbulb","reliquary:Buckler","energizedSpire:DeadBattery","aspiration:Lifesprig","reliquary:WeakTea","reliquary:SilkGlove","Tingsha","Replay:Wax Seal","OrangePellets","aspiration:FrozenJewel","ReplayTheSpireMod:ShopPack","RollingBoulder"],"acts_visited":["Exordium","TheCity","TheBeyond"],"potions_floor_usage":[6,10,14,16,20,25,33,33],"damage_taken":[{"damage":0,"enemies":"Cultist","floor":1,"turns":1},{"damage":0,"enemies":"Small Slimes","floor":2,"turns":1},{"damage":0,"enemies":"Jaw Worm","floor":3,"turns":1},{"damage":10,"enemies":"3 Sentries","floor":6,"turns":4},{"damage":8,"enemies":"Lots of Slimes","floor":8,"turns":2},{"damage":0,"enemies":"2 Fungi Beasts","floor":10,"turns":2},{"damage":0,"enemies":"Gremlin Gang","floor":13,"turns":3},{"damage":0,"enemies":"Replay:BlueRogue","floor":14,"turns":2},{"damage":2,"enemies":"Slime Boss","floor":16,"turns":6},{"damage":6,"enemies":"Shell Parasite","floor":18,"turns":3},{"damage":0,"enemies":"conspire:FuzzyDice","floor":19,"turns":3},{"damage":0,"enemies":"Cultist and Chosen","floor":20,"turns":3},{"damage":6,"enemies":"Shelled Parasite and Fungi","floor":21,"turns":2},{"damage":0,"enemies":"Sentry and Sphere","floor":22,"turns":3},{"damage":6,"enemies":"Cultist and Chosen","floor":25,"turns":3},{"damage":15,"enemies":"Snake Plant","floor":29,"turns":3},{"damage":4,"enemies":"Book of Stabbing","floor":30,"turns":2},{"damage":3,"enemies":"Centurion and Healer","floor":31,"turns":3},{"damage":29,"enemies":"conspire:MysteriousRune","floor":33,"turns":5},{"damage":7,"enemies":"3 Darklings","floor":35,"turns":3},{"damage":25,"enemies":"conspire:MimicChest","floor":36,"turns":22},{"damage":6,"enemies":"Orb Walker","floor":37,"turns":2},{"damage":10,"enemies":"Giant Head","floor":40,"turns":3},{"damage":27,"enemies":"4 Shapes","floor":41,"turns":2}],"seed_played":"210772034868098411","potions_obtained":[{"floor":0,"key":"Flashbang"},{"floor":0,"key":"blueLaboratory:BottleOfVodka"},{"floor":0,"key":"Weak Potion"},{"floor":8,"key":"Adrenaline Potion"},{"floor":10,"key":"blueLaboratory:HorrorPotion"},{"floor":13,"key":"PowerPotion"},{"floor":14,"key":"Swift Potion"},{"floor":16,"key":"blueLaboratory:ArtistsPotion"},{"floor":20,"key":"Elixir"},{"floor":29,"key":"Dexterity Potion"},{"floor":31,"key":"CunningPotion"},{"floor":37,"key":"Strength Potion"},{"floor":38,"key":"blueLaboratory:CorrosionFlask"},{"floor":40,"key":"Death Potion"}],"is_trial":false,"path_per_floor":["M","M","M","$","?","E","R","M","T","M","$","R","M","E","R","B",null,"M","M","M","M","M","R","$","M","T","?","?","M","E","M","R","B",null,"M","?","M","?","$","E","M"],"character_chosen":"THE_SILENT","items_purchased":["StuffTheSpire:DarkSteelAnvil","ReplayTheSpireMod:Lightbulb","aspiration:Lifesprig","blueLaboratory:EmptyBottle","OrangePellets","aspiration:FrozenJewel","ReplayTheSpireMod:ShopPack"],"campfire_rested":2,"item_purchase_floors":[4,11,24,24,39,39,39],"current_hp_per_floor":[70,70,70,70,70,60,60,52,52,52,52,70,70,70,70,68,70,64,64,64,58,58,70,70,64,64,64,64,49,45,42,63,34,70,63,38,32,32,32,22,0,0],"gold":57,"neow_bonus":"THREE_SMALL_POTIONS","is_daily":false,"chose_seed":false,"campfire_upgraded":2,"win_rate":0.0,"timestamp":1613473765,"path_taken":["M","M","M","?","?","E","R","?","T","M","$","R","M","E","R","BOSS","M","M","M","?","M","R","$","?","T","?","?","M","E","M","R","BOSS","M","?","M","?","$","E","M"],"items_purchased_type":["Relic","Relic","Relic","Potion","Relic","Relic","Relic"],"build_version":"2020-12-22","purchased_purges":0,"victory":false,"max_hp_per_floor":[70,70,70,70,70,70,70,70,70,70,70,70,70,70,70,70,70,70,70,70,70,70,70,70,70,70,70,70,70,70,70,70,70,70,70,70,70,70,70,70,70,70],"card_choices":[{"not_picked":["hubris:SlightOfHand","Sucker Punch"],"picked":"Underhanded Strike","floor":1},{"not_picked":["StuffTheSpire:Shiver","Cloak And Dagger"],"picked":"StuffTheSpire:Injection","floor":2},{"not_picked":["hubris:Counter","Underhanded Strike"],"picked":"Poisoned Stab","floor":3},{"not_picked":["Expertise","InfectiousVector"],"picked":"StuffTheSpire:Python","floor":6},{"not_picked":["PiercingWail","StuffTheSpire:Incantation"],"picked":"Bullet Time","floor":8},{"not_picked":["Blur","Hidden Blade"],"picked":"StuffTheSpire:ClusterCrunch","floor":10},{"not_picked":["Cloak And Dagger","Dodge and Roll"],"picked":"Deflect","floor":13},{"not_picked":["All Out Attack","Prepared"],"picked":"StuffTheSpire:ClusterCrunch","floor":14},{"not_picked":["Envenom","StuffTheSpire:FinalStruggle"],"picked":"Malaise","floor":16},{"not_picked":["Dagger Spray","Hidden Blade"],"picked":"Blade Dance","floor":18},{"not_picked":["Expertise","Dodge and Roll"],"picked":"Leg Sweep","floor":19},{"not_picked":["StuffTheSpire:ClusterCrunch","StuffTheSpire:Python"],"picked":"PiercingWail+1","floor":20},{"not_picked":["Predator","Footwork+1"],"picked":"StuffTheSpire:Injection","floor":21},{"not_picked":["ReplayTheSpireMod:Shiv Toss","ReplayTheSpireMod:Speed Training"],"picked":"StuffTheSpire:BrimstoneBlast+1","floor":22},{"not_picked":["StuffTheSpire:BumpUp","StuffTheSpire:MirrorStance+1"],"picked":"Expertise+1","floor":25},{"not_picked":["Flying Knee+1","StuffTheSpire:Python"],"picked":"PiercingWail","floor":29},{"not_picked":["Blur+1","Bane+1"],"picked":"Poisoned Stab","floor":30},{"not_picked":["Outmaneuver","StuffTheSpire:BumpUp"],"picked":"Doppelganger","floor":31},{"not_picked":["Atom Bomb","Unload"],"picked":"Corpse Explosion","floor":33},{"not_picked":["Sucker Punch","hubris:Sniper"],"picked":"Blade Dance","floor":35},{"not_picked":["Flying Knee","Backflip"],"picked":"Underhanded Strike","floor":36},{"not_picked":["Bane+1","Dagger Throw+1"],"picked":"StuffTheSpire:Sprint","floor":37},{"not_picked":["Metamorphosis","ReplayTheSpireMod:Brewmster"],"picked":"hubris:EnhanceAbility","floor":39},{"not_picked":["Replay:Bootleg Shield Generator","Trip"],"picked":"Madness","floor":39},{"not_picked":["Flash of Steel","Forethought"],"picked":"Reforge","floor":39},{"not_picked":["Unload","Dagger Throw+1"],"picked":"conspire:PoisonWeapons+1","floor":40}],"player_experience":142001,"relics_obtained":[{"floor":6,"key":"Centennial Puzzle"},{"floor":9,"key":"Letter Opener"},{"floor":14,"key":"reliquary:Buckler"},{"floor":26,"key":"reliquary:WeakTea"},{"floor":30,"key":"Tingsha"},{"floor":36,"key":"Replay:Wax Seal"},{"floor":40,"key":"RollingBoulder"}],"event_choices":[{"damage_healed":0,"gold_gain":0,"player_choice":"Trade","damage_taken":0,"relics_obtained":["SsserpentHead"],"max_hp_gain":0,"max_hp_loss":0,"event_name":"FaceTrader","floor":5,"gold_loss":0},{"damage_healed":0,"gold_gain":0,"player_choice":"Ignored","damage_taken":0,"max_hp_gain":0,"max_hp_loss":0,"event_name":"betterNote:BetterNote","floor":27,"gold_loss":0,"cards_obtained":["Injury"]},{"damage_healed":0,"gold_gain":0,"player_choice":"Opened","damage_taken":0,"relics_obtained":["reliquary:SilkGlove"],"max_hp_gain":0,"max_hp_loss":0,"event_name":"The Mausoleum","floor":28,"gold_loss":0,"cards_obtained":["Writhe"]},{"damage_healed":0,"gold_gain":0,"player_choice":"Bought 1 Potion","damage_taken":0,"max_hp_gain":0,"max_hp_loss":0,"event_name":"The Woman in Blue","floor":38,"gold_loss":0}],"is_beta":false,"boss_relics":[{"not_picked":["aspiration:DefectSkillbook","halation:LoveArrow"],"picked":"energizedSpire:DeadBattery"},{"not_picked":["energizedSpire:SpiderWeb","StuffTheSpire:Kangaroo","halation:ForbiddenBikini"]}],"items_purged_floors":[],"is_endless":false,"potions_floor_spawned":[8,10,13,14,16,18,20,21,22,29,31,37,40],"killed_by":"4 Shapes","ascension_level":0}}