{"host":"0mhttqdumuceah7q","time":1613480310,"event":{"mods":["AchievementEnabler","BaseMod","Colored Map","DeckTracker","Minty Spire (QoL Compilation)","Permanent Neow"],"gold_per_floor":[110,110,135,155,169,210,264,264,264,279,299,323,359,359,359,359,359],"floor_reached":16,"language":"KOR","playtime":587,"items_purged":[],"score":131,"play_id":"f273f96f-4f9c-465c-9a6d-19845a205016","local_time":"20210216215830","is_ascension_mode":true,"campfire_choices":[{"data":"Zap","floor":8,"key":"SMITH"},{"floor":15,"key":"REST"}],"circlet_count":0,"master_deck":["Strike_B","Strike_B","Strike_B","Strike_B","Defend_B","Defend_B","Defend_B","Defend_B","Zap+1","Dualcast","Lockon","All For One","Turbo","Steam Power","Reinforced Body","Go for the Eyes","Ball Lightning","Self Repair","Reboot","Tempest","Regret"],"relics":["Cracked Core","Golden Idol","Pantograph","Odd Mushroom","Mercury Hourglass","Kunai","Anchor"],"acts_visited":["Exordium"],"potions_floor_usage":[5,6,6,6,6,6,7,7,13,16,16],"damage_taken":[{"damage":0,"enemies":"Small Slimes","floor":1,"turns":4},{"damage":7,"enemies":"Jaw Worm","floor":3,"turns":2},{"damage":0,"enemies":"2 Louse","floor":4,"turns":2},{"damage":8,"enemies":"Large Slime","floor":5,"turns":3},{"damage":20,"enemies":"Lagavulin","floor":6,"turns":4},{"damage":9,"enemies":"The Mushroom Lair","floor":7,"turns":3},{"damage":0,"enemies":"3 Louse","floor":10,"turns":1},{"damage":0,"enemies":"Gremlin Gang","floor":11,"turns":3},{"damage":0,"enemies":"Exordium Wildlife","floor":12,"turns":3},{"damage":20,"enemies":"3 Sentries","floor":13,"turns":5},{"damage":58,"enemies":"The Guardian","floor":16,"turns":7}],"seed_played":"5399759910400520972","potions_obtained":[{"floor":0,"key":"AttackPotion"},{"floor":0,"key":"EntropicBrew"},{"floor":0,"key":"SpeedPotion"},{"floor":4,"key":"DuplicationPotion"},{"floor":7,"key":"EssenceOfDarkness"},{"floor":11,"key":"FocusPotion"},{"floor":13,"key":"FocusPotion"}],"is_trial":false,"path_per_floor":["M","?","M","M","M","E","?","R","T","M","M","M","E","?","R","B"],"character_chosen":"DEFECT","items_purchased":[],"campfire_rested":1,"item_purchase_floors":[],"current_hp_per_floor":[75,57,50,50,42,22,22,22,22,22,22,22,9,9,31,0,0],"gold":359,"neow_bonus":"THREE_SMALL_POTIONS","is_daily":false,"chose_seed":false,"campfire_upgraded":1,"win_rate":0.0,"timestamp":1613480310,"path_taken":["M","?","M","M","M","E","?","R","T","M","M","M","E","?","R","BOSS"],"items_purchased_type":[],"build_version":"2020-12-22","purchased_purges":0,"victory":false,"max_hp_per_floor":[75,75,75,75,75,75,75,75,75,75,75,75,75,75,75,75,75],"card_choices":[{"not_picked":["Compile Driver","Leap"],"picked":"Lockon","floor":1},{"not_picked":["White Noise","Conserve Battery"],"picked":"All For One","floor":3},{"not_picked":["Reprogram","Rebound"],"picked":"Turbo","floor":4},{"not_picked":["Auto Shields","Coolheaded"],"picked":"Steam Power","floor":5},{"not_picked":["Steam Power","Hello World"],"picked":"Reinforced Body","floor":6},{"not_picked":["Barrage","Redo"],"picked":"Go for the Eyes","floor":7},{"not_picked":["Leap","Compile Driver"],"picked":"Ball Lightning","floor":10},{"not_picked":["Turbo","Steam"],"picked":"Self Repair","floor":11},{"not_picked":["Conserve Battery","Static Discharge"],"picked":"Reboot","floor":12},{"not_picked":["Sunder","Sweeping Beam"],"picked":"Tempest","floor":13}],"player_experience":110980,"relics_obtained":[{"floor":6,"key":"Pantograph"},{"floor":7,"key":"Odd Mushroom"},{"floor":9,"key":"Mercury Hourglass"},{"floor":13,"key":"Kunai"}],"event_choices":[{"damage_healed":0,"gold_gain":0,"player_choice":"Take Damage","damage_taken":18,"relics_obtained":["Golden Idol"],"max_hp_gain":0,"max_hp_loss":0,"event_name":"Golden Idol","floor":2,"gold_loss":0},{"damage_healed":0,"gold_gain":0,"player_choice":"Fought Mushrooms","damage_taken":0,"max_hp_gain":0,"max_hp_loss":0,"event_name":"Mushrooms","floor":7,"gold_loss":0},{"damage_healed":0,"gold_gain":0,"player_choice":"Box","damage_taken":0,"relics_obtained":["Anchor"],"max_hp_gain":0,"max_hp_loss":0,"event_name":"Big Fish","floor":14,"gold_loss":0,"cards_obtained":["Regret"]}],"is_beta":false,"boss_relics":[],"items_purged_floors":[],"is_endless":false,"potions_floor_spawned":[4,6,7,11,13],"killed_by":"The Guardian","ascension_level":3}}