{"host":"8d3fefv2347kqkpz","time":1613448002,"event":{"mods":["AchievementEnabler","Aspiration","BaseMod","Better Vampires","BetterRewards","Colored Map","Colored Powertips","Downfall","Emptier Cage","Highlight Path","Marked Mod","Minty Spire (QoL Compilation)","Permanent Neow","Quick Restart","Rare Cards Sparkle","Relic Stats","Say the Spire","Spicy Shops","StSLib","Waifu the Spire"],"gold_per_floor":[99,99,118,118,130,147,147,47,47,65,77,90,90,121,133,230,230,130,150,60,71,71,71,71,97,97,131,146,146,164,198,216,319,319,219,219,34,49,60,60,60,95,111,111,136,136,149,162,178,178,178,203,32,32,32,32],"floor_reached":57,"language":"ZHS","playtime":3274,"items_purged":["Slimebound:Tackle","Injury"],"score":1351,"play_id":"c1b4cbb3-419c-4f69-82b2-dcf96c84c5e5","local_time":"20210216120002","is_ascension_mode":false,"campfire_choices":[{"data":"Slimebound:Split","floor":1,"key":"SMITH"},{"data":"Slimebound:Prepare","floor":8,"key":"SMITH"},{"floor":13,"key":"RECALL"},{"data":"Slimebound:Defend_Slimebound","floor":18,"key":"SMITH"},{"data":"Slimebound:Defend_Slimebound","floor":23,"key":"SMITH"},{"data":"Slimebound:Defend_Slimebound","floor":26,"key":"SMITH"},{"data":"Slimebound:Defend_Slimebound","floor":29,"key":"SMITH"},{"data":"Slimebound:Recycling","floor":35,"key":"SMITH"},{"data":"Slimebound:LeechEnergy","floor":40,"key":"SMITH"},{"data":"Slimebound:SpikyOuterGoop","floor":44,"key":"SMITH"},{"data":"Slimebound:Strike_Slimebound","floor":46,"key":"SMITH"},{"floor":54,"key":"REST"}],"circlet_count":0,"master_deck":["Slimebound:Strike_Slimebound","Slimebound:Strike_Slimebound","Slimebound:Strike_Slimebound+1","Slimebound:Defend_Slimebound+1","Slimebound:Defend_Slimebound+1","Slimebound:Defend_Slimebound+1","Slimebound:Defend_Slimebound+1","Slimebound:Split+1","Slimebound:CorrosiveSpit+1","Slimebound:Prepare+1","Slimebound:HauntingLick+1","Slimebound:HauntingLick+1","Slimebound:SpikyOuterGoop+1","Slimebound:RejuvenatingLick+1","Slimebound:GoopSpray+1","Slimebound:SplitLeeching+1","Slimebound:MassRepurpose+1","Slimebound:SplitMire+1","Slimebound:Teamwork+1","Slimebound:MegaLick+1","Slimebound:Prepare+1","Slimebound:SplitSpecialist+1","Slimebound:LeechEnergy+1","Slimebound:Recycling+1","Slimebound:Repurpose+1","Slimebound:FormOfPuddle+1","Slimebound:Recollect+1","Slimebound:LeechEnergy+1","Slimebound:SplitMire+1","Slimebound:MegaLick+1","Purity+1","Slimebound:SplitSpecialist+1"],"relics":["Slimebound:AbsorbEndCombat","Slimebound:PotencyRelic","Toxic Egg 2","downfall:HeartBlessingBlue","Guardian:PocketSentry","sneckomod:SneckoTalon","downfall:HeartBlessingRed","Toy Ornithopter","Akabeko","aspiration:ChemicalBlood","Gambling Chip","Busted Crown","downfall:HeartBlessingGreen","Mercury Hourglass","War Paint","Blue Candle","aspiration:Lifesprig"],"acts_visited":["Exordium","TheCity","TheBeyond","TheEnding"],"potions_floor_usage":[14,31,33,56],"damage_taken":[{"damage":1,"enemies":"Cultist","floor":3,"turns":4},{"damage":0,"enemies":"Small Slimes","floor":5,"turns":3},{"damage":1,"enemies":"Jaw Worm","floor":6,"turns":3},{"damage":7,"enemies":"3 Louse","floor":10,"turns":4},{"damage":13,"enemies":"Red Slaver","floor":11,"turns":3},{"damage":1,"enemies":"Large Slime","floor":12,"turns":4},{"damage":10,"enemies":"3 Sentries","floor":14,"turns":6},{"damage":0,"enemies":"2 Fungi Beasts","floor":15,"turns":3},{"damage":15,"enemies":"WA_ARCHETYPE_RETAIN","floor":16,"turns":8},{"damage":0,"enemies":"Spheric Guardian","floor":19,"turns":3},{"damage":0,"enemies":"downfall:FleeingMerchant","floor":20,"turns":4},{"damage":0,"enemies":"downfall:LooterAlt2","floor":21,"turns":3},{"damage":0,"enemies":"Gremlin Leader","floor":25,"turns":4},{"damage":0,"enemies":"Book of Stabbing","floor":27,"turns":4},{"damage":0,"enemies":"Snake Plant","floor":28,"turns":3},{"damage":0,"enemies":"Shelled Parasite and Fungi","floor":30,"turns":3},{"damage":4,"enemies":"Slavers","floor":31,"turns":4},{"damage":0,"enemies":"Chosen and Byrds","floor":32,"turns":4},{"damage":10,"enemies":"SI_MIRROR_ARCHETYPE","floor":33,"turns":14},{"damage":0,"enemies":"downfall:FleeingMerchant","floor":37,"turns":4},{"damage":0,"enemies":"Orb Walker","floor":38,"turns":3},{"damage":0,"enemies":"3 Shapes","floor":39,"turns":4},{"damage":0,"enemies":"Reptomancer","floor":42,"turns":5},{"damage":0,"enemies":"Transient","floor":43,"turns":5},{"damage":12,"enemies":"Nemesis","floor":45,"turns":5},{"damage":0,"enemies":"3 Darklings","floor":47,"turns":3},{"damage":0,"enemies":"Sphere and 2 Shapes","floor":48,"turns":3},{"damage":0,"enemies":"Writhing Mass","floor":49,"turns":3},{"damage":0,"enemies":"IC_BLOCK_ARCHETYPE","floor":50,"turns":9},{"damage":9,"enemies":"downfall:CharBossMerchant","floor":52,"turns":6},{"damage":14,"enemies":"downfall:NeowBoss","floor":55,"turns":18},{"damage":7,"enemies":"downfall:NeowBossFinal","floor":56,"turns":10}],"seed_played":"-1795773679590705174","potions_obtained":[{"floor":3,"key":"EssenceOfSteel"},{"floor":5,"key":"ColorlessPotion"},{"floor":6,"key":"SpeedPotion"},{"floor":14,"key":"Weak Potion"},{"floor":21,"key":"DistilledChaos"},{"floor":32,"key":"LiquidBronze"},{"floor":39,"key":"Fire Potion"},{"floor":42,"key":"DuplicationPotion"},{"floor":45,"key":"Regen Potion"}],"is_trial":false,"path_per_floor":["R","?","M","?","M","M","T","R","?","M","M","M","R","E","M","B",null,"R","M","$","M","?","R","T","E","R","E","M","R","M","E","M","B",null,"R","?","$","M","M","R","T","E","M","R","E","R","M","M","M","B",null,"E","$","R","B","B",null],"character_chosen":"SLIMEBOUND","items_purchased":["Slimebound:Repurpose+1","Purity+1","Slimebound:SplitSpecialist+1"],"campfire_rested":1,"item_purchase_floors":[37,53,53],"current_hp_per_floor":[59,59,59,59,59,59,59,69,69,64,55,62,62,60,64,54,69,69,69,69,69,69,69,69,69,69,69,69,69,69,67,69,59,69,69,69,69,69,69,69,69,69,69,69,65,65,69,69,69,69,69,62,62,69,59,65],"gold":32,"neow_bonus":"ONE_RARE_RELIC","is_daily":false,"chose_seed":false,"campfire_upgraded":10,"win_rate":0.0,"timestamp":1613448002,"path_taken":["R","?","M","?","M","?","T","R","?","M","M","?","R","E","M","BOSS","R","M","$","M","?","R","T","E","R","E","M","R","M","E","M","BOSS","R","?","$","M","M","R","T","E","M","R","E","R","M","?","M","BOSS","E","$","R","BOSS","BOSS"],"items_purchased_type":["Card","Card","Card"],"build_version":"2020-12-22","purchased_purges":2,"victory":true,"max_hp_per_floor":[59,59,59,59,59,59,59,69,69,69,69,69,69,69,69,69,69,69,69,69,69,69,69,69,69,69,69,69,69,69,69,69,69,69,69,69,69,69,69,69,69,69,69,69,69,69,69,69,69,69,69,69,69,69,69,69],"relic_stats":{"Busted Crown":24,"counters":[32,153],"Gambling Chip":[29],"Blue Candle":[1],"War Paint":["Slimebound:CorrosiveSpit"],"obtain_stats":[{"aspiration:Lifesprig":52,"downfall:HeartBlessingRed":18,"Blue Candle":45,"downfall:HeartBlessingGreen":35,"Guardian:PocketSentry":14,"War Paint":42,"sneckomod:SneckoTalon":17,"Akabeko":25,"Slimebound:PotencyRelic":0,"Mercury Hourglass":41,"Busted Crown":34,"downfall:HeartBlessingBlue":8,"Gambling Chip":31,"Slimebound:AbsorbEndCombat":0,"Toxic Egg 2":4,"Toy Ornithopter":24,"aspiration:ChemicalBlood":27},{"aspiration:Lifesprig":30,"downfall:HeartBlessingRed":9,"Blue Candle":25,"downfall:HeartBlessingGreen":19,"Guardian:PocketSentry":7,"War Paint":23,"sneckomod:SneckoTalon":9,"Akabeko":13,"Slimebound:PotencyRelic":0,"Mercury Hourglass":22,"Busted Crown":19,"downfall:HeartBlessingBlue":3,"Gambling Chip":17,"Slimebound:AbsorbEndCombat":0,"Toxic Egg 2":1,"Toy Ornithopter":12,"aspiration:ChemicalBlood":14},{"aspiration:Lifesprig":125,"downfall:HeartBlessingRed":33,"Blue Candle":102,"downfall:HeartBlessingGreen":78,"Guardian:PocketSentry":22,"War Paint":93,"sneckomod:SneckoTalon":33,"Akabeko":47,"Slimebound:PotencyRelic":0,"Mercury Hourglass":88,"Busted Crown":78,"downfall:HeartBlessingBlue":8,"Gambling Chip":60,"Slimebound:AbsorbEndCombat":0,"Toxic Egg 2":3,"Toy Ornithopter":43,"aspiration:ChemicalBlood":51}],"Toy Ornithopter":5,"Mercury Hourglass":[136]},"card_choices":[{"not_picked":["Slimebound:ServeAndProtect","Slimebound:PressTheAttack"],"picked":"Slimebound:Prepare","floor":3},{"not_picked":["Slimebound:Dissolve+1","Slimebound:ProtectTheBoss"],"picked":"Slimebound:HauntingLick+1","floor":5},{"not_picked":["Slimebound:LivingWall+1","Slimebound:Schlurp+1","Slimebound:Nibble"],"picked":"SKIP","floor":6},{"not_picked":["Slimebound:CheckThePlaybook+1","Slimebound:SlimeSpikes+1"],"picked":"Slimebound:HauntingLick+1","floor":10},{"not_picked":["Slimebound:Equalize","Slimebound:SplitLeeching+1"],"picked":"Slimebound:SpikyOuterGoop","floor":11},{"not_picked":["Slimebound:LeechingTouch","Slimebound:AcidTongue"],"picked":"Slimebound:RejuvenatingLick+1","floor":12},{"not_picked":["Slimebound:PressTheAttack","Slimebound:SlimeSpikes+1"],"picked":"Slimebound:GoopSpray+1","floor":14},{"not_picked":["Slimebound:RollThrough","Slimebound:SlimeSpikes+1"],"picked":"Slimebound:SplitLeeching+1","floor":15},{"not_picked":["Slimebound:Recycling","Slimebound:FirmFortitude+1"],"picked":"Slimebound:MassRepurpose+1","floor":16},{"not_picked":["Slimebound:PressTheAttack","Slimebound:SplitBruiser+1"],"picked":"Slimebound:SplitMire+1","floor":19},{"not_picked":["Slimebound:SlimeSpikes+1","Slimebound:FinishingTackle","Slimebound:AcidTongue"],"picked":"SKIP","floor":20},{"not_picked":["Slimebound:FormOfPuddle+1","Slimebound:SamplingLick+1"],"picked":"Slimebound:Teamwork+1","floor":21},{"not_picked":["Slimebound:ForwardTackle+1","Slimebound:FormOfPuddle+1"],"picked":"Slimebound:MegaLick+1","floor":25},{"not_picked":["Slimebound:DisruptingSlam","Slimebound:LivingWall+1"],"picked":"Slimebound:Prepare+1","floor":27},{"not_picked":["Slimebound:PressTheAttack","Slimebound:Schlurp+1","Slimebound:Equalize"],"picked":"SKIP","floor":28},{"not_picked":["Slimebound:Prepare+1","Slimebound:ViciousTackle"],"picked":"Slimebound:SplitSpecialist+1","floor":30},{"not_picked":["Slimebound:SlimeSpikes+1","Slimebound:FinishingTackle","Slimebound:SplitBruiser+1"],"picked":"SKIP","floor":31},{"not_picked":["Slimebound:FinishingTackle+1","Slimebound:LeechingTouch"],"picked":"Slimebound:LeechEnergy","floor":32},{"not_picked":["Slimebound:Overexert","Slimebound:MinionMaster"],"picked":"Slimebound:Recycling","floor":33},{"not_picked":["Slimebound:Grow+1"],"picked":"SKIP","floor":37},{"not_picked":[],"picked":"Slimebound:FormOfPuddle+1","floor":38},{"not_picked":["Slimebound:DivideAndConquer"],"picked":"SKIP","floor":39},{"not_picked":[],"picked":"Slimebound:Recollect+1","floor":42},{"not_picked":[],"picked":"Slimebound:LeechEnergy+1","floor":43},{"not_picked":[],"picked":"Slimebound:SplitMire+1","floor":45},{"not_picked":["Slimebound:PressTheAttack"],"picked":"SKIP","floor":47},{"not_picked":[],"picked":"Slimebound:MegaLick+1","floor":48},{"not_picked":["Slimebound:SplitAcid+1"],"picked":"SKIP","floor":49},{"not_picked":["Slimebound:ServeAndProtect+1"],"picked":"SKIP","floor":52},{"not_picked":["Slimebound:ServeAndProtect+1"],"picked":"SKIP","floor":52}],"player_experience":417811,"relics_obtained":[{"floor":14,"key":"Guardian:PocketSentry"},{"floor":24,"key":"Toy Ornithopter"},{"floor":25,"key":"Akabeko"},{"floor":27,"key":"aspiration:ChemicalBlood"},{"floor":31,"key":"Gambling Chip"},{"floor":41,"key":"Mercury Hourglass"},{"floor":42,"key":"War Paint"},{"floor":45,"key":"Blue Candle"},{"floor":52,"key":"aspiration:Lifesprig"}],"event_choices":[{"damage_healed":0,"gold_gain":0,"player_choice":"Fled","damage_taken":0,"max_hp_gain":0,"max_hp_loss":0,"event_name":"Scrap Ooze","floor":2,"gold_loss":0},{"damage_healed":0,"gold_gain":0,"player_choice":"Ignored","damage_taken":0,"max_hp_gain":0,"max_hp_loss":0,"event_name":"Ghosts","floor":22,"gold_loss":0}],"is_beta":false,"boss_relics":[{"not_picked":["aspiration:WatcherSkillbook","Slimebound:TarBlob"],"picked":"sneckomod:SneckoTalon"},{"not_picked":["aspiration:RunicSpoon","aspiration:SecretTechniqueScroll"],"picked":"Busted Crown"}],"items_purged_floors":[20,37],"is_endless":false,"potions_floor_spawned":[3,5,6,14,21,27,28,32,39,42,43,52],"ascension_level":0}}