{"host":"lv3zv4svf9qrs9uo","time":1613461922,"event":{"mods":["AchievementEnabler","BaseMod","Minty Spire (QoL Compilation)","Relic Stats","Spire with Friends"],"gold_per_floor":[114,126,142,153,153,180,180,214,241,272,272,283,315,265,216,216,312,312,326,326,339,339,51,51,81,94,140,140,155,190,209,235,235,235,331,331,347,171,171,46,61,61,80,111,172,184,211,236,267,289,264,276,288,300,312,50,78,41,41],"floor_reached":60,"language":"ENG","playtime":11306,"items_purged":["Strike_G","ClearTheMind+1","Strike_G"],"score":1498,"play_id":"661a0f7c-939d-450e-ae05-11bc95c65773","local_time":"20210215235202","is_ascension_mode":true,"campfire_choices":[{"data":"Eviscerate","floor":7,"key":"SMITH"},{"floor":16,"key":"REST"},{"data":"Wraith Form v2","floor":24,"key":"SMITH"},{"data":"Burst","floor":28,"key":"SMITH"},{"floor":34,"key":"RECALL"},{"floor":52,"key":"REST"},{"floor":55,"key":"REST"}],"circlet_count":0,"master_deck":["Strike_G+1","Strike_G+1","Strike_G+1","Defend_G","Defend_G+1","Defend_G+1","Defend_G","Survivor+1","Flying Knee+1","Dagger Spray","Eviscerate+1","Dodge and Roll","Wraith Form v2+1","Dagger Throw+1","Acrobatics+1","Burst+1","Backflip+1","Calculated Gamble+1","Riddle With Holes+1","Bullet Time","Leg Sweep+1","Well Laid Plans","Eviscerate+1","Corpse Explosion","Choke+1","Underhanded Strike","Blur","Meditate+1","Vault","Smite","Smite","Smite","Master of Strategy","Smite","Smite","Smite","Miracle","Adrenaline+1","Adrenaline+1","Master of Strategy","Insight","Smite","Smite","Smite"],"relics":["Ring of the Snake","Art of War","Regal Pillow","Centennial Puzzle","Lizard Tail","InkBottle","Snecko Eye","Lantern","Bird Faced Urn","Oddly Smooth Stone","Fusion Hammer","MawBank","Happy Flower","Vajra","Toy Ornithopter","Gremlin Horn"],"acts_visited":["Exordium","TheCity","TheBeyond","TheEnding"],"potions_floor_usage":[8,13,25,30,30,30,32,35,35,44,47,53,53,53,59,59,59,59],"damage_taken":[{"damage":1,"enemies":"Cultist","floor":1,"turns":4},{"damage":0,"enemies":"2 Louse","floor":2,"turns":3},{"damage":0,"enemies":"Jaw Worm","floor":3,"turns":3},{"damage":0,"enemies":"Blue Slaver","floor":4,"turns":5},{"damage":35,"enemies":"Gremlin Nob","floor":6,"turns":5},{"damage":4,"enemies":"3 Sentries","floor":8,"turns":5},{"damage":9,"enemies":"Lagavulin","floor":10,"turns":6},{"damage":7,"enemies":"Exordium Thugs","floor":12,"turns":3},{"damage":9,"enemies":"3 Sentries","floor":13,"turns":3},{"damage":10,"enemies":"Hexaghost","floor":17,"turns":9},{"damage":1,"enemies":"3 Byrds","floor":19,"turns":4},{"damage":0,"enemies":"Spheric Guardian","floor":21,"turns":3},{"damage":6,"enemies":"Gremlin Leader","floor":25,"turns":4},{"damage":4,"enemies":"Centurion and Healer","floor":26,"turns":5},{"damage":0,"enemies":"Chosen and Byrds","floor":29,"turns":4},{"damage":0,"enemies":"Book of Stabbing","floor":30,"turns":5},{"damage":0,"enemies":"Shelled Parasite and Fungi","floor":31,"turns":5},{"damage":0,"enemies":"Gremlin Leader","floor":32,"turns":4},{"damage":86,"enemies":"Collector","floor":35,"turns":20},{"damage":0,"enemies":"Orb Walker","floor":37,"turns":3},{"damage":0,"enemies":"3 Darklings","floor":41,"turns":6},{"damage":0,"enemies":"Transient","floor":43,"turns":5},{"damage":0,"enemies":"Giant Head","floor":44,"turns":7},{"damage":0,"enemies":"Writhing Mass","floor":47,"turns":8},{"damage":0,"enemies":"Jaw Worm Horde","floor":48,"turns":4},{"damage":0,"enemies":"Sphere and 2 Shapes","floor":49,"turns":5},{"damage":1,"enemies":"Transient","floor":50,"turns":5},{"damage":34,"enemies":"Time Eater","floor":53,"turns":10},{"damage":0,"enemies":"Shield and Spear","floor":57,"turns":3},{"damage":64,"enemies":"The Heart","floor":59,"turns":10}],"seed_played":"1594663284528244410","potions_obtained":[{"floor":1,"key":"Explosive Potion"},{"floor":6,"key":"Explosive Potion"},{"floor":8,"key":"SmokeBomb"},{"floor":10,"key":"SteroidPotion"},{"floor":13,"key":"SpeedPotion"},{"floor":17,"key":"Explosive Potion"},{"floor":20,"key":"LiquidBronze"},{"floor":25,"key":"Weak Potion"},{"floor":29,"key":"Swift Potion"},{"floor":30,"key":"SteroidPotion"},{"floor":31,"key":"SkillPotion"},{"floor":48,"key":"Explosive Potion"},{"floor":50,"key":"LiquidMemories"},{"floor":51,"key":"Strength Potion"},{"floor":58,"key":"PowerPotion"},{"floor":58,"key":"FearPotion"},{"floor":58,"key":"Strength Potion"}],"is_trial":false,"path_per_floor":["M","M","M","M","C","E","R","E","T","E","-","M","E","?","C","R","B",null,"M","?","M","C","$","R","E","M","T","R","M","E","M","E","C","R","B",null,"M","$","?","$","M","R","M","E","T","?","M","M","M","M","C","R","B",null,"R","$","E","C","B",null],"character_chosen":"THE_SILENT","items_purchased":["Lantern","Burst","Well Laid Plans","PiercingWail","Underhanded Strike","LiquidBronze","SkillPotion","Blur"],"campfire_rested":3,"item_purchase_floors":[23,23,38,56,56,56,56,56],"current_hp_per_floor":[69,69,69,69,69,34,34,30,30,21,21,14,5,5,5,41,31,70,69,69,69,69,69,69,63,59,59,59,59,59,61,63,63,63,35,70,70,70,66,66,66,66,66,66,66,66,66,66,66,65,65,66,44,66,66,66,66,66,12],"gold":41,"neow_bonus":"","is_daily":false,"chose_seed":true,"campfire_upgraded":3,"win_rate":0.0,"timestamp":1613461922,"path_taken":["M","?","M","M","C","E","R","E","T","E","-","M","E","?","C","R","BOSS","M","?","M","C","$","R","E","M","T","R","?","E","M","E","C","R","BOSS","M","$","?","$","M","R","M","E","T","?","M","M","M","?","C","R","BOSS","R","$","E","C","BOSS"],"items_purchased_type":["Relic","Card","Card","Card","Card","Potion","Potion","Card"],"build_version":"2020-12-22","purchased_purges":3,"victory":true,"max_hp_per_floor":[70,70,70,70,70,70,70,70,70,70,70,70,70,70,70,70,70,70,70,70,70,70,70,70,70,70,70,70,70,70,70,70,70,70,70,70,70,70,66,66,66,66,66,66,66,66,66,66,66,66,66,66,66,66,66,66,66,66,66],"relic_stats":{"Regal Pillow":15,"Happy Flower":[15],"Gremlin Horn":[0,0],"counters":[30,166],"MawBank":144,"Centennial Puzzle":[32],"Lizard Tail":35,"Bird Faced Urn":[11],"Snecko Eye":[343,325,331,302],"Art of War":[5],"obtain_stats":[{"Regal Pillow":8,"Lantern":23,"Happy Flower":45,"Gremlin Horn":57,"Oddly Smooth Stone":32,"Vajra":51,"Whetstone":25,"War Paint":27,"MawBank":44,"Centennial Puzzle":9,"Lizard Tail":10,"Bird Faced Urn":30,"Snecko Eye":18,"Fusion Hammer":36,"Art of War":6,"InkBottle":13,"Toy Ornithopter":51,"Ring of the Snake":0},{"Regal Pillow":6,"Lantern":12,"Happy Flower":23,"Gremlin Horn":29,"Oddly Smooth Stone":18,"Vajra":27,"Whetstone":13,"War Paint":14,"MawBank":23,"Centennial Puzzle":6,"Lizard Tail":7,"Bird Faced Urn":16,"Snecko Eye":10,"Fusion Hammer":19,"Art of War":5,"InkBottle":9,"Toy Ornithopter":27,"Ring of the Snake":0},{"Regal Pillow":25,"Lantern":53,"Happy Flower":121,"Gremlin Horn":156,"Oddly Smooth Stone":80,"Vajra":143,"Whetstone":57,"War Paint":62,"MawBank":121,"Centennial Puzzle":25,"Lizard Tail":31,"Bird Faced Urn":71,"Snecko Eye":46,"Fusion Hammer":100,"Art of War":20,"InkBottle":37,"Toy Ornithopter":143,"Ring of the Snake":0}],"InkBottle":[59],"Toy Ornithopter":17,"Ring of the Snake":[60]},"card_choices":[{"not_picked":["Escape Plan","Dodge and Roll"],"picked":"Flying Knee","floor":1},{"not_picked":["Bane","Terror"],"picked":"Dagger Spray","floor":2},{"not_picked":["Prepared","Quick Slash","Flying Knee"],"picked":"SKIP","floor":3},{"not_picked":["Sucker Punch","Dagger Throw"],"picked":"Terror","floor":4},{"not_picked":["Corpse Explosion","Dagger Throw"],"picked":"Eviscerate","floor":6},{"not_picked":["Dodge and Roll","Deadly Poison"],"picked":"Adrenaline","floor":8},{"not_picked":["Outmaneuver","Slice"],"picked":"Dodge and Roll","floor":10},{"not_picked":["Concentrate","Escape Plan"],"picked":"PiercingWail","floor":12},{"not_picked":["Acrobatics","Dash"],"picked":"Adrenaline","floor":13},{"not_picked":["After Image","Storm of Steel"],"picked":"Wraith Form v2","floor":17},{"not_picked":["Poisoned Stab","Bane"],"picked":"Dagger Throw+1","floor":19},{"not_picked":["Bouncing Flask","Blur+1"],"picked":"Acrobatics+1","floor":21},{"not_picked":["Slice","Choke"],"picked":"Crippling Poison","floor":25},{"not_picked":["Deflect+1","Prepared"],"picked":"Backflip+1","floor":26},{"not_picked":["Infinite Blades","Accuracy"],"picked":"Venomology","floor":29},{"not_picked":["Sucker Punch","Burst","Accuracy"],"picked":"SKIP","floor":30},{"not_picked":["Blur","Prepared"],"picked":"Calculated Gamble+1","floor":31},{"not_picked":["Outmaneuver","Reflex"],"picked":"Riddle With Holes+1","floor":32},{"not_picked":["Venomology","Envenom"],"picked":"Bullet Time","floor":35},{"not_picked":["Dagger Spray","Slice+1"],"picked":"Leg Sweep+1","floor":37},{"not_picked":["Infinite Blades+1","Expertise+1","Dagger Spray"],"picked":"SKIP","floor":41},{"not_picked":["Deflect","Bane","Noxious Fumes"],"picked":"SKIP","floor":43},{"not_picked":["Quick Slash+1","Backflip","Calculated Gamble"],"picked":"SKIP","floor":44},{"not_picked":["Heel Hook","Dagger Spray","Skewer"],"picked":"SKIP","floor":47},{"not_picked":["Poisoned Stab+1","Dagger Throw"],"picked":"Eviscerate+1","floor":48},{"not_picked":["Dash+1","Quick Slash"],"picked":"Corpse Explosion","floor":49},{"not_picked":["Dash+1","Predator"],"picked":"Choke+1","floor":50},{"not_picked":["Bane","Prepared+1","Noxious Fumes"],"picked":"SKIP","floor":57},{"not_picked":[],"picked":"Meditate+1","floor":58}],"player_experience":614456,"relics_obtained":[{"floor":6,"key":"Art of War"},{"floor":8,"key":"Regal Pillow"},{"floor":9,"key":"Centennial Puzzle"},{"floor":10,"key":"Lizard Tail"},{"floor":13,"key":"InkBottle"},{"floor":25,"key":"Whetstone"},{"floor":27,"key":"War Paint"},{"floor":30,"key":"Bird Faced Urn"},{"floor":32,"key":"Oddly Smooth Stone"},{"floor":44,"key":"MawBank"},{"floor":45,"key":"Happy Flower"},{"floor":51,"key":"Vajra"},{"floor":51,"key":"Toy Ornithopter"},{"floor":57,"key":"Gremlin Horn"}],"event_choices":[{"cards_removed":["Defend_G"],"damage_healed":0,"gold_gain":0,"player_choice":"Card Removal","damage_taken":0,"max_hp_gain":0,"max_hp_loss":0,"event_name":"The Cleric","floor":14,"gold_loss":50},{"damage_healed":0,"gold_gain":0,"player_choice":"Got Potions","damage_taken":0,"max_hp_gain":0,"max_hp_loss":0,"event_name":"Lab","floor":20,"gold_loss":0},{"damage_healed":0,"gold_gain":0,"player_choice":"Max HP","damage_taken":0,"max_hp_gain":0,"max_hp_loss":4,"event_name":"Winding Halls","floor":39,"gold_loss":0},{"damage_healed":0,"gold_gain":0,"player_choice":"Ignored","damage_taken":0,"max_hp_gain":0,"max_hp_loss":0,"event_name":"NoteForYourself","floor":46,"gold_loss":0}],"is_beta":false,"boss_relics":[{"not_picked":["SacredBark","Calling Bell"],"picked":"Snecko Eye"},{"not_picked":["WristBlade","Runic Pyramid"],"picked":"Fusion Hammer"}],"items_purged_floors":[23,38,40],"is_endless":false,"potions_floor_spawned":[1,6,8,10,13,17,25,29,30,31,37,48,50],"ascension_level":2}}