{"host":"jksq986fwerfio60","time":1613449379,"event":{"mods":["BaseMod","Colored Map","Colored Powertips","Downfall","Hermit","Jorbs\u0027s Wanderer Trilogy","Marisa¡]Ãú«B¡@Å]²z¨F¡^","Minty Spire (QoL Compilation)","Replay The Spire","Shop Mod","StSLib","The Construct","UnlockEverythingMod"],"gold_per_floor":[99,128,150,176,249,249,249,249,101,125,125,151,9,43,63,188,188,188,210,160,174,174],"floor_reached":21,"language":"ZHS","playtime":971,"items_purged":["hermit:Defend_Hermit"],"score":171,"play_id":"8bda1a76-9371-49f0-98af-211453e2d0d1","local_time":"20210216122259","is_ascension_mode":false,"campfire_choices":[{"floor":1,"key":"DIG"},{"data":"hermit:Snapshot","floor":6,"key":"SMITH"},{"data":"hermit:Ricochet","floor":8,"key":"SMITH"},{"data":"hermit:Combo","floor":11,"key":"SMITH"},{"data":"hermit:Dive","floor":18,"key":"SMITH"}],"circlet_count":0,"master_deck":["hermit:Strike_Hermit","hermit:Defend_Hermit","hermit:Defend_Hermit","hermit:Snapshot+1","hermit:Covet","hermit:Ricochet+1","hermit:TrackingShot","hermit:BigShot","hermit:Dive+1","hermit:Combo+1","hermit:Enervate","hermit:TrackingShot"],"relics":["hermit:Momento","Replay:Bandana","Meat on the Bone","Shuriken","Gremlin Food","Replay:Drink Me"],"acts_visited":["Exordium","TheCity"],"potions_floor_usage":[13,16,19,21],"damage_taken":[{"damage":0,"enemies":"Small Slimes","floor":2,"turns":3},{"damage":1,"enemies":"Jaw Worm","floor":3,"turns":4},{"damage":0,"enemies":"Cultist","floor":4,"turns":4},{"damage":27,"enemies":"Gremlin Nob","floor":5,"turns":4},{"damage":0,"enemies":"downfall:FleeingMerchant","floor":9,"turns":4},{"damage":7,"enemies":"Exordium Thugs","floor":10,"turns":4},{"damage":1,"enemies":"Blue Slaver","floor":12,"turns":3},{"damage":2,"enemies":"downfall:FleeingMerchant","floor":13,"turns":4},{"damage":0,"enemies":"Lots of Slimes","floor":14,"turns":2},{"damage":8,"enemies":"Exordium Wildlife","floor":15,"turns":2},{"damage":7,"enemies":"IC_STATUS_ARCHETYPE","floor":16,"turns":3},{"damage":50,"enemies":"downfall:LooterAlt2","floor":19,"turns":5},{"damage":43,"enemies":"3 Byrds","floor":21,"turns":3}],"seed_played":"-7846290754720411037","potions_obtained":[{"floor":2,"key":"Elixir"},{"floor":5,"key":"BlessingOfTheForge"},{"floor":12,"key":"BlessingOfTheForge"},{"floor":15,"key":"Adrenaline Potion"},{"floor":16,"key":"BlessingOfTheForge"}],"is_trial":false,"path_per_floor":["R_BF","M","M","M","?","R","T","R","$","M","R","M","$","M","M","B",null,"R_BF","M","?","M"],"character_chosen":"HERMIT","items_purchased":["hermit:Combo","Gremlin Food"],"campfire_rested":0,"item_purchase_floors":[9,13],"current_hp_per_floor":[75,75,74,74,47,47,47,47,47,40,40,39,49,49,41,46,57,57,19,43,0,0],"gold":174,"neow_bonus":"REMOVE_CARD","is_daily":false,"chose_seed":false,"campfire_upgraded":4,"win_rate":0.0,"timestamp":1613449379,"path_taken":["R_BF","M","M","M","?","R","T","R","$","M","R","M","$","M","M","BOSS","R_BF","M","?","M"],"items_purchased_type":["Card","Relic"],"build_version":"2020-12-22","purchased_purges":1,"victory":false,"max_hp_per_floor":[75,75,75,75,75,75,75,75,75,75,75,75,75,75,75,75,57,57,57,57,57,57],"card_choices":[{"not_picked":["hermit:DeadMansHand","hermit:ItchyTrigger"],"picked":"hermit:Ricochet","floor":2},{"not_picked":["hermit:Glare","hermit:Roulette"],"picked":"hermit:TrackingShot","floor":3},{"not_picked":["hermit:Feint","hermit:SprayPray","hermit:Spite"],"picked":"SKIP","floor":4},{"not_picked":["hermit:LowProfile","hermit:Glare"],"picked":"hermit:BigShot","floor":5},{"not_picked":["hermit:OverwhelmingPower","hermit:WideOpen"],"picked":"hermit:Dive","floor":9},{"not_picked":["hermit:Misfire","hermit:BodyArmor","hermit:Ricochet"],"picked":"SKIP","floor":10},{"not_picked":["hermit:LowProfile","hermit:FullyLoaded"],"picked":"hermit:Enervate","floor":12},{"not_picked":["hermit:SprayPray","hermit:Ricochet"],"picked":"hermit:TrackingShot","floor":13},{"not_picked":["hermit:Glare","hermit:FlashPowder","hermit:CursedWeapon"],"picked":"SKIP","floor":14},{"not_picked":["hermit:Manifest","hermit:Cheat","hermit:FromBeyond"],"picked":"SKIP","floor":15},{"not_picked":["hermit:TakeCover","hermit:Spite+1","hermit:Quickdraw"],"picked":"SKIP","floor":19}],"player_experience":39306,"relics_obtained":[{"floor":1,"key":"Replay:Bandana"},{"floor":5,"key":"Meat on the Bone"},{"floor":7,"key":"Shuriken"}],"event_choices":[],"is_beta":false,"boss_relics":[{"not_picked":["Velvet Choker","Sozu"],"picked":"Replay:Drink Me"}],"items_purged_floors":[9],"is_endless":false,"potions_floor_spawned":[2,5,12,15,16],"killed_by":"3 Byrds","ascension_level":0}}