{"host":"3knbl8zxdy69ze8y","time":1613444284,"event":{"mods":["Astrologer","Bard","BaseMod","Colored Map","Hermit","Minty Spire (QoL Compilation)","Shapeshifter Mod","Smile Girya","StSLib","The Animator","The Hierophant","The Runesmith","The Widow","TheBandit"],"gold_per_floor":[123,146,178,27,27,27,27,27],"floor_reached":7,"language":"ENG","playtime":837,"items_purged":[],"score":39,"play_id":"53f97013-66f9-433b-911d-3f1fac3fdf9c","local_time":"20210215185804","is_ascension_mode":false,"campfire_choices":[{"data":"animator:Megumin+1","floor":6.0,"key":"SMITH"}],"circlet_count":0,"master_deck":["animator:Strike_Konosuba","animator:Defend_Konosuba","animator:Strike","animator:Strike","animator:Strike","animator:Defend","animator:Defend","animator:Kazuma","animator:Aqua","animator:Megumin+3","animator:PandorasActor"],"relics":["animator:LivingPicture","animator:TheMissingPiece","Oddly Smooth Stone","Centennial Puzzle"],"acts_visited":["Exordium"],"potions_floor_usage":[7],"damage_taken":[{"damage":0.0,"enemies":"Cultist","floor":1.0,"turns":6.0},{"damage":0.0,"enemies":"2 Louse","floor":3.0,"turns":2.0},{"damage":73,"enemies":"Lagavulin","floor":7,"turns":13}],"seed_played":"1032995282640175731","potions_obtained":[{"floor":1.0,"key":"BlessingOfTheForge"}],"is_trial":false,"path_per_floor":["M","T","M","$","?","R","E"],"character_chosen":"THE_ANIMATOR","items_purchased":["Centennial Puzzle"],"campfire_rested":0,"item_purchase_floors":[4],"current_hp_per_floor":[72,72,72,72,72,72,0,0],"gold":27,"neow_bonus":"TEN_PERCENT_HP_BONUS","is_daily":false,"chose_seed":false,"campfire_upgraded":1,"win_rate":0.0,"timestamp":1613444284,"path_taken":["M","?","?","$","?","R","E"],"items_purchased_type":["Relic"],"build_version":"2020-12-22","purchased_purges":0,"victory":false,"max_hp_per_floor":[72,72,72,72,72,72,72,72],"card_choices":[{"not_picked":["animator:DolaRiku","animator:Vanir"],"picked":"animator:Megumin","floor":1.0},{"not_picked":["animator:Nanami","animator:Berserker"],"picked":"animator:PandorasActor","floor":3.0}],"player_experience":797257,"relics_obtained":[{"floor":2.0,"key":"Oddly Smooth Stone"}],"event_choices":[{"cards_removed":["animator:Defend"],"damage_healed":0.0,"max_hp_gain":0.0,"max_hp_loss":0.0,"gold_gain":0.0,"event_name":"Bonfire Elementals","player_choice":"Offered Basic","floor":5.0,"gold_loss":0.0,"damage_taken":0.0}],"is_beta":false,"boss_relics":[],"items_purged_floors":[],"is_endless":false,"potions_floor_spawned":[1],"killed_by":"Lagavulin","ascension_level":0}}