{"host":"n2sr453jcjz6vvl4","time":1613434796,"event":{"mods":["BaseMod","Minty Spire (QoL Compilation)"],"gold_per_floor":[116,18,37,56,72,72,104,55,55,88,101,113,113,133,133,228,228,238,238,238,35,35,35,67,85,160,160,178,204,204,219,219,219,219],"floor_reached":33,"language":"ENG","playtime":1639,"items_purged":["Strike_G"],"score":411,"play_id":"3b1ae8f6-c8ea-4769-8774-6e4ceca477e3","local_time":"20210215201956","is_ascension_mode":true,"campfire_choices":[{"data":"Poisoned Stab","floor":6,"key":"SMITH"},{"floor":13,"key":"DIG"},{"floor":15,"key":"REST"},{"floor":23,"key":"DIG"},{"floor":27,"key":"DIG"},{"floor":32,"key":"DIG"}],"circlet_count":0,"master_deck":["Defend_G+1","Defend_G+1","Defend_G+1","Defend_G+1","Defend_G+1","Survivor","Neutralize","Bane","Poisoned Stab+1","Skewer","Backstab","Dodge and Roll","Deadly Poison","Crippling Poison","Blur","Corpse Explosion","Flying Knee","Bane","Bite","Bite","Bite","Bite","Bite","Dodge and Roll+1","Deadly Poison","Wraith Form v2","Backstab"],"relics":["Snecko Eye","Letter Opener","Shovel","Darkstone Periapt","Philosopher\u0027s Stone","TwistedFunnel","Bottled Lightning","Meat on the Bone","Sundial","Ninja Scroll","Paper Crane","Bird Faced Urn"],"acts_visited":["Exordium","TheCity"],"potions_floor_usage":[7,16,18,24,29,29,30,33],"damage_taken":[{"damage":0,"enemies":"Cultist","floor":1,"turns":4},{"damage":9,"enemies":"Jaw Worm","floor":3,"turns":3},{"damage":0,"enemies":"2 Louse","floor":4,"turns":2},{"damage":0,"enemies":"Large Slime","floor":5,"turns":3},{"damage":14,"enemies":"Lagavulin","floor":7,"turns":6},{"damage":12,"enemies":"Gremlin Nob","floor":10,"turns":3},{"damage":2,"enemies":"2 Fungi Beasts","floor":11,"turns":2},{"damage":6,"enemies":"Looter","floor":12,"turns":3},{"damage":0,"enemies":"Large Slime","floor":14,"turns":4},{"damage":27,"enemies":"The Guardian","floor":16,"turns":8},{"damage":16,"enemies":"2 Thieves","floor":18,"turns":3},{"damage":16,"enemies":"Gremlin Leader","floor":24,"turns":6},{"damage":4,"enemies":"Shell Parasite","floor":25,"turns":3},{"damage":6,"enemies":"Snake Plant","floor":28,"turns":3},{"damage":0,"enemies":"Slavers","floor":29,"turns":2},{"damage":6,"enemies":"Snecko","floor":31,"turns":4},{"damage":98,"enemies":"Champ","floor":33,"turns":10}],"seed_played":"-1346775282278031485","potions_obtained":[{"floor":4,"key":"Block Potion"},{"floor":5,"key":"DuplicationPotion"},{"floor":11,"key":"FearPotion"},{"floor":12,"key":"FearPotion"},{"floor":16,"key":"AttackPotion"},{"floor":18,"key":"DistilledChaos"},{"floor":24,"key":"Energy Potion"},{"floor":25,"key":"Energy Potion"},{"floor":30,"key":"Fruit Juice"},{"floor":30,"key":"CultistPotion"},{"floor":30,"key":"AttackPotion"}],"is_trial":false,"path_per_floor":["M","$","M","M","M","R","E","$","T","E","M","M","R","M","R","B",null,"M","?","?","$","?","R","E","M","T","R","M","E","?","M","R","B"],"character_chosen":"THE_SILENT","items_purchased":["Poisoned Stab","Deadly Poison","TwistedFunnel","Bane"],"campfire_rested":1,"item_purchase_floors":[2,8,21,21],"current_hp_per_floor":[70,70,61,61,61,61,47,47,47,37,37,33,33,35,56,31,70,54,41,41,41,41,41,37,39,39,39,49,51,56,58,58,0,0],"gold":219,"neow_bonus":"BOSS_RELIC","is_daily":false,"chose_seed":false,"campfire_upgraded":1,"win_rate":0.0,"timestamp":1613434796,"path_taken":["M","$","M","?","M","R","E","?","T","E","?","M","R","M","R","BOSS","M","?","?","$","?","R","E","?","T","R","M","E","?","M","R","BOSS"],"items_purchased_type":["Card","Card","Relic","Card"],"build_version":"2020-12-22","purchased_purges":1,"victory":false,"max_hp_per_floor":[70,70,70,70,70,70,70,70,70,70,70,70,70,70,70,70,70,70,75,75,75,75,75,75,75,75,75,75,75,80,80,80,80,80],"card_choices":[{"not_picked":["Blade Dance","PiercingWail"],"picked":"Bane","floor":1},{"not_picked":["PiercingWail","Flechettes"],"picked":"Skewer","floor":3},{"not_picked":["Backflip","Masterful Stab"],"picked":"Backstab","floor":4},{"not_picked":["PiercingWail","Blade Dance","Slice"],"picked":"SKIP","floor":5},{"not_picked":["Skewer","Calculated Gamble"],"picked":"Dodge and Roll","floor":7},{"not_picked":["Finisher","Dagger Throw","Calculated Gamble"],"picked":"SKIP","floor":10},{"not_picked":["Sucker Punch","Tactician"],"picked":"Crippling Poison","floor":11},{"not_picked":["Deadly Poison","Quick Slash"],"picked":"Blur","floor":12},{"not_picked":["Dagger Throw","Reflex","Terror"],"picked":"SKIP","floor":14},{"not_picked":["Unload","Venomology"],"picked":"Corpse Explosion","floor":16},{"not_picked":["Dagger Throw","Endless Agony"],"picked":"Flying Knee","floor":18},{"not_picked":["PiercingWail","Slice","Acrobatics+1"],"picked":"SKIP","floor":24},{"not_picked":["Dagger Spray","Backflip"],"picked":"Dodge and Roll+1","floor":25},{"not_picked":["Unload","Accuracy"],"picked":"Deadly Poison","floor":28},{"not_picked":["Deflect+1","Prepared"],"picked":"Wraith Form v2","floor":29},{"not_picked":["Dodge and Roll+1","Blade Dance"],"picked":"Backstab","floor":31}],"player_experience":145725,"relics_obtained":[{"floor":7,"key":"Blood Vial"},{"floor":9,"key":"Letter Opener"},{"floor":10,"key":"Shovel"},{"floor":13,"key":"Darkstone Periapt"},{"floor":23,"key":"Bottled Lightning"},{"floor":24,"key":"Meat on the Bone"},{"floor":26,"key":"Sundial"},{"floor":27,"key":"Ninja Scroll"},{"floor":29,"key":"Paper Crane"},{"floor":32,"key":"Bird Faced Urn"}],"event_choices":[{"damage_healed":0,"gold_gain":0,"player_choice":"Shed Blood","damage_taken":18,"max_hp_gain":5,"max_hp_loss":0,"event_name":"Forgotten Altar","floor":19,"gold_loss":0},{"damage_healed":0,"gold_gain":0,"player_choice":"Simplicity","damage_taken":0,"max_hp_gain":0,"max_hp_loss":0,"event_name":"Back to Basics","floor":20,"gold_loss":0,"cards_upgraded":["Strike_G","Strike_G","Strike_G","Strike_G","Defend_G","Defend_G","Defend_G","Defend_G","Defend_G"]},{"damage_healed":0,"gold_gain":0,"player_choice":"Became a vampire (Vial)","damage_taken":0,"max_hp_gain":0,"max_hp_loss":0,"event_name":"Vampires","floor":22,"relics_lost":["Blood Vial"],"gold_loss":0,"cards_obtained":["Bite","Bite","Bite","Bite","Bite"]},{"damage_healed":0,"gold_gain":0,"player_choice":"Got Potions","damage_taken":0,"max_hp_gain":0,"max_hp_loss":0,"event_name":"Lab","floor":30,"gold_loss":0}],"is_beta":false,"boss_relics":[{"not_picked":["HoveringKite","WristBlade"],"picked":"Philosopher\u0027s Stone"}],"items_purged_floors":[2],"is_endless":false,"potions_floor_spawned":[4,5,11,12,16,18,24,25],"killed_by":"Champ","ascension_level":4}}