{"host":"w4b7hmige5bnqipq","time":1613497653,"event":{"mods":["2.2 Compatiblity","BaseMod","Colored Map","DeckTracker","Keyboard Shortcuts","Minty Spire (QoL Compilation)","Permanent Neow","Rare Cards Sparkle","SuperFastMode","everything is the same but u backflip on backflip","slay the spire mod where everything is the same but ironclad has a cowboy hat"],"gold_per_floor":[111,111,128,128,53,53,103,114,114,114,114,126,126,141,141,220,220,239,253,168,168,168,68,83,83,83,83,115,34,49,61,61,136,136,148,23,0,0,15,15,41,41,64,84,84,119,119,138,138,138,138,138,138,61,89,89],"floor_reached":57,"language":"KOR","playtime":2350,"items_purged":["Caltrops","Neutralize","Finisher+1"],"score":2761,"play_id":"6645833d-f0ca-43c2-80e2-6ee636c072a8","local_time":"20210217024733","is_ascension_mode":true,"campfire_choices":[{"data":"Doppelganger","floor":6.0,"key":"SMITH"},{"data":"Finisher","floor":11.0,"key":"SMITH"},{"data":"Night Terror","floor":13.0,"key":"SMITH"},{"data":"Terror","floor":15.0,"key":"SMITH"},{"data":"Grand Finale","floor":27.0,"key":"SMITH"},{"floor":32.0,"key":"REST"},{"floor":40.0,"key":"RECALL"},{"data":"Well Laid Plans","floor":42.0,"key":"SMITH"},{"data":"After Image","floor":45.0,"key":"SMITH"},{"data":"Backflip","floor":47.0,"key":"SMITH"},{"data":"Tactician","floor":49.0,"key":"SMITH"},{"data":"Escape Plan","floor":53,"key":"SMITH"}],"circlet_count":0,"master_deck":["AscendersBane","Survivor","Backflip+1","Adrenaline+1","Night Terror+1","Doppelganger+1","Terror+1","Acrobatics+1","Blur+1","Grand Finale+1","CurseOfTheBell","Escape Plan+1","Blur","After Image+1","Well Laid Plans+1","Tactician+1","Footwork"],"relics":["Pandora\u0027s Box","Calipers","Dream Catcher","Art of War","Unceasing Top","Calling Bell","Nunchaku","Singing Bowl","Bird Faced Urn","War Paint","Gremlin Horn","Letter Opener","Sozu","Red Mask","WingedGreaves","Incense Burner","Meat on the Bone"],"acts_visited":["Exordium","TheCity","TheBeyond","TheEnding"],"potions_floor_usage":[56],"damage_taken":[{"damage":0.0,"enemies":"Cultist","floor":1.0,"turns":3.0},{"damage":9.0,"enemies":"Jaw Worm","floor":3.0,"turns":3.0},{"damage":0.0,"enemies":"2 Louse","floor":8.0,"turns":4.0},{"damage":3.0,"enemies":"Looter","floor":12.0,"turns":3.0},{"damage":8.0,"enemies":"Large Slime","floor":14.0,"turns":3.0},{"damage":6.0,"enemies":"Hexaghost","floor":16.0,"turns":5.0},{"damage":15.0,"enemies":"Shell Parasite","floor":18.0,"turns":3.0},{"damage":23.0,"enemies":"Chosen","floor":19.0,"turns":6.0},{"damage":0.0,"enemies":"Snecko","floor":24.0,"turns":2.0},{"damage":16.0,"enemies":"Slavers","floor":28.0,"turns":4.0},{"damage":16.0,"enemies":"Snake Plant","floor":30.0,"turns":2.0},{"damage":21.0,"enemies":"Cultist and Chosen","floor":31.0,"turns":6.0},{"damage":8.0,"enemies":"Champ","floor":33.0,"turns":5.0},{"damage":19.0,"enemies":"3 Shapes","floor":35.0,"turns":2.0},{"damage":3.0,"enemies":"Orb Walker","floor":39.0,"turns":5.0},{"damage":0.0,"enemies":"Giant Head","floor":41.0,"turns":2.0},{"damage":1.0,"enemies":"3 Darklings","floor":44.0,"turns":2.0},{"damage":4.0,"enemies":"Reptomancer","floor":46.0,"turns":2.0},{"damage":0.0,"enemies":"Maw","floor":48.0,"turns":5.0},{"damage":28,"enemies":"Time Eater","floor":50,"turns":5},{"damage":4,"enemies":"Donu and Deca","floor":51,"turns":3},{"damage":24,"enemies":"Shield and Spear","floor":55,"turns":5},{"damage":8,"enemies":"The Heart","floor":56,"turns":6}],"seed_played":"3094381331337247367","potions_obtained":[{"floor":12.0,"key":"Block Potion"},{"floor":14.0,"key":"SkillPotion"},{"floor":19.0,"key":"Energy Potion"},{"floor":24.0,"key":"Strength Potion"},{"floor":33.0,"key":"LiquidMemories"}],"is_trial":false,"path_per_floor":["M","?","M","?","$","R","T","M","T","T","R","M","R","M","R","B",null,"M","M","?","?","?","$","M","?","T","R","E","$","M","M","R","B",null,"M","$","?","?","M","R","E","R","T","M","R","E","R","M","R","B","B",null,"R","$","E","B",null],"character_chosen":"THE_SILENT","items_purchased":["Well Laid Plans","Footwork"],"campfire_rested":1,"item_purchase_floors":[29,54],"current_hp_per_floor":[59,54,45,45,45,45,45,45,45,45,45,42,42,34,34,28,57,50,37,37,37,37,37,39,39,39,39,25,25,15,6,30,34,67,60,60,60,60,63,63,69,69,69,74,74,76,76,80,80,56,56,80,80,80,64,68],"gold":89,"neow_bonus":"BOSS_RELIC","is_daily":false,"chose_seed":false,"campfire_upgraded":10,"win_rate":0.0,"timestamp":1613497653,"path_taken":["M","?","M","?","?","R","?","?","T","?","R","M","R","M","R","BOSS","M","M","?","?","?","$","M","?","T","R","E","$","M","M","R","BOSS","M","$","?","?","M","R","E","R","T","M","R","E","R","?","R","BOSS","BOSS","R","$","E","BOSS"],"items_purchased_type":["Card","Card"],"build_version":"2020-12-22","purchased_purges":3,"victory":true,"max_hp_per_floor":[66,66,66,66,66,66,66,66,66,66,66,66,66,66,66,66,66,66,68,68,68,68,68,70,70,70,70,70,70,72,74,76,78,78,80,80,80,80,82,82,84,84,84,86,86,88,88,88,88,88,88,88,88,88,90,90],"card_choices":[{"not_picked":["Outmaneuver","Deflect","Leg Sweep"],"picked":"SKIP","floor":1.0},{"not_picked":["Flying Knee","Masterful Stab"],"picked":"Acrobatics","floor":3.0},{"not_picked":["Outmaneuver","Endless Agony","Bane"],"picked":"SKIP","floor":8.0},{"not_picked":["Riddle With Holes","Backflip"],"picked":"Blur","floor":12.0},{"not_picked":["Quick Slash","Flying Knee","Deflect"],"picked":"SKIP","floor":14.0},{"not_picked":["Adrenaline","Storm of Steel"],"picked":"Grand Finale","floor":16.0},{"not_picked":["Quick Slash","Expertise"],"picked":"Escape Plan","floor":18.0},{"not_picked":["Deflect","Accuracy+1","Backflip"],"picked":"Singing Bowl","floor":19.0},{"not_picked":["Predator","Outmaneuver","Cloak And Dagger"],"picked":"Singing Bowl","floor":24.0},{"not_picked":["Finisher","Dagger Throw"],"picked":"After Image","floor":28.0},{"not_picked":["Finisher+1","Blade Dance","Choke+1"],"picked":"Singing Bowl","floor":30.0},{"not_picked":["Masterful Stab","Dash+1","Acrobatics"],"picked":"Singing Bowl","floor":31.0},{"not_picked":["Dodge and Roll","Quick Slash","Deadly Poison"],"picked":"Singing Bowl","floor":32.0},{"not_picked":["Malaise","Glass Knife","Doppelganger"],"picked":"Singing Bowl","floor":33.0},{"not_picked":["Slice+1","Setup","PiercingWail"],"picked":"Singing Bowl","floor":35.0},{"not_picked":["Eviscerate+1","Sucker Punch","All Out Attack"],"picked":"Singing Bowl","floor":39.0},{"not_picked":["Cloak And Dagger","Dodge and Roll","Bouncing Flask+1"],"picked":"Singing Bowl","floor":41.0},{"not_picked":["Quick Slash","Outmaneuver+1","Deadly Poison"],"picked":"Singing Bowl","floor":44.0},{"not_picked":["Bane+1","Sucker Punch","Dagger Throw"],"picked":"Singing Bowl","floor":46.0},{"not_picked":["Dagger Throw","Sucker Punch"],"picked":"Tactician","floor":48.0},{"not_picked":["Reflex+1","Underhanded Strike","Tools of the Trade"],"picked":"Singing Bowl","floor":55}],"player_experience":769667,"relics_obtained":[{"floor":7.0,"key":"Dream Catcher"},{"floor":9.0,"key":"Art of War"},{"floor":10.0,"key":"Unceasing Top"},{"floor":17.0,"key":"Nunchaku"},{"floor":17.0,"key":"Singing Bowl"},{"floor":17.0,"key":"Bird Faced Urn"},{"floor":26.0,"key":"Gremlin Horn"},{"floor":28.0,"key":"Letter Opener"},{"floor":41.0,"key":"Incense Burner"},{"floor":46.0,"key":"Meat on the Bone"}],"event_choices":[{"damage_healed":0.0,"max_hp_gain":0.0,"max_hp_loss":0.0,"gold_gain":0.0,"event_name":"Scrap Ooze","player_choice":"Success","floor":2.0,"gold_loss":0.0,"damage_taken":5.0,"relics_obtained":["Calipers"]},{"damage_healed":0.0,"max_hp_gain":0.0,"max_hp_loss":0.0,"gold_gain":0.0,"event_name":"Living Wall","player_choice":"Grow","floor":4.0,"gold_loss":0.0,"damage_taken":0.0,"cards_upgraded":["Adrenaline"]},{"damage_healed":0.0,"max_hp_gain":0.0,"max_hp_loss":0.0,"gold_gain":0.0,"event_name":"Addict","player_choice":"Obtained Relic","floor":20.0,"gold_loss":85.0,"damage_taken":0.0,"relics_obtained":["War Paint"]},{"damage_healed":0.0,"max_hp_gain":0.0,"max_hp_loss":0.0,"gold_gain":0.0,"cards_transformed":["Setup","Caltrops"],"event_name":"Drug Dealer","player_choice":"Became Test Subject","floor":21.0,"gold_loss":0.0,"damage_taken":0.0,"cards_obtained":["Blur","Deadly Poison"]},{"cards_removed":["Deadly Poison"],"damage_healed":0.0,"max_hp_gain":0.0,"max_hp_loss":0.0,"gold_gain":0.0,"event_name":"Back to Basics","player_choice":"Elegance","floor":22.0,"gold_loss":0.0,"damage_taken":0.0},{"damage_healed":0.0,"max_hp_gain":0.0,"max_hp_loss":0.0,"gold_gain":0.0,"event_name":"Ghosts","player_choice":"Ignored","floor":25.0,"gold_loss":0.0,"damage_taken":0.0},{"damage_healed":0.0,"max_hp_gain":0.0,"max_hp_loss":0.0,"gold_gain":0.0,"event_name":"Tomb of Lord Red Mask","player_choice":"Paid","floor":37.0,"gold_loss":23.0,"damage_taken":0.0,"relics_obtained":["Red Mask"]},{"cards_removed":["Infinite Blades"],"damage_healed":0.0,"max_hp_gain":0.0,"max_hp_loss":0.0,"gold_gain":0.0,"event_name":"WeMeetAgain","player_choice":"Gave Card","floor":38.0,"gold_loss":0.0,"damage_taken":0.0,"relics_obtained":["WingedGreaves"]}],"is_beta":false,"boss_relics":[{"not_picked":["Ectoplasm","Fusion Hammer"],"picked":"Calling Bell"},{"not_picked":["Tiny House","Runic Dome"],"picked":"Sozu"}],"items_purged_floors":[5,23,36],"is_endless":false,"potions_floor_spawned":[12,14,19,24,33,44,46],"ascension_level":20}}