{"host":"ctlqibkg0sskiu65","time":1613470159,"event":{"mods":["AchievementEnabler","Aspiration","Astrologer","BaseMod","Better Third Choice","BetterRewards","Colored Map","Colored Powertips","Conspire","Curses Come First","Fiend Mod","Infinite Spire","Minty Spire (QoL Compilation)","Potionbrewer","Quick Restart","Reliquary","Replay The Spire","Robot Space Explorer","Shade Mod","Shop Mod","StSLib","The Blackbeard","The Bladedancer","The Cursed","The Death Knight","The Hierophant","The Jungle","The Kombatant","The Necromancer","The Poker Player","The Servant 0.9.4","TheBandit","Wide Potions","thorton"],"gold_per_floor":[111,126,43,59,73,73,83,83,109,109,19,36,36,36,36,132,132,150,150,150,170,189,189,199,199,224,253,273,273,291,307,307,429,429,469,516,546,18,39,39,71,83,118,153,190,202,248,260,272,284],"floor_reached":51,"language":"ENG","playtime":2120,"items_purged":["DeathKnight:Strike_DeathKnight"],"score":1343,"play_id":"c51a6ffe-45d3-4c4d-b2a4-142c7ca2b57a","local_time":"20210216040919","is_ascension_mode":false,"campfire_choices":[{"data":"DeathKnight:Contagion","floor":6,"key":"SMITH"},{"data":"DeathKnight:RuneStrike","floor":8,"key":"SMITH"},{"data":"DeathKnight:Rot","floor":10,"key":"SMITH"},{"data":"DeathKnight:Runesurge","floor":15,"key":"SMITH"},{"data":"ReplayTheSpireMod:Chaos Vortex","floor":23,"key":"SMITH"},{"data":"DeathKnight:Pestilence","floor":25,"key":"SMITH"},{"data":"DeathKnight:MutagenicPlague","floor":29,"key":"SMITH"},{"data":"DeathKnight:UnholyFrenzy","floor":32,"key":"SMITH"},{"floor":40,"key":"REST"},{"data":"DeathKnight:MutagenicPlague","floor":42,"key":"SMITH"},{"data":"DeathKnight:FesteringStrike","floor":49,"key":"SMITH"}],"circlet_count":0,"master_deck":["DeathKnight:Strike_DeathKnight","DeathKnight:Strike_DeathKnight","DeathKnight:Strike_DeathKnight","DeathKnight:Strike_DeathKnight","DeathKnight:Defend_DeathKnight","DeathKnight:Defend_DeathKnight","DeathKnight:Defend_DeathKnight","DeathKnight:Defend_DeathKnight","DeathKnight:Defend_DeathKnight","DeathKnight:RuneTap","DeathKnight:RuneStrike+1","DeathKnight:Contagion+1","DeathKnight:FesteringStrike+1","DeathKnight:UnholyFrenzy+1","DeathKnight:Rot+1","DeathKnight:PlagueStrike","conspire:Banana","DeathKnight:Runesurge+1","DeathKnight:Pestilence+1","DeathKnight:Contagion+1","ReplayTheSpireMod:Chaos Vortex+1","DeathKnight:RunicCorruption","DeathKnight:DeathAndDecay","DeathKnight:MutagenicPlague+1","DeathKnight:DeathAndDecay+1","DeathKnight:Defile+1","DeathKnight:Pestilence+1","DeathKnight:MutagenicPlague+1"],"relics":["DeathKnight:BrokenRuneblade","reliquary:TridentHead","aspiration:HummingbirdHeart","Bronze Scales","Philosopher\u0027s Stone","aspiration:FrozenJewel","Pet Ghost","Bag of Preparation","infinitespire:EvilPickle","Black Star","PreservedInsect","aspiration:AnachronicSnailShell","Garlic","Lantern","MawBank","Art of War"],"acts_visited":["Exordium","TheCity","TheBeyond"],"potions_floor_usage":[7,7,24,36,36,41,50,50],"damage_taken":[{"damage":1,"enemies":"Jaw Worm","floor":1,"turns":6},{"damage":0,"enemies":"Cultist","floor":2,"turns":4},{"damage":0,"enemies":"2 Louse","floor":4,"turns":3},{"damage":3,"enemies":"2 Fungi Beasts","floor":5,"turns":5},{"damage":3,"enemies":"Gremlin Gang","floor":7,"turns":5},{"damage":3,"enemies":"Blue Slaver","floor":12,"turns":3},{"damage":10,"enemies":"Fading Forest","floor":16,"turns":11},{"damage":10,"enemies":"Spheric Guardian","floor":18,"turns":4},{"damage":6,"enemies":"2 Thieves","floor":21,"turns":3},{"damage":1,"enemies":"Snecko","floor":22,"turns":4},{"damage":0,"enemies":"3 Cultists","floor":24,"turns":4},{"damage":0,"enemies":"Slavers","floor":27,"turns":4},{"damage":0,"enemies":"Sentry and Sphere","floor":28,"turns":3},{"damage":0,"enemies":"Snake Plant","floor":30,"turns":3},{"damage":6,"enemies":"Centurion and Healer","floor":31,"turns":4},{"damage":0,"enemies":"Pondfish","floor":33,"turns":6},{"damage":20,"enemies":"3 Shapes","floor":35,"turns":4},{"damage":4,"enemies":"3 Darklings","floor":36,"turns":3},{"damage":29,"enemies":"conspire:MimicChest","floor":37,"turns":4},{"damage":2,"enemies":"Sphere and 2 Shapes","floor":39,"turns":4},{"damage":0,"enemies":"Reptomancer","floor":41,"turns":3},{"damage":12,"enemies":"4 Shapes","floor":44,"turns":4},{"damage":0,"enemies":"Writhing Mass","floor":45,"turns":3},{"damage":0,"enemies":"Spire Growth","floor":47,"turns":3},{"damage":4,"enemies":"Time Eater","floor":50,"turns":5}],"seed_played":"7163618099124265250","potions_obtained":[{"floor":2,"key":"DeathKnight:BottledBloodEchoes"},{"floor":4,"key":"Elixir"},{"floor":5,"key":"LiquidMemories"},{"floor":16,"key":"FearPotion"},{"floor":22,"key":"Swift Potion"},{"floor":24,"key":"Languid Potion"},{"floor":28,"key":"Fire Potion"},{"floor":33,"key":"Explosive Potion"},{"floor":37,"key":"Reflective Coating"},{"floor":45,"key":"DeathKnight:RimePotion"},{"floor":47,"key":"LiquidMemories"}],"is_trial":false,"path_per_floor":["M","M","?","M","M","R","M","R","T","R","$","M","$","?","R","B",null,"M","?","AVR","M","M","R","M","R","T","E","M","R","M","M","R","B",null,"M","M","?","$","M","R","E","R","T","M","M","?","M","?","R","B",null],"character_chosen":"DEATH_KNIGHT","items_purchased":["reliquary:TridentHead","conspire:Banana","aspiration:AnachronicSnailShell","Garlic"],"campfire_rested":1,"item_purchase_floors":[0,11,38,38],"current_hp_per_floor":[74,74,74,74,71,71,68,68,68,68,68,66,66,66,66,67,77,68,68,68,63,63,63,64,64,64,65,66,66,67,62,62,63,86,67,64,36,36,37,64,64,64,64,53,56,56,57,57,57,54],"gold":296,"neow_bonus":"","is_daily":false,"chose_seed":false,"campfire_upgraded":10,"win_rate":0.0,"timestamp":1613470159,"path_taken":["M","M","?","M","M","R","?","R","T","R","$","M","$","?","R","BOSS","M","?","AVR","M","M","R","M","R","T","E","?","R","M","M","R","BOSS","M","M","?","$","M","R","E","R","T","M","M","?","M","?","R","BOSS"],"items_purchased_type":["Relic","Card","Relic","Relic"],"build_version":"2020-12-22","purchased_purges":1,"victory":true,"max_hp_per_floor":[75,75,75,75,75,75,75,75,75,75,75,76,76,76,76,77,77,78,78,78,79,80,80,81,81,81,82,83,83,84,85,85,86,86,87,88,89,89,92,92,92,92,92,93,96,96,97,97,97,98],"card_choices":[{"not_picked":["DeathKnight:BloodStrike","DeathKnight:Culling"],"picked":"DeathKnight:Contagion","floor":1},{"not_picked":["DeathKnight:IceboundArmor","DeathKnight:MindFreeze"],"picked":"DeathKnight:FesteringStrike","floor":2},{"not_picked":["DeathKnight:BludPresence","DeathKnight:DeathRune"],"picked":"DeathKnight:UnholyFrenzy","floor":4},{"not_picked":["DeathKnight:ShatteringStrikes","DeathKnight:Ossuary"],"picked":"DeathKnight:Rot","floor":5},{"not_picked":["DeathKnight:DeathGrip","DeathKnight:DeathStrike"],"picked":"DeathKnight:PlagueStrike","floor":7},{"not_picked":["DeathKnight:AntiMagicShell","DeathKnight:FrosPresence"],"picked":"DeathKnight:Runesurge","floor":12},{"not_picked":["DeathKnight:BloodStrike","DeathKnight:DancingRuneblade+1"],"picked":"DeathKnight:Pestilence","floor":18},{"not_picked":["DeathKnight:DarkSuccor","DeathKnight:RuneShock","DeathKnight:Parry"],"picked":"SKIP","floor":21},{"not_picked":["DeathKnight:RaiseAlly","DeathKnight:DeathRune"],"picked":"DeathKnight:RunicCorruption","floor":22},{"not_picked":["DeathKnight:HornOfWinter+1","DeathKnight:IcyTouch"],"picked":"DeathKnight:DeathAndDecay","floor":24},{"not_picked":["DeathKnight:PlagueStrike","DeathKnight:HornOfWinter"],"picked":"DeathKnight:MutagenicPlague","floor":27},{"not_picked":["DeathKnight:IceboundArmor","DeathKnight:BoneStorm","DeathKnight:BludPresence+1"],"picked":"SKIP","floor":28},{"not_picked":["DeathKnight:IceboundArmor","DeathKnight:FrosPresence+1","DeathKnight:BloodTap+1"],"picked":"SKIP","floor":30},{"not_picked":["DeathKnight:RunicCorruption","DeathKnight:ScourgeStrike+1"],"picked":"DeathKnight:DeathAndDecay+1","floor":31},{"not_picked":["DeathKnight:BoneStorm","DeathKnight:UnholyExperiment"],"picked":"DeathKnight:Defile","floor":33},{"not_picked":["DeathKnight:WraithWalk+1","DeathKnight:RaiseAlly+1","DeathKnight:MindFreeze+1"],"picked":"SKIP","floor":35},{"not_picked":["DeathKnight:IcyTouch","DeathKnight:ThirstingStrike"],"picked":"DeathKnight:Pestilence+1","floor":36},{"not_picked":["DeathKnight:HornOfWinter+1","DeathKnight:BloodTap+1","DeathKnight:Outbreak"],"picked":"SKIP","floor":39},{"not_picked":["DeathKnight:UnholyFrenzy+1","DeathKnight:RaiseAlly"],"picked":"DeathKnight:MutagenicPlague","floor":41},{"not_picked":["DeathKnight:PillarOfFrost+1","DeathKnight:UnholyAssault+1","DeathKnight:ChainsOfIce"],"picked":"SKIP","floor":44},{"not_picked":["DeathKnight:DeathRune+1","DeathKnight:BoneSpear+1","DeathKnight:BloodStrike+1"],"picked":"SKIP","floor":45},{"not_picked":["DeathKnight:BloodEchoes","DeathKnight:UnholyPresence","DeathKnight:DeathCoil"],"picked":"SKIP","floor":47}],"player_experience":312254,"relics_obtained":[{"floor":9,"key":"Bronze Scales"},{"floor":26,"key":"Pet Ghost"},{"floor":27,"key":"Bag of Preparation"},{"floor":37,"key":"PreservedInsect"},{"floor":41,"key":"Lantern"},{"floor":41,"key":"MawBank"},{"floor":43,"key":"Art of War"}],"event_choices":[{"damage_healed":0,"gold_gain":0,"player_choice":"Paid Gold","damage_taken":0,"relics_obtained":["aspiration:HummingbirdHeart"],"max_hp_gain":0,"max_hp_loss":0,"event_name":"WeMeetAgain","floor":3,"gold_loss":83},{"damage_healed":0,"gold_gain":0,"player_choice":"Copied","damage_taken":0,"max_hp_gain":0,"max_hp_loss":0,"event_name":"Duplicator","floor":19,"gold_loss":0,"cards_obtained":["DeathKnight:Contagion"]},{"damage_healed":0,"gold_gain":0,"player_choice":"Memory 1","damage_taken":0,"max_hp_gain":0,"max_hp_loss":0,"event_name":"SensoryStone","floor":46,"gold_loss":0},{"damage_healed":0,"gold_gain":0,"player_choice":"Upgraded","damage_taken":0,"max_hp_gain":0,"max_hp_loss":0,"event_name":"Upgrade Shrine","floor":48,"gold_loss":0,"cards_upgraded":["DeathKnight:Defile"]}],"is_beta":false,"boss_relics":[{"not_picked":["Replay:Wanted Poster","Abe\u0027s Treasure"],"picked":"Philosopher\u0027s Stone"},{"not_picked":["Replay:Fungal Core","conspire:SeveredTorchhead"],"picked":"Black Star"}],"items_purged_floors":[20],"is_endless":false,"potions_floor_spawned":[2,4,5,16,22,24,28,31,33,35,37,45,47],"ascension_level":0}}