{"host":"erh089znuovh6twj","time":1613518794,"event":{"mods":["AchievementEnabler","Act Like it!","Aspiration","BaseMod","Better Note","Better Skull","Better Third Choice","BetterRewards","Defuse TimeMaze Blight","Energized Spire","Hermit","Highlight Path","Hubris","Infinite Spire","Minty Spire (QoL Compilation)","Permanent Neow","Quick Restart","Replay The Spire","StSLib","The Jungle","everything is the same but u backflip on backflip"],"gold_per_floor":[116,116,127,127,127,156,156,156,156,176,197,197,210,229,229,327,327,338,253,253,253,253,253,253],"floor_reached":23,"language":"ENG","playtime":679,"items_purged":[],"score":249,"play_id":"c43e8608-3fb5-4b7d-9aa5-1f7ba9ed2aa6","local_time":"20210216183954","is_ascension_mode":true,"campfire_choices":[{"floor":7,"key":"REST"},{"floor":12,"key":"REST"},{"data":"Replay:LoomingThreat","floor":15,"key":"SMITH"}],"circlet_count":0,"master_deck":["Strike_P","Strike_P","Strike_P","Strike_P","Defend_P","Defend_P","Defend_P","Defend_P","Eruption+1","Vigilance","Replay:LoomingThreat+1","JustLucky","FlyingSleeves","FlyingSleeves","ClearTheMind","Replay:AtTheReady","FlyingSleeves","BattleHymn","Replay:BluntJabs","Judgement","EmptyBody+1","infinitespire:Execution","ReplayTheSpireMod:Black Plague","Voices"],"relics":["PureWater","hubris:Towel","Singing Bowl","Garlic","Girya","Odd Mushroom","energizedSpire:SpiderWeb","hubris:SlimyHat","Runic Dome","Calipers"],"acts_visited":["Exordium","TheCity"],"potions_floor_usage":[6,13,16],"damage_taken":[{"damage":13,"enemies":"Small Slimes","floor":1,"turns":3},{"damage":3,"enemies":"Jaw Worm","floor":3,"turns":3},{"damage":44,"enemies":"Lagavulin","floor":6,"turns":4},{"damage":0,"enemies":"2 Louse","floor":10,"turns":4},{"damage":1,"enemies":"The Mushroom Lair","floor":11,"turns":5},{"damage":6,"enemies":"Looter","floor":13,"turns":1},{"damage":4,"enemies":"3 Louse","floor":14,"turns":3},{"damage":0,"enemies":"Slime Boss","floor":16,"turns":6},{"damage":30,"enemies":"2 Thieves","floor":18,"turns":3},{"damage":48,"enemies":"Slavers","floor":23,"turns":4}],"seed_played":"-3777667453819178993","potions_obtained":[{"floor":3,"key":"CultistPotion"},{"floor":11,"key":"LiquidBronze"},{"floor":14,"key":"BottledMiracle"}],"is_trial":false,"path_per_floor":["M","?","M","?","T","E","R","?","T","M","?","R","M","M","R","B",null,"M","?","?","AVR","?","E"],"character_chosen":"WATCHER","items_purchased":[],"campfire_rested":2,"item_purchase_floors":[],"current_hp_per_floor":[59,59,56,56,56,12,33,33,33,33,32,53,47,43,43,43,72,42,42,23,23,23,0,0],"gold":253,"neow_bonus":"ONE_RANDOM_RARE_CARD","is_daily":false,"chose_seed":false,"campfire_upgraded":1,"win_rate":0.0,"timestamp":1613518794,"path_taken":["M","?","M","?","?","E","R","?","T","?","?","R","M","M","R","BOSS","M","?","?","AVR","?","E"],"items_purchased_type":[],"build_version":"2020-12-22","purchased_purges":0,"victory":false,"max_hp_per_floor":[72,72,72,72,72,72,72,72,72,72,72,72,72,72,72,72,72,72,72,72,72,72,72,72],"card_choices":[{"not_picked":["FollowUp","ThirdEye"],"picked":"JustLucky","floor":1},{"not_picked":["ReachHeaven","Evaluate"],"picked":"FlyingSleeves","floor":3},{"not_picked":["Meditate","Replay:ManipulateFuture"],"picked":"ClearTheMind","floor":6},{"not_picked":["Crescendo","Evaluate"],"picked":"Replay:AtTheReady","floor":10},{"not_picked":["FearNoEvil","TalkToTheHand"],"picked":"FlyingSleeves","floor":11},{"not_picked":["EmptyBody","SashWhip"],"picked":"BattleHymn","floor":13},{"not_picked":["Replay:AtTheReady","Halt"],"picked":"Replay:BluntJabs","floor":14},{"not_picked":["Wish","Ragnarok"],"picked":"Judgement","floor":16},{"not_picked":["EmptyFist+1","CrushJoints+1"],"picked":"EmptyBody+1","floor":18},{"not_picked":["infinitespire:Gouge","ReplayTheSpireMod:Haul"],"picked":"infinitespire:Execution","floor":20}],"player_experience":380473,"relics_obtained":[{"floor":5,"key":"Singing Bowl"},{"floor":6,"key":"Garlic"},{"floor":9,"key":"Girya"},{"floor":11,"key":"Odd Mushroom"}],"event_choices":[{"damage_healed":0,"gold_gain":0,"player_choice":"Fought Mushrooms","damage_taken":0,"max_hp_gain":0,"max_hp_loss":0,"event_name":"Mushrooms","floor":11,"gold_loss":0},{"damage_healed":0,"gold_gain":0,"player_choice":"Obtained Relic","damage_taken":0,"relics_obtained":["hubris:SlimyHat"],"max_hp_gain":0,"max_hp_loss":0,"event_name":"Addict","floor":19,"gold_loss":85}],"is_beta":false,"boss_relics":[{"not_picked":["Replay:Ancient Bell","aspiration:DefectSkillbook"],"picked":"energizedSpire:SpiderWeb"}],"items_purged_floors":[],"is_endless":false,"potions_floor_spawned":[3,11,14],"killed_by":"Slavers","ascension_level":1}}