{"host":"amduk82rbaelv3uo","time":1613505465,"event":{"mods":["AchievementEnabler","BaseMod","BetterRewards","Colored Map","Colored Powertips","Defuse TimeMaze Blight","Downfall","Highlight Path","Infinite Spire","Minty Spire (QoL Compilation)","Permanent Neow","Quick Restart","Replay The Spire","StSLib"],"gold_per_floor":[112,123,133,144,157,185,185,197,243,274,299,299,343,363,363,484,484,498,566,566,3,18,51,51,95,170,170,186,186,221,221,221,342,342,384,445,445,487,193,228,528,528,580,636,691,780,892,1046,1046,1046,1046],"floor_reached":50,"language":"ENG","playtime":3606,"items_purged":["Injury"],"score":1053,"play_id":"3c6e3fec-eac6-4881-9591-cb75bb67823e","local_time":"20210216195745","is_ascension_mode":true,"campfire_choices":[{"data":"FlurryOfBlows","floor":7.0,"key":"SMITH"},{"floor":15.0,"key":"REST"},{"data":"FlurryOfBlows","floor":24.0,"key":"SMITH"},{"data":"Crescendo","floor":24.0,"key":"SMITH"},{"floor":32.0,"key":"REST"},{"floor":49.0,"key":"REST"}],"circlet_count":0,"master_deck":["Strike_P","Strike_P","Strike_P","Strike_P","Defend_P","Defend_P","Defend_P","Defend_P","Eruption","Vigilance","Finesse","CutThroughFate","Consecrate","EmptyFist","FlurryOfBlows+1","FlyingSleeves","EmptyFist","Weave","FlurryOfBlows+1","Tantrum","EmptyFist","ClearTheMind","Devotion","JustLucky+1","FearNoEvil","Crescendo+1","Replay:Fractal Strike","EmptyFist+1","Tantrum","Protect","infinitespire:Collect","Replay:Cycle","downfall:Bewildered","FlurryOfBlows","Devotion","JustLucky+1","Halt","Omniscience","Swift Strike","Prostrate+1","JustLucky+1","CurseOfTheBell","SandsOfTime","FlurryOfBlows","FlurryOfBlows+1","Replay:Hum+1","BattleHymn+1"],"relics":["PureWater","Replay:Accelerometer","infinitespire:Satchel","Blue Doll","Odd Mushroom","Golden Idol","Letter Opener","bronze:MakeshiftBattery","Bronze Scales","infinitespire:CheckeredPen","Replay:Arrowhead","Juzu Bracelet","Happy Flower","Blue Candle","Turnip","sneckomod:BabySnecko","Boot","Runic Pyramid","infinitespire:EvilPickle","FossilizedHelix","Toy Ornithopter","Cauldron","Art of War","Calling Bell","Orichalcum","Sundial","Old Coin","ReplayTheSpireMod:Lightbulb","Replay:Bandana","Pondfish Scales"],"acts_visited":["Exordium","TheCity","TheBeyond"],"potions_floor_usage":[],"damage_taken":[{"damage":0.0,"enemies":"Small Slimes","floor":1.0,"turns":3.0},{"damage":2.0,"enemies":"Jaw Worm","floor":2.0,"turns":4.0},{"damage":0.0,"enemies":"Cultist","floor":3.0,"turns":2.0},{"damage":0.0,"enemies":"Exordium Wildlife","floor":4.0,"turns":2.0},{"damage":0.0,"enemies":"3 Louse","floor":5.0,"turns":2.0},{"damage":10.0,"enemies":"Gremlin Nob","floor":6.0,"turns":3.0},{"damage":4.0,"enemies":"Gremlin Gang","floor":8.0,"turns":3.0},{"damage":9.0,"enemies":"Replay:BlueRogue","floor":10.0,"turns":1.0},{"damage":8.0,"enemies":"The Mushroom Lair","floor":11.0,"turns":3.0},{"damage":21.0,"enemies":"Lagavulin","floor":13.0,"turns":4.0},{"damage":0.0,"enemies":"2 Fungi Beasts","floor":14.0,"turns":2.0},{"damage":0.0,"enemies":"Slime Boss","floor":16.0,"turns":4.0},{"damage":15.0,"enemies":"3 Byrds","floor":18.0,"turns":3.0},{"damage":0.0,"enemies":"Spheric Guardian","floor":22.0,"turns":2.0},{"damage":7.0,"enemies":"Replay:Snechameleon","floor":23.0,"turns":5.0},{"damage":15.0,"enemies":"Slavers","floor":25.0,"turns":3.0},{"damage":0.0,"enemies":"Snake Plant","floor":28.0,"turns":2.0},{"damage":13.0,"enemies":"Book of Stabbing","floor":30.0,"turns":3.0},{"damage":22.0,"enemies":"Pondfish","floor":33.0,"turns":6.0},{"damage":2.0,"enemies":"Orb Walker","floor":35.0,"turns":2.0},{"damage":27.0,"enemies":"2 Orb Walkers","floor":36.0,"turns":3.0},{"damage":16.0,"enemies":"3 Darklings","floor":38.0,"turns":3.0},{"damage":0.0,"enemies":"R_Hoarder","floor":40.0,"turns":2.0},{"damage":0.0,"enemies":"Sphere and 2 Shapes","floor":44.0,"turns":3.0},{"damage":0.0,"enemies":"Transient","floor":45.0,"turns":5.0},{"damage":0.0,"enemies":"Nemesis","floor":46.0,"turns":3.0},{"damage":0.0,"enemies":"3 Darklings","floor":47.0,"turns":2.0},{"damage":37.0,"enemies":"Reptomancer","floor":48.0,"turns":4.0},{"damage":0,"enemies":"Time Eater","floor":50,"turns":1}],"seed_played":"4195879693926383123","potions_obtained":[{"floor":1.0,"key":"LiquidBronze"},{"floor":4.0,"key":"ColorlessPotion"},{"floor":8.0,"key":"champ:CounterPotion"},{"floor":10.0,"key":"hexamod:SoulburnPotion"},{"floor":19.0,"key":"Flashbang"},{"floor":22.0,"key":"Guardian:BlockOnCardUsePotion"},{"floor":25.0,"key":"Swift Potion"},{"floor":30.0,"key":"hexamod:SoulburnPotion"},{"floor":35.0,"key":"Weak Potion"},{"floor":39.0,"key":"Ambrosia"},{"floor":39.0,"key":"AttackPotion"},{"floor":39.0,"key":"FearPotion"},{"floor":40.0,"key":"Fruit Juice"},{"floor":46.0,"key":"champ:CounterPotion"},{"floor":47.0,"key":"SkillPotion"}],"is_trial":false,"path_per_floor":["M","M","M","M","M","E","R","M","T","E","?","?","E","M","R","B",null,"M","?","?","$","M","E","R","E","T","AVR","M","?","E","?","R","B",null,"M","?","?","M","$","E","AVR","?","T","M","M","E","M","E","R","B"],"character_chosen":"WATCHER","items_purchased":["infinitespire:CheckeredPen","Replay:Arrowhead","Toy Ornithopter","Cauldron"],"campfire_rested":3,"item_purchase_floors":[21,21,39,39],"current_hp_per_floor":[72,70,70,70,70,60,60,56,56,47,39,39,18,18,39,39,72,57,57,40,40,40,33,33,18,18,18,18,18,5,5,26,4,72,70,43,43,27,27,47,47,47,47,52,52,52,52,25,48,48,48],"gold":1046,"neow_bonus":"RANDOM_COLORLESS","is_daily":false,"chose_seed":false,"campfire_upgraded":3,"win_rate":0.0,"timestamp":1613505465,"path_taken":["M","M","M","M","M","E","R","M","T","E","?","?","E","M","R","BOSS","M","?","?","$","M","E","R","E","T","AVR","M","?","E","?","R","BOSS","M","?","?","M","$","E","AVR","?","T","M","M","E","M","E","R","BOSS"],"items_purchased_type":["Relic","Relic","Relic","Relic"],"build_version":"2020-12-22","purchased_purges":1,"victory":false,"max_hp_per_floor":[72,72,72,72,72,72,72,72,72,72,72,72,72,72,72,72,72,72,72,72,72,72,72,72,72,72,72,72,72,72,72,72,72,72,72,72,72,72,72,77,77,77,77,77,77,77,77,77,77,77,77],"card_choices":[{"not_picked":["Blind","Replay:Sssssssssstrike"],"picked":"Finesse","floor":0.0},{"not_picked":["Halt","FlyingSleeves"],"picked":"CutThroughFate","floor":1.0},{"not_picked":["ThirdEye","Protect"],"picked":"Consecrate","floor":2.0},{"not_picked":["FlyingSleeves","Replay:Vibes"],"picked":"EmptyFist","floor":3.0},{"not_picked":["PathToVictory","Swivel"],"picked":"FlurryOfBlows","floor":4.0},{"not_picked":["Meditate","WaveOfTheHand"],"picked":"FlyingSleeves","floor":5.0},{"not_picked":["Halt","SignatureMove"],"picked":"EmptyFist","floor":6.0},{"not_picked":["Consecrate","DeusExMachina"],"picked":"Weave","floor":8.0},{"not_picked":["ClearTheMind","Perseverance"],"picked":"FlurryOfBlows","floor":10.0},{"not_picked":["PathToVictory","Evaluate"],"picked":"Tantrum","floor":11.0},{"not_picked":["Weave","WaveOfTheHand"],"picked":"EmptyFist","floor":13.0},{"not_picked":["Replay:DivineShield","Protect"],"picked":"ClearTheMind","floor":14.0},{"not_picked":["Vault","MasterReality"],"picked":"Devotion","floor":16.0},{"not_picked":["Replay:AtTheReady+1","Crescendo"],"picked":"JustLucky+1","floor":18.0},{"not_picked":["Halt","Meditate+1"],"picked":"FearNoEvil","floor":19.0},{"not_picked":["Study","CrushJoints"],"picked":"Crescendo","floor":19.0},{"not_picked":["infinitespire:TheBestDefense","ReplayTheSpireMod:Echoes of Time"],"picked":"Replay:Fractal Strike","floor":20.0},{"not_picked":["PathToVictory","SashWhip"],"picked":"EmptyFist+1","floor":22.0},{"not_picked":["Replay:LoomingThreat","PathToVictory+1"],"picked":"Tantrum","floor":23.0},{"not_picked":["Replay:BluntJabs+1","Replay:DivineShield"],"picked":"Protect","floor":25.0},{"not_picked":["Indignation","Replay:ManipulateFuture"],"picked":"Replay:Cycle","floor":28.0},{"not_picked":["Replay:AtTheReady","PathToVictory+1"],"picked":"FlurryOfBlows","floor":30.0},{"not_picked":["MasterReality","DeusExMachina"],"picked":"Devotion","floor":33.0},{"not_picked":["Replay:DivineShield+1","Protect+1"],"picked":"JustLucky+1","floor":35.0},{"not_picked":["Replay:Battleflow","CutThroughFate"],"picked":"Halt","floor":36.0},{"not_picked":["Adaptation","Meditate+1"],"picked":"Prostrate+1","floor":38.0},{"not_picked":["Consecrate+1","Collect"],"picked":"JustLucky+1","floor":40.0},{"not_picked":["Replay:AtTheReady","BowlingBash"],"picked":"SandsOfTime","floor":44.0},{"not_picked":["Tantrum+1","CutThroughFate+1"],"picked":"FlurryOfBlows","floor":45.0},{"not_picked":["CrushJoints","Blasphemy"],"picked":"FlurryOfBlows+1","floor":46.0},{"not_picked":["ThirdEye","BattleHymn+1"],"picked":"Replay:Hum+1","floor":47.0},{"not_picked":["BowlingBash","Pray+1"],"picked":"BattleHymn+1","floor":48.0}],"player_experience":293379,"relics_obtained":[{"floor":6.0,"key":"Replay:Accelerometer"},{"floor":9.0,"key":"infinitespire:Satchel"},{"floor":10.0,"key":"Blue Doll"},{"floor":11.0,"key":"Odd Mushroom"},{"floor":13.0,"key":"Letter Opener"},{"floor":19.0,"key":"Bronze Scales"},{"floor":23.0,"key":"Juzu Bracelet"},{"floor":25.0,"key":"Happy Flower"},{"floor":26.0,"key":"Blue Candle"},{"floor":30.0,"key":"Boot"},{"floor":36.0,"key":"FossilizedHelix"},{"floor":40.0,"key":"Art of War"},{"floor":41.0,"key":"Orichalcum"},{"floor":41.0,"key":"Sundial"},{"floor":41.0,"key":"Old Coin"},{"floor":43.0,"key":"ReplayTheSpireMod:Lightbulb"},{"floor":46.0,"key":"Replay:Bandana"},{"floor":48.0,"key":"Pondfish Scales"}],"event_choices":[{"damage_healed":0.0,"max_hp_gain":0.0,"max_hp_loss":0.0,"gold_gain":0.0,"event_name":"Mushrooms","player_choice":"Fought Mushrooms","floor":11.0,"gold_loss":0.0,"damage_taken":0.0},{"damage_healed":0.0,"max_hp_gain":0.0,"max_hp_loss":0.0,"gold_gain":0.0,"event_name":"Golden Idol","player_choice":"Take Wound","floor":12.0,"gold_loss":0.0,"damage_taken":0.0,"relics_obtained":["Golden Idol"],"cards_obtained":["Injury"]},{"damage_healed":0.0,"max_hp_gain":0.0,"max_hp_loss":0.0,"gold_gain":0.0,"event_name":"Mysterious Sphere","player_choice":"Fight","floor":36.0,"gold_loss":0.0,"damage_taken":0.0},{"damage_healed":0.0,"max_hp_gain":0.0,"max_hp_loss":0.0,"gold_gain":0.0,"event_name":"Match and Keep!","player_choice":"2 cards matched","floor":37.0,"gold_loss":0.0,"damage_taken":0.0,"cards_obtained":["Omniscience","Swift Strike"]},{"damage_healed":0.0,"max_hp_gain":0.0,"max_hp_loss":0.0,"gold_gain":0.0,"event_name":"Tomb of Lord Red Mask","player_choice":"Ignored","floor":42.0,"gold_loss":0.0,"damage_taken":0.0}],"is_beta":false,"boss_relics":[{"not_picked":["Replay:Drink Me","Coffee Dripper"],"picked":"bronze:MakeshiftBattery"},{"not_picked":["ReplayTheSpireMod:DimensionalGlitch","Velvet Choker"],"picked":"Runic Pyramid"}],"items_purged_floors":[27],"is_endless":false,"potions_floor_spawned":[1,4,8,10,22,25,30,35,40,46,47],"killed_by":"Time Eater","ascension_level":1}}