{"host":"kk6i5v7sjcm8i50x","time":1613507889,"event":{"mods":["BaseMod","Bestiary","Colored Map","Hubris","Minty Spire (QoL Compilation)","Reliquary","StSLib"],"gold_per_floor":[112,112,131,150,150,150,175,195,220,220,255,265,277,131,131,131,131],"floor_reached":16,"language":"ENG","playtime":643,"items_purged":["Strike_G"],"score":112,"play_id":"6587f00f-bdb8-4c74-bc77-12c92bae079c","local_time":"20210216153809","is_ascension_mode":false,"campfire_choices":[{"data":"Neutralize","floor":6,"key":"SMITH"},{"data":"Quick Slash","floor":10,"key":"SMITH"},{"floor":15,"key":"REST"}],"circlet_count":0,"master_deck":["Strike_G","Strike_G","Strike_G","Strike_G","Defend_G","Defend_G","Defend_G","Defend_G","Defend_G","Survivor","Neutralize+1","Slice","Blade Dance","Quick Slash+1","Slice","Blade Dance","hubris:Sniper","Slice","Infinite Blades"],"relics":["Ring of the Snake","NeowsBlessing","hubris:Towel","Lantern","reliquary:TuningFork","PreservedInsect"],"acts_visited":["Exordium"],"potions_floor_usage":[16,16,16],"damage_taken":[{"damage":0,"enemies":"2 Louse","floor":1,"turns":1},{"damage":0,"enemies":"Cultist","floor":3,"turns":1},{"damage":0,"enemies":"Jaw Worm","floor":4,"turns":1},{"damage":22,"enemies":"3 Sentries","floor":7,"turns":7},{"damage":5,"enemies":"3 Louse","floor":8,"turns":4},{"damage":11,"enemies":"Lagavulin","floor":11,"turns":5},{"damage":7,"enemies":"Exordium Thugs","floor":12,"turns":4},{"damage":11,"enemies":"Exordium Wildlife","floor":13,"turns":3},{"damage":37,"enemies":"The Guardian","floor":16,"turns":14}],"seed_played":"7504250889305446163","potions_obtained":[{"floor":2,"key":"Ancient Potion"},{"floor":2,"key":"Ancient Potion"},{"floor":2,"key":"Poison Potion"}],"is_trial":false,"path_per_floor":["M","?","M","M","?","R","E","M","T","R","E","M","M","$","R","B"],"character_chosen":"THE_SILENT","items_purchased":["Infinite Blades"],"campfire_rested":1,"item_purchase_floors":[14],"current_hp_per_floor":[70,70,70,70,70,70,48,43,43,43,32,25,14,14,35,0,0],"gold":131,"neow_bonus":"THREE_ENEMY_KILL","is_daily":false,"chose_seed":false,"campfire_upgraded":2,"win_rate":0.0,"timestamp":1613507889,"path_taken":["M","?","M","?","?","R","E","M","T","R","E","M","M","$","R","BOSS"],"items_purchased_type":["Card"],"build_version":"2020-12-22","purchased_purges":1,"victory":false,"max_hp_per_floor":[70,70,70,70,70,70,70,70,70,70,70,70,70,70,70,70,70],"card_choices":[{"not_picked":["Reflex","Dagger Spray"],"picked":"Slice","floor":1},{"not_picked":["Expertise","Prepared"],"picked":"Blade Dance","floor":3},{"not_picked":["Calculated Gamble","Flying Knee"],"picked":"Quick Slash","floor":4},{"not_picked":["Riddle With Holes","Outmaneuver"],"picked":"Slice","floor":7},{"not_picked":["Underhanded Strike","Prepared"],"picked":"Blade Dance","floor":8},{"not_picked":["hubris:SlightOfHand","Dodge and Roll"],"picked":"hubris:Sniper","floor":11},{"not_picked":["Glass Knife","hubris:SlightOfHand","Flying Knee"],"picked":"SKIP","floor":12},{"not_picked":["Footwork","Distraction"],"picked":"Slice","floor":13}],"player_experience":231389,"relics_obtained":[{"floor":7,"key":"Lantern"},{"floor":9,"key":"reliquary:TuningFork"},{"floor":11,"key":"PreservedInsect"}],"event_choices":[{"damage_healed":0,"gold_gain":0,"player_choice":"Got Potions","damage_taken":0,"max_hp_gain":0,"max_hp_loss":0,"event_name":"Lab","floor":2,"gold_loss":0}],"is_beta":false,"boss_relics":[],"items_purged_floors":[14],"is_endless":false,"potions_floor_spawned":[4,7],"killed_by":"The Guardian","ascension_level":0}}