{"host":"0kk91h4bq4kgfj0u","time":1613509434,"event":{"mods":["BaseMod","Bestiary","Block Reminder","Colored Map","Colored Powertips","Curses Come First","Downfall","Highlight Path","Minty Spire (QoL Compilation)","Relic Stats","StSLib"],"gold_per_floor":[99,113,213,198,198,98,98,116,136,121,148,148,17,35,47,148,148,148,158,158,45,45,55,78,95,4,4,15,15,15,115,127,127,127,127],"floor_reached":33,"language":"ENG","playtime":1527,"items_purged":[],"score":245,"play_id":"5da7f53d-f14d-44e0-baec-ac1e7c90a763","local_time":"20210216160354","is_ascension_mode":false,"campfire_choices":[{"floor":1.0,"key":"RECALL"},{"data":"bronze:DelayedGuard","floor":6.0,"key":"SMITH"},{"floor":12.0,"key":"REST"},{"data":"bronze:Turbo","floor":18.0,"key":"SMITH"},{"floor":27.0,"key":"REST"},{"floor":29.0,"key":"REST"}],"circlet_count":0,"master_deck":["bronze:Strike","bronze:Strike","bronze:Strike","bronze:Strike","bronze:Defend","bronze:Defend","bronze:Defend","bronze:Defend+1","bronze:Replicate","bronze:Goto","bronze:Turbo+1","bronze:DelayedGuard+1","bronze:CutThrough","bronze:CloningBeam+1","bronze:Mutator","bronze:Terminator","bronze:BurnOut","bronze:Optimize","bronze:Iterate","bronze:Shield","bronze:Frontload","bronze:AlphaBuild","bronze:DarkDash+1","bronze:CutThrough","bronze:Constructor","bronze:Mutator","bronze:Invalidate+1","Decay","bronze:Overheat","bronze:DelayedSlice","bronze:WhirlingStrike"],"relics":["bronze:BronzeCore","downfall:HeartBlessingRed","Ancient Tea Set","Darkstone Periapt","Cursed Key","MealTicket","MutagenicStrength"],"acts_visited":["Exordium","TheCity"],"potions_floor_usage":[33,33],"damage_taken":[{"damage":2.0,"enemies":"2 Louse","floor":2.0,"turns":3.0},{"damage":0.0,"enemies":"downfall:FleeingMerchant","floor":4.0,"turns":4.0},{"damage":0.0,"enemies":"Cultist","floor":8.0,"turns":3.0},{"damage":1.0,"enemies":"Jaw Worm","floor":9.0,"turns":2.0},{"damage":0.0,"enemies":"downfall:FleeingMerchant","floor":10.0,"turns":4.0},{"damage":26.0,"enemies":"3 Sentries","floor":11.0,"turns":7.0},{"damage":15.0,"enemies":"downfall:FleeingMerchant","floor":13.0,"turns":4.0},{"damage":32.0,"enemies":"Exordium Thugs","floor":14.0,"turns":3.0},{"damage":4.0,"enemies":"Blue Slaver","floor":15.0,"turns":4.0},{"damage":6.0,"enemies":"SI_SHIV_ARCHETYPE","floor":16.0,"turns":9.0},{"damage":20.0,"enemies":"3 Byrds","floor":19.0,"turns":6.0},{"damage":0.0,"enemies":"downfall:FleeingMerchant","floor":21.0,"turns":4.0},{"damage":11.0,"enemies":"Spheric Guardian","floor":23.0,"turns":5.0},{"damage":38.0,"enemies":"Cultist and Chosen","floor":25.0,"turns":9.0},{"damage":8.0,"enemies":"downfall:FleeingMerchant","floor":26.0,"turns":4.0},{"damage":4.0,"enemies":"Snecko","floor":28.0,"turns":5.0},{"damage":21,"enemies":"Snake Plant","floor":32,"turns":4},{"damage":55,"enemies":"WA_ARCHETYPE_CALM","floor":33,"turns":5}],"seed_played":"5076099303241146592","potions_obtained":[{"floor":8.0,"key":"Regen Potion"},{"floor":14.0,"key":"champ:CounterPotion"},{"floor":15.0,"key":"bronze:BurnAndBuffPotion"},{"floor":16.0,"key":"Weak Potion"},{"floor":23.0,"key":"Block Potion"},{"floor":28.0,"key":"bronze:BurnAndBuffPotion"}],"is_trial":false,"path_per_floor":["R","M","?","$","?","R","T","M","M","$","E","R","$","M","M","B",null,"R","M","?","$","?","M","T","M","$","R","M","R","?","?","M","B"],"character_chosen":"THE_AUTOMATON","items_purchased":["bronze:Optimize","bronze:Iterate","bronze:Constructor","Block Potion","Regen Potion"],"campfire_rested":3,"item_purchase_floors":[13,13,21,21,26],"current_hp_per_floor":[77,75,75,75,75,75,75,75,74,74,48,71,56,24,20,29,77,77,57,49,49,49,38,44,6,13,37,33,57,57,57,36,0,0,0],"gold":127,"neow_bonus":"TEN_PERCENT_HP_BONUS","is_daily":false,"chose_seed":false,"campfire_upgraded":2,"win_rate":0.0,"timestamp":1613509434,"path_taken":["R","M","?","?","?","R","T","?","M","$","E","R","$","M","M","BOSS","R","M","?","?","?","M","T","?","$","R","M","R","?","?","M","BOSS"],"items_purchased_type":["Card","Card","Card","Potion","Potion"],"build_version":"2020-12-22","purchased_purges":0,"victory":false,"max_hp_per_floor":[77,77,77,77,77,77,77,77,77,77,77,77,77,77,77,77,77,77,77,77,77,77,77,83,83,83,83,83,83,83,83,83,83,83,83],"relic_stats":{"Darkstone Periapt":6,"counters":[18,85],"MealTicket":15,"Cursed Key":1,"obtain_stats":[{"Darkstone Periapt":11,"bronze:BronzeCore":0,"downfall:HeartBlessingRed":6,"MutagenicStrength":30,"MealTicket":24,"Ancient Tea Set":7,"Cursed Key":17},{"Darkstone Periapt":6,"bronze:BronzeCore":0,"downfall:HeartBlessingRed":2,"MutagenicStrength":16,"MealTicket":13,"Ancient Tea Set":2,"Cursed Key":10},{"Darkstone Periapt":23,"bronze:BronzeCore":0,"downfall:HeartBlessingRed":7,"MutagenicStrength":76,"MealTicket":58,"Ancient Tea Set":7,"Cursed Key":43}]},"card_choices":[{"not_picked":["bronze:Deprecate","bronze:FineTuning"],"picked":"bronze:Turbo","floor":2.0},{"not_picked":["bronze:Turbo","bronze:ForceShield"],"picked":"bronze:DelayedGuard","floor":4.0},{"not_picked":["bronze:Repulsor","bronze:Deprecate"],"picked":"bronze:CutThrough","floor":8.0},{"not_picked":["bronze:Backtrace","bronze:FineTuning"],"picked":"bronze:CloningBeam","floor":9.0},{"not_picked":["bronze:WildBeam","bronze:Shield"],"picked":"bronze:Mutator","floor":10.0},{"not_picked":["bronze:DelayedSlice","bronze:DigitalCarnage"],"picked":"bronze:Terminator","floor":11.0},{"not_picked":["bronze:Overload","bronze:Safeguard"],"picked":"bronze:BurnOut","floor":13.0},{"not_picked":["bronze:ForceShield","bronze:Deprecate"],"picked":"bronze:Shield","floor":14.0},{"not_picked":["bronze:Shield","bronze:BitShift"],"picked":"bronze:Frontload","floor":15.0},{"not_picked":["bronze:RecursiveStrike","bronze:FindAndReplace"],"picked":"bronze:AlphaBuild","floor":16.0},{"not_picked":["bronze:BugBarrage","bronze:Invalidate"],"picked":"bronze:DarkDash+1","floor":19.0},{"not_picked":["bronze:Break","bronze:Invalidate+1"],"picked":"bronze:CutThrough","floor":21.0},{"not_picked":["bronze:ForLoop","bronze:Frontload"],"picked":"bronze:Invalidate+1","floor":23.0},{"not_picked":["bronze:Philosophize","bronze:Overload"],"picked":"bronze:Overheat","floor":25.0},{"not_picked":["bronze:BugBarrage","bronze:OilSpill"],"picked":"bronze:DelayedSlice","floor":26.0},{"not_picked":["bronze:DelayedSlice","bronze:Invalidate"],"picked":"bronze:WhirlingStrike","floor":28.0},{"not_picked":["bronze:Iterate","bronze:Invalidate","bronze:Assembly"],"picked":"SKIP","floor":32}],"player_experience":938300,"relics_obtained":[{"floor":7.0,"key":"Ancient Tea Set"},{"floor":11.0,"key":"Darkstone Periapt"},{"floor":24.0,"key":"MealTicket"}],"event_choices":[{"damage_healed":0.0,"max_hp_gain":0.0,"max_hp_loss":0.0,"gold_gain":0.0,"event_name":"Drug Dealer","player_choice":"Inject Mutagens","floor":30.0,"gold_loss":0.0,"damage_taken":0.0,"relics_obtained":["MutagenicStrength"]}],"is_beta":false,"boss_relics":[{"not_picked":["Philosopher\u0027s Stone","Busted Crown"],"picked":"Cursed Key"}],"items_purged_floors":[],"is_endless":false,"potions_floor_spawned":[8,14,15,16,23,28],"killed_by":"WA_ARCHETYPE_CALM","ascension_level":0}}