{"host":"dg9ago0zd82drrsw","time":1613493371,"event":{"mods":["BaseMod","Bestiary","Downfall","GifTheSpireLib","Minty Spire (QoL Compilation)","Relic Stats","StSLib"],"gold_per_floor":[99,99,99,99,18,468,468,485,52,52,65,65,50,50,68,163,163,163,179,179,194,194,194,240,268,279,279,291,309,38,56,75,75,75,75],"floor_reached":33,"language":"ENG","playtime":1329,"items_purged":["downfall:Icky","downfall:Icky"],"score":344,"play_id":"41b31dce-9ca7-4a41-bc8c-d33113ba7a8e","local_time":"20210216193611","is_ascension_mode":true,"campfire_choices":[{"data":"Guardian:TwinSlam","floor":1,"key":"SMITH"},{"data":"Guardian:ArmoredProtocol","floor":12,"key":"SMITH"},{"data":"Guardian:AncientConstruct","floor":18,"key":"SMITH"},{"data":"Guardian:PrimingBeam","floor":23,"key":"SMITH"},{"floor":27,"key":"REST"}],"circlet_count":0,"master_deck":["Guardian:Strike_Guardian","Guardian:Strike_Guardian","Guardian:Strike_Guardian","Guardian:Strike_Guardian","Guardian:Defend_Guardian","Guardian:Defend_Guardian+1","Guardian:Defend_Guardian","Guardian:Defend_Guardian","Guardian:CurlUp","Guardian:TwinSlam+1","Guardian:Planning","Guardian:ShieldSpikes","downfall:Icky","Guardian:Emergency","Guardian:PrimingBeam+1","Guardian:ArmoredProtocol+1","Guardian:CrystalBeam","Guardian:Orbwalk","Guardian:SpikerProtocol","Guardian:StasisEngine","Guardian:Incinerate","Guardian:ChargeUp","Guardian:WalkerClaw","Guardian:AncientConstruct+1","Guardian:Harden","Guardian:TemporalShield+1","Guardian:ChargeCore","Guardian:BronzeOrb","Guardian:ChargeUp","Guardian:DonusPower+1","Guardian:EvasiveProtocol","Guardian:RevengeProtocol"],"relics":["Guardian:ModeShifter","downfall:HeartsMalice","Sundial","Orrery","InkBottle","Tiny Chest","SlaversCollar","Juzu Bracelet","War Paint","Sling"],"acts_visited":["Exordium","TheCity"],"potions_floor_usage":[11,19,19,33,33],"damage_taken":[{"damage":0,"enemies":"Jaw Worm","floor":2,"turns":1},{"damage":0,"enemies":"Cultist","floor":3,"turns":1},{"damage":0,"enemies":"downfall:FleeingMerchant","floor":5,"turns":1},{"damage":7,"enemies":"Small Slimes","floor":8,"turns":4},{"damage":5,"enemies":"downfall:FleeingMerchant","floor":9,"turns":4},{"damage":13,"enemies":"Blue Slaver","floor":11,"turns":5},{"damage":0,"enemies":"downfall:FleeingMerchant","floor":13,"turns":4},{"damage":0,"enemies":"downfall:LooterAlt","floor":15,"turns":4},{"damage":25,"enemies":"DF_ARCHETYPE_STREAMLINE","floor":16,"turns":12},{"damage":7,"enemies":"3 Byrds","floor":19,"turns":3},{"damage":9,"enemies":"Chosen","floor":21,"turns":8},{"damage":22,"enemies":"Book of Stabbing","floor":25,"turns":7},{"damage":30,"enemies":"Snecko","floor":26,"turns":9},{"damage":2,"enemies":"Centurion and Healer","floor":28,"turns":11},{"damage":13,"enemies":"Shelled Parasite and Fungi","floor":29,"turns":6},{"damage":4,"enemies":"downfall:FleeingMerchant","floor":30,"turns":4},{"damage":3,"enemies":"Chosen and Byrds","floor":31,"turns":8},{"damage":9,"enemies":"Centurion and Healer","floor":32,"turns":9},{"damage":12,"enemies":"SI_MIRROR_ARCHETYPE","floor":33,"turns":6}],"seed_played":"7263407325852924452","potions_obtained":[{"floor":4,"key":"Block Potion"},{"floor":4,"key":"ColorlessPotion"},{"floor":4,"key":"bronze:BurnAndBuffPotion"},{"floor":11,"key":"Explosive Potion"},{"floor":19,"key":"Guardian:BlockOnCardUsePotion"},{"floor":26,"key":"SpeedPotion"}],"is_trial":false,"path_per_floor":["R","M","M","?","$","?","T","M","$","T","M","R","$","?","M","B",null,"R","M","?","M","?","R","T","E","M","R","M","M","$","M","M","B"],"character_chosen":"GUARDIAN","items_purchased":["Guardian:ShieldSpikes","Orrery","Guardian:Gem_Red","Guardian:StasisEngine","Sling"],"campfire_rested":1,"item_purchase_floors":[5,9,9,9,30],"current_hp_per_floor":[72,72,72,72,72,72,72,65,60,60,47,47,47,44,44,19,65,65,58,80,71,71,71,71,49,19,43,41,28,24,21,12,0,0,0],"gold":75,"neow_bonus":"THREE_ENEMY_KILL","is_daily":false,"chose_seed":false,"campfire_upgraded":4,"win_rate":0.0,"timestamp":1613493371,"path_taken":["R","M","M","?","?","?","T","M","$","?","M","R","?","?","M","BOSS","R","M","?","M","?","R","T","E","M","R","M","M","$","M","M","BOSS"],"items_purchased_type":["Card","Relic","Card","Card","Relic"],"build_version":"2020-12-22","purchased_purges":2,"victory":false,"max_hp_per_floor":[80,80,80,80,80,80,80,80,80,80,80,80,80,80,80,80,80,80,80,80,80,80,80,80,80,80,80,80,80,80,80,80,80,80,80],"relic_stats":{"counters":[19,104],"Sundial":[14],"Tiny Chest":0,"Juzu Bracelet":0,"War Paint":["Guardian:Defend_Guardian","Guardian:TemporalShield"],"obtain_stats":[{"SlaversCollar":17,"Sundial":7,"Guardian:ModeShifter":0,"Orrery":9,"downfall:HeartsMalice":0,"Tiny Chest":14,"Juzu Bracelet":24,"War Paint":25,"Sling":30,"InkBottle":10},{"SlaversCollar":9,"Sundial":3,"Guardian:ModeShifter":0,"Orrery":5,"downfall:HeartsMalice":0,"Tiny Chest":7,"Juzu Bracelet":11,"War Paint":12,"Sling":16,"InkBottle":5},{"SlaversCollar":33,"Sundial":0,"Guardian:ModeShifter":0,"Orrery":8,"downfall:HeartsMalice":0,"Tiny Chest":17,"Juzu Bracelet":44,"War Paint":51,"Sling":81,"InkBottle":8}],"InkBottle":[34]},"card_choices":[{"not_picked":["Guardian:VentSteam","Guardian:ChargeCore"],"picked":"Guardian:Gem_Yellow","floor":2},{"not_picked":["Guardian:Emergency","Guardian:VentSteam"],"picked":"Guardian:Planning","floor":3},{"not_picked":["Guardian:Reroute","Guardian:PiercingHide"],"picked":"Guardian:Gem_White","floor":5},{"not_picked":["Guardian:Recover","Guardian:BronzeOrb"],"picked":"Guardian:Emergency","floor":8},{"not_picked":["Guardian:RollAttack","Guardian:Reroute"],"picked":"Guardian:PrimingBeam","floor":9},{"not_picked":["Guardian:Suspension","Guardian:Gem_Yellow"],"picked":"Guardian:ArmoredProtocol","floor":9},{"not_picked":["Guardian:ChargeCore","Guardian:CrystalBeam"],"picked":"Guardian:Gem_White","floor":9},{"not_picked":["Guardian:PolyBeam","Guardian:Gem_Crimson"],"picked":"Guardian:CrystalBeam","floor":9},{"not_picked":["Guardian:Emergency","Guardian:Preprogram"],"picked":"Guardian:Orbwalk","floor":9},{"not_picked":["Guardian:BronzeOrb","Guardian:DonusPower"],"picked":"Guardian:SpikerProtocol","floor":9},{"not_picked":["Guardian:Gem_Green","Guardian:GuardianWhirl"],"picked":"Guardian:Incinerate","floor":11},{"not_picked":["Guardian:CrystalBeam","Guardian:RollAttack"],"picked":"Guardian:ChargeUp","floor":13},{"not_picked":["Guardian:Suspension","Guardian:HyperBeam_Guardian"],"picked":"Guardian:WalkerClaw","floor":15},{"not_picked":["Guardian:Gem_Orange","Guardian:StasisField"],"picked":"Guardian:AncientConstruct","floor":16},{"not_picked":["Guardian:Gem_Cyan","Guardian:WalkerClaw"],"picked":"Guardian:Harden","floor":19},{"not_picked":["Guardian:WalkerClaw+1","Guardian:Reroute+1"],"picked":"Guardian:TemporalShield","floor":21},{"not_picked":["Guardian:Gem_Crimson","Guardian:Reroute+1"],"picked":"Guardian:Gem_Cyan","floor":25},{"not_picked":["Guardian:Gem_Red","Guardian:Recover"],"picked":"Guardian:ChargeCore","floor":26},{"not_picked":["Guardian:Gem_Crimson","Guardian:TemporalShield"],"picked":"Guardian:BronzeOrb","floor":28},{"not_picked":["Guardian:PiercingHide","Guardian:ShieldSpikes"],"picked":"Guardian:ChargeUp","floor":29},{"not_picked":["Guardian:FloatingOrbs","Guardian:Gem_Cyan"],"picked":"Guardian:DonusPower+1","floor":30},{"not_picked":["Guardian:PrimingBeam+1","Guardian:Planning+1"],"picked":"Guardian:EvasiveProtocol","floor":31},{"not_picked":["Guardian:FloatingOrbs","Guardian:PiercingHide"],"picked":"Guardian:RevengeProtocol","floor":32}],"player_experience":757822,"relics_obtained":[{"floor":7,"key":"Sundial"},{"floor":10,"key":"InkBottle"},{"floor":24,"key":"Juzu Bracelet"},{"floor":25,"key":"War Paint"}],"event_choices":[{"damage_healed":0,"gold_gain":0,"player_choice":"Got Potions","damage_taken":0,"max_hp_gain":0,"max_hp_loss":0,"event_name":"Lab","floor":4,"gold_loss":0},{"damage_healed":0,"gold_gain":0,"player_choice":"Success","damage_taken":3,"relics_obtained":["Tiny Chest"],"max_hp_gain":0,"max_hp_loss":0,"event_name":"Scrap Ooze","floor":14,"gold_loss":0},{"damage_healed":26,"gold_gain":0,"player_choice":"Heal","damage_taken":0,"max_hp_gain":0,"max_hp_loss":0,"event_name":"The Library","floor":20,"gold_loss":0}],"is_beta":false,"boss_relics":[{"not_picked":["Guardian:StasisSlotReductionRelic","Guardian:ModeShifterPlus"],"picked":"SlaversCollar"}],"items_purged_floors":[9,30],"is_endless":false,"potions_floor_spawned":[11,15,16,19,26,29,31],"killed_by":"SI_MIRROR_ARCHETYPE","ascension_level":7}}