{"host":"baymyijz6sxaqj5s","time":1613481562,"event":{"mods":["AchievementEnabler","BaseMod","Colored Map","Colored Powertips","DeckTracker","Highlight Path","KOR Keyword Fix","Keyboard Shortcuts","Minty Spire (QoL Compilation)","StSLib","SuperFastMode","everything is the same but u backflip on backflip"],"gold_per_floor":[112,112,124,137,153,153,153,153,200,211,211,211,223,170,170,273,273,286,286,301,301,301,330,342,373,410,126,51,51,0,0,0,98,98,116,132,132,132,132],"floor_reached":38,"language":"KOR","playtime":1299,"items_purged":[],"score":439,"play_id":"0a2b3aad-61ef-407a-af86-4723ed7de438","local_time":"20210216221922","is_ascension_mode":true,"campfire_choices":[{"data":"Armaments","floor":6,"key":"SMITH"},{"data":"Whirlwind","floor":8,"key":"SMITH"},{"data":"Limit Break","floor":12,"key":"SMITH"},{"data":"Body Slam","floor":15,"key":"SMITH"},{"floor":24,"key":"REST"},{"floor":32,"key":"REST"}],"circlet_count":0,"master_deck":["Strike_R","Strike_R","Strike_R","Defend_R","Defend_R+1","Defend_R+1","Defend_R","Bash","Armaments+1","Whirlwind+1","Limit Break+1","Dropkick","Body Slam+1","Double Tap","Flame Barrier","Sword Boomerang+1","Defend_R+1","Heavy Blade","Reaper","Necronomicurse","Offering","Thunderclap"],"relics":["Burning Blood","Lantern","War Paint","Juzu Bracelet","SlaversCollar","MawBank","PreservedInsect","Lizard Tail","Necronomicon","Snecko Eye"],"acts_visited":["Exordium","TheCity","TheBeyond"],"potions_floor_usage":[16,16,16,18,20,33,33,38],"damage_taken":[{"damage":0,"enemies":"Small Slimes","floor":1,"turns":3},{"damage":1,"enemies":"Cultist","floor":3,"turns":3},{"damage":4,"enemies":"Jaw Worm","floor":4,"turns":5},{"damage":16,"enemies":"Red Slaver","floor":5,"turns":4},{"damage":5,"enemies":"Blue Slaver","floor":10,"turns":5},{"damage":3,"enemies":"Large Slime","floor":13,"turns":6},{"damage":34,"enemies":"The Guardian","floor":16,"turns":9},{"damage":17,"enemies":"2 Thieves","floor":18,"turns":4},{"damage":17,"enemies":"3 Byrds","floor":20,"turns":5},{"damage":45,"enemies":"Slavers","floor":23,"turns":4},{"damage":51,"enemies":"Snecko","floor":25,"turns":8},{"damage":51,"enemies":"Automaton","floor":33,"turns":10},{"damage":63,"enemies":"3 Darklings","floor":35,"turns":6},{"damage":25,"enemies":"Orb Walker","floor":36,"turns":4},{"damage":24,"enemies":"Time Eater","floor":38,"turns":3}],"seed_played":"4126166308318240457","potions_obtained":[{"floor":3,"key":"LiquidBronze"},{"floor":4,"key":"PowerPotion"},{"floor":10,"key":"FearPotion"},{"floor":13,"key":"SpeedPotion"},{"floor":16,"key":"Fire Potion"},{"floor":18,"key":"SteroidPotion"},{"floor":23,"key":"PowerPotion"},{"floor":25,"key":"AttackPotion"},{"floor":36,"key":"SkillPotion"}],"is_trial":false,"path_per_floor":["M","?","M","M","M","R","?","R","T","M","?","R","M","$","R","B",null,"M","?","M","?","?","E","R","M","T","$","$","?","?","?","R","B",null,"M","M","?","B"],"character_chosen":"IRONCLAD","items_purchased":["Body Slam","Lizard Tail","Reaper"],"campfire_rested":2,"item_purchase_floors":[14,27,28],"current_hp_per_floor":[88,93,93,93,83,83,65,65,65,66,66,66,69,69,69,41,93,82,82,71,71,71,32,59,14,14,14,14,46,46,46,73,48,93,36,17,17,0,0],"gold":132,"neow_bonus":"TEN_PERCENT_HP_BONUS","is_daily":false,"chose_seed":false,"campfire_upgraded":4,"win_rate":0.0,"timestamp":1613481562,"path_taken":["M","?","M","M","M","R","?","R","T","M","?","R","M","$","R","BOSS","M","?","M","?","?","E","R","M","T","?","$","?","?","?","R","BOSS","M","M","?","BOSS"],"items_purchased_type":["Card","Relic","Card"],"build_version":"2020-12-22","purchased_purges":0,"victory":false,"max_hp_per_floor":[88,93,93,93,93,93,93,93,93,93,93,93,93,93,93,93,93,93,93,93,93,93,93,93,93,93,93,93,93,93,93,93,93,93,93,93,93,93,93],"card_choices":[{"not_picked":["Perfected Strike","Pommel Strike","Dual Wield"],"picked":"SKIP","floor":1},{"not_picked":["Headbutt","Intimidate"],"picked":"Armaments","floor":3},{"not_picked":["Twin Strike","Pummel","Dual Wield"],"picked":"SKIP","floor":4},{"not_picked":["Twin Strike","Second Wind"],"picked":"Whirlwind","floor":5},{"not_picked":["Clothesline","Searing Blow"],"picked":"Limit Break","floor":10},{"not_picked":["Sever Soul","Carnage"],"picked":"Dropkick","floor":13},{"not_picked":["Immolate","Feed"],"picked":"Double Tap","floor":16},{"not_picked":["Rage+1","Twin Strike"],"picked":"Flame Barrier","floor":18},{"not_picked":["Anger","Body Slam"],"picked":"Sword Boomerang+1","floor":20},{"not_picked":["Evolve+1","Cleave","Rampage"],"picked":"SKIP","floor":23},{"not_picked":["Flex+1","Body Slam+1"],"picked":"Heavy Blade","floor":25},{"not_picked":["Double Tap","Reaper"],"picked":"Offering","floor":33},{"not_picked":["True Grit","Pummel","Warcry+1"],"picked":"SKIP","floor":35},{"not_picked":["Limit Break","Fire Breathing"],"picked":"Thunderclap","floor":36}],"player_experience":99580,"relics_obtained":[{"floor":9,"key":"War Paint"},{"floor":23,"key":"MawBank"},{"floor":26,"key":"PreservedInsect"},{"floor":29,"key":"Necronomicon"}],"event_choices":[{"damage_healed":0,"gold_gain":0,"player_choice":"Donut","damage_taken":0,"max_hp_gain":5,"max_hp_loss":0,"event_name":"Big Fish","floor":2,"gold_loss":0},{"damage_healed":0,"gold_gain":0,"player_choice":"Success","damage_taken":18,"relics_obtained":["Lantern"],"max_hp_gain":0,"max_hp_loss":0,"event_name":"Scrap Ooze","floor":7,"gold_loss":0},{"damage_healed":0,"gold_gain":0,"player_choice":"Gave Potion","damage_taken":0,"relics_obtained":["Juzu Bracelet"],"max_hp_gain":0,"max_hp_loss":0,"event_name":"WeMeetAgain","floor":11,"gold_loss":0},{"damage_healed":0,"gold_gain":0,"player_choice":"Ignored","damage_taken":0,"max_hp_gain":0,"max_hp_loss":0,"event_name":"Ghosts","floor":19,"gold_loss":0},{"cards_removed":["Strike_R"],"damage_healed":0,"gold_gain":0,"player_choice":"Offered Basic","damage_taken":0,"max_hp_gain":0,"max_hp_loss":0,"event_name":"Bonfire Elementals","floor":21,"gold_loss":0},{"damage_healed":0,"gold_gain":0,"player_choice":"Copied","damage_taken":0,"max_hp_gain":0,"max_hp_loss":0,"event_name":"Duplicator","floor":22,"gold_loss":0,"cards_obtained":["Defend_R"]},{"damage_healed":0,"gold_gain":0,"player_choice":"Obtained Book","damage_taken":16,"max_hp_gain":0,"max_hp_loss":0,"event_name":"Cursed Tome","floor":29,"gold_loss":0},{"damage_healed":0,"gold_gain":0,"player_choice":"Paid Fearfully","damage_taken":0,"max_hp_gain":0,"max_hp_loss":0,"event_name":"Masked Bandits","floor":30,"gold_loss":51},{"cards_removed":["Strike_R"],"damage_healed":0,"gold_gain":0,"player_choice":"Purged","damage_taken":0,"max_hp_gain":0,"max_hp_loss":0,"event_name":"Purifier","floor":31,"gold_loss":0},{"damage_healed":0,"gold_gain":0,"player_choice":"Took Portal","damage_taken":0,"max_hp_gain":0,"max_hp_loss":0,"event_name":"SecretPortal","floor":37,"gold_loss":0}],"is_beta":false,"boss_relics":[{"not_picked":["Black Star","Ectoplasm"],"picked":"SlaversCollar"},{"not_picked":["Pandora\u0027s Box","Empty Cage"],"picked":"Snecko Eye"}],"items_purged_floors":[],"is_endless":false,"potions_floor_spawned":[3,4,10,13,16,18,23,25,36],"killed_by":"Time Eater","ascension_level":3}}