{"host":"1eshbq9n813iloto","time":1613441393,"event":{"mods":["BaseMod","Better Third Choice","Hubris","Infinite Spire","Lobotomy","LobotomyExtend","Minty Spire (QoL Compilation)","StSLib"],"gold_per_floor":[114,132,150,165,181,181,208,208,233,233,233,247,247,265,265,370,420,436,436,436,168,108,108,108,108,108,119,150,150,150,168,168,168,168],"floor_reached":33,"language":"ENG","playtime":3208,"items_purged":["Compile Driver","Strike_B"],"score":265,"play_id":"dba175a9-92bf-49ae-ae2b-a708c5dce442","local_time":"20210215210953","is_ascension_mode":false,"campfire_choices":[{"data":"Double Energy","floor":6,"key":"SMITH"},{"data":"Hologram","floor":10,"key":"SMITH"},{"data":"Capacitor","floor":15,"key":"SMITH"},{"data":"Consume","floor":23,"key":"SMITH"},{"data":"Redo","floor":29,"key":"SMITH"},{"floor":32,"key":"REST"}],"circlet_count":0,"master_deck":["Strike_B","Defend_B","Defend_B","Defend_B","Defend_B","Zap","Dualcast","Skim","Hologram+1","Cold Snap+1","Capacitor+1","Glacier","Reboot","hubris:PowerSurge","Redo+1","Cold Snap","Consume+1","Barrage","Conserve Battery","Decay","Gash"],"relics":["Cracked Core","Gambling Chip","Boot","LetterFromLob","Tiny House","OrangePellets","infinitespire:Joker Card","Bronze Scales","MealTicket"],"acts_visited":["Exordium","TheCity"],"potions_floor_usage":[4,7,14,16,16,22,28,33],"damage_taken":[{"damage":0,"enemies":"2 Louse","floor":1,"turns":3},{"damage":2,"enemies":"Small Slimes","floor":2,"turns":2},{"damage":1,"enemies":"Cultist","floor":3,"turns":3},{"damage":7,"enemies":"Blue Slaver","floor":4,"turns":4},{"damage":18,"enemies":"2 Fungi Beasts","floor":5,"turns":4},{"damage":4,"enemies":"3 Sentries","floor":7,"turns":7},{"damage":1,"enemies":"Red Slaver","floor":12,"turns":3},{"damage":4,"enemies":"Large Slime","floor":14,"turns":8},{"damage":50,"enemies":"The Guardian","floor":16,"turns":29},{"damage":5,"enemies":"Spheric Guardian","floor":18,"turns":6},{"damage":14,"enemies":"2 Thieves","floor":22,"turns":4},{"damage":0,"enemies":"Cultist and Chosen","floor":27,"turns":11},{"damage":57,"enemies":"Gremlin Leader","floor":28,"turns":14},{"damage":0,"enemies":"Snake Plant","floor":31,"turns":4},{"damage":42,"enemies":"Automaton","floor":33,"turns":14}],"seed_played":"544121955004726219","potions_obtained":[{"floor":3,"key":"FearPotion"},{"floor":5,"key":"Explosive Potion"},{"floor":7,"key":"Fruit Juice"},{"floor":12,"key":"DistilledChaos"},{"floor":14,"key":"Strength Potion"},{"floor":17,"key":"DistilledChaos"},{"floor":27,"key":"FearPotion"},{"floor":28,"key":"SpeedPotion"}],"is_trial":false,"path_per_floor":["M","M","M","M","M","R","E","?","T","R","?","M","?","M","R","B",null,"M","?","?","$","M","R","AVR","M","T","M","E","R","?","M","R","B"],"character_chosen":"DEFECT","items_purchased":["OrangePellets","Cold Snap"],"campfire_rested":1,"item_purchase_floors":[21,21],"current_hp_per_floor":[75,73,72,65,47,47,43,55,55,55,55,54,54,55,55,5,85,80,80,80,80,66,66,66,66,66,66,9,9,9,9,34,0,0],"gold":168,"neow_bonus":"TRANSFORM_CARD","is_daily":false,"chose_seed":false,"campfire_upgraded":5,"win_rate":0.0,"timestamp":1613441393,"path_taken":["M","M","M","M","M","R","E","?","T","R","?","M","?","?","R","BOSS","M","?","?","$","M","R","AVR","M","T","?","E","R","?","M","R","BOSS"],"items_purchased_type":["Relic","Card"],"build_version":"2020-12-13","purchased_purges":2,"victory":false,"max_hp_per_floor":[75,75,75,75,75,75,75,75,75,75,75,75,75,80,80,80,85,85,85,85,85,85,85,85,85,85,85,85,85,85,85,85,85,85],"card_choices":[{"not_picked":["Scrape","Stack"],"picked":"Skim","floor":1},{"not_picked":["Reinforced Body","Compile Driver","Leap"],"picked":"SKIP","floor":2},{"not_picked":["Steam","Gash","Compile Driver"],"picked":"SKIP","floor":3},{"not_picked":["Beam Cell","Ball Lightning"],"picked":"Hologram","floor":4},{"not_picked":["Gash","Redo"],"picked":"Cold Snap","floor":5},{"not_picked":["Steam","Reinforced Body","Scrape"],"picked":"SKIP","floor":7},{"not_picked":["Steam","Reinforced Body","Scrape"],"picked":"SKIP","floor":7},{"not_picked":["Steam","Conserve Battery"],"picked":"Capacitor","floor":12},{"not_picked":["Capacitor","Hologram"],"picked":"Glacier","floor":14},{"not_picked":["hubris:SpecializedCircuitry","Rainbow"],"picked":"Reboot","floor":16},{"not_picked":["Streamline","Go for the Eyes"],"picked":"hubris:PowerSurge","floor":17},{"not_picked":["Hologram","Reprogram+1","Conserve Battery"],"picked":"SKIP","floor":18},{"not_picked":["Gash","Conserve Battery"],"picked":"Consume","floor":22},{"not_picked":["Streamline","Consume"],"picked":"Barrage","floor":27},{"not_picked":["Streamline","Sweeping Beam"],"picked":"Conserve Battery","floor":28},{"not_picked":["Auto Shields","Lockon"],"picked":"Gash","floor":31}],"player_experience":8287,"relics_obtained":[{"floor":7,"key":"Gambling Chip"},{"floor":9,"key":"Boot"},{"floor":12,"key":"LetterFromLob"},{"floor":26,"key":"Bronze Scales"},{"floor":28,"key":"MealTicket"}],"event_choices":[{"damage_healed":0,"gold_gain":0,"player_choice":"0 cards matched","damage_taken":0,"max_hp_gain":0,"max_hp_loss":0,"event_name":"Match and Keep!","floor":13,"gold_loss":0,"cards_obtained":[]},{"damage_healed":0,"gold_gain":0,"cards_transformed":["Strike_B"],"player_choice":"Transformed","damage_taken":0,"max_hp_gain":0,"max_hp_loss":0,"event_name":"Transmorgrifier","floor":20,"gold_loss":0,"cards_obtained":["Compile Driver"]},{"damage_healed":0,"gold_gain":0,"player_choice":"Smashed Altar","damage_taken":0,"max_hp_gain":0,"max_hp_loss":0,"event_name":"Forgotten Altar","floor":30,"gold_loss":0,"cards_obtained":["Decay"]}],"is_beta":false,"boss_relics":[{"not_picked":["hubris:CrackedHourglass","Astrolabe"],"picked":"Tiny House"}],"items_purged_floors":[21,24],"is_endless":false,"potions_floor_spawned":[3,5,7,12,14,27,28],"killed_by":"Automaton","ascension_level":0}}