{"host":"67z713vnjolu4670","time":1613443848,"event":{"mods":["Act Like it!","BaseMod","BetterRewards","Colored Map","Colored Powertips","Downfall","Gensokyo","Hermit","Jorbs\u0027s Wanderer Trilogy","Lobotomy","Minty Spire (QoL Compilation)","Quick Restart","Rare Cards Sparkle","Replay The Spire","StSLib","The Jungle","[IsaacMod]ÒÔÈö¼âËþ"],"gold_per_floor":[112,136,155,155,176,208,208,264,264,33,57,72,72,93,93,212,312,342,449,464,464,524,576,370,417,440,440,567,567,567,354,354,496,496,522,522,539,557,482,1249,1262,1585,1666,1680,1707,1707,1737,1761,1761,1761],"floor_reached":51,"language":"ZHS","playtime":7220,"items_purged":["ReplayTheSpireMod:Doomed","hermit:SprayPray"],"score":1014,"play_id":"24275fbb-457e-43e5-9d82-844b1cc75062","local_time":"20210216105048","is_ascension_mode":false,"campfire_choices":[{"data":"hermit:EyeOfTheStorm","floor":7.0,"key":"SMITH"},{"floor":13.0,"key":"REST"},{"floor":15.0,"key":"REST"},{"floor":30.0,"key":"DIG"},{"floor":32.0,"key":"REST"},{"floor":49,"key":"DIG"}],"circlet_count":0,"master_deck":["hermit:Strike_Hermit+1","hermit:Strike_Hermit+1","hermit:Strike_Hermit+1","hermit:Strike_Hermit+1","hermit:Defend_Hermit+1","hermit:Defend_Hermit+1","hermit:Defend_Hermit+1","hermit:Defend_Hermit+1","hermit:Snapshot+1","hermit:Covet+1","hermit:ShadowCloak+1","hermit:FatalDesire+1","hermit:FlashPowder+1","hermit:Snipe+1","hermit:Headshot+1","hermit:EyeOfTheStorm+1","hermit:GoldenBullet+1","hermit:HighNoon+1","hermit:TakeAim+1","hermit:Quickdraw+1","hermit:Gambit+1","hermit:Gambit+1","hermit:Midnight+1","hermit:GhostlyPresence+1","hermit:FinalCanter+1","hermit:FinalCanter+1","hermit:GhostlyPresence+1","Writhe","hermit:Purgatory+1","hermit:GoldenBullet+1","hermit:Shortfuse+1","Parasite"],"relics":["hermit:Momento","HushsDoor","SalivaCoin","Frozen Egg 2","Ring of Hypnosis","SacredBark","White Beast Statue","Void","Counterbalance","Replay:Wanted Poster","Anchor","Blood Vial","Potion Belt","Shovel","Meat on the Bone","SteamSale","MagicMushroom","NineLifeCat","Oddly Smooth Stone","Boot","GuppysTail","Mercury Hourglass","BookOfRevelations","Quantum Egg","Mark of the Bloom","Mirror"],"acts_visited":["Exordium","theJungle:Jungle","TheBeyond"],"potions_floor_usage":[40,45,50,50,50,50],"damage_taken":[{"damage":0.0,"enemies":"Small Slimes","floor":1.0,"turns":2.0},{"damage":3.0,"enemies":"Jaw Worm","floor":2.0,"turns":3.0},{"damage":8.0,"enemies":"Cultist","floor":3.0,"turns":4.0},{"damage":3.0,"enemies":"2 Fungi Beasts","floor":5.0,"turns":3.0},{"damage":0.0,"enemies":"Lagavulin","floor":6.0,"turns":10.0},{"damage":41.0,"enemies":"Gremlin Nob","floor":8.0,"turns":6.0},{"damage":8.0,"enemies":"3 Louse","floor":11.0,"turns":3.0},{"damage":0.0,"enemies":"Exordium Wildlife","floor":12.0,"turns":1.0},{"damage":1.0,"enemies":"Red Slaver","floor":14.0,"turns":2.0},{"damage":9.0,"enemies":"The Guardian","floor":16.0,"turns":6.0},{"damage":2.0,"enemies":"theJungle:5_Spyders","floor":18.0,"turns":5.0},{"damage":0.0,"enemies":"theJungle:GiantWrat","floor":20.0,"turns":6.0},{"damage":32.0,"enemies":"theJungle:2_Flameangoes","floor":22.0,"turns":8.0},{"damage":3.0,"enemies":"theJungle:Cassacara","floor":23.0,"turns":7.0},{"damage":8.0,"enemies":"theJungle:2_Phrogs","floor":25.0,"turns":9.0},{"damage":24.0,"enemies":"theJungle:FunGuy","floor":33.0,"turns":7.0},{"damage":2.0,"enemies":"3 Shapes","floor":35.0,"turns":3.0},{"damage":0.0,"enemies":"Orb Walker","floor":37.0,"turns":4.0},{"damage":2.0,"enemies":"Jaw Worm Horde","floor":38.0,"turns":2.0},{"damage":100000005,"enemies":"Giant Head","floor":40,"turns":6},{"damage":0,"enemies":"Maw","floor":41,"turns":6},{"damage":100000000,"enemies":"Spire Growth","floor":42,"turns":6},{"damage":0,"enemies":"Writhing Mass","floor":44,"turns":4},{"damage":0,"enemies":"R_Hoarder","floor":45,"turns":6},{"damage":0,"enemies":"Giant Head","floor":47,"turns":6},{"damage":5,"enemies":"Sphere and 2 Shapes","floor":48,"turns":3},{"damage":0,"enemies":"Time Eater","floor":50,"turns":5}],"seed_played":"-8955892667522120846","potions_obtained":[{"floor":3.0,"key":"FearPotion"},{"floor":4.0,"key":"Energy Potion"},{"floor":4.0,"key":"Ancient Potion"},{"floor":5.0,"key":"Swift Potion"},{"floor":6.0,"key":"Elixir"},{"floor":8.0,"key":"champ:CounterPotion"},{"floor":11.0,"key":"Strength Potion"},{"floor":12.0,"key":"Venom Potion"},{"floor":14.0,"key":"SpeedPotion"},{"floor":16.0,"key":"SneckoOil"},{"floor":18.0,"key":"Dexterity Potion"},{"floor":20.0,"key":"Slimebound:ThreeZeroPotion"},{"floor":22.0,"key":"hermit:Tonic"},{"floor":23.0,"key":"PowerPotion"},{"floor":25.0,"key":"PowerPotion"},{"floor":33.0,"key":"Elixir"},{"floor":35.0,"key":"Slimebound:ThreeZeroPotion"},{"floor":37.0,"key":"Guardian:BlockOnCardUsePotion"},{"floor":38.0,"key":"FearPotion"},{"floor":40,"key":"BlessingOfTheForge"},{"floor":40,"key":"SpeedPotion"},{"floor":41,"key":"PowerPotion"},{"floor":42,"key":"Adrenaline Potion"},{"floor":42,"key":"Fire Potion"},{"floor":42,"key":"Reflective Coating"},{"floor":45,"key":"hermit:BlackBile"},{"floor":48,"key":"Cursed Concoction"}],"is_trial":false,"path_per_floor":["M","M","M","?","M","E","R","E","T","$","M","M","R","M","R","B",null,"M","?","M","?","M","E","$","E","T","?","?","T","R","$","R","B",null,"M","?","M","M","$","E","M","M","T","M","E","?","E","M","R","B",null],"character_chosen":"HERMIT","items_purchased":["Frozen Egg 2","hermit:ShadowCloak+1","Orrery","Medical Kit","hermit:FinalCanter","SteamSale","Energy Potion","LifebloodPotion","NineLifeCat","DollysMirror"],"campfire_rested":3,"item_purchase_floors":[0,0,0,10,24,31,31,31,34,39],"current_hp_per_floor":[67,64,56,56,53,53,53,12,12,12,4,4,25,24,45,36,69,67,63,63,63,31,28,28,20,20,20,10,10,10,10,30,20,16,14,14,16,15,15,16,16,16,16,16,16,16,16,11,11,11],"gold":1761,"neow_bonus":"","is_daily":false,"chose_seed":false,"campfire_upgraded":1,"win_rate":0.0,"timestamp":1613443848,"path_taken":["M","M","M","?","M","E","R","E","T","$","M","M","R","M","R","BOSS","M","?","M","?","?","E","?","E","T","?","?","?","R","?","R","BOSS","M","?","M","?","?","E","?","M","T","M","E","?","E","M","R","BOSS"],"items_purchased_type":["Relic","Card","Relic","Relic","Card","Relic","Potion","Potion","Relic","Relic"],"build_version":"2020-12-22","purchased_purges":2,"victory":true,"max_hp_per_floor":[75,75,75,75,75,75,75,73,73,73,73,71,71,71,71,69,69,69,69,69,69,67,67,67,67,67,67,67,67,67,67,67,67,16,16,16,16,16,16,16,16,16,16,16,16,16,16,16,16,16],"card_choices":[{"not_picked":[],"picked":"SuicideKing","floor":0.0},{"not_picked":["hermit:Horror","hermit:Scavenge"],"picked":"hermit:FatalDesire+1","floor":0.0},{"not_picked":["hermit:Brawl+1","hermit:Vantage"],"picked":"hermit:FlashPowder","floor":0.0},{"not_picked":["hermit:Desperado","hermit:Vantage"],"picked":"hermit:Snipe","floor":0.0},{"not_picked":["hermit:Roulette","hermit:HoleUp"],"picked":"hermit:Headshot","floor":0.0},{"not_picked":["hermit:Manifest","hermit:Ricochet"],"picked":"hermit:SprayPray","floor":0.0},{"not_picked":["hermit:Vantage","hermit:Desperado"],"picked":"hermit:EyeOfTheStorm","floor":1.0},{"not_picked":["hermit:HighCaliber","hermit:Desperado","hermit:Determination+1"],"picked":"SKIP","floor":2.0},{"not_picked":["hermit:FatalDesire+1","hermit:Feint","hermit:Vantage"],"picked":"SKIP","floor":3.0},{"not_picked":["hermit:Ricochet","hermit:NoHoldsBarred"],"picked":"hermit:GoldenBullet","floor":5.0},{"not_picked":["hermit:Showdown","hermit:Glare"],"picked":"hermit:HighNoon+1","floor":6.0},{"not_picked":["hermit:Manifest","hermit:Feint","hermit:Roulette"],"picked":"SKIP","floor":8.0},{"not_picked":["hermit:Shortfuse","hermit:Misfire"],"picked":"hermit:TakeAim+1","floor":11.0},{"not_picked":["hermit:TrackingShot","hermit:Desperado"],"picked":"hermit:Quickdraw","floor":12.0},{"not_picked":["hermit:Desperado","hermit:Vantage"],"picked":"hermit:Gambit","floor":14.0},{"not_picked":["hermit:HighNoon+1","hermit:Dissolve"],"picked":"hermit:Gambit","floor":16.0},{"not_picked":["hermit:LuckOfTheDraw","hermit:Gestalt","hermit:Vantage"],"picked":"SKIP","floor":18.0},{"not_picked":["hermit:Headshot","hermit:Feint","hermit:Misfire+1"],"picked":"SKIP","floor":20.0},{"not_picked":["hermit:ItchyTrigger","hermit:CursedWeapon"],"picked":"hermit:Midnight+1","floor":22.0},{"not_picked":["hermit:Coalescence","hermit:Desperado"],"picked":"hermit:GhostlyPresence","floor":23.0},{"not_picked":["hermit:Gestalt","hermit:BodyArmor+1"],"picked":"hermit:GhostlyPresence+1","floor":25.0},{"not_picked":["hermit:BlackWind","hermit:Magnum"],"picked":"hermit:Purgatory","floor":33.0},{"not_picked":["hermit:Roulette+1","hermit:Scavenge+1"],"picked":"hermit:GoldenBullet","floor":35.0},{"not_picked":["hermit:HighCaliber","hermit:Brawl+1","hermit:Dive+1"],"picked":"SKIP","floor":37.0},{"not_picked":["hermit:CalledShot","hermit:ItchyTrigger+1","hermit:ShadowCloak+1"],"picked":"SKIP","floor":38.0},{"not_picked":["hermit:SprayPray","hermit:Dive+1"],"picked":"hermit:Shortfuse+1","floor":40},{"not_picked":["hermit:Enervate","hermit:HeroicBravado","hermit:BigShot+1"],"picked":"SKIP","floor":40},{"not_picked":["hermit:Spite","hermit:ShadowCloak+1","hermit:Quickdraw+1"],"picked":"SKIP","floor":40},{"not_picked":["hermit:LowProfile","hermit:Showdown+1","hermit:Quickdraw"],"picked":"SKIP","floor":40},{"not_picked":["hermit:Dive+1","hermit:Deadeye+1","hermit:HoleUp"],"picked":"SKIP","floor":41},{"not_picked":["hermit:FinalCanter","hermit:EyeOfTheStorm","hermit:CalledShot+1"],"picked":"SKIP","floor":42},{"not_picked":["hermit:Deadeye","hermit:HoleUp","hermit:Dive+1"],"picked":"SKIP","floor":42},{"not_picked":["hermit:LowProfile","hermit:Coalescence","hermit:Ricochet+1"],"picked":"SKIP","floor":42},{"not_picked":["hermit:Quickdraw","hermit:Snipe+1","hermit:TakeAim+1"],"picked":"SKIP","floor":44},{"not_picked":["hermit:FatalDesire+1","hermit:Misfire","hermit:Gestalt"],"picked":"SKIP","floor":45},{"not_picked":["hermit:FinalCanter","hermit:Feint","hermit:BigShot+1"],"picked":"SKIP","floor":47},{"not_picked":["hermit:HoleUp+1","hermit:LowProfile+1","hermit:Feint+1"],"picked":"SKIP","floor":48}],"player_experience":11913,"relics_obtained":[{"floor":4.0,"key":"ReplayTheSpireMod:Ring of Addiction"},{"floor":4.0,"key":"Ring of Hypnosis"},{"floor":4.0,"key":"SacredBark"},{"floor":4.0,"key":"White Beast Statue"},{"floor":6.0,"key":"InkBottle"},{"floor":8.0,"key":"Void"},{"floor":9.0,"key":"Counterbalance"},{"floor":23.0,"key":"Anchor"},{"floor":25.0,"key":"Blood Vial"},{"floor":26.0,"key":"Potion Belt"},{"floor":29.0,"key":"Meat on the Bone"},{"floor":30.0,"key":"Whetstone"},{"floor":40,"key":"Oddly Smooth Stone"},{"floor":40,"key":"Old Coin"},{"floor":40,"key":"Boot"},{"floor":42,"key":"GuppysTail"},{"floor":42,"key":"Mercury Hourglass"},{"floor":42,"key":"Dream Catcher"},{"floor":42,"key":"BookOfRevelations"},{"floor":42,"key":"Unceasing Top"},{"floor":43,"key":"Replay:Bottled Snecko"},{"floor":45,"key":"Quantum Egg"},{"floor":47,"key":"Gremlin Food"},{"floor":49,"key":"Mirror"}],"event_choices":[{"damage_healed":0,"gold_gain":0,"player_choice":"Upgrade","damage_taken":0,"relics_obtained":["Mark of the Bloom"],"max_hp_gain":0,"max_hp_loss":0,"event_name":"MindBloom","floor":46,"gold_loss":0,"cards_upgraded":["hermit:Strike_Hermit","hermit:Strike_Hermit","hermit:Strike_Hermit","hermit:Defend_Hermit","hermit:Defend_Hermit","hermit:Defend_Hermit","hermit:Defend_Hermit","hermit:Covet","hermit:FlashPowder","hermit:Snipe","hermit:Headshot","hermit:GoldenBullet","hermit:Quickdraw","hermit:Gambit","hermit:Gambit","hermit:GhostlyPresence","hermit:FinalCanter","hermit:FinalCanter","hermit:Purgatory","hermit:GoldenBullet"]}],"is_beta":false,"boss_relics":[{"not_picked":["Sozu","Coffee Dripper"],"picked":"Replay:Wanted Poster"},{"not_picked":[]},{"not_picked":["Runic Pyramid","Abe\u0027s Treasure"],"picked":"MagicMushroom"},{"not_picked":[]}],"items_purged_floors":[10,24],"is_endless":false,"potions_floor_spawned":[3,5,6,8,11,12,14,16,18,20,22,23,25,33,35,37,38,40,41,42,44,45,47,48],"ascension_level":0}}