{"host":"d6ni0fvdmr494qs7","time":1613482106,"event":{"mods":["ATMod(∞¢Ë™Mod)","BaseMod","Colored Powertips","Lobotomy","LobotomyExtend","Marisa£®ÏF”Í°°ƒß¿Ì…≥£©","Minty Spire (QoL Compilation)","Ryuuou¡˙Õı","Spicy Shops","StSLib"],"gold_per_floor":[119,131,101,113,113,113,113],"floor_reached":6,"language":"ZHS","playtime":599,"items_purged":[],"score":36,"play_id":"2127fa6c-7054-416e-a30a-97ed948f6952","local_time":"20210216212826","is_ascension_mode":false,"campfire_choices":[],"circlet_count":0,"master_deck":["Strike_MRS","Strike_MRS","Strike_MRS","Strike_MRS","Defend_MRS","Defend_MRS","Defend_MRS","MasterSpark","UpSweep","AT_FamilyPortrait","OldLady","GalacticHalo","CherryBlossoms","MilkyWay","Scorched"],"relics":["MiniHakkero","AT_ATBox","CogitoBucket","LetterFromLob"],"acts_visited":["Exordium"],"potions_floor_usage":[],"damage_taken":[{"damage":0.0,"enemies":"Jaw Worm","floor":1.0,"turns":5.0},{"damage":4.0,"enemies":"Cultist","floor":2.0,"turns":4.0},{"damage":0.0,"enemies":"2 Louse","floor":4.0,"turns":3.0},{"damage":52,"enemies":"Gremlin Nob","floor":6,"turns":4}],"seed_played":"1842830078491887346","potions_obtained":[{"floor":2.0,"key":"Block Potion"},{"floor":3.0,"key":"BottledSpark"},{"floor":3.0,"key":"Ancient Potion"}],"is_trial":false,"path_per_floor":["M","M","?","M","?","E"],"character_chosen":"MARISA","items_purchased":[],"campfire_rested":0,"item_purchase_floors":[],"current_hp_per_floor":[75,71,71,71,64,12,12],"gold":113,"neow_bonus":"","is_daily":false,"chose_seed":false,"campfire_upgraded":0,"win_rate":0.0,"timestamp":1613482106,"path_taken":["M","M","?","?","?","E"],"items_purchased_type":[],"build_version":"2020-12-22","purchased_purges":0,"victory":false,"max_hp_per_floor":[75,75,75,75,75,75,75],"card_choices":[{"not_picked":["MHz","LongBird"],"picked":"OldLady","floor":1.0},{"not_picked":["StarlightTyphoon","MysteriousBeam"],"picked":"GalacticHalo","floor":1.0},{"not_picked":["VoidDream","SpiderBud"],"picked":"CherryBlossoms","floor":2.0},{"not_picked":["MagicChant","GrandCross"],"picked":"MilkyWay","floor":2.0},{"not_picked":["BigBird","MHz"],"picked":"Scorched","floor":4.0},{"not_picked":["ShootingEcho","GalacticHalo","AsteroidBelt"],"picked":"SKIP","floor":4.0}],"player_experience":225720,"relics_obtained":[{"floor":1.0,"key":"LetterFromLob"}],"event_choices":[{"damage_healed":0.0,"max_hp_gain":0.0,"max_hp_loss":0.0,"gold_gain":0.0,"event_name":"The Woman in Blue","player_choice":"Bought 2 Potions","floor":3.0,"gold_loss":0.0,"damage_taken":0.0},{"cards_removed":["Defend_MRS"],"damage_healed":0.0,"max_hp_gain":0.0,"max_hp_loss":0.0,"gold_gain":0.0,"event_name":"Golden Wing","player_choice":"Card Removal","floor":5.0,"gold_loss":0.0,"damage_taken":7.0}],"is_beta":false,"boss_relics":[],"items_purged_floors":[],"is_endless":false,"potions_floor_spawned":[2],"killed_by":"Gremlin Nob","ascension_level":0}}