{"host":"qc1sjgtdjonvdsd8","time":1613509482,"event":{"mods":["BaseMod","Colored Map","Colored Powertips","Curses Come First","Minty Spire (QoL Compilation)","StSLib"],"gold_per_floor":[117,42,58,58,72,104,116,39,114,126,140,140,157,176,176,275,275,285,210,227,246,262,289,289,328,328,328,139,182,182,182,182,292,292,308,408,423,323,343,343,343,343,422,422,433,451,451,478,478,478,478,478,168,199,199,199],"floor_reached":55,"language":"ENG","playtime":4373,"items_purged":["Setup","Tools of the Trade","Dagger Spray"],"score":930,"play_id":"78b60371-6a8a-49d6-bfcd-64ba33af40ea","local_time":"20210216130442","is_ascension_mode":true,"campfire_choices":[{"data":"Accuracy","floor":12,"key":"SMITH"},{"data":"Burst","floor":15,"key":"SMITH"},{"data":"Night Terror","floor":24,"key":"SMITH"},{"data":"Burst","floor":27,"key":"SMITH"},{"floor":32,"key":"REST"},{"data":"Bullet Time","floor":40,"key":"SMITH"},{"data":"Wraith Form v2","floor":42,"key":"SMITH"},{"data":"Wraith Form v2","floor":44,"key":"SMITH"},{"floor":47,"key":"REST"},{"floor":49,"key":"RECALL"},{"data":"Blade Dance","floor":52,"key":"SMITH"}],"circlet_count":0,"master_deck":["Survivor","Neutralize","Flying Knee","Burst+1","Blur","Quick Slash+1","Die Die Die+1","Accuracy+1","Blade Dance","Blade Dance","Acrobatics","Well Laid Plans","Acrobatics","Backflip","Blade Dance+1","Bullet Time+1","Escape Plan","Night Terror+1","Burst+1","PiercingWail","Wraith Form v2+1","Wraith Form v2+1","Caltrops"],"relics":["Pandora\u0027s Box","Pocketwatch","Meat on the Bone","Philosopher\u0027s Stone","Boot","CeramicFish","Vajra","Whetstone","Bronze Scales","WristBlade","Ninja Scroll","Mercury Hourglass","Kunai"],"acts_visited":["Exordium","TheCity","TheBeyond","TheEnding"],"potions_floor_usage":[6,16,16,23,29,45,55,55,55],"damage_taken":[{"damage":0,"enemies":"Cultist","floor":1,"turns":2},{"damage":4,"enemies":"Jaw Worm","floor":3,"turns":5},{"damage":0,"enemies":"2 Louse","floor":5,"turns":1},{"damage":7,"enemies":"3 Sentries","floor":6,"turns":4},{"damage":10,"enemies":"Exordium Thugs","floor":7,"turns":2},{"damage":0,"enemies":"3 Louse","floor":10,"turns":1},{"damage":1,"enemies":"Exordium Wildlife","floor":11,"turns":2},{"damage":14,"enemies":"2 Fungi Beasts","floor":13,"turns":4},{"damage":0,"enemies":"Looter","floor":14,"turns":2},{"damage":0,"enemies":"Slime Boss","floor":16,"turns":3},{"damage":12,"enemies":"3 Byrds","floor":18,"turns":4},{"damage":0,"enemies":"Spheric Guardian","floor":20,"turns":2},{"damage":14,"enemies":"Chosen and Byrds","floor":21,"turns":3},{"damage":5,"enemies":"Centurion and Healer","floor":22,"turns":3},{"damage":16,"enemies":"Book of Stabbing","floor":23,"turns":2},{"damage":0,"enemies":"Gremlin Leader","floor":25,"turns":4},{"damage":26,"enemies":"Book of Stabbing","floor":29,"turns":3},{"damage":5,"enemies":"Collector","floor":33,"turns":8},{"damage":0,"enemies":"3 Shapes","floor":35,"turns":2},{"damage":2,"enemies":"Orb Walker","floor":37,"turns":2},{"damage":0,"enemies":"Transient","floor":39,"turns":5},{"damage":20,"enemies":"Writhing Mass","floor":45,"turns":3},{"damage":13,"enemies":"Jaw Worm Horde","floor":46,"turns":4},{"damage":7,"enemies":"Reptomancer","floor":48,"turns":5},{"damage":6,"enemies":"Donu and Deca","floor":50,"turns":10},{"damage":5,"enemies":"Shield and Spear","floor":54,"turns":5},{"damage":65,"enemies":"The Heart","floor":55,"turns":8}],"seed_played":"268823151291430572","potions_obtained":[{"floor":1,"key":"SneckoOil"},{"floor":10,"key":"BlessingOfTheForge"},{"floor":13,"key":"CunningPotion"},{"floor":22,"key":"SkillPotion"},{"floor":25,"key":"PowerPotion"},{"floor":29,"key":"LiquidBronze"},{"floor":39,"key":"SkillPotion"},{"floor":45,"key":"Explosive Potion"},{"floor":54,"key":"SpeedPotion"}],"is_trial":false,"path_per_floor":["M","$","M","?","M","E","M","$","T","M","M","R","M","M","R","B",null,"M","?","M","M","M","E","R","E","T","R","$","E","?","?","R","B",null,"M","?","M","$","M","R","?","R","T","R","M","M","R","E","R","B",null,"R","$","E","B"],"character_chosen":"THE_SILENT","items_purchased":["Well Laid Plans","Vajra","PiercingWail","Ancient Potion","Caltrops","BlessingOfTheForge"],"campfire_rested":2,"item_purchase_floors":[8,28,28,53,53,53],"current_hp_per_floor":[70,70,66,66,66,59,49,49,49,49,48,48,46,46,46,46,70,58,58,58,44,39,35,35,47,47,47,47,33,33,33,54,49,70,70,70,68,68,68,68,68,68,68,68,48,47,68,61,61,55,70,70,70,65,0,0],"gold":199,"neow_bonus":"BOSS_RELIC","is_daily":false,"chose_seed":false,"campfire_upgraded":8,"win_rate":0.0,"timestamp":1613509482,"path_taken":["M","?","?","?","M","E","M","?","T","M","?","R","M","M","R","BOSS","M","?","M","M","M","E","R","E","T","R","$","E","?","?","R","BOSS","M","?","M","$","?","R","?","R","T","R","M","M","R","E","R","BOSS","R","$","E","BOSS"],"items_purchased_type":["Card","Relic","Card","Potion","Card","Potion"],"build_version":"2020-12-22","purchased_purges":3,"victory":false,"max_hp_per_floor":[70,70,70,70,70,70,70,70,70,70,70,70,70,70,70,70,70,70,70,70,70,70,70,70,70,70,70,70,70,70,70,70,70,70,70,70,70,70,70,70,70,70,70,70,70,70,70,70,70,70,70,70,70,70,70,70],"card_choices":[{"not_picked":["Poisoned Stab","PiercingWail"],"picked":"Accuracy","floor":1},{"not_picked":["Dodge and Roll","Backstab","Skewer"],"picked":"SKIP","floor":3},{"not_picked":["Deflect","Dash"],"picked":"Blade Dance","floor":5},{"not_picked":["Cloak And Dagger","Bane"],"picked":"Blade Dance","floor":6},{"not_picked":["Caltrops","Escape Plan"],"picked":"Acrobatics","floor":7},{"not_picked":["Tools of the Trade","Riddle With Holes"],"picked":"Acrobatics","floor":10},{"not_picked":["Dagger Throw","Concentrate"],"picked":"Backflip","floor":11},{"not_picked":["Outmaneuver","Endless Agony"],"picked":"Blade Dance","floor":13},{"not_picked":["Sucker Punch","Deadly Poison","Prepared"],"picked":"SKIP","floor":14},{"not_picked":["Malaise","Doppelganger"],"picked":"Bullet Time","floor":16},{"not_picked":["Slice","Skewer","Noxious Fumes"],"picked":"SKIP","floor":18},{"not_picked":["Footwork","Bane+1"],"picked":"Escape Plan","floor":20},{"not_picked":["Dagger Throw+1","Outmaneuver+1","Poisoned Stab"],"picked":"SKIP","floor":21},{"not_picked":["Distraction","Catalyst+1"],"picked":"Night Terror","floor":22},{"not_picked":["Setup","Footwork","Poisoned Stab"],"picked":"SKIP","floor":23},{"not_picked":["Skewer+1","Footwork"],"picked":"Burst","floor":25},{"not_picked":["Prepared+1","Dash+1"],"picked":"Wraith Form v2","floor":29},{"not_picked":["Unload","Phantasmal Killer"],"picked":"Wraith Form v2","floor":33},{"not_picked":["Deadly Poison","Concentrate+1","Poisoned Stab"],"picked":"SKIP","floor":35},{"not_picked":["Flying Knee","PiercingWail+1","Dash+1"],"picked":"SKIP","floor":37},{"not_picked":["Slice","Flying Knee+1","Backflip"],"picked":"SKIP","floor":39},{"not_picked":["Backflip","Dash","Blade Dance"],"picked":"SKIP","floor":45},{"not_picked":["Concentrate+1","Slice+1","PiercingWail"],"picked":"SKIP","floor":46},{"not_picked":["Glass Knife","Dagger Spray+1","Flying Knee+1"],"picked":"SKIP","floor":48},{"not_picked":["Dagger Throw+1","Backflip","Bane+1"],"picked":"SKIP","floor":54}],"player_experience":263636,"relics_obtained":[{"floor":6,"key":"Pocketwatch"},{"floor":9,"key":"Meat on the Bone"},{"floor":23,"key":"Boot"},{"floor":25,"key":"CeramicFish"},{"floor":29,"key":"Whetstone"},{"floor":43,"key":"Ninja Scroll"},{"floor":48,"key":"Mercury Hourglass"},{"floor":54,"key":"Kunai"}],"event_choices":[{"cards_removed":["Poisoned Stab"],"damage_healed":0,"gold_gain":0,"player_choice":"Forget","damage_taken":0,"max_hp_gain":0,"max_hp_loss":0,"event_name":"Living Wall","floor":4,"gold_loss":0},{"cards_removed":["Envenom"],"damage_healed":0,"gold_gain":0,"player_choice":"Gave Gold","damage_taken":0,"max_hp_gain":0,"max_hp_loss":0,"event_name":"Beggar","floor":19,"gold_loss":75},{"damage_healed":0,"gold_gain":0,"player_choice":"Ignored","damage_taken":0,"max_hp_gain":0,"max_hp_loss":0,"event_name":"Ghosts","floor":30,"gold_loss":0},{"damage_healed":0,"gold_gain":0,"player_choice":"Gave Potion","damage_taken":0,"relics_obtained":["Bronze Scales"],"max_hp_gain":0,"max_hp_loss":0,"event_name":"WeMeetAgain","floor":31,"gold_loss":0},{"damage_healed":0,"gold_gain":100,"player_choice":"Pray","damage_taken":0,"max_hp_gain":0,"max_hp_loss":0,"event_name":"Golden Shrine","floor":36,"gold_loss":0},{"damage_healed":0,"gold_gain":0,"player_choice":"0 cards matched","damage_taken":0,"max_hp_gain":0,"max_hp_loss":0,"event_name":"Match and Keep!","floor":41,"gold_loss":0,"cards_obtained":[]}],"is_beta":false,"boss_relics":[{"not_picked":["SlaversCollar","Busted Crown"],"picked":"Philosopher\u0027s Stone"},{"not_picked":["Black Star","Sozu"],"picked":"WristBlade"}],"items_purged_floors":[2,38,53],"is_endless":false,"potions_floor_spawned":[1,10,13,22,25,29,39,45,54],"killed_by":"The Heart","ascension_level":3}}