{"host":"nb3r5a3er9rrnn3n","time":1613453102,"event":{"mods":["BaseMod","Colored Map","Downfall","Minty Spire (QoL Compilation)","Relic Stats","Spire Arcade","StSLib"],"gold_per_floor":[99,99,99,99,99,9,32,65,85,114,17,352,152,183,194,289,289,289,303,303,10,28,28,28,57,57,77,108,128,28,40,52,156,156,156,166,386,436,436,436,463,508,537,537,537,564,582,613,627,627,627,657,273,273,273,273],"floor_reached":57,"language":"ENG","playtime":4382,"items_purged":["Guardian:Strike_Guardian","Guardian:Strike_Guardian","Guardian:Strike_Guardian","Writhe"],"score":1458,"play_id":"2ffe20e5-1282-4452-a532-1d9ce78e2cd1","local_time":"20210216162502","is_ascension_mode":true,"campfire_choices":[{"floor":1.0,"key":"RECALL"},{"floor":13.0,"key":"REST"},{"data":"Guardian:MultiBeam","floor":18.0,"key":"SMITH"},{"data":"Guardian:PrismaticBarrier","floor":23.0,"key":"SMITH"},{"data":"Guardian:FastForward","floor":26.0,"key":"SMITH"},{"data":"Guardian:FierceBash","floor":30.0,"key":"SMITH"},{"data":"Guardian:FierceBash","floor":35,"key":"SMITH"},{"data":"1","floor":44,"key":"LIFT"},{"data":"2","floor":54,"key":"LIFT"}],"circlet_count":0,"master_deck":["Guardian:Defend_Guardian","Guardian:Defend_Guardian","Guardian:Defend_Guardian","Guardian:CurlUp","Guardian:MultiBeam+1","Guardian:Reroute","Guardian:PrismaticBarrier+1","Guardian:FastForward+1","Guardian:Recover","Guardian:Clone","Guardian:Recover","Guardian:ShieldCharger","Guardian:FierceBash+1","Finesse","Guardian:MultiBeam+1","expansioncontent:StudyTheSpire","Guardian:Suspension+1","Guardian:TemporalShield+1","Guardian:FierceBash+1","Guardian:Reroute+1","Guardian:BronzeOrb+1","Guardian:ChargeUp","Guardian:Clone"],"relics":["Guardian:ModeShifter","downfall:HeartsMalice","Centennial Puzzle","Mercury Hourglass","Akabeko","Old Coin","downfall:HeartBlessingGreen","downfall:HeartBlessingRed","bronze:BronzeIdol","sneckomod:SneckoTalon","Dream Catcher","bronze:DecasWashers","downfall:HeartBlessingBlue","Busted Crown","Girya","Anchor","Incense Burner","Bottled Lightning","Ornamental Fan","MealTicket","Bronze Scales","Membership Card","Guardian:DefensiveModeMoreBlock","Guardian:PocketSentry"],"acts_visited":["Exordium","TheCity","TheBeyond","TheEnding"],"potions_floor_usage":[33,46,56,56],"damage_taken":[{"damage":0.0,"enemies":"Small Slimes","floor":2.0,"turns":1.0},{"damage":0.0,"enemies":"Cultist","floor":3.0,"turns":1.0},{"damage":0.0,"enemies":"Jaw Worm","floor":5.0,"turns":1.0},{"damage":5.0,"enemies":"downfall:FleeingMerchant","floor":6.0,"turns":4.0},{"damage":48.0,"enemies":"Lagavulin","floor":8.0,"turns":12.0},{"damage":5.0,"enemies":"downfall:LooterAlt","floor":9.0,"turns":2.0},{"damage":16.0,"enemies":"3 Sentries","floor":10.0,"turns":6.0},{"damage":0.0,"enemies":"downfall:FleeingMerchant","floor":11.0,"turns":4.0},{"damage":0.0,"enemies":"Gremlin Nob","floor":12.0,"turns":3.0},{"damage":12.0,"enemies":"Lagavulin","floor":14.0,"turns":6.0},{"damage":0.0,"enemies":"2 Fungi Beasts","floor":15.0,"turns":2.0},{"damage":6.0,"enemies":"IC_STATUS_ARCHETYPE","floor":16.0,"turns":9.0},{"damage":4.0,"enemies":"downfall:LooterAlt2","floor":19.0,"turns":2.0},{"damage":0.0,"enemies":"downfall:FleeingMerchant","floor":21.0,"turns":4.0},{"damage":0.0,"enemies":"Shell Parasite","floor":22.0,"turns":4.0},{"damage":0.0,"enemies":"Gremlin Leader","floor":25.0,"turns":4.0},{"damage":9.0,"enemies":"Snake Plant","floor":27.0,"turns":3.0},{"damage":16.0,"enemies":"Slavers","floor":28.0,"turns":5.0},{"damage":4.0,"enemies":"Cultist and Chosen","floor":29.0,"turns":5.0},{"damage":4.0,"enemies":"Snecko","floor":31.0,"turns":3.0},{"damage":0.0,"enemies":"Centurion and Healer","floor":32.0,"turns":4.0},{"damage":38,"enemies":"DF_ARCHETYPE_CLAW","floor":33,"turns":6},{"damage":0,"enemies":"3 Darklings","floor":36,"turns":1},{"damage":0,"enemies":"downfall:FleeingMerchant","floor":37,"turns":4},{"damage":0,"enemies":"downfall:FleeingMerchant","floor":38,"turns":6},{"damage":8,"enemies":"2 Orb Walkers","floor":42,"turns":4},{"damage":5,"enemies":"Reptomancer","floor":43,"turns":5},{"damage":39,"enemies":"Nemesis","floor":46,"turns":6},{"damage":0,"enemies":"3 Shapes","floor":47,"turns":2},{"damage":0,"enemies":"Reptomancer","floor":48,"turns":5},{"damage":0,"enemies":"Writhing Mass","floor":49,"turns":2},{"damage":12,"enemies":"WA_ARCHETYPE_DIVINITY","floor":50,"turns":9},{"damage":13,"enemies":"downfall:CharBossMerchant","floor":52,"turns":6},{"damage":49,"enemies":"downfall:NeowBoss","floor":55,"turns":10},{"damage":0,"enemies":"downfall:NeowBossFinal","floor":56,"turns":7}],"seed_played":"8886497064937839218","potions_obtained":[{"floor":9.0,"key":"EntropicBrew"},{"floor":12.0,"key":"Guardian:DefensiveModePotion"},{"floor":15.0,"key":"DuplicationPotion"},{"floor":16.0,"key":"DuplicationPotion"},{"floor":25.0,"key":"Regen Potion"},{"floor":29.0,"key":"Guardian:StasisDiscoveryPotion"},{"floor":32.0,"key":"GamblersBrew"},{"floor":33,"key":"PowerPotion"},{"floor":38,"key":"LiquidMemories"},{"floor":52,"key":"Energy Potion"}],"is_trial":false,"path_per_floor":["R","M","M","?","M","$","T","E","M","E","$","E","R","E","M","B",null,"R","M","?","$","M","R","T","E","R","M","E","M","R","M","M","B",null,"R","M","$","?","?","?","T","?","E","R","?","E","M","E","M","B",null,"E","$","R","B","B",null],"character_chosen":"GUARDIAN","items_purchased":["Guardian:Gem_Purple","Guardian:Recover","expansioncontent:StudyTheSpire","Membership Card","Guardian:DefensiveModeMoreBlock","Guardian:PocketSentry","Guardian:Clone"],"campfire_rested":1,"item_purchase_floors":[11,11,21,53,53,53,53],"current_hp_per_floor":[80,80,80,80,80,75,75,27,22,6,6,6,30,18,18,12,80,80,76,76,76,76,76,76,76,76,67,65,61,71,67,67,29,90,90,90,90,90,90,90,90,82,77,77,77,38,38,38,38,26,90,77,90,90,41,41],"gold":273,"neow_bonus":"THREE_ENEMY_KILL","is_daily":false,"chose_seed":false,"campfire_upgraded":5,"win_rate":0.0,"timestamp":1613453102,"path_taken":["R","M","M","?","?","$","T","E","M","E","?","E","R","E","M","BOSS","R","M","?","$","M","R","T","E","R","M","E","M","R","?","M","BOSS","R","M","$","?","?","?","T","?","E","R","?","E","M","E","M","BOSS","E","$","R","BOSS","BOSS"],"items_purchased_type":["Card","Card","Card","Relic","Relic","Relic","Card"],"build_version":"2020-12-22","purchased_purges":4,"victory":true,"max_hp_per_floor":[80,80,80,80,80,80,80,80,80,80,80,80,80,80,80,80,80,80,80,80,80,80,80,80,80,80,80,80,80,90,90,90,90,90,90,90,90,90,90,90,90,90,90,90,90,90,90,90,90,90,90,90,90,90,90,90],"relic_stats":{"Centennial Puzzle":[51],"Dream Catcher":0,"Busted Crown":20,"counters":[35,154],"Ornamental Fan":[48],"Bronze Scales":[39],"MealTicket":13,"obtain_stats":[{"Guardian:DefensiveModeMoreBlock":53,"Girya":38,"downfall:HeartBlessingRed":13,"bronze:DecasWashers":28,"Guardian:ModeShifter":0,"downfall:HeartsMalice":0,"downfall:HeartBlessingGreen":13,"Incense Burner":42,"Guardian:PocketSentry":53,"sneckomod:SneckoTalon":17,"Akabeko":10,"Mercury Hourglass":8,"Old Coin":12,"bronze:BronzeIdol":14,"Centennial Puzzle":7,"Dream Catcher":25,"Anchor":41,"Busted Crown":34,"downfall:HeartBlessingBlue":30,"Ornamental Fan":46,"Bronze Scales":52,"MealTicket":48,"Bottled Lightning":43,"Membership Card":53},{"Guardian:DefensiveModeMoreBlock":33,"Girya":25,"downfall:HeartBlessingRed":9,"bronze:DecasWashers":18,"Guardian:ModeShifter":0,"downfall:HeartsMalice":0,"downfall:HeartBlessingGreen":9,"Incense Burner":26,"Guardian:PocketSentry":33,"sneckomod:SneckoTalon":12,"Akabeko":7,"Mercury Hourglass":5,"Old Coin":9,"bronze:BronzeIdol":10,"Centennial Puzzle":4,"Dream Catcher":16,"Anchor":25,"Busted Crown":22,"downfall:HeartBlessingBlue":19,"Ornamental Fan":28,"Bronze Scales":33,"MealTicket":30,"Bottled Lightning":27,"Membership Card":33},{"Guardian:DefensiveModeMoreBlock":137,"Girya":99,"downfall:HeartBlessingRed":31,"bronze:DecasWashers":70,"Guardian:ModeShifter":0,"downfall:HeartsMalice":0,"downfall:HeartBlessingGreen":31,"Incense Burner":103,"Guardian:PocketSentry":137,"sneckomod:SneckoTalon":48,"Akabeko":24,"Mercury Hourglass":16,"Old Coin":31,"bronze:BronzeIdol":37,"Centennial Puzzle":4,"Dream Catcher":62,"Anchor":99,"Busted Crown":88,"downfall:HeartBlessingBlue":75,"Ornamental Fan":113,"Bronze Scales":137,"MealTicket":120,"Bottled Lightning":108,"Membership Card":137}],"Mercury Hourglass":[445]},"card_choices":[{"not_picked":["Guardian:TemporalShield","Guardian:ChargeCore"],"picked":"Guardian:MultiBeam","floor":2.0},{"not_picked":["Guardian:Clone","Guardian:Recover"],"picked":"Guardian:Reroute","floor":3.0},{"not_picked":["Guardian:FuturePlans","Guardian:CrystalBeam"],"picked":"Guardian:Gem_Yellow","floor":5.0},{"not_picked":["Guardian:RollAttack","Guardian:Gem_Green"],"picked":"Guardian:PrismaticBarrier","floor":6.0},{"not_picked":["Guardian:VentSteam","Guardian:CrystalBeam"],"picked":"Guardian:FastForward","floor":8.0},{"not_picked":["Guardian:GuardianWhirl","Guardian:Gem_Cyan"],"picked":"Guardian:Recover","floor":9.0},{"not_picked":["Guardian:SpikerProtocol","Guardian:GuardianWhirl"],"picked":"Guardian:TimeBomb","floor":10.0},{"not_picked":["Guardian:AncientConstruct","Guardian:Reroute"],"picked":"Guardian:Clone","floor":11.0},{"not_picked":["Guardian:TemporalStrike","Guardian:PiercingHide"],"picked":"Guardian:ShieldCharger","floor":12.0},{"not_picked":["Guardian:Gem_Green","Guardian:PrismaticBeam","Guardian:DonusPower"],"picked":"SKIP","floor":14.0},{"not_picked":["Guardian:Gem_Green","Guardian:PrismaticBeam","Guardian:DonusPower"],"picked":"SKIP","floor":14.0},{"not_picked":["Guardian:PolyBeam","Guardian:Repulse","Guardian:PiercingHide"],"picked":"SKIP","floor":15.0},{"not_picked":["Guardian:GatlingBeam","Guardian:FastForward"],"picked":"Guardian:FierceBash","floor":16.0},{"not_picked":["Guardian:Gem_Crimson","Guardian:RefractedBeam"],"picked":"Guardian:Gem_Yellow","floor":19.0},{"not_picked":["Guardian:Gem_Lightblue","Guardian:Gem_Green"],"picked":"Guardian:MultiBeam+1","floor":21.0},{"not_picked":["Guardian:RollAttack","Guardian:Gem_Red","Guardian:PrimingBeam"],"picked":"SKIP","floor":22.0},{"not_picked":["Guardian:Incinerate+1","Guardian:Reroute+1"],"picked":"Guardian:Suspension+1","floor":25.0},{"not_picked":["Guardian:FloatingOrbs","Guardian:ArmoredProtocol+1"],"picked":"Guardian:TemporalShield+1","floor":27.0},{"not_picked":["Guardian:Recover","Guardian:ChargeCore"],"picked":"Guardian:FierceBash","floor":28.0},{"not_picked":["Guardian:DonusPower","Guardian:GuardianWhirl","Guardian:FuturePlans"],"picked":"SKIP","floor":29.0},{"not_picked":["Guardian:PrimingBeam+1","Guardian:BronzeArmor"],"picked":"Guardian:Reroute+1","floor":31.0},{"not_picked":["Guardian:Incinerate","Guardian:TemporalShield","Guardian:ChargeCore"],"picked":"SKIP","floor":32.0},{"not_picked":["Guardian:Incinerate","Guardian:TemporalShield","Guardian:ChargeCore"],"picked":"SKIP","floor":32.0},{"not_picked":["Guardian:GatlingBeam","Guardian:BaubleBeam"],"picked":"Guardian:Gem_Orange","floor":33},{"not_picked":["Guardian:Gem_Fragmented"],"picked":"SKIP","floor":36},{"not_picked":[],"picked":"Guardian:BronzeOrb+1","floor":37},{"not_picked":["Guardian:FloatingOrbs+1"],"picked":"SKIP","floor":43},{"not_picked":["Guardian:FuturePlans+1"],"picked":"SKIP","floor":46},{"not_picked":["Guardian:Gem_Lightblue"],"picked":"SKIP","floor":47},{"not_picked":[],"picked":"Guardian:ChargeUp","floor":48},{"not_picked":["Guardian:Harden"],"picked":"SKIP","floor":49},{"not_picked":["Guardian:Harden+1"],"picked":"SKIP","floor":52}],"player_experience":1993602,"relics_obtained":[{"floor":7.0,"key":"Centennial Puzzle"},{"floor":8.0,"key":"Mercury Hourglass"},{"floor":10.0,"key":"Akabeko"},{"floor":12.0,"key":"Old Coin"},{"floor":14.0,"key":"bronze:BronzeIdol"},{"floor":25.0,"key":"Dream Catcher"},{"floor":28.0,"key":"bronze:DecasWashers"},{"floor":38,"key":"Girya"},{"floor":41,"key":"Anchor"},{"floor":42,"key":"Incense Burner"},{"floor":43,"key":"Bottled Lightning"},{"floor":46,"key":"Ornamental Fan"},{"floor":48,"key":"MealTicket"},{"floor":52,"key":"Bronze Scales"}],"event_choices":[{"cards_removed":["Guardian:TimeBomb"],"damage_healed":0,"gold_gain":0,"player_choice":"Removed Skill","damage_taken":0,"max_hp_gain":0,"max_hp_loss":0,"event_name":"Falling","floor":40,"gold_loss":0},{"damage_healed":0,"gold_gain":0,"player_choice":"Fight","damage_taken":0,"max_hp_gain":0,"max_hp_loss":0,"event_name":"Mysterious Sphere","floor":42,"gold_loss":0}],"is_beta":false,"boss_relics":[{"not_picked":["Runic Pyramid","SacredBark"],"picked":"sneckomod:SneckoTalon"},{"not_picked":["Guardian:ModeShifterPlus","Philosopher\u0027s Stone"],"picked":"Busted Crown"}],"items_purged_floors":[6,21,37,53],"is_endless":false,"potions_floor_spawned":[9,12,14,15,16,25,27,29,32,33,38,43,52],"ascension_level":1}}