{"host":"ue7jlgf7uv134an9","time":1613441023,"event":{"mods":["BaseMod","Better Third Choice","Colored Map","Defuse TimeMaze Blight","Minty Spire (QoL Compilation)","Quick Restart","Rare Cards Sparkle","Relic Stats","StSLib","UnlockEverythingMod"],"gold_per_floor":[110,110,22,38,56,56,85,85,85,118,393,24,35,50,50,129,129,149,64,74,74,89,89,89],"floor_reached":23,"language":"ENG","playtime":950,"items_purged":["Regret"],"score":502,"play_id":"4df6638e-6186-4fd5-b65f-ff9004480b4e","local_time":"20210215210343","is_ascension_mode":true,"campfire_choices":[{"data":"Skewer","floor":6,"key":"SMITH"},{"floor":8,"key":"REST"},{"floor":15,"key":"REST"}],"circlet_count":0,"master_deck":["AscendersBane","Strike_G","Strike_G","Strike_G","Strike_G","Strike_G","Defend_G","Defend_G","Defend_G","Defend_G","Defend_G","Survivor","Neutralize","Skewer+1","Footwork","Flying Knee","Cloak And Dagger","PiercingWail","Bouncing Flask","Well Laid Plans","Dagger Throw","Terror","Corpse Explosion","Cloak And Dagger","Dagger Spray"],"relics":["Cursed Key","StrikeDummy","HornCleat","Thread and Needle","Oddly Smooth Stone","WristBlade","Blue Candle"],"acts_visited":["Exordium","TheCity"],"potions_floor_usage":[23],"damage_taken":[{"damage":7,"enemies":"Small Slimes","floor":1,"turns":5},{"damage":0,"enemies":"Cultist","floor":4,"turns":3},{"damage":0,"enemies":"2 Louse","floor":5,"turns":2},{"damage":19,"enemies":"3 Sentries","floor":7,"turns":6},{"damage":20,"enemies":"Gremlin Nob","floor":10,"turns":4},{"damage":3,"enemies":"Red Slaver","floor":13,"turns":4},{"damage":0,"enemies":"2 Fungi Beasts","floor":14,"turns":3},{"damage":0,"enemies":"Hexaghost","floor":16,"turns":9},{"damage":1,"enemies":"Spheric Guardian","floor":18,"turns":5},{"damage":5,"enemies":"3 Byrds","floor":20,"turns":5},{"damage":8,"enemies":"Snake Plant","floor":22,"turns":5},{"damage":81,"enemies":"Gremlin Leader","floor":23,"turns":7}],"seed_played":"-3002746935733607577","potions_obtained":[{"floor":1,"key":"FearPotion"},{"floor":7,"key":"FairyPotion"},{"floor":10,"key":"LiquidMemories"},{"floor":13,"key":"Dexterity Potion"}],"is_trial":false,"path_per_floor":["M","?","$","M","M","R","E","R","T","E","?","$","M","M","R","B",null,"M","?","M","$","M","E"],"character_chosen":"THE_SILENT","items_purchased":["Footwork","Well Laid Plans","Oddly Smooth Stone","Dagger Throw"],"campfire_rested":2,"item_purchase_floors":[3,12,12,12],"current_hp_per_floor":[52,52,52,52,52,52,33,52,52,32,32,32,29,29,48,48,62,61,61,56,56,48,0,0],"gold":89,"neow_bonus":"BOSS_RELIC","is_daily":false,"chose_seed":false,"campfire_upgraded":1,"win_rate":0.0,"timestamp":1613441023,"path_taken":["M","?","?","M","M","R","E","R","T","E","?","$","?","M","R","BOSS","M","?","M","$","M","E"],"items_purchased_type":["Card","Card","Relic","Card"],"build_version":"2020-12-22","purchased_purges":1,"victory":false,"max_hp_per_floor":[66,66,66,66,66,66,66,66,66,66,66,66,66,66,66,66,66,66,66,66,66,66,66,66],"relic_stats":{"counters":[12,58],"Blue Candle":[0],"Cursed Key":0,"obtain_stats":[{"HornCleat":7,"WristBlade":17,"Blue Candle":19,"Oddly Smooth Stone":12,"Thread and Needle":10,"Cursed Key":0,"StrikeDummy":2,"Ring of the Snake":0},{"HornCleat":4,"WristBlade":8,"Blue Candle":9,"Oddly Smooth Stone":5,"Thread and Needle":5,"Cursed Key":0,"StrikeDummy":1,"Ring of the Snake":0},{"HornCleat":16,"WristBlade":36,"Blue Candle":41,"Oddly Smooth Stone":20,"Thread and Needle":20,"Cursed Key":0,"StrikeDummy":5,"Ring of the Snake":0}]},"card_choices":[{"not_picked":["Accuracy","Flechettes"],"picked":"Skewer","floor":1},{"not_picked":["Bane","Prepared"],"picked":"Flying Knee","floor":4},{"not_picked":["Burst","Backflip"],"picked":"Cloak And Dagger","floor":5},{"not_picked":["Calculated Gamble","Dodge and Roll"],"picked":"PiercingWail","floor":7},{"not_picked":["Blur","Sucker Punch"],"picked":"Bouncing Flask","floor":10},{"not_picked":["Poisoned Stab","Reflex","Accuracy"],"picked":"SKIP","floor":13},{"not_picked":["PiercingWail","Prepared"],"picked":"Terror","floor":14},{"not_picked":["After Image","Glass Knife"],"picked":"Corpse Explosion","floor":16},{"not_picked":["Skewer","Dash"],"picked":"Cloak And Dagger","floor":18},{"not_picked":["Underhanded Strike","Deadly Poison"],"picked":"Dagger Spray","floor":20},{"not_picked":["Flying Knee","Setup","Dagger Spray"],"picked":"SKIP","floor":22}],"player_experience":69710,"relics_obtained":[{"floor":7,"key":"HornCleat"},{"floor":10,"key":"Thread and Needle"}],"event_choices":[{"damage_healed":0,"gold_gain":0,"player_choice":"Gave Potion","damage_taken":0,"relics_obtained":["StrikeDummy"],"max_hp_gain":0,"max_hp_loss":0,"event_name":"WeMeetAgain","floor":2,"gold_loss":0},{"damage_healed":0,"gold_gain":275,"player_choice":"Desecrate","damage_taken":0,"max_hp_gain":0,"max_hp_loss":0,"event_name":"Golden Shrine","floor":11,"gold_loss":0,"cards_obtained":["Regret"]},{"damage_healed":0,"gold_gain":0,"player_choice":"Obtained Relic","damage_taken":0,"relics_obtained":["Blue Candle"],"max_hp_gain":0,"max_hp_loss":0,"event_name":"Addict","floor":19,"gold_loss":85}],"is_beta":false,"boss_relics":[{"not_picked":["Astrolabe","Ectoplasm"],"picked":"WristBlade"}],"items_purged_floors":[12],"is_endless":false,"potions_floor_spawned":[1,7,10,13,18,20],"killed_by":"Gremlin Leader","ascension_level":20}}