{"host":"uzcks4yhskks9i02","time":1613449441,"event":{"mods":["BaseMod","Minty Spire (QoL Compilation)","Quick Restart"],"gold_per_floor":[113,124,71,91,104,104,130,142,142,142,142],"floor_reached":10,"language":"ENG","playtime":383,"items_purged":[],"score":130,"play_id":"ed2f1a5b-15f3-4cc4-abdd-cd808db12866","local_time":"20210215212401","is_ascension_mode":true,"campfire_choices":[{"data":"Rampage","floor":6.0,"key":"SMITH"}],"circlet_count":0,"master_deck":["AscendersBane","Strike_R","Strike_R","Strike_R","Strike_R","Strike_R","Defend_R","Defend_R","Defend_R","Defend_R","Bash+1","Iron Wave","Clothesline","Twin Strike","Rampage+1","Headbutt","Corruption"],"relics":["Burning Blood","Juzu Bracelet","Shovel"],"acts_visited":["Exordium"],"potions_floor_usage":[10],"damage_taken":[{"damage":12.0,"enemies":"Small Slimes","floor":1.0,"turns":5.0},{"damage":7.0,"enemies":"Jaw Worm","floor":2.0,"turns":4.0},{"damage":0.0,"enemies":"2 Louse","floor":4.0,"turns":2.0},{"damage":24.0,"enemies":"Large Slime","floor":5.0,"turns":6.0},{"damage":20.0,"enemies":"Lagavulin","floor":7.0,"turns":5.0},{"damage":11.0,"enemies":"Looter","floor":8.0,"turns":2.0},{"damage":30,"enemies":"3 Sentries","floor":10,"turns":6}],"seed_played":"6239219388849513669","potions_obtained":[{"floor":2.0,"key":"LiquidMemories"},{"floor":8.0,"key":"Strength Potion"}],"is_trial":false,"path_per_floor":["M","M","$","M","M","R","E","M","T","E"],"character_chosen":"IRONCLAD","items_purchased":["Clothesline"],"campfire_rested":0,"item_purchase_floors":[3],"current_hp_per_floor":[62,61,61,67,49,49,35,30,30,0,0],"gold":142,"neow_bonus":"UPGRADE_CARD","is_daily":false,"chose_seed":false,"campfire_upgraded":1,"win_rate":0.0,"timestamp":1613449441,"path_taken":["M","M","$","M","M","R","E","M","T","E"],"items_purchased_type":["Card"],"build_version":"2020-12-22","purchased_purges":0,"victory":false,"max_hp_per_floor":[75,75,75,75,75,75,75,75,75,75,75],"card_choices":[{"not_picked":["Warcry","Armaments"],"picked":"Iron Wave","floor":1.0},{"not_picked":["Anger","Iron Wave","Evolve"],"picked":"SKIP","floor":2.0},{"not_picked":["True Grit","Wild Strike"],"picked":"Twin Strike","floor":4.0},{"not_picked":["Sword Boomerang","Second Wind"],"picked":"Rampage","floor":5.0},{"not_picked":["Heavy Blade","Dark Embrace"],"picked":"Headbutt","floor":7.0},{"not_picked":["True Grit","Sword Boomerang"],"picked":"Corruption","floor":8.0}],"player_experience":592950,"relics_obtained":[{"floor":7.0,"key":"Juzu Bracelet"},{"floor":9.0,"key":"Shovel"}],"event_choices":[],"is_beta":false,"boss_relics":[],"items_purged_floors":[],"is_endless":false,"potions_floor_spawned":[2,8],"killed_by":"3 Sentries","ascension_level":17}}